4380 6378
297 336 384 386 853

1190 328 1665 388 DECRETORUM
1708 331 1889 387 LIBRI
1930 333 2033 387 XX.
2080 361 2147 371 —
2186 332 2393 387 LIBER
2436 328 2859 386 UNDECIMUS.

3659 332 3764 385 854

300 458 371 507 est
423 453 493 506 ad
550 451 993 515 detrahendum,
1052 450 1361 521 dicensque
1415 452 1568 521 quod
1615 468 1812 506 verum
1860 469 1976 506 non
2002 461 2049 514 Α
2087 452 2247 522 gium
2293 451 2617 516 committit,
2652 457 2708 505 et
2759 452 2861 522 qui
2908 451 3200 506 ecclesiam
3252 451 3349 506 Dei
3385 453 3658 518 devastat,
3714 458 3774 507 et

299 547 387 607 est,
418 542 486 594 VI
519 540 641 594 dies
671 540 729 592 in
762 555 906 609 pane
942 544 1005 593 et
1033 555 1204 609 aqua,
1237 544 1622 610 sequestratus
1651 556 1685 593 a
1728 540 1979 594 fraterno

299 628 593 690 consortio,
629 628 920 697 pmniteat.

302 718 415 772 CAP.
442 716 630 770 LXIV.
663 745 731 753 —
760 718 833 768 De
862 715 973 767 illis
1007 715 1103 780 qui
1120 714 1307 836 οοξιίῖα
1328 716 1596 782 episcopos
1626 728 1748 767 suos
1778 717 1985 782 conspi-

1012 799 1233 836 raverm
1266 825 1277 835 .

1012 799 1277 836 ravermt.

366 872 484 943 (Ea:
513 875 672 941 epist.
709 873 911 925 Galist.
943 886 1100 939 papa
1130 870 1203 923 ad
1232 884 1406 924 omnes
1441 871 1637 924 Galliae
1667 871 1983 940 episcopos.)

307 961 801 1029 Conspiralionum
879 974 1013 1011 vero
1068 957 1308 1010 crimina
1363 958 1558 1009 vestris
1614 957 1671 1009 in
1727 959 1986 1027 partibus

303 1048 487 1116 vigere
529 1046 873 1113 audivimus,
916 1050 969 1099 et
1016 1046 1210 1115 plebes
1256 1049 1453 1098 contra
1508 1045 1800 1115 episcopos
1853 1062 1986 1098 suos

305 1135 626 1204 conspirare
684 1134 850 1187 nobis
908 1133 1242 1186 mandatum
1308 1137 1409 1185 est.
1478 1133 1666 1186 Cuivis
1731 1133 1986 1186 criminis

306 1222 508 1276 astutia
559 1238 673 1275 non
742 1221 928 1274 solum
986 1221 1137 1274 inter
1183 1220 1530 1275 Christianos
1588 1220 1987 1273 abominabilis

306 1314 400 1375 est,
428 1309 529 1363 sed
561 1310 731 1363 etiam
759 1309 905 1362 inter
931 1309 1208 1376 ethnicos,
1241 1313 1297 1364 et
1314 1309 1385 1362 ab
1411 1308 1617 1362 exteris
1640 1310 1765 1378 lege
1792 1310 1986 1379 prohi-

305 1397 433 1451 bita.
472 1398 537 1449 Et
583 1396 792 1450 idcirco
835 1397 1005 1466 hujus
1036 1396 1292 1449 criminis
1330 1412 1476 1461 reos,
1521 1412 1637 1449 non
1668 1396 1853 1450 solum
1883 1399 1988 1450 Ec-

306 1484 649 1552 clesiasticae,
684 1484 784 1537 sed
815 1484 987 1538 etiam
1020 1484 1214 1538 saeculi
1252 1484 1527 1537 damnant
1558 1484 1712 1553 leges
1740 1501 1753 1537 :
1788 1490 1844 1537 et
1874 1501 1986 1538 non

307 1572 487 1626 solum
545 1572 954 1642 conspirantes,
1008 1573 1106 1627 sed
1156 1577 1213 1625 et
1260 1572 1676 1625 consentientes
1725 1572 1825 1625 eis.
1867 1574 1989 1626 An-

306 1664 611 1714 tecessores
660 1676 793 1714 vero
842 1661 1023 1713 nostri
1056 1676 1228 1731 quam
1276 1660 1526 1730 plurima
1566 1659 1734 1712 turba
1774 1660 1989 1729 episco-

307 1763 534 1817 porum,
562 1748 893 1819 quicunque
922 1764 1123 1802 eorum
1154 1749 1214 1801 in
1252 1746 1587 1801 sacerdotali
1616 1747 1816 1800 ordine
1859 1752 1989 1801 sunt
2021 1741 2060 1794 Β

2088 538 2383 592 incendit:
2414 539 2545 609 quia
2586 543 2643 591 et
2673 539 2780 591 hoc
2828 538 3189 607 sacrilegium
3237 543 3341 605 est,
3389 539 3606 610 placuit
3654 556 3779 593 san-

2089 632 2190 681 ctae
2241 628 2458 697 synodo
2510 631 2573 679 ut
2602 626 2660 679 in
2712 644 2825 680 uno
2881 628 3023 691 loco,
3061 628 3114 682 id
3163 632 3247 680 est
3293 627 3354 681 in
3402 629 3775 695 monasterio,

2090 715 2367 785 poeniteat
2399 714 2661 767 omnibus
2688 714 2886 767 diebus
2916 714 3045 767 vitae
3077 731 3213 768 suae.

2398 803 2524 856 CAP.
2563 802 2690 855 LVI.
2729 830 2797 841 —
2826 803 2905 854 De
2936 804 3142 854 clericis
3170 801 3469 855 maledicis.

2164 888 2271 959 (Ea:
2291 891 2511 943 concilio
2535 890 2817 954 Carthag.,
2832 892 3008 957 capite
3029 892 3141 957 57.)
3171 889 3420 942 Clericus
3442 888 3774 955 maledicus,

2093 977 2338 1030 maxime
2386 992 2418 1028 a
2446 976 2831 1029 sacerdotibus
2878 981 3111 1045 cogatur
3144 976 3211 1029 ad
3252 976 3652 1045 postulandam
3684 992 3779 1027 ve-

2094 1065 2266 1119 niam.
2313 1064 2369 1118 Si
2404 1064 2670 1129 noluerit,
2706 1064 3066 1134 degradetur,
3101 1079 3203 1117 nec
3238 1080 3496 1134 unquam
3544 1064 3615 1117 ad
3645 1064 3778 1118 ofli-

2093 1153 2265 1218 cium,
2300 1153 2513 1221 absque
2540 1152 2919 1205 satisfactione
2950 1156 3263 1205 revocetur.

2094 1239 2223 1293 CAP.
2260 1238 2460 1291 LXVII.
2494 1267 2563 1278 —
2608 1241 2682 1292 De
2720 1239 2827 1291 illis
2859 1241 2955 1307 qui
2984 1238 3277 1291 detrahunt
3320 1239 3434 1291 suis
3474 1236 3775 1305 prioribus.

2168 1326 2274 1397 (Ea:
2313 1325 2475 1379 dictis
2516 1326 2715 1379 Basilii
2759 1325 3036 1395 episcopi.)
3085 1325 3141 1379 Si
3172 1324 3299 1395 quis
3345 1324 3651 1377 detraxerit
3680 1322 3779 1393 qui

2096 1415 2148 1467 ei
2196 1419 2420 1482 prmest,
2472 1414 2565 1466 VII
2597 1413 2715 1466 dies
2759 1429 2791 1464 a
2835 1419 3117 1465 conventu
3167 1412 3415 1464 ecclesiae
3466 1417 3776 1480 separatus,

2097 1508 2161 1556 ut
2187 1502 2359 1556 Maria
2408 1516 2567 1554 soror
2614 1504 2803 1553 Aaron
2838 1516 2961 1570 quae
3008 1500 3248 1554 detraxit
3278 1499 3434 1565 Mosi,
3483 1498 3776 1567 poeniteat.

2096 1590 2223 1644 CAP.
2267 1590 2495 1643 LXVIII.
2527 1618 2595 1627 —
2626 1591 2696 1641 De
2724 1590 2930 1642 clericis
2958 1589 3038 1641 vel
3062 1587 3334 1640 monachis
3365 1585 3777 1653 conjurantibus

2292 1662 2373 1712 vel
2400 1659 2831 1727 conspirantibus
2862 1664 3047 1711 contra
3076 1673 3379 1726 episcopum
3408 1672 3584 1710 suum.

2170 1748 2289 1816 (Ea:
2318 1748 2538 1799 concilio
2572 1745 2852 1811 Chalced.,
2882 1748 3057 1813 capite
3087 1746 3196 1812 19.)
3228 1744 3285 1798 Si
3314 1744 3413 1814 qui
3431 1759 3567 1811 ergo
3589 1742 3781 1796 clerici

308 1835 601 1888 constituti
648 1842 747 1889 aut
776 1836 1029 1890 existunt
1074 1836 1283 1903 clerici,
1324 1836 1544 1889 honore
1595 1850 1708 1904 quo
1750 1838 1994 1887 utuntur
2101 1833 2186 1886 vel
2219 1833 2479 1886 monachi
2509 1832 2721 1902 reperti
2764 1833 2976 1886 fuerint
3012 1834 3375 1901 conjurantes
3420 1838 3518 1885 aut
3546 1830 3781 1899 conspi-

309 1938 496 1975 carere
558 1929 959 1994 praeceperunt
1011 1940 1024 1977 :

1090 1930 1322 1977 cmteros
1391 1939 1522 1976 vero
1588 1921 1993 1975 communione
2100 1925 2309 1985 rantes,
2354 1927 2454 1973 aut
2482 1919 2717 1972 insidias
2746 1926 3024 1988 ponentes
3074 1918 3372 1989 episcopis,
3403 1922 3502 1972 aut
3536 1916 3777 1983 clericis,

310 2011 538 2079 privari,
593 2016 652 2064 et
693 2012 765 2064 ab
819 2011 1054 2065 ecclesia
1096 2017 1346 2065 extorres
1395 2011 1519 2064 ﬁeri
1569 2010 1882 2079 jusserunt,
1940 2014 1997 2064 et
2101 2008 2278 2078 gradu
2312 2008 2543 2079 prOprio
2574 2008 2822 2076 poenitus
2854 2007 3211 2075 abjiciantur.

308 2114 420 2151 non
450 2099 641 2151 solum
673 2099 962 2164 facientes,
995 2099 1091 2152 sed
1124 2099 1204 2152 eis
1234 2100 1673 2153 consentientes.

734 2186 860 2241 CAP.
895 2187 1048 2243 LXV.
1080 2217 1150 2227 —
1180 2190 1253 2241 De
1283 2187 1467 2241 eadem
1490 2202 1567 2240 re.

2500 2095 2628 2149 CAP.
2675 2094 2855 2148 LXIX.
2890 2124 2958 2133 ——
2990 2098 3059 2147 De
3088 2094 3271 2146 eadem
3299 2109 3375 2146 re.

2172 2183 2353 2253 Igitur
2394 2182 2442 2236 si
2490 2183 2682 2236 clerici
2728 2186 2825 2235 aut
2853 2181 3119 2235 monachi
3168 2181 3382 2233 inventi
3413 2179 3626 2234 fuerint
3654 2195 3782 2232 con-

379 2274 500 2343 (Ea:
526 2272 750 2328 concilio
779 2277 1047 2341 Tungren.
1081 2278 1256 2344 capite
1285 2275 1360 2344 5.)
1391 2275 1654 2344 Quisquis
1677 2290 1780 2343 per
1803 2273 1994 2327 dolum
2097 2270 2296 2341 jurati,
2350 2276 2446 2324 aut
2491 2287 2595 2340 per
2650 2270 3102 2339 conjurationem
3161 2268 3507 2322 calumniam
3560 2266 3782 2320 machi-

309 2362 480 2414 mittit
513 2378 749 2414 manum
783 2378 943 2416 suam
976 2362 1033 2416 in
1066 2362 1355 2419 Christum
1398 2363 1623 2415 Domini
1662 2360 1995 2432 episcopum

308 2448 586 2516 videlicet,
633 2454 857 2519 patrem
908 2454 965 2503 et
1008 2454 1295 2520 pastorem
1341 2465 1551 2503 suum:
1586 2449 1719 2519 quia
1767 2447 1993 2500 sacrile-

2104 2364 2301 2411 nantes
2327 2358 2605 2428 episcopis
2652 2359 2737 2411 vel
2772 2358 3005 2424 clericis,
3034 2357 3325 2428 proprium
3359 2356 3622 2409 amittant
3653 2370 3783 2425 gra-

2103 2446 2261 2500 dum.

1704 2566 1876 2606 FINIS
1923 2564 2097 2604 LIBRI
2144 2564 2389 2604 DECIMI.

2916 2622 2946 2643 4

1096 2817 1391 2890 INDEX
1448 2816 2131 2890 CAPITULORUM
2188 2816 2440 2889 LIBRI
2502 2815 2995 2890 UNDECIMI.

306 2968 426 3023 CAP.
472 2972 525 3023 1.
559 2970 639 3023 De
669 2968 801 3023 sede
834 2968 1254 3040 episcoporum,
1300 2986 1401 3025 cur
1451 2971 1511 3025 in
1542 2970 1785 3024 Ecclesia
1822 2970 1991 3023 altius
2022 2970 2062 3025 C
2107 2972 2187 3026 19.
2232 2970 2309 3023 De
2340 2969 2541 3023 eadem
2572 2985 2653 3023 re.

369 3056 594 3110 caeteris
624 3057 822 3111 sedere
852 3058 1113 3112 debeant.

302 3146 352 3196 2.
396 3145 711 3214 Episcopus
741 3161 872 3200 cum
917 3146 1428 3212 excommunicare,
1474 3147 1563 3200 vel
1613 3146 1987 3201 anathemati-

371 3248 499 3285 zare
544 3232 796 3303 aliquem
836 3250 940 3304 pro
997 3234 1166 3287 certis
1216 3239 1274 3287 et
1319 3234 1633 3287 manifestis
1682 3234 1991 3288 sceleribus

372 3320 717 3390 dispositum
748 3322 938 3383 habet,
970 3326 1098 3391 post
1127 3322 1427 3375 lectionem
1459 3322 1748 3393 Evangelii
1772 3322 1989 3377 clerum

371 3412 425 3458 et
452 3407 686 3476 plebem
717 3406 798 3461 ita
826 3408 997 3462 debet
1023 3409 1257 3479 alloqui.

303 3494 353 3546 3.
394 3494 590 3547 Prima
615 3495 1144 3550 excommunicatio.
1204 3500 1209 3503 ’

298 3582 347 3634 4.
392 3582 536 3635 Item
567 3583 1174 3637 excommunicationis
1202 3583 1491 3637 allocutio.

394 3670 924 3725 Excommunicatio
950 3672 1216 3725 secunda.

299 3759 347 3809 6.
391 3758 534 3811 Item
562 3759 731 3812 tertia
763 3758 1294 3813 excommunicatio.

296 3848 347 3896 7.
391 3846 918 3900 Excommunicatio
950 3850 1173 3917 quarta.

298 3934 347 3985 8.
388 3933 805 3988 Reconciliatio
837 3933 1335 3989 excommunicati.

299 4036 329 4086 9
393 4022 474 4075 Ne
522 4022 783 4092 episcopi
829 4022 1152 4094 praecipites
1200 4022 1313 4076 sint
1359 4021 1611 4092 aliquem
1657 4038 1987 4077 excommu-

370 4124 586 4162 meare.

306 4198 385 4249 10.
435 4198 515 4251 De
544 4197 748 4252 eadem
778 4213 860 4251 re.

304 4288 385 4337 11.
433 4287 512 4340 De
544 4286 745 4339 eadem
776 4301 859 4342 re.

302 4375 383 4426 12.
432 4375 501 4427 Ut
534 4374 728 4427 nullus
780 4374 1026 4444 graviter
1070 4374 1233 4441 ferat,
1281 4373 1443 4444 cujus
1490 4372 1869 4442 parochianus
1917 4373 1988 4428 ab

366 4461 481 4514 alio
530 4461 800 4533 episcopo
859 4479 963 4534 pro
1029 4467 1183 4517 certa
1240 4462 1406 4532 culpa
1464 4462 1990 4516 excommunicatus

367 4548 563 4605 fuerit.

302 4638 384 4691 13.
429 4639 509 4691 De
541 4638 657 4692 illis
686 4638 786 4709 qui
817 4638 874 4692 in
904 4639 1173 4707 parochia
1199 4639 1569 4693 consistentes
1599 4637 1817 4708 aliquid
1847 4652 1989 4690 con-

369 4729 459 4778 tra
492 4727 675 4779 Deum
715 4726 972 4792 fecerint,
1020 4727 1245 4797 quoties
1284 4727 1354 4781 ab
1385 4726 1652 4797 episcopo
1695 4726 1765 4780 ad
1791 4742 1985 4781 emen-

367 4812 667 4867 dationem
697 4816 884 4869 vocari
915 4815 1176 4869 debeant.

303 4900 385 4955 14.
429 4903 511 4955 De
543 4902 743 4956 eadem
771 4919 852 4957 re.

302 4992 385 5042 I5.
431 4990 597 5054 Quod
634 4991 792 5045 aliud
823 4991 894 5045 sit
936 5007 1170 5062 peccare
1196 4991 1255 5045 in
1286 4992 1485 5057 Deum,
1526 4991 1683 5046 aliud
1711 4990 1770 5045 iu
1799 4990 1985 5045 homi-

370 5094 528 5132 nem.
1316 5104 1319 5107 ’

303 5167 385 5219 16.
432 5168 513 5220 De
541 5167 744 5221 eadem
772 5182 854 5221 re.

301 5254 388 5308 17.
430 5254 597 5318 Quod
640 5259 899 5309 sanctum
947 5259 1272 5310 sanctorum
1304 5255 1377 5310 sit
1414 5255 1692 5327 quidquid
1747 5254 1989 5310 Domino

370 5342 670 5399 offeratur.

304 5434 387 5486 18.
439 5434 518 5487 De
572 5432 685 5487 illis
725 5432 825 5503 qui
870 5431 1078 5488 Christi
1126 5432 1399 5502 pecunias
1450 5432 1717 5486 auferunt
1767 5432 1851 5486 vel
1897 5446 1990 5486 ra-

370 5520 567 5590 piunt.

2019 4238 2062 4292 D

2098 3060 2184 3111 20.
2231 3058 2308 3111 De
2339 3057 2540 3111 eadem
2568 3072 2647 3110 re.

2096 3149 2183 3201 21.
2232 3148 2310 3201 De
2341 3147 2541 3201 eadem
2567 3162 2648 3200 re.

2097 3238 2184 3289 22.
2230 3236 2305 3289 De
2336 3235 2536 3289 eadem
2569 3250 2651 3288 re.

2097 3327 2185 3379 23.
2226 3326 2307 3379 De
2370 3324 2456 3379 his
2502 3323 2608 3394 qui
2664 3324 2899 3378 domum
2971 3322 3071 3377 Dei
3122 3319 3612 3391 contemptibilem
3678 3318 3778 3372 du-

2167 3418 2327 3468 cunt.

2096 3501 2184 3554 24.
2232 3501 2308 3554 De
2338 3500 2534 3554 eadem
2566 3516 2647 3553 re.

2096 3591 2183 3643 25.
2230 3590 2298 3643 Ut
2350 3605 2440 3643 res
2496 3589 2698 3643 ablatas
2753 3603 2881 3642 cum
2942 3585 3418 3656 multiplicatione
3472 3583 3777 3637 restituan-

2167 3682 2282 3730 tur.

2096 3768 2184 3820 26.
2226 3766 2386 3829 Quod
2442 3763 2947 3818 ecclesiasticarum
2998 3776 3190 3814 rerum
3244 3758 3527 3821 incendia,
3588 3761 3644 3811 et
3688 3757 3781 3810 de-

2166 3852 2545 3923 praedationes
2569 3868 2671 3922 pro
2700 3850 3011 3905 emunitate
3036 3848 3147 3901 sint
3173 3847 3564 3901 emendandae.

2098 3943 2186 3995 27.
2230 3942 2308 3995 De
2370 3941 2540 3994 rebus
2589 3937 2999 4003 ecclesiasticis,
3059 3936 3348 4007 quomodo
3407 3932 3631 3987 restitui
3687 3931 3780 3985 de-

2168 4029 2361 4083 beant.

2098 4120 2186 4172 28.
2228 4117 2385 4181 Quod
2412 4115 2672 4187 sacrilegi
2702 4116 2821 4171 sint
2849 4115 3214 4170 ecclesiarum
3245 4110 3562 4183 praedones.

2099 4206 2188 4257 29.
2233 4205 2309 4258 De
2339 4204 2540 4257 eadem
2570 4219 2649 4258 re.

2101 4294 2185 4346 30.
2230 4294 2308 4346 De
2337 4292 2427 4345 his
2469 4292 2568 4363 qui
2611 4291 2996 4346 truncatioues
3025 4291 3440 4353 membrorum,
3485 4283 3779 4356 depraeda-

2167 4379 2368 4447 tiones,
2401 4386 2457 4434 et
2485 4381 2787 4434 domorum
2817 4378 3081 4433 incendia
3102 4376 3357 4431 fecerint.

2097 4470 2183 4522 31.
2225 4467 2387 4531 Quod
2416 4483 2544 4520 cum
2573 4466 3063 4521 excommunicato
3091 4480 3252 4518 orare
3281 4478 3399 4517 non
3423 4461 3605 4516 liceat.

2096 4558 2182 4610 32.
2229 4556 2305 4609 De
2338 4555 2535 4608 eadem
2557 4571 2636 4609 re.

2094 4645 2183 4698 33.
2229 4644 2306 4696 De
2334 4642 2533 4696 eadem
2565 4658 2647 4696 re.

2096 4730 2183 4784 34.
2228 4731 2303 4783 De
2329 4730 2525 4783 eadem
2555 4744 2639 4783 re.

2097 4819 2184 4873 35.
2228 4819 2305 4871 De
2336 4818 2535 4871 eadem
2567 4832 2647 4870 re.

2098 4909 2185 4961 36.
2229 4907 2307 4960 De
2336 4906 2531 4959 eadem
2563 4920 2644 4958 re.

2096 4996 2183 5048 37.
2226 4996 2305 5048 De
2331 4994 2530 5047 eadem
2559 5008 2640 5046 re.

2098 5086 2184 5139 38.
2227 5084 2307 5137 De
2335 5080 2533 5136 eadem
2557 5097 2640 5134 re.

2100 5172 2187 5224 39.
2232 5170 2309 5222 De
2335 5168 2533 5223 eadem
2565 5184 2645 5222 re.

2098 5257 2186 5310 40.
2231 5257 2307 5309 De
2337 5256 2533 5310 eadem
2563 5271 2646 5309 re.

2098 5345 2186 5396 41.
2234 5345 2309 5397 De
2336 5343 2533 5397 eadem
2559 5359 2640 5397 re.

2099 5431 2188 5484 42.
2232 5432 2308 5484 De
2337 5431 2535 5485 eadem
2569 5446 2645 5483 re.

2098 5520 2188 5572 43.
2232 5520 2310 5572 De
2335 5518 2535 5573 eadem
2567 5533 2646 5572 re.
