4380 6400
732 356 836 409 855

731 476 821 529 44.
866 477 945 530 De
973 475 1175 529 eadem
1204 489 1289 529 re.

731 563 821 618 45.
866 565 941 618 De
967 562 1079 617 illis
1104 562 1202 634 qui
1234 578 1302 615 ex
1334 560 1445 616 alia
1474 560 1747 632 parochia
1776 565 1932 629 sunt,
1963 564 2017 615 et
2047 558 2425 631 depmdatio-

809 668 909 705 nes
932 651 1169 705 faciunt.

734 741 823 794 46.
872 740 946 793 De
976 740 1090 792 illis
1122 738 1221 810 qui
1252 738 1565 792 defendunt
1589 737 1999 807 delinquentes.

1814 348 2212 406 BUBCHARDI
2252 347 2781 404 WORMACIENSIS
2822 343 3155 402 EPISCOPI.

2449 474 2493 525 Α
2534 473 2621 526 65.
2668 472 2743 526 De
2775 469 2888 524 illis
2918 468 3018 541 qui
3047 467 3117 523 de
3148 463 3469 521 ministerio
3502 462 3761 519 Ecclesiae
3808 462 4030 535 aliquid
4062 461 4250 517 furati

4140 343 4251 396 856

2537 560 3096 711 66fu32nmonachis,
3129 643 3176 697 si
3204 641 3275 697 de
3321 640 3473 696 furto
3506 639 3767 695 infamati
3810 638 4052 709 fuerint,
4085 654 4247 711 quo-

2605 735 2776 790 modo
2803 749 2861 787 se
2893 746 3208 802 expurgare
3240 729 3501 783 debeant.

737 832 824 881 47.
871 828 951 881 De
977 827 1092 881 illis
1138 826 1237 898 qui
1280 826 1429 880 intra
1469 841 1686 880 annum
1715 841 1943 879 causam
1989 841 2153 880 suam
2184 829 2427 880 tractare
2534 827 2619 878 67.
2665 824 2743 877 De
2774 821 2887 876 illis
2917 819 3018 891 qui
3046 820 3383 873 colonorum
3414 816 3643 888 ﬂagella
3668 814 4006 870 defendunt.

815 915 1195 985 neglexerint.

736 1004 825 1059 48.
871 1004 947 1057 De
977 1004 1176 1057 eadem
1206 1018 1287 1058 re.

673 1111 680 1119 ’
737 1093 827 1147 49.
871 1092 943 1145 Ut
993 1096 1265 1145 notentur
1300 1088 1924 1144 excommunicatorum
1973 1089 2230 1159 nomina,
2272 1093 2328 1145 et
2366 1090 2427 1146 in

806 1179 1024 1234 foribus
1057 1178 1317 1233 Ecclesiae
1346 1177 1740 1248 praeﬁgantur.

739 1269 828 1322 50.
870 1269 945 1322 De
976 1267 1243 1338 episcopo
1273 1266 1370 1338 qui
1400 1273 1533 1321 ante
1579 1267 1831 1323 damnati
1864 1267 2285 1324 absolutionem
2327 1267 2424 1321 ob-

808 1355 958 1409 ierit.

737 1446 824 1497 5!.
866 1444 944 1496 De
976 1441 1089 1496 illis
1123 1441 1224 1514 qui
1254 1441 1729 1505 excommunicati
1756 1444 2103 1500 moriuntur.

738 1534 824 1586 52.
868 1532 945 1585 De
975 1531 1173 1585 eadem
1209 1547 1290 1586 re.

737 1624 825 1675 53.
869 1620 945 1673 De
975 1618 1197 1673 furibus
1223 1624 1279 1674 et
1306 1618 1491 1675 furtis.

737 1711 826 1763 54.
870 1709 947 1763 De
976 1707 1176 1762 eadem
1207 1724 1289 1762 re.

738 1799 825 1850 55.
872 1797 947 1850 De
981 1794 1177 1849 eadem
1208 1811 1290 1850 re.

738 1886 825 1938 56.
867 1885 946 1938 De
980 1884 1178 1938 eadem
1218 1900 1298 1939 re.

738 1974 823 2025 57.
868 1971 947 2024 De
975 1969 1177 2024 eadem
1208 1985 1288 2024 re.

738 2060 827 2112 58.
870 2058 949 2110 De
979 2056 1182 2110 eadem
1212 2072 1293 2111 re.

738 2146 825 2198 59.
870 2145 948 2198 De
979 2144 1176 2198 eadem
1207 2159 1286 2198 re.

736 2235 826 2286 60.
872 2233 950 2286 De
981 2231 1179 2286 eadem
1211 2248 1287 2286 re.

739 2324 825 2375 6t.
872 2322 951 2375 De
982 2320 1183 2374 eadem
1216 2336 1297 2374 re.

740 2408 828 2459 62.
874 2405 951 2458 De
973 2419 1134 2458 servo
1161 2403 1262 2475 qui
1289 2402 1500 2475 fugerit
1525 2402 1827 2458 dominum
1859 2419 2047 2459 suum.

741 2497 830 2548 63.
874 2494 953 2547 De
1005 2491 1243 2557 clericis,
1294 2491 1342 2545 si
1396 2490 1457 2546 in
1512 2491 1892 2547 demoliendis
1944 2491 2218 2563 sepulcris
2272 2507 2428 2547 com-

811 2579 1085 2652 prehensi
1108 2580 1336 2634 fuerint.

743 2671 830 2724 64.
875 2669 953 2724 De
982 2669 1196 2723 clericis
1226 2674 1324 2723 aut
1357 2667 1671 2729 monachis,
1704 2668 1748 2721 si
1774 2669 1992 2723 furtum
2024 2667 2282 2722 fecerint.

2534 914 2622 967 68.
2666 912 2743 966 De
2789 908 3074 980 episcopis
3103 908 3204 977 qui
3250 906 3402 976 apud
3453 907 3774 960 Romanam
3822 904 4014 958 sedem
4070 912 4250 957 accu-

2605 1000 2713 1055 sati
2758 997 2972 1053 fuerint
3011 996 3165 1068 quod
3192 1010 3323 1051 cum
3367 992 3875 1050 excommunicatis
3904 990 4251 1047 communi-

2603 1091 2819 1143 carent.

2534 1179 2621 1231 69.
2665 1177 2743 1231 De
2774 1171 3056 1245 episcopis
3103 1170 3204 1243 qui
3249 1169 3359 1225 sibi
3405 1168 3688 1240 subjectos
3733 1167 4040 1234 seducunt,
4076 1181 4248 1221 com-

2603 1264 2963 1320 municantes
2991 1277 3121 1316 cum
3148 1257 3680 1315 excommunicatis.

2530 1356 2620 1408 70.
2667 1354 2744 1407 De
2773 1350 2974 1406 eadem
3006 1365 3088 1404 re.

2534 1447 2622 1498 7t.
2665 1444 2742 1496 De
2773 1438 3073 1511 episcopis,
3124 1442 3186 1492 ut
3215 1452 3331 1491 non
3364 1435 3479 1490 sint
3509 1434 3727 1490 malum
3756 1432 4093 1502 exemplum
4126 1447 4250 1501 po-

2606 1529 2760 1599 pulo.

2530 1618 2622 1670 7'2.
2667 1617 2744 1669 De
2771 1612 3119 1669 correctione
3167 1611 3569 1683 episcoporum
3600 1608 3699 1680 qui
3740 1623 3871 1663 cum
3903 1622 4252 1662 excommu-

2603 1702 2804 1758 nicatis
2834 1700 3424 1756 communicaverunt.

2533 1794 2623 1845 73.
2667 1791 2744 1843 De
2794 1788 2880 1843 his
2932 1787 3031 1859 qui
3090 1790 3469 1842 contemnunt
3514 1784 3771 1841 bannum
3830 1782 3900 1838 ab
3947 1781 4249 1854 episcOpis

2609 1876 2968 1946 impositum.

2540 1966 2627 2019 74.
2670 1966 2748 2018 De
2796 1980 2864 2019 eo
2919 1979 3021 2034 pro
3073 1962 3284 2033 quibus
3332 1961 3516 2016 causis
3570 1959 3888 2033 quemlibet
3937 1956 4252 2015 hominem

2612 2051 2998 2105 anathematis
3025 2049 3249 2103 vinculo
3274 2048 3444 2120 ligari
3468 2052 3753 2120 oporteat.

2539 2142 2632 2193 75.
2677 2140 2755 2193 De
2786 2139 2900 2193 illis
2928 2138 3027 2209 qui
3056 2139 3272 2193 furtum
3304 2144 3367 2193 et
3386 2138 3650 2208 rapinam
3677 2134 4062 2190 exercuerint.

2540 2232 2627 2281 76.
2672 2228 2751 2281 De
2784 2226 2899 2281 illis
2924 2229 3023 2297 qui
3053 2227 3112 2280 in
3144 2226 3417 2296 patibulis
3448 2225 3899 2296 suspenduntur.

2541 2320 2628 2369 77.
2671 2316 2750 2369 De
2778 2314 3059 2385 episcopis
3103 2314 3205 2385 qui
3242 2329 3373 2368 cum
3419 2311 3925 2381 excommunicatis
3975 2325 4250 2366 commu-

2614 2402 2946 2456 nicaverint.

2542 2495 2628 2546 78.
2674 2492 2749 2545 De
2803 2489 3021 2544 clericis
3070 2489 3170 2561 qui
3221 2488 3479 2560 fugerint
3538 2488 3811 2543 Ecclesias
3852 2504 4005 2557 suas,
4060 2492 4124 2543 et
4172 2488 4244 2543 de

2611 2578 2787 2633 servis
2813 2578 2913 2649 qui
2937 2577 3201 2633 dominos
3231 2577 3496 2649 proprios
3526 2577 3800 2648 fugerint.

2983 2666 3197 2720 Indicis
3230 2668 3613 2735 Capitula/mm
3641 2667 3791 2734 ﬁnis.

2068 2966 2911 3071 BUBCHABDI

1685 3158 2091 3214 ECCLESUE
2128 3158 2754 3215 WORMATIENSIS
2794 3157 3163 3215 EPISCOPI

717 3348 721 3354 ’
857 3359 2202 3509 DECRETOBUM
2300 3361 2890 3507 LIBER
2992 3361 4140 3510 UNDECIMUS

1991 3615 2092 3680 DE
2140 3614 2999 3682 EXCOMMUNICATIONE.

1226 3915 1708 3970 ARGUMENTUM
1750 3915 1957 3970 LIBRI.

820 4004 989 4059 Libro
1018 4005 1127 4058 hoc
1169 4004 1239 4058 de
1268 4004 1872 4069 excommunicatione,
1910 4005 2147 4075 ejusque
2178 4006 2442 4075 neglectu

747 4098 807 4146 et
849 4096 1205 4162 contemptu,
1252 4091 1322 4145 de
1351 4091 1571 4146 furibus
1617 4095 1676 4146 et
1703 4092 2095 4162 praedonibus,
2145 4093 2332 4164 deque
2362 4110 2447 4148 sa-

750 4196 977 4234 crarum
1038 4179 1248 4234 mdium
1320 4179 1747 4248 insensoribus,
1818 4196 1885 4235 ac
1953 4180 2445 4252 deprazdatoribus

664 4318 671 4323 .
751 4272 960 4339 agitur.

752 4360 881 4412 CAP.
916 4360 956 4412 Ι.
990 4388 1055 4397 -
1099 4361 1169 4413 De
1197 4358 1319 4412 sede
1349 4361 1736 4427 episcoporum,
1771 4372 1866 4411 cur
1905 4354 1968 4410 in
2006 4356 2229 4411 ecclesia
2279 4356 2446 4411 altius

1254 4433 1456 4483 exteris
1482 4430 1662 4483 sedere
1691 4428 1939 4482 debeant.

825 4520 935 4588 (Ea:
962 4520 1117 4588 epist.
1174 4518 1380 4573 Urbani
1421 4519 1626 4588 pupa.)
1673 4515 1833 4581 Quod
1879 4518 2074 4568 autem
2119 4514 2281 4569 sedes
2325 4514 2445 4585 epi-

753 4622 1055 4675 scoporum
1097 4606 1155 4659 in
1186 4605 1419 4660 ecclesia
1471 4606 1705 4659 excelsa:
1748 4602 2091 4669 constituta,
2125 4607 2180 4656 et
2220 4619 2445 4674 praepa-

753 4700 890 4749 ratas
933 4694 1306 4749 inveniuntur
1350 4694 1413 4748 in
1459 4694 1692 4760 throno,
1736 4689 2205 4761 speculationem,
2253 4698 2312 4745 et
2342 4707 2445 4761 po-

752 4788 1015 4838 testatem
1053 4782 1367 4852 judicandi,
1415 4787 1470 4835 et
1512 4779 1792 4844 solvendi,
1826 4784 1995 4849 atque
2026 4778 2242 4849 ligandi
2273 4796 2304 4833 a
2336 4780 2445 4834 Do-

754 4872 911 4925 mino
940 4872 1046 4925 sibi
1074 4871 1263 4926 datam
1294 4869 1554 4925 materias
1589 4868 1813 4922 docent.
1850 4867 2007 4922 Unde
2036 4866 2157 4937 ipse
2190 4868 2448 4922 Salvator

753 4960 814 5014 in
861 4960 1167 5031 Evangelio
1212 4961 1334 5013 ait:
1369 4958 1734 5027 Quaecunque
1766 4955 2079 5027 ligaveritis
2110 4972 2284 5027 super
2329 4960 2445 5010 ter-

754 5063 900 5114 ram,
957 5052 1126 5102 erunt
1176 5048 1352 5119 ligata
1408 5051 1467 5100 et
1518 5045 1578 5098 in
1620 5046 1781 5100 cazlo.
1835 5046 1898 5099 Et
1935 5043 2092 5117 alibi
2136 5060 2149 5098 :
2192 5043 2444 5113 Accipite

753 5134 1029 5205 Spiritum
1076 5140 1359 5199 sanctum,
1411 5148 1657 5203 quorum
1688 5131 2025 5186 remiseritis
2068 5138 2317 5203 peccata,
2350 5147 2442 5185 re-

755 5223 1064 5277 mittuntur
1119 5223 1201 5275 eis
1252 5240 1269 5276 :
1332 5226 1389 5275 et
1456 5236 1702 5291 quorum
1780 5220 2160 5288 retiuueritis,
2224 5225 2443 5274 retenta

756 5316 944 5366 erunt.
976 5310 1105 5364 Ideo
1154 5309 1259 5362 ista
1290 5308 1663 5380 praetulimus,
1697 5307 2034 5375 charissimi,
2068 5322 2129 5362 ut
2158 5308 2443 5376 intelliga-

755 5399 830 5453 tis
881 5400 1227 5468 potestatem
1277 5397 1676 5468 episcoporum
1730 5399 2074 5460 vestrorum,
2130 5395 2191 5449 iu
2250 5395 2446 5465 eisque

762 5487 1071 5542 Dominum
1092 5485 1462 5553 veneremini,
1505 5490 1562 5540 et
1591 5502 1691 5540 eos
1713 5489 1780 5537 ut
1808 5482 2026 5536 animas
2053 5490 2267 5537 vestras
2314 5484 2448 5538 dili-

762 5574 927 5645 gatis,
960 5579 1017 5628 et
1056 5572 1264 5645 quibus
1289 5573 1375 5629 illi
1404 5590 1521 5629 non
1566 5569 1998 5628 communicant
2034 5588 2148 5626 non
2189 5587 2444 5627 commu-

2414 3886 2419 3892 ι
2473 3919 2512 3974 C
2550 3918 2769 3985 nicetis,
2801 3922 2859 3973 et
2893 3935 3036 3989 quos
3078 3919 3351 3990 ejecerint
3378 3934 3497 3975 non
3527 3920 3832 3992 recipiatis.
3888 3921 4060 3977 Valde
4091 3923 4253 3978 enim

2552 4006 2810 4061 timenda
2857 4011 2942 4061 est
2991 4007 3277 4062 sententia
3322 4008 3597 4079 episcopi,
3658 4010 3791 4063 licet
3824 4009 4036 4080 injuste
4087 4011 4251 4080 liget,

2554 4095 2706 4164 quod
2741 4100 2930 4149 tamen
2961 4112 3326 4167 summopere
3355 4098 3671 4167 praevidere
3703 4097 3890 4152 debet.

2553 4202 2681 4256 CAP.
2723 4202 2787 4255 Il.
2842 4230 2903 4241 —
2958 4205 3257 4271 Episcopus
3305 4219 3424 4257 cum
3478 4206 3940 4258 emcommunicare
3983 4207 4072 4259 vel
4119 4222 4254 4259 ana-

2629 4274 2983 4326 thematizare
3028 4275 3264 4342 aliquem
3290 4290 3390 4342 pro
3430 4278 3589 4328 certis
3622 4281 3671 4328 et
3700 4279 4010 4341 manifestis
4040 4278 4254 4329 sceleri-

2630 4343 2729 4398 bus
2758 4344 3083 4411 dispositum
3114 4345 3290 4404 habet,
3331 4351 3452 4413 post
3478 4347 3751 4400 lectionem
3792 4346 4120 4413 Evangelii,
4154 4350 4254 4401 cle-

2622 4430 2744 4467 rum
2770 4420 2823 4469 et
2852 4414 3055 4482 plebem
3079 4417 3157 4467 ita
3179 4414 3330 4469 debet
3361 4415 3588 4484 alloqui.

2626 4520 2732 4589 (Ea:
2783 4520 3005 4573 concilio
3054 4520 3395 4588 Rhotomag.,
3450 4523 3629 4589 capite
3676 4522 3752 4591 3.)
3785 4521 4017 4575 Noverit
4062 4522 4253 4577 chari-

2554 4609 2640 4660 tas
2691 4612 2896 4674 vestra,
2954 4608 3157 4661 fratres
3210 4608 3346 4674 mei,
3401 4609 3554 4679 quod
3610 4610 3845 4679 quidam
3887 4608 3976 4663 vir
4013 4612 4252 4665 nomine

2558 4695 2622 4748 Ν.
2657 4695 2883 4750 diabolo
2914 4695 3187 4749 suadente
3218 4702 3568 4766 postponens
3595 4698 3975 4753 Christianam
4006 4702 4254 4769 promis.

2556 4784 2778 4836 sionem
2809 4798 2983 4853 quam
3014 4783 3074 4836 in
3104 4783 3387 4853 baptismo
3420 4785 3709 4855 professus
3747 4791 3850 4852 est,
3885 4802 3992 4856 per
4022 4794 4251 4856 aposta-

2555 4871 2697 4924 siam
2742 4886 3047 4924 conversus
3078 4875 3207 4940 post
3253 4871 3544 4938 Satanam,
3577 4873 3670 4926 cui
3709 4873 4168 4940 abrenunciavit,
4201 4882 4254 4929 et

2556 4958 2824 5013 omnibus
2871 4959 3144 5028 operibus
3190 4960 3336 5029 ejus,
3388 4960 3613 5015 vineam
3664 4961 3896 5030 Christi,
3939 4962 3999 5016 id
4034 4968 4123 5017 est
4156 4964 4252 5017 Ec-

2553 5045 2785 5100 clesiam
2816 5047 2959 5117 ejus.
2990 5047 3281 5102 devastare
3308 5052 3364 5102 et
3388 5048 3705 5119 depraedari
3726 5066 3842 5103 non
3866 5050 4249 5120 pertimescit:

2553 5150 2833 5205 pauperes
2854 5134 3082 5201 Christi,
3108 5152 3253 5206 quos
3276 5136 3525 5206 pretioso
3549 5138 3829 5207 sanguine
3850 5154 3955 5191 suo
3984 5139 4248 5206 redemit,

2553 5221 2833 5276 violenter
2861 5222 3195 5292 opprimens
3216 5228 3274 5277 et
3296 5222 3665 5291 interficiens,
3688 5229 3746 5278 et
3765 5224 3917 5305 bona
3939 5241 4148 5280 eorum
4171 5230 4249 5281 di-

2556 5308 2789 5378 ripiens.
2842 5310 3020 5376 Unde,
3054 5310 3191 5381 quia
3219 5311 3370 5364 ﬁlius
3399 5311 3569 5381 hujus
3602 5302 3812 5366 nostra:
3847 5314 4115 5368 Ecclesiae
4143 5316 4251 5384 (cui

2556 5399 2670 5452 Deo
2700 5403 2932 5452 auctore
2973 5399 3370 5471 praesidemus)
3406 5401 3677 5455 debuerat
3717 5418 3839 5455 esse
3867 5418 3882 5454 :
3913 5402 4055 5473 quia
4100 5404 4163 5458 in
4188 5421 4249 5458 ea

2553 5501 2658 5555 per
2683 5501 2887 5555 aquam
2920 5491 2975 5539 et
2997 5486 3273 5555 Spiritum
3304 5492 3561 5542 sanctum
3595 5493 3829 5542 renatus
3870 5494 3977 5553 est,
4014 5496 4075 5543 et
4108 5490 4249 5545 inter

2553 5572 2850 5644 adoptivos
2907 5574 3056 5628 ﬁlios
3099 5574 3200 5629 Dei
3247 5575 3679 5641 adnumeratus,
3729 5578 3999 5647 quamvis
4054 5580 4245 5633 modo-
