4380 6364
354 366 452 415 857

1274 367 1739 422 DECRETORUM
1784 371 1966 424 LIBltI
2005 371 2109 424 XX.
2152 400 2217 408 -
2262 369 2469 423 LIBER
2513 368 2921 425 UNDECIMUS.

3738 381 3838 431 8.38

354 484 506 538 ﬁlius
563 483 779 539 diaboli
842 484 915 539 sit
959 484 1238 540 imitando
1303 488 1617 557 diabolum,
1687 490 1911 544 solliciti
1969 508 2040 545 ne
2070 494 2114 546 A
2151 492 2379 561 culpam
2416 507 2578 545 suam
2617 491 2857 545 necdum
2904 492 3190 561 cognovit,
3251 510 3353 547 nec
3394 495 3679 549 confessus
3737 504 3837 563 est,

352 589 455 644 per
485 573 895 643 negligentiam
922 576 1265 644 pastoralem
1296 575 1488 646 aliqua
1530 577 1597 630 de
1640 579 1845 632 ovibus
1877 580 2041 633 nobis

350 662 579 715 creditis
636 661 940 731 deperiret,
1001 679 1101 733 pro
1162 680 1274 733 qua
1349 665 1407 718 in
1470 667 1765 720 tremendo
1822 668 2038 738 judicio

351 754 481 803 ante
528 749 847 819 principem
912 756 1206 821 pastorum
1268 753 1575 807 Dominum
1632 759 1888 808 nostrum
1944 757 2037 809 Je-

350 853 478 890 sum
530 837 818 891 Christum
868 839 1152 893 rationem
1222 841 1457 894 reddere
1543 844 2034 912 compelleremur,

344 925 507 995 juxta
546 925 697 996 quod
728 925 847 995 ipse
879 927 1212 981 terribiliter
1271 929 1435 981 nobis
1495 931 1896 997 comminatur,
1953 932 2039 984 di-

349 1032 529 1070 cens:
586 1017 644 1070 Si
724 1033 841 1070 non
917 1020 1605 1092 annunciaveris.iniqno
1678 1022 2040 1093 iniquitatem

348 1121 530 1171 suam,
555 1106 890 1176 sanguinem
918 1110 1039 1176 ejus
1078 1109 1146 1161 de
1178 1125 1350 1163 manu
1398 1115 1497 1164 tua
1551 1111 1860 1181 requiram.
1901 1112 2042 1166 Misi-

349 1209 476 1246 mus
496 1194 566 1247 ad
607 1210 738 1247 eum
763 1195 1155 1265 presbyterum
1208 1202 1484 1262 nostrum,
1519 1205 1575 1252 et
1630 1200 1843 1252 litteras
1886 1216 2036 1253 corn-

348 1283 682 1335 monitorias
708 1285 907 1349 semel,
938 1290 993 1337 et
1023 1285 1251 1351 iterum,
1294 1292 1466 1358 atque
1511 1288 1701 1355 tertio,
1736 1288 2039 1343 invitantes

347 1386 481 1423 eum
506 1371 774 1425 canonice
823 1373 893 1426 ad
941 1374 1420 1441 emendationem,
1469 1380 1525 1429 et
1562 1377 2030 1442 satisfactionem,

344 1459 835 1528 etpanitentiam,
867 1462 1241 1531 corripientes
1262 1481 1393 1517 eum
1416 1471 1653 1534 paterno
1677 1466 1899 1521 atl‘ectu.
1925 1467 2033 1521 Sed

343 1546 486 1615 ipse,
521 1547 667 1617 proh
689 1548 888 1603 dolor!
918 1550 1148 1604 diabolo
1180 1568 1277 1604 cor
1309 1553 1431 1621 ejus
1460 1552 1785 1620 indurante,
1822 1556 2036 1608 monita

344 1636 617 1689 salutaria
664 1638 896 1706 sprevit,
926 1644 983 1692 et
1016 1640 1073 1692 in
1130 1639 1378 1709 incapta
1410 1641 1627 1695 malitia
1671 1659 2036 1713 perseverans

2148 595 2251 633 nec
2328 580 2499 633 missa
2570 580 2735 633 nobis
2813 579 3114 649 legatione,
3194 582 3291 651 qui
3343 598 3571 636 causam
3655 584 3835 654 ipsius

2149 668 2543 737 exquirimus:
2601 668 2735 737 quia
2766 674 2961 721 noster
3018 669 3393 739 parochianus
3447 677 3549 737 est,
3609 672 3831 726 veniam

2148 756 2490 826 postulavit:
2531 756 2663 827 quia
2716 757 2773 809 in
2803 764 2987 826 capta
3036 758 3275 825 malitia,
3311 760 3534 813 diabolo
3585 776 3682 813 cor
3711 761 3832 830 ejus

2148 844 2468 907 indurante,
2544 850 2885 914 perseverat,
2965 852 3021 899 et
3072 848 3235 917 juxta
3301 849 3452 918 quod
3524 849 3825 918 Apostolus

2127 931 2288 986 dicit
2321 948 2332 985 :
2367 932 2690 986 Secundum
2749 933 3019 986 duritiam
3073 951 3255 1003 suam,
3315 952 3411 989 cor
3463 936 3833 1006 impaenitens

2148 1020 2492 1073 thesaurizat
2517 1020 2623 1074 sibi
2650 1021 2791 1074 iram
2830 1021 2889 1074 in
2921 1022 3014 1075 die
3066 1022 3166 1076 ira
3204 1040 3216 1076 :
3274 1024 3483 1078 idcirco
3541 1041 3645 1079 nos
3703 1041 3835 1078 eum

2148 1124 2277 1161 cum
2338 1109 2614 1161 universis
2679 1109 3051 1179 complicibus
3108 1116 3163 1165 et
3232 1113 3832 1179 conimunicatoribus,

2146 1196 2575 1266 fautoribusque
2667 1198 2805 1265 suis,
2890 1198 3106 1267 judicio
3207 1201 3301 1253 Dei
3402 1201 3834 1270 omnipotentis,

2147 1284 2346 1350 Patris,
2402 1290 2459 1338 et
2508 1283 2652 1351 Filii,
2708 1290 2763 1338 et
2815 1284 3056 1355 Spiritus
3112 1287 3311 1354 sancti,
3371 1292 3426 1341 et
3475 1288 3623 1341 beati
3682 1287 3835 1342 Petri

2145 1372 2422 1442 principis
2510 1374 2920 1443 apostolorum,
3008 1379 3065 1428 et
3145 1375 3406 1428 omnium
3485 1380 3831 1441 sanctorum,

2146 1477 2367 1514 necnon
2434 1466 2490 1515 et
2575 1466 2781 1515 nostra
2865 1462 3269 1517 mediocritatis
3355 1464 3711 1530 auctoritate,
3781 1468 3837 1518 et

2142 1554 2423 1617 potestate
2453 1549 2618 1603 nobis
2648 1549 2919 1603 divinitus
2950 1552 3156 1604 collata
3201 1552 3416 1622 ligandi
3469 1558 3523 1606 et
3577 1551 3833 1605 solvendi

2143 1636 2200 1689 in
2232 1638 2371 1691 calo
2403 1641 2457 1689 et
2490 1637 2548 1690 in
2580 1643 2749 1703 terra,
2791 1654 2823 1691 a
2855 1638 3087 1709 pretiosi
3128 1641 3383 1709 corporis
3429 1645 3484 1694 et
3540 1640 3833 1710 sanguinis

344 1725 604 1779 Ecclesia:
632 1726 730 1779 Dei
779 1743 951 1797 quam
982 1728 1148 1797 lasit,
1187 1731 1468 1800 superbia
1526 1732 1725 1800 spiritu
1783 1732 2030 1797 inflatus,

2149 1723 2373 1777 Domini
2413 1725 2801 1794 perceptione,
2835 1732 2891 1779 et
2941 1742 2973 1779 a
3021 1726 3283 1781 societate
3343 1727 3602 1781 omnium
3670 1726 3832 1782 Chri-

342 1813 665 1867 satisfacere
698 1815 1058 1885 dedignatur.
1098 1819 1172 1870 De
1208 1818 1413 1872 talibus
1471 1820 1665 1890 itaque
1719 1825 2031 1890 transgres-

341 1900 590 1968 soribus,
622 1906 678 1955 et
706 1908 915 1956 sancta
967 1904 1262 1973 religionis
1312 1907 1597 1976 pacisque,
1650 1923 1823 1977 quam
1874 1910 2032 1962 Chri-

340 1994 462 2041 stus
483 1989 602 2041 suis
632 1989 926 2060 discipulis
954 1992 1131 2055 dedit,
1164 1998 1335 2063 atque
1366 1994 1617 2065 reliquit,
1644 1995 2032 2058 violatoribus,

340 2083 631 2147 pracepta
688 2078 975 2134 dominica
1005 2086 1059 2133 et
1114 2081 1423 2151 apostolica
1483 2082 1779 2145 habemus,
1825 2084 2033 2154 quibus

337 2163 748 2230 informamur,
782 2166 920 2236 quid
962 2166 1030 2220 de
1076 2167 1470 2237 hujuscemodi
1502 2170 2031 2240 pravaricatoribus

339 2268 511 2321 agere
546 2268 649 2306 nos
679 2259 956 2323 oporteat.
991 2254 1084 2309 Ait
1113 2256 1267 2309 enim
1300 2258 1570 2311 Dominus
1600 2257 1656 2310 in
1691 2260 1992 2329 Evangelio
2019 2276 2030 2314 :

341 2342 397 2395 Si
420 2341 744 2413 peccaverit
771 2342 829 2396 in
860 2348 913 2396 te
954 2343 1128 2397 frater
1158 2349 1307 2412 tuus,
1341 2346 1562 2415 corripe
1596 2363 1746 2400 eum.
1797 2348 2035 2413 Fratres,

342 2429 402 2482 in
433 2446 911 2501 unumquemque
965 2438 1222 2486 nostrum
1280 2439 1495 2502 peccat,
1543 2434 1731 2504 quiin
1787 2440 2037 2489 sanctam

345 2518 657 2571 Ecclesiam
704 2524 914 2588 peccat.
995 2520 1052 2574 Si
1107 2520 1261 2574 enim
1323 2526 1513 2575 sancta
1566 2523 1804 2575 Ecclesia
1858 2539 2037 2576 unum

344 2622 555 2677 corpus
585 2612 686 2673 est,
720 2609 879 2677 cujus
905 2609 1157 2677 corporis
1188 2615 1357 2679 caput
1388 2610 1642 2664 Christus
1681 2616 1784 2674 est,
1831 2611 2039 2680 singuli

346 2700 543 2749 autem
594 2712 791 2749 sumus
840 2697 980 2750 alter
1011 2698 1243 2750 alterius
1273 2699 1530 2752 membra
1560 2716 1577 2754 :
1611 2704 1666 2752 et
1696 2698 1743 2751 si
1772 2714 1897 2752 cum
1933 2716 2039 2770 pa-

344 2783 489 2837 titur
510 2800 687 2836 unum
723 2784 1065 2845 membrum,
1091 2786 1519 2854 compatiuntur
1540 2787 1733 2840 omnia
1762 2787 2038 2853 membra,

344 2872 551 2940 procul
578 2871 752 2925 dubio
779 2872 838 2925 in
869 2888 969 2925 nos
992 2879 1202 2942 peccat,
1228 2874 1323 2943 qui
1358 2875 1618 2929 membra
1642 2881 1836 2928 nostra
1863 2876 2037 2929 ladit.

342 2957 517 3010 Jubet
534 2972 670 3026 ergo
688 2957 981 3023 Dominus,
1007 2963 1069 3011 ut
1090 2959 1281 3021 frater,
1298 2959 1355 3012 id
1376 2964 1477 3025 est,
1496 2960 1846 3014 Christianus
1869 2961 1926 3015 in
1942 2978 2042 3014 nos

2143 1810 2457 1864 stianorum
2490 1828 2840 1881 separamus,
2870 1818 2926 1867 et
2958 1828 2990 1866 a
3039 1813 3332 1868 liminibus
3382 1820 3590 1869 sancta
3636 1814 3831 1869 matris

2146 1899 2402 1953 Ecclesia
2462 1899 2519 1953 in
2585 1901 2727 1954 calo
2784 1904 2840 1953 et
2888 1900 2948 1954 in
2998 1907 3146 1955 terra
3202 1903 3570 1970 excludimus,
3631 1908 3687 1956 et
3744 1919 3833 1955 ex-

2143 1988 2650 2056 communicatum,
2719 1992 2776 2041 et
2847 1989 3384 2044 anathematizatum
3449 2008 3567 2044 esse
3643 1990 3833 2045 decer-

2145 2075 2352 2141 nimus,
2395 2081 2449 2129 et
2476 2075 2805 2129 damnatum
2863 2092 2990 2129 cum
3044 2077 3270 2130 diabolo
3304 2083 3360 2131 et
3412 2078 3628 2148 angelis
3686 2079 3830 2147 ejus,

2145 2169 2201 2217 et
2232 2164 2495 2217 omnibus
2526 2164 2801 2234 reprobis,
2833 2163 2894 2217 in
2924 2164 3055 2234 igne
3087 2170 3301 2218 aterno
3327 2166 3670 2235 judicainus.
3722 2166 3833 2219 nisi

2146 2252 2291 2305 forte
2350 2268 2381 2305 a
2436 2251 2647 2306 diaboli
2704 2252 2920 2322 laqueis
2975 2252 3284 2324 resipiscat,
3319 2258 3375 2307 et
3420 2256 3491 2307 ad
3558 2255 3833 2308 emenda-

2146 2338 2359 2392 tionem
2428 2345 2484 2392 et
2554 2338 2946 2409 panitentiam
3009 2340 3222 2407 redeat,
3291 2346 3345 2394 et
3394 2342 3653 2394 Ecclesia
3712 2340 3831 2402 Dei,

2148 2444 2317 2497 quam
2350 2427 2510 2493 lasit,
2564 2427 2890 2481 satisfaciat.
2936 2429 2999 2481 Et
3030 2429 3414 2498 respondeant
3468 2446 3665 2483 omnes
3720 2434 3835 2481 ter-

2148 2516 2246 2581 tio,
2297 2516 2481 2570 Amen
2518 2531 2530 2569 :
2578 2522 2697 2583 aut,
2753 2516 2891 2583 Fiat,
2947 2517 3077 2582 liat;
3105 2522 3223 2585 aut,
3254 2519 3569 2571 Anathema
3615 2517 3702 2570 sit.
3730 2518 3834 2570 De-

2148 2604 2283 2658 bent
2337 2604 2490 2657 enim
2540 2605 2857 2658 sacerdotes
2924 2605 3254 2674 episcopum
3332 2606 3718 2667 circumstare,
3783 2610 3839 2658 et

2148 2692 2406 2745 lucernas
2436 2692 2694 2744 ardentes
2747 2692 2805 2744 in
2868 2693 3131 2746 manibus
3180 2697 3396 2761 tenere,
3434 2710 3574 2763 quas
3628 2694 3683 2747 in
3707 2709 3838 2746 con-

2150 2779 2399 2832 clusione
2520 2780 2918 2840 anathematis,
3035 2782 3121 2833 vel
3230 2780 3836 2835 excouimunicationis

2151 2868 2429 2937 projicere
2464 2866 2671 2921 debent
2698 2867 2757 2920 in
2810 2873 3038 2932 terram,
3081 2872 3137 2922 et
3194 2870 3526 2922 conculcare
3578 2869 3833 2939 pedibus.

2153 2957 2283 3009 Post
2346 2956 2466 3008 hac
2550 2954 2846 3025 episcopus
2912 2955 3063 3025 plebi
3139 2956 3321 3025 ipsam
3386 2956 3835 3010 excommunica-

342 3061 606 3115 peccans,
633 3044 819 3114 primo
862 3052 1073 3099 secrete
1104 3046 1464 3116 corripiatur,
1498 3047 1703 3101 deinde
1725 3065 1854 3101 cum
1886 3049 2041 3102 testi-
2075 3048 2114 3102 C
2154 3044 2369 3097 tionem
2429 3043 2829 3096 communibus
2905 3043 3087 3097 verbis
3154 3045 3321 3097 debet
3391 3046 3714 3114 explanare,
3778 3049 3838 3096 ut

339 3134 445 3186 bus
488 3132 869 3202 redarguatur
901 3149 913 3187 :
946 3135 1252 3188 novissime
1284 3135 1343 3188 in
1365 3141 1644 3189 conventu
1671 3136 1919 3190 ecclesia
1943 3153 2040 3206 pu-

338 3220 486 3274 blice
520 3221 909 3274 conveniatur.
945 3222 1106 3284 Quod
1124 3223 1170 3275 si
1197 3225 1295 3275 has
1326 3229 1440 3275 tres
1469 3224 1962 3291 commonitiones,
1988 3229 2046 3279 et

338 3309 463 3377 pias
505 3308 892 3377 correptiones
932 3310 1265 3377 contemnit,
1313 3316 1370 3363 et
1416 3311 1736 3364 satisfacere
1781 3313 2039 3382 despicit,

340 3403 467 3467 post
490 3395 817 3462 hacsittibi,
840 3396 1481 3467 inquit,sicutetlinicus
1520 3400 1947 3468 etpublicanus,
1984 3401 2043 3454 id

341 3484 697 3554 est,gentilis
711 3490 880 3554 atque
904 3501 1179 3554 paganus,
1204 3487 1519 3556 utnonjam
1546 3504 1648 3556 pro
1701 3488 2039 3554 Christiano,

342 3573 442 3626 sed
485 3588 595 3642 pro
626 3588 849 3642 pagano
874 3573 1166 3628 habeatur.
1207 3575 1271 3627 Et
1302 3573 1365 3647 in
1390 3574 1500 3628 alio
1533 3575 1676 3640 loco,
1721 3576 2041 3629 membrum

344 3661 500 3730 quod
533 3676 568 3713 a
597 3677 698 3713 sua
727 3676 1002 3730 compage
1041 3662 1364 3728 resolvitur,
1411 3666 1464 3715 et
1514 3680 1543 3716 a
1585 3663 1856 3733 junctura
1919 3665 2046 3717 cha-

343 3748 530 3801 ritatis
612 3748 971 3813 dissociatur,
1030 3754 1087 3803 et
1160 3766 1330 3803 omne
1395 3766 1602 3819 corpus
1678 3751 2039 3817 scandalizat,

346 3836 649 3899 Dominus,
694 3843 749 3889 et
804 3836 1080 3903 abscindi,
1133 3843 1189 3890 et
1238 3838 1438 3908 projici
1486 3839 1669 3907 jubet,
1715 3840 1907 3893 dicens
1940 3856 1954 3892 :
1986 3840 2043 3894 Si

343 3925 569 3989 oculus,
636 3940 862 3990 manus,
923 3926 1011 3979 vel
1061 3941 1159 3994 pes
1211 3930 1343 3979 tuus
1400 3926 1743 3980 scandalizat
1792 3933 1863 3989 te,
1907 3944 2042 3982 erue

342 4028 501 4077 eum,
540 4016 597 4065 et
641 4012 853 4081 projice
885 4013 982 4065 abs
1011 4017 1085 4066 te.
1146 4014 1206 4066 Et
1250 4014 1601 4083 Apostolus:
1656 4016 1908 4081 Auferte,
1954 4016 2044 4069 in-

344 4100 491 4169 quit,
550 4100 767 4152 malum
822 4116 853 4152 a
893 4099 1069 4153 vobis.
1135 4101 1199 4153 Et
1250 4101 1501 4154 iterum:
1570 4103 1627 4156 Si
1683 4103 1811 4172 quis
1866 4104 2044 4157 frater

342 4187 705 4254 nominatur,
746 4190 801 4239 et
839 4192 923 4240 est
952 4186 1277 4254 fornicator,
1318 4193 1415 4241 aut
1446 4189 1689 4255 adulter,
1724 4196 1822 4244 aut
1855 4192 2041 4245 homi-

341 4275 491 4341 cida,
526 4279 623 4327 aut
651 4290 847 4343 rapax,
880 4291 1008 4328 cum
1058 4276 1408 4344 hujusmodi,
1442 4293 1544 4330 nec
1584 4278 1779 4332 cibum
1818 4296 2040 4333 sumere

343 4364 501 4417 licet.
540 4364 607 4416 Et
664 4364 908 4416 Joannes
951 4363 1188 4417 dilectus
1237 4380 1357 4432 pra
1390 4365 1610 4418 cateris
1641 4366 1842 4421 Christi
1874 4368 2039 4422 disci-

345 4454 546 4522 pulus,
609 4452 782 4504 talem
835 4452 1115 4505 nefarium
1161 4452 1453 4506 hominem
1530 4455 1777 4508 salutare
1843 4457 2043 4525 prohi-

341 4540 541 4603 bebat,
574 4540 807 4593 dicens:
872 4542 982 4594 Nec
1014 4540 1065 4593 ei
1121 4542 1234 4593 Ave
1284 4541 1513 4605 dixeris,
1570 4559 1754 4613 neque
1797 4560 1928 4598 eum
1986 4545 2047 4598 in

341 4630 589 4682 domum
639 4628 939 4697 receperis.
990 4628 1096 4692 Qui
1148 4629 1299 4682 enim
1350 4629 1400 4682 ei
1448 4633 1559 4682 Ave
1594 4630 1750 4698 dicit,
1781 4648 2044 4685 commu-

339 4719 498 4771 nicat
530 4717 800 4787 operibus
846 4717 969 4787 ejus
999 4718 1283 4786 malignis.
1320 4718 1614 4771 Dominica
1636 4719 1825 4790 itaque
1874 4726 2045 4791 atque

338 4805 661 4875 apostolica
692 4810 976 4875 pracepta
1006 4806 1383 4876 adimplentes
1406 4807 1727 4860 membrum
1752 4808 2045 4877 putridum

338 4897 397 4948 et
425 4892 769 4958 insanabile,
802 4892 957 4961 quod
990 4892 1332 4947 medicinam
1361 4909 1475 4947 non
1510 4894 1729 4964 recipit,
1751 4895 1899 4948 ferro
1947 4912 2046 4949 ex-

337 4979 887 5035 communicationis
953 4996 986 5033 a
1025 4996 1261 5051 corpore
1324 4981 1580 5035 Ecclesia
1626 4982 2041 5045 abscindamus,

337 5085 412 5123 ne
458 5075 580 5122 tam
632 5067 904 5138 pestifero
955 5068 1154 5121 morbo
1212 5068 1435 5140 reliqua
1481 5070 1738 5125 membra
1793 5070 2047 5142 corporis

336 5157 523 5211 veluti
556 5172 777 5209 veneno
810 5155 1159 5209 inﬁciantur.

650 5246 775 5297 CAP.
812 5245 910 5297 III.
943 5273 1010 5282 —
1031 5246 1215 5297 Prima
1247 5248 1743 5300 excommunicatio.

410 5334 528 5401 (Ea
594 5332 793 5392 eodem,
858 5334 1035 5401 capite
1098 5332 1174 5401 4.)
1244 5333 1424 5401 Igitur
1484 5334 1621 5403 quia
1689 5334 1901 5387 monita
1947 5350 2045 5388 no—

336 5426 478 5486 stra,
539 5420 770 5473 crebras
828 5419 1250 5473 exhortationes
1294 5422 1643 5489 contemnit,
1704 5422 1839 5492 quia
1877 5423 2041 5477 tertio

335 5508 659 5562 secundum
695 5507 1055 5561 Dominicum
1088 5513 1435 5579 praceptum
1480 5514 1710 5562 vocatus
1743 5510 1813 5563 ad
1843 5526 2044 5564 emen-

336 5596 638 5649 dationem
724 5599 781 5648 et
831 5594 1225 5664 panitentiam
1286 5596 1479 5651 venire
1548 5598 1845 5667 despexit:
1908 5598 2045 5669 quia

2150 3148 2348 3186 omnes
2402 3131 2723 3201 intelligant
2778 3148 2952 3201 quam
3005 3131 3337 3186 terribiliter
3385 3134 3683 3186 damnatus
3734 3132 3834 3198 sit,

2150 3226 2206 3275 et
2266 3226 2330 3273 ut
2396 3220 2659 3273 noverint
2719 3220 2870 3289 quod
2923 3220 2993 3273 ab
3060 3220 3158 3274 illa
3223 3222 3366 3274 hora
3426 3221 3486 3273 in
3552 3222 3837 3290 reliquum

2152 3326 2263 3362 non
2294 3324 2397 3378 pro
2431 3307 2770 3374 Christiano,
2830 3308 2926 3361 sed
2983 3324 3084 3378 pro
3140 3325 3363 3378 pagano
3398 3309 3689 3361 habendus
3720 3310 3791 3361 sit
3823 3326 3834 3361 :

2150 3401 2207 3452 et
2264 3396 2363 3466 qui
2416 3395 2517 3448 illi
2559 3395 2718 3465 quasi
2784 3395 3101 3449 Christiano
3184 3398 3681 3450 communicaverit
3744 3401 3840 3450 aut

2149 3498 2278 3536 cum
2308 3482 2754 3547 manducaVerit,
2813 3489 2909 3537 aut
2953 3484 3183 3549 biberit,
3218 3490 3317 3537 aut
3368 3501 3497 3537 cum
3553 3486 3840 3538 osculatus

2150 3570 2336 3633 fuerit,
2400 3570 2486 3623 vel
2535 3586 2664 3623 cum
2717 3587 2784 3623 eo
2835 3571 3187 3640 colloquium
3219 3572 3497 3625 familiare
3553 3574 3836 3639 habuerit,

2148 3658 2260 3713 nisi
2317 3658 2461 3712 forte
2511 3659 2581 3712 ad
2648 3657 3086 3712 satisfactionem
3135 3663 3188 3712 et
3238 3660 3633 3729 panitentiam
3707 3676 3838 3714 eum

2148 3762 2459 3817 provocare
2517 3746 2816 3810 studuerit,
2854 3747 3039 3800 autin
3072 3748 3241 3800 domo
3275 3764 3375 3801 sua
3422 3764 3553 3801 eum
3614 3765 3838 3817 recepe-

2151 3835 2243 3902 rit,
2320 3840 2417 3889 aut
2486 3836 2655 3888 simul
2721 3851 2849 3889 cum
2917 3852 2983 3888 eo
3061 3835 3325 3902 oraverit,
3390 3838 3587 3905 procul
3667 3837 3840 3890 dubio

2149 3923 2412 3978 similiter
2442 3924 2515 3977 sit
2544 3924 3086 3977 excommunicatus.
3130 3924 3344 3979 Deinde
3387 3925 3639 3994 epistola
3686 3942 3833 3995 pres-

2150 4013 2363 4082 byteris
2395 4029 2496 4082 per
2525 4012 2823 4082 parochias
2852 4012 3173 4074 mittantur,
3209 4013 3562 4067 continentes
3607 4014 3841 4069 modum

2152 4100 2771 4155 excommunicationis.
2818 4100 2878 4153 In
2931 4100 3137 4171 quibus
3191 4101 3479 4170 jubeatur,
3536 4107 3597 4156 ut
3651 4102 3840 4157 Domi-

2152 4190 2293 4243 nicis
2332 4190 2530 4243 diebus
2576 4195 2702 4260 post
2734 4189 3029 4242 lectionem
3080 4189 3372 4258 Evangelii
3420 4190 3681 4260 plebibus
3737 4191 3844 4245 sibi

2155 4277 2466 4332 commissis
2515 4277 2738 4346 publice
2793 4278 3140 4330 annuncient
3189 4278 3372 4346 ipsam
3455 4278 3843 4333 excommuni-

2157 4366 2461 4429 cationem,
2512 4370 2574 4417 ut
2608 4380 2676 4417 ne
2711 4364 2835 4433 quis
2867 4380 2967 4434 per
3012 4365 3394 4433 ignorantiam
3460 4368 3848 4422 communicet

2157 4452 2664 4508 excommunicato.
2736 4453 2972 4519 Oportet
3030 4452 3202 4504 etiam
3260 4458 3323 4505 nt
3405 4453 3530 4507 aliis
3564 4456 3843 4526 episcopis

2158 4543 2277 4612 ipsa
2333 4539 2841 4594 excommunicatio
2900 4540 3311 4593 manifestetur.
3372 4542 3633 4613 Pracipit
3689 4546 3842 4599 enim

2157 4632 2491 4684 Toletanum
2584 4627 2911 4691 concilium,
2975 4634 3037 4681 ut
3098 4628 3343 4682 invicem
3427 4644 3554 4681 mox
3636 4629 3845 4699 scripta

2156 4723 2490 4789 percurrunt
2548 4733 2650 4786 per
2704 4732 2901 4770 omnes
2955 4715 3265 4785 provincia
3323 4715 3614 4786 episcopos
3679 4732 3844 4787 quos-

2155 4823 2381 4877 cunque
2412 4806 2565 4859 adire
2614 4804 2925 4874 potuerint,
2961 4809 3025 4857 ut
3079 4804 3601 4857 excommunicatus
3654 4806 3843 4858 audia-

2156 4899 2267 4948 tur.
2301 4893 2520 4949 Seniori
2555 4893 2725 4946 etiam
2773 4894 2895 4961 ejus
2945 4891 3069 4961 ipsa
3098 4893 3609 4947 excommunicatio
3676 4894 3843 4948 debet

2157 4986 2290 5036 nota
2322 4981 2465 5036 Iieri.

2288 5071 2415 5125 CAP.
2452 5071 2536 5124 IV.
2570 5098 2641 5111 —
2668 5072 2798 5124 Item
2836 5071 3397 5124 cxcommunicationis
3435 5071 3703 5124 allocutio.

2228 5159 2335 5227 (Ea:
2400 5160 2587 5213 concil.
2660 5159 2933 5223 Aurelia.,
2998 5175 3117 5227 cap.
3191 5157 3266 5225 1.)
3348 5158 3621 5223 Audistis,
3698 5158 3839 5211 dile-

2156 5247 2408 5314 ctissimi,
2477 5252 2693 5318 quanta
2756 5252 2811 5300 et
2875 5262 3047 5315 quam
3132 5245 3363 5299 horrida
3426 5246 3717 5315 pravitatis
3777 5264 3843 5300 ac

2157 5336 2478 5405 iniquitatis
2508 5351 2700 5405 opera.
2740 5336 2805 5388 N.
2840 5350 2871 5387 a
2901 5334 3124 5387 diabolo
3153 5334 3456 5402 instigatus
3508 5340 3839 5403 perpetrare

2158 5439 2272 5475 non
2312 5423 2586 5488 timuerit,
2640 5427 2695 5476 et
2745 5421 3032 5492 quomodo
3089 5436 3193 5489 per
3231 5420 3571 5490 apostasiam
3605 5438 3637 5474 a
3667 5422 3837 5475 totius

2156 5510 2489 5566 Christiana
2538 5510 2830 5581 religionis
2903 5510 3059 5562 cultu
3107 5508 3345 5577 profana
3405 5514 3595 5563 mente
3653 5526 3836 5564 reces-

2155 5599 2309 5653 serit.
2363 5598 2612 5652 Audistis
2660 5597 3144 5669 quemadmodum
3200 5597 3471 5652 canonice
3525 5598 3596 5651 ad
3663 5598 3838 5651 satis-
