4380 6428
691 397 794 450 859

690 515 1014 572 faciendum
1104 516 1363 568 evocatus
1444 512 1537 581 sit,

694 604 986 676 quomodo
1041 603 1372 673 frequenter
1452 601 1780 655 admonitus
1835 607 1895 655 ut
1953 601 2306 672 resipisceret
2357 616 2390 653 a

693 693 912 748 diaboli
944 691 1182 762 laqueis,
1227 690 1433 761 quibus
1463 695 1694 744 tenetur
1743 690 2063 754 adstrictus,
2133 689 2387 742 saluber-

689 782 868 836 rimas
901 779 1320 835 admonitiones
1359 778 1650 832 obduratis
1683 778 1915 831 auribus
1946 777 2129 830 cordis
2193 778 2388 832 audire

692 868 1121 939 contempserit.
1187 867 1459 921 Dominus
1513 866 1650 920 dicit
1705 866 1763 918 in
1806 866 2128 935 Evangelio,
2191 867 2260 920 de
2291 867 2391 921 tali

692 956 1021 1012 contumaci
1083 956 1277 1021 fratre,
1334 955 1434 1024 qui
1494 953 1930 1008 ecclesiasticam
1985 955 2176 1008 renuit
2223 956 2392 1009 susci-

694 1061 830 1116 pere
880 1043 1351 1113 correptionem:
1413 1042 1468 1096 Si
1547 1042 1850 1095 Ecclesiam
1928 1059 2041 1096 non
2123 1044 2387 1098 audierit.

695 1134 769 1187 sit
788 1133 914 1200 tibi,
975 1131 1180 1202 inquit,
1216 1131 1357 1184 sicut
1417 1130 1676 1183 ethnicus
1723 1136 1779 1183 et
1822 1131 2181 1199 publicanus,
2217 1133 2271 1186 id
2312 1139 2394 1186 est

692 1218 815 1289 jam
845 1235 962 1272 non
985 1222 1065 1271 est
1117 1216 1534 1286 computandus
1569 1217 1719 1270 inter
1773 1217 2149 1285 Christianos,
2185 1220 2278 1272 sed
2308 1220 2393 1273 in-

703 1307 786 1360 ter
809 1322 1079 1376 paganos.
1109 1306 1251 1360 Hinc
1285 1305 1492 1358 Paulus
1528 1304 1757 1358 Domini
1789 1309 1845 1358 et
1875 1306 2134 1376 magistri
2181 1307 2394 1361 doctri-

701 1410 832 1448 nam
889 1409 1152 1464 sequens,
1231 1392 1554 1445 Corinthios
1621 1393 1935 1464 redarguit,
2023 1411 2198 1464 quare
2267 1412 2396 1449 cum

711 1481 1029 1537 criminosis
1084 1497 1147 1533 ac
1185 1480 1469 1534 sceleratis
1515 1482 1983 1536 communionem
2015 1483 2291 1537 haberent
2321 1485 2402 1538 di-

702 1585 868 1624 cens:
899 1571 1004 1622 Vos
1038 1568 1222 1622 inflati
1253 1570 1408 1634 estis,
1457 1575 1514 1623 et
1542 1586 1662 1624 non
1694 1572 1876 1640 magis
1931 1572 2150 1624 luctum
2197 1573 2400 1626 habui-

707 1657 829 1724 stis,
861 1662 925 1711 ut
952 1658 1186 1711 tollatur
1209 1657 1296 1711 vir
1334 1658 1402 1712 de
1435 1659 1624 1712 medio
1665 1667 1937 1725 vestrum,
1985 1659 2042 1714 id
2091 1666 2194 1725 est,
2246 1678 2404 1732 sepa~

1770 391 2176 447 BUBCHARDI
2216 389 2743 447 WORMACIENSIS
2786 390 2828 444 E
2841 387 3126 444 PISCOPI.

1621 512 1719 567 sed
1799 513 1992 568 venire
2075 513 2376 579 distulerit,
2409 514 2446 566 Α
2491 511 2776 582 episcopis
2804 527 2906 582 per
2933 512 3167 564 Petrum
3201 509 3522 580 principem
3561 509 3952 580 apostolorum
3985 509 4183 563 divini-

4084 388 4180 440 860

2497 606 2588 654 tus
2617 601 2844 668 collata,
2875 615 2908 652 a
2937 605 3143 652 sancta
3193 599 3388 652 matris
3440 599 3695 652 Ecclesia
3752 597 3970 668 gremio
3998 613 4184 668 segre-

2498 706 2722 760 gamus,
2752 705 2813 742 ac
2853 693 3140 758 perpetua
3192 687 3605 740 maledictionis
3649 687 4011 740 anathemate
4057 703 4186 740 con-

2499 778 2854 832 demnamus.
2898 777 3137 846 Sintque
3193 775 3476 828 maledicti
3524 775 3584 828 in
3626 774 3872 838 civitate,
3906 773 4188 829 maledicti

2498 865 2556 920 in
2579 883 2738 936 agro,
2764 865 3151 918 maledicitum
3166 865 3456 929 horreum,
3481 867 3536 916 et
3556 879 3778 928 eorum,
3805 869 3860 916 et
3875 864 4185 918 maledicta

2500 955 2755 1025 reliquia
2800 955 3051 1017 illorum,
3095 953 3426 1006 maledictus
3475 952 3688 1006 fructus
3716 952 3928 1005 ventris
3970 968 4188 1017 eorum,

2501 1047 2558 1096 et
2586 1043 2801 1096 fructus
2828 1049 2993 1095 terra
3039 1042 3286 1106 illorum,
3325 1041 3612 1094 maledicti
3651 1040 3765 1093 sint
3809 1040 4192 1109 ingredientes

2502 1136 2560 1184 et
2591 1129 2877 1184 maledicti
2922 1131 3036 1182 sint
3057 1130 3431 1198 egredientes.
3464 1128 3701 1198 Sintque
3729 1128 3789 1180 in
3836 1127 4009 1180 domo
4067 1143 4193 1179 ma—

2508 1219 2724 1283 ledicti,
2757 1219 2816 1271 in
2847 1234 2982 1287 agro
3013 1219 3261 1287 profugi,
3292 1217 3636 1286 veniantque
3671 1231 3845 1284 super
3873 1231 3969 1268 eos
3997 1230 4196 1268 omnes

2503 1308 2615 1361 illa
2643 1307 3070 1360 maledictiones
3102 1322 3243 1376 quas
3278 1305 3556 1358 Dominus
3585 1320 3688 1374 per
3721 1305 3908 1358 Mosen
3939 1304 3996 1356 in
4019 1319 4198 1373 popu-

2505 1397 2626 1450 lum
2656 1395 2858 1449 divina
2892 1395 3030 1464 legis
3102 1394 3591 1464 pravaricatorem
3623 1409 3679 1445 se
3726 1408 3845 1446 esse
3891 1392 4200 1445 missurum

2508 1484 2826 1546 intentavit,
2898 1483 3124 1553 sintque
3196 1483 3500 1536 anathema
3557 1481 3911 1544 maranatha,
3971 1479 4027 1532 id
4092 1482 4199 1541 est,

2511 1577 2748 1643 pereant
2807 1571 2864 1624 in
2919 1570 3166 1623 secundo
3224 1570 3471 1622 adventu
3523 1568 3767 1622 Domini.
3837 1568 4039 1621 Nullus
4120 1566 4203 1618 eis

2511 1660 2861 1715 Christianus
2891 1661 3003 1712 Ave
3056 1659 3222 1711 dicat.
3256 1658 3456 1711 Nullus
3475 1656 3774 1727 presbyter
3820 1655 4039 1710 Missam
4072 1669 4204 1708 cum

700 1749 862 1798 retur
917 1760 948 1797 a
1001 1751 1188 1797 vestro
1239 1745 1547 1806 consortio,
1608 1745 1707 1815 qui
1758 1747 1870 1799 tale
1907 1748 2086 1800 scelus
2130 1755 2398 1818 operatus
2436 1779 2474 1832 Β
2512 1749 2593 1802 eis
2625 1748 2908 1801 celebrare
2955 1752 3279 1816 prasumat,
3312 1746 3396 1798 vel
3456 1752 3706 1797 sanctam
3729 1743 4200 1797 communionem

705 1836 808 1886 est.
840 1833 901 1886 Et
927 1831 1187 1903 adjungit
1217 1849 1230 1886 :
1268 1834 1379 1902 Ego
1410 1833 1644 1903 quidem
1674 1835 1877 1888 absens
1926 1851 2182 1905 corpore,
2250 1855 2400 1908 pra-

701 1935 829 1973 sens
860 1927 1050 1974 autem
1090 1920 1316 1990 spiritu,
1370 1922 1490 1990 jam
1541 1922 1791 1990 judicavi
1845 1929 1906 1976 ut
1961 1940 2208 1994 prasens
2270 1943 2404 1982 eum

701 2007 800 2078 qui
841 2008 918 2060 sic
963 2013 1233 2078 operatus
1278 2012 1382 2074 est,
1409 2010 1467 2062 in
1518 2011 1749 2063 nomine
1797 2012 2026 2065 Domini
2057 2013 2232 2066 nostri
2271 2016 2404 2069 Jesu

702 2095 905 2149 Christi
936 2097 1296 2164 congregatis
1356 2097 1517 2150 vobis
1557 2097 1615 2150 in
1666 2115 1867 2167 unum,
1900 2104 1957 2152 et
2007 2116 2136 2154 meo
2198 2103 2403 2170 spiritu

701 2199 832 2236 cum
894 2183 1101 2238 virtute
1163 2184 1398 2238 Domini
1447 2186 1561 2238 mei
1607 2187 1761 2249 Jesu,
1805 2188 2024 2240 tradere
2073 2179 2403 2262 hujusmodi

702 2273 926 2326 Satana
961 2273 1022 2326 in
1057 2273 1357 2326 interitum
1387 2275 1592 2327 carnis.
1636 2276 1699 2328 Et
1742 2282 1866 2344 post
1919 2293 2097 2345 pauca
2130 2294 2141 2330 :
2192 2270 2402 2350 Scripsl

707 2360 888 2426 vobis,
931 2376 1002 2413 ne
1047 2362 1533 2414 commisceamini
1587 2363 1923 2417 fornicariis.
1979 2367 2040 2418 Et
2073 2367 2262 2420 statim
2314 2369 2402 2422 in-

703 2449 815 2502 fert
848 2464 860 2501 :
893 2448 949 2501 Si
975 2449 1020 2501 is
1047 2450 1146 2518 qui
1198 2449 1372 2502 frater
1405 2451 1746 2520 appellatur,
1777 2452 1831 2505 id
1888 2458 1972 2506 est
2027 2455 2398 2516 Christianus,

703 2536 1014 2590 fornicator
1060 2541 1163 2603 est,
1219 2549 1317 2591 aut
1358 2554 1552 2607 rapax,
1611 2555 1740 2592 cum
1789 2541 2120 2609 hujusmodi
2176 2560 2279 2598 nec
2323 2548 2398 2598 ci-

706 2623 844 2677 bum
874 2640 1118 2677 sumere.
1156 2625 1220 2678 Et
1265 2625 1439 2679 alibi:
1475 2626 1704 2680 Auferte
1737 2629 1952 2680 malum
1977 2645 2042 2681 ex
2101 2631 2277 2684 vobis.
2316 2633 2400 2693 Et,

702 2711 951 2765 inﬁdelis
973 2713 1020 2766 si
1059 2713 1315 2778 discedit,
1357 2714 1625 2769 discedat.
1665 2717 1784 2768 Una
1836 2718 1989 2770 enim
2023 2717 2141 2769 ovis
2187 2719 2397 2772 morbi-

705 2799 778 2852 da
809 2815 1036 2853 omnem
1091 2817 1327 2870 gregem
1382 2802 1764 2868 contaminat;
1829 2809 1884 2857 et
1941 2806 2227 2859 modicum
2281 2808 2396 2860 fer-

707 2892 962 2941 mentum
1035 2892 1210 2942 totam
1270 2906 1511 2943 massam
1569 2891 1874 2962 corumpit,
1935 2898 1989 2946 et
2056 2895 2396 2965 plerumque

704 2990 883 3028 unum
910 2976 1233 3030 membrum
1268 2978 1563 3047 putridum
1611 2983 1795 3033 totum
1845 2996 2050 3049 corpus
2092 2981 2290 3035 inficit.
2334 2984 2397 3036 Et

699 3065 828 3119 ideo
856 3068 972 3119 tam
1003 3066 1323 3136 perniciosa
1349 3067 1527 3138 pestis
1555 3083 1588 3121 a
1623 3083 1862 3138 corpore
1924 3070 2181 3125 Ecclesia
2239 3072 2393 3125 radi-
2428 3051 2467 3104 (ἶ

705 3152 851 3206 citus
879 3154 1170 3208 evellatur.

989 3242 1110 3294 CAP.
1144 3243 1204 3295 V.
1231 3273 1300 3280 —
1337 3243 1831 3297 Emcommunicatio
1862 3245 2114 3299 secunda.

776 3327 898 3398 (Ea:
917 3329 1097 3382 eodem
1128 3330 1398 3398 concilio.)
1423 3330 1730 3384 Dominicis
1761 3331 1938 3400 igitur
1962 3338 2131 3402 atque
2172 3339 2395 3402 aposto-

703 3413 830 3469 licis
858 3415 1150 3469 informati
1191 3418 1509 3486 praceptis,
1535 3417 1752 3485 judicio
1799 3420 1994 3484 Patris,
2029 3425 2084 3473 et
2123 3422 2243 3474 Filii
2275 3423 2396 3492 ejus

706 3503 936 3556 Domini
981 3504 1160 3556 nostri
1216 3503 1348 3557 Jesu
1401 3505 1625 3571 Christi,
1677 3511 1732 3559 et
1778 3507 2016 3576 Spiritus
2083 3511 2279 3576 sancti,
2343 3516 2400 3565 et

711 3591 1045 3644 auctoritate
1099 3598 1153 3644 et
1213 3597 1491 3661 potestate
1572 3595 1836 3664 apostolis
1897 3598 2397 3670 apostolorumque

707 3679 1090 3733 sucessoribus
1147 3697 1178 3733 a
1239 3681 1350 3734 Deo
1396 3697 1679 3744 concessa,
1731 3699 1845 3736 una
1900 3685 2187 3739 vobiscum
2253 3704 2398 3757 pra-

707 3766 922 3822 dictum
951 3768 1262 3837 pessimum
1314 3769 1499 3824 virum
1531 3787 1562 3823 a
1610 3771 1904 3826 liminibus
1937 3782 2144 3829 sancta
2201 3778 2398 3832 matris

706 3855 965 3910 Ecclesia
1008 3858 1382 3925 excludimus,
1436 3863 1490 3912 et
1534 3859 1603 3912 ab
1658 3862 1813 3914 omni
1862 3861 2124 3918 societate
2157 3869 2211 3918 et
2243 3883 2396 3920 com-

708 3943 982 3998 munione
1035 3945 1351 4000 Christiana
1411 3963 1760 4016 separamus,
1803 3957 2244 4023 separatumque
2275 3970 2398 4009 esse

707 4031 769 4085 in
798 4037 1079 4086 aternum
1130 4033 1510 4100 decernimus,
1541 4035 1597 4088 id
1623 4041 1726 4102 est,
1761 4043 1817 4090 et
1845 4040 2109 4107 prasenti
2164 4043 2394 4109 saculo,

711 4121 852 4173 etin
902 4119 1112 4173 futuro.
1161 4121 1363 4175 Nullus
1422 4121 1472 4174 ei
1529 4122 1883 4178 Christianus
1937 4130 2052 4182 Ave
2105 4129 2254 4182 dicat
2301 4136 2399 4185 aut

713 4223 848 4261 eum
897 4207 1495 4278 osculariprasumat.
1555 4213 1757 4266 Nullus
1812 4215 2108 4284 presbyter
2174 4217 2395 4272 Missam

714 4310 846 4348 cum
884 4311 950 4348 eo
988 4295 1270 4350 celebrare
1325 4297 1547 4366 audeat,
1600 4301 1686 4353 vel
1719 4308 2142 4356 sacrosanctum
2194 4319 2396 4375 corpus
2429 4331 2470 4384 ι)

713 4388 769 4436 et
798 4382 1134 4452 sanguinem
1163 4384 1392 4438 Domini
1422 4387 1661 4440 tradere.
1702 4389 1878 4441 Nemo
1912 4390 1964 4442 ei
2006 4390 2286 4459 jungatur
2341 4394 2399 4448 in

713 4470 1019 4537 consortio,
1048 4485 1234 4540 neque
1262 4471 1321 4524 in
1353 4473 1545 4542 aliquo
1583 4475 1844 4542 negocio.
1881 4477 1944 4528 Et
1971 4476 2017 4527 si
2078 4478 2206 4546 quis
2259 4480 2309 4531 ei
2343 4498 2400 4534 se

715 4558 1012 4612 sociaverit
1031 4564 1085 4612 et
1112 4561 1614 4616 communicaverit
1643 4564 1764 4632 ejus
1795 4564 2064 4632 Operibus
2111 4567 2400 4637 malignis,

715 4646 936 4699 noverit
964 4661 1022 4699 se
1053 4646 1227 4700 simili
1246 4663 1580 4717 percussum
1617 4651 2005 4717 anathemate,
2038 4652 2125 4705 his
2156 4657 2401 4724 exceptis

715 4735 815 4805 qui
843 4735 914 4789 ob
945 4737 1092 4790 hanc
1133 4753 1364 4791 causam
1401 4739 1450 4790 ei
1475 4739 1803 4808 junguntur
1852 4744 1916 4792 ut
1945 4757 2075 4795 eum
2135 4750 2404 4799 revocent

715 4823 786 4877 ab
815 4840 1006 4878 errore
1036 4829 1091 4878 et
1123 4831 1434 4896 provocent
1477 4827 1547 4880 ad
1609 4827 2071 4898 satisfactionem,
2113 4832 2222 4884 nisi
2259 4835 2403 4887 forte

714 4911 1035 4982 resipuerit,
1078 4919 1136 4967 et
1187 4913 1285 4967 Dei
1317 4915 1501 4983 gratia
1546 4915 1866 4984 inspirante
1927 4917 1997 4970 ad
2051 4920 2403 4988 panitentia

715 4999 1034 5053 remedium
1065 5016 1375 5054 conversus
1430 5001 1622 5067 fuerit,
1665 5007 1721 5056 et
1777 5003 1954 5072 digna
2003 5007 2402 5062 emendatione

717 5087 973 5141 Ecclesia
1006 5087 1108 5142 Dei
1136 5104 1310 5158 quam
1340 5088 1486 5143 lasit
1512 5089 1806 5145 humiliter
1835 5093 2185 5150 satisfecerit.

942 5175 1068 5230 CAP.
1102 5176 1189 5230 VI.
1215 5205 1278 5214 -
1313 5177 1454 5231 Item
1482 5180 1642 5231 tertia
1668 5183 2158 5235 emcommunicatio.

788 5262 905 5332 (Ea:
949 5265 1174 5318 concilio
1237 5267 1500 5318 Turonen.
1561 5270 1737 5334 capite
1774 5268 1848 5336 2.)
1896 5268 2176 5323 Canonica
2239 5268 2402 5324 insti-

714 5355 857 5417 tuta,
911 5356 966 5405 et
1024 5356 1355 5405 sanctorum
1431 5353 1665 5406 Patrum
1747 5355 2008 5424 exempla
2081 5361 2400 5426 sequentes,

719 5438 1086 5493 ecclesiarum
1125 5438 1226 5492 Dei
1274 5439 1598 5504 violatores,
1653 5441 1934 5506 videlicet,
1992 5447 2270 5512 raptores,
2305 5445 2402 5499 de-

718 5525 1085 5595 pradatores,
1124 5530 1180 5579 et
1217 5526 1551 5581 homicidas.
1602 5529 1672 5581 N.
1731 5528 1791 5580 in
1825 5531 2058 5584 nomine
2117 5532 2316 5600 Patris,
2349 5538 2405 5587 et

720 5611 850 5668 Filii
891 5619 946 5669 et
1003 5614 1210 5668 virtute
1269 5615 1514 5686 Spiritus
1571 5616 1774 5682 sancti,
1822 5633 2045 5673 necnon
2068 5620 2404 5675 auctoritate

2511 1839 2666 1892 dare.
2697 1837 2999 1905 Sepultura
3025 1834 3170 1888 asini
3201 1834 3568 1904 sepeliantur,
3601 1839 3652 1886 et
3689 1833 3747 1886 in
3769 1831 4197 1901 sterquilinium

2511 1927 2623 1979 sint
2664 1940 2837 1995 super
2890 1923 3090 1977 faciem
3139 1929 3325 1976 terra.
3381 1924 3445 1976 Et
3496 1921 3642 1974 sicut
3696 1921 3784 1974 ha
3846 1921 4096 1975 lucerna
4134 1918 4205 1972 de

2512 2014 2776 2067 manibus
2806 2012 3013 2065 nostris
3067 2011 3337 2081 projecta
3393 2010 3562 2063 hodie
3621 2009 4055 2078 extinguuntur,
4125 2007 4205 2058 sic

2510 2117 2707 2156 eorum
2757 2102 2986 2153 lucerna
3030 2100 3087 2152 in
3135 2104 3414 2152 aternum
3444 2097 3852 2167 extinguatur:
3896 2096 4006 2150 nisi
4057 2095 4206 2148 foret

2509 2189 2873 2258 resipuerint,
2932 2193 2986 2241 et
3027 2187 3284 2240 Ecclesia
3338 2186 3435 2240 Dei
3496 2202 3668 2256 quam
3750 2186 4017 2238 laserunt
4101 2198 4206 2251 per

2509 2278 2965 2332 emendationem
3013 2282 3068 2330 et
3106 2276 3447 2344 condignam
3481 2274 3871 2346 panitentiam
3911 2271 4204 2325 satisfeceo

2509 2368 2642 2421 rint.

2766 2473 2894 2526 CAP.
2926 2472 3045 2525 VII.
3077 2501 3146 2510 —
3185 2470 3689 2524 Excommunicatio
3719 2472 3941 2538 quarta.

2580 2582 2683 2647 (Ea:
2722 2579 2940 2631 concilio
2979 2578 3258 2642 Arausic.,
3292 2579 3466 2643 capite
3497 2576 3568 2641 5.)
3597 2573 3880 2628 Canonica
3917 2570 4204 2636 instituta,

2508 2673 2563 2721 et
2594 2674 2915 2720 sanctorum
2974 2669 3203 2719 Patrum
3238 2664 3494 2733 exempla
3553 2668 3878 2733 sequentes,
3947 2659 4206 2714 ecclesia-

2508 2772 2634 2810 rum
2675 2757 2772 2809 Dei
2829 2756 3151 2808 viotatores.
3212 2755 3276 2807 N.
3331 2753 3665 2806 auctoritate
3705 2751 3826 2816 Dei,
3887 2753 3940 2803 ct
3989 2747 4211 2817 judicio

2507 2847 2684 2898 sancti
2708 2845 2951 2914 Spiritus
2998 2860 3028 2895 a
3059 2843 3278 2911 gremio
3313 2847 3518 2894 sancta
3561 2840 3757 2894 matris
3825 2837 4104 2902 Ecclesia,
4156 2840 4213 2888 et

2505 2951 2538 2988 a
2567 2933 2853 2986 consortio
2886 2932 3056 2985 totius
3089 2928 3532 2984 Christianitatis
3566 2927 3952 2991 eliminamus,
3985 2938 4210 2994 quous-

2507 3038 2617 3093 que
2644 3022 2998 3090 resipiscant,
3031 3024 3086 3072 et
3110 3019 3364 3072 Ecclesia
3390 3017 3487 3070 Dei
3515 3015 3880 3069 satisfaciant.

2716 3126 2840 3181 CAP.
2870 3126 3012 3178 Vlll.
3036 3155 3100 3163 —
3131 3124 3505 3178 Reconciliatz‘o
3525 3120 3986 3175 excommunicati.

2579 3233 2699 3303 (Ea:
2755 3231 2980 3296 eodem.)
3035 3231 3174 3285 Cum
3225 3229 3433 3299 aliquis
3493 3226 4043 3292 excommunicatus,
4111 3227 4206 3279 vel

2513 3320 3042 3381 anathematizatus,
3068 3317 3400 3388 pamtentia
3430 3315 3633 3369 ductus
3671 3313 3896 3367 veniam
3924 3312 4202 3382 postulat,

2507 3415 2565 3463 et
2604 3407 3060 3461 emendationem
3120 3405 3423 3476 promittit,
3454 3403 3754 3472 episcopus
3801 3401 3901 3471 qui
3942 3416 4074 3453 eum
4114 3415 4209 3453 ex-

2507 3496 2968 3560 communicavit,
3019 3499 3149 3547 ante
3200 3494 3408 3562 januas
3463 3491 3720 3545 Ecclesia
3751 3489 3946 3544 venire
4006 3489 4203 3552 debet,

2508 3591 2564 3641 et
2593 3583 2894 3638 duodecim
2929 3581 3246 3652 presbyteri
3279 3597 3407 3635 cum
3451 3596 3538 3646 eo,
3573 3580 3671 3650 qui
3731 3593 3862 3632 eum
3892 3577 4026 3630 hinc
4069 3577 4208 3630 inde

2507 3675 2875 3730 circumstare
2917 3672 3142 3724 debent.
3197 3670 3299 3724 Ubi
3359 3669 3532 3722 etiam
3581 3668 3775 3721 adesse
3833 3666 4045 3720 debent
4098 3665 4211 3718 illli

2508 3763 2714 3834 quibus
2771 3759 2982 3829 injuria
3012 3761 3096 3812 vel
3148 3759 3422 3812 damnum
3457 3757 3680 3810 illatum
3712 3761 3815 3810 est.
3852 3757 3918 3809 Et
3978 3753 4060 3807 ibi
4112 3770 4209 3806 se-

2507 3853 2759 3906 cundum
2791 3851 2942 3917 leges
2969 3848 3188 3902 divinas
3217 3851 3443 3916 oportet
3499 3846 3775 3899 damnum
3832 3842 4212 3896 commissum

2509 3939 2822 4002 emendari,
2856 3943 2954 3990 aut
2984 3937 3028 3989 si
3057 3937 3175 4006 jam
3223 3936 3591 3989 emendatum
3645 3938 3748 4000 est,
3783 3947 3986 3986 eorum
4033 3931 4213 3985 testi-

2508 4029 2702 4082 monio
2727 4025 3106 4095 comprobari.
3142 4024 3353 4078 Deinde
3409 4023 3727 4091 interroget
3782 4020 4110 4090 episcopus,
4164 4018 4214 4072 si

2506 4115 2900 4188 panitentiam
2946 4114 3109 4183 juxta
3167 4111 3319 4182 quod
3375 4126 3624 4163 canones
3675 4108 4018 4179 praecipiunt
4102 4122 4214 4176 pro

2507 4203 2845 4276 perpetratis
2892 4201 3164 4254 seleribus
3212 4199 3496 4267 suscipere
3541 4197 3695 4251 velit.
3761 4199 3826 4252 Et
3868 4196 3918 4250 si
3947 4195 4045 4249 ille
4087 4200 4214 4250 ter—

2508 4310 2587 4346 ra
2621 4295 2941 4362 prostratus
2998 4289 3223 4341 veniam
3262 4288 3530 4357 postulat,
3589 4285 3816 4355 culpam
3869 4282 4213 4341 conﬁtetur.

2509 4379 2905 4452 panitentiam
2944 4377 3229 4446 implorat,
3263 4376 3332 4428 de
3363 4374 3567 4428 futuris
3604 4373 3885 4426 cautelam
3936 4370 4214 4441 spondet,

2509 4474 2644 4522 tunc
2673 4467 2974 4536 episcopus
3021 4468 3236 4534 septem
3278 4463 3528 4517 Psalmos
3585 4461 3865 4527 decantet,
3887 4475 4023 4514 cum
4085 4459 4220 4512 istis

2509 4556 2794 4627 precibus.
2829 4553 2981 4606 Kirie
3009 4552 3245 4607 eleison.
3292 4553 3458 4605 Pater
3489 4555 3700 4604 noster.

2649 4663 2879 4717 Salvum
2910 4660 2994 4712 fac
3023 4674 3249 4712 servum
3281 4663 3467 4720 tuum,

2793 4749 2938 4802 Deus
2967 4762 3147 4808 meus,
3175 4750 3502 4814 sperantem
3535 4743 3594 4797 in
3627 4748 3702 4796 te.

2647 4835 2797 4890 Mitte
2825 4834 2896 4900 ei,
2928 4833 3184 4898 Domine,
3220 4831 3498 4886 auxilium
3530 4831 3598 4885 de
3626 4833 3847 4894 sancto,

2801 4923 2861 4974 Et
2891 4921 2960 4973 de
2987 4920 3122 4974 Sion
3146 4924 3307 4972 tuere
3338 4935 3490 4972 eum.

2654 5009 2802 5064 Nihil
2837 5009 3098 5078 proﬁciet
3126 5008 3393 5062 inimicus
3414 5007 3474 5060 in
3505 5023 3594 5070 eo,

2792 5099 2859 5150 Et
2881 5097 3053 5152 Filius
3083 5096 3406 5166 iniquitatis
3433 5111 3550 5148 non
3586 5111 3678 5165 ap.
3713 5098 3822 5148 etc.

2649 5186 2781 5238 Esto
2813 5185 2886 5248 ei,
2921 5185 3181 5246 Domine,
3213 5185 3386 5238 turris
3416 5182 3790 5248 fortitudinis,

2793 5276 2839 5327 A
2868 5273 3008 5326 facie
3035 5272 3270 5328 inimici.

2654 5361 2910 5426 Domine,
2943 5361 3148 5413 exaudi
3189 5360 3507 5413 orationem
3539 5374 3749 5424 meam,

2794 5450 2859 5502 Et
2879 5449 3094 5501 clamor
3124 5465 3283 5501 meus
3304 5449 3372 5502 ad
3411 5453 3465 5501 te
3494 5447 3703 5500 veniat.

2654 5535 2929 5590 Dominus
2958 5536 3272 5601 vobiscum,

2797 5624 3010 5678 Etcum
3031 5623 3238 5694 spiritu
3266 5627 3387 5678 tuo.
