4380 6372
460 327 559 379 861

1204 450 1409 505 Oratio.

534 554 793 609 Oremus.
828 555 1039 608 Praesta
1067 569 1416 624 quaesumus,
1470 556 1729 624 Domine,
1771 557 1904 611 huic
1933 558 2148 612 famulo

461 646 562 697 tuo
605 642 843 711 dignum
897 643 1249 711 paenitentiae
1306 644 1574 709 fructum,
1618 650 1682 698 ut
1730 646 1983 700 Ecclesia:
2038 654 2150 701 tua:

464 734 734 783 sanctaaa
780 730 939 799 cujus
995 731 1321 800 integritate
1378 732 1633 786 deviarat
1690 734 1993 802 peccando,
2053 735 2149 788 ad-

466 819 773 872 missorum
813 819 1036 873 veniam
1095 821 1494 891 consequendo
1543 821 1817 876 reddatur
1863 822 2149 877 innoxius.

466 908 575 960 Per
604 907 934 960 Dominum.

1166 998 1297 1050 Item
1319 998 1451 1051 alia.

542 1101 888 1170 Majestatem
913 1104 1070 1154 tuam
1101 1117 1450 1171 quaesumus,
1484 1101 1744 1170 Domine,
1777 1107 1965 1157 sancte
1992 1106 2156 1157 Pater

467 1189 828 1258 omnipotens
855 1193 1066 1242 aeterne
1100 1190 1269 1255 Deus,
1319 1189 1419 1260 qui
1449 1206 1567 1243 non
1596 1196 1837 1244 mortem
1868 1192 1961 1244 sed
2025 1207 2156 1259 pec-

466 1282 724 1330 catorum
788 1277 961 1330 vitam
1017 1292 1243 1347 semper
1308 1278 1565 1347 inquiris,
1627 1279 1841 1349 respice
1925 1279 2156 1333 ﬂentem

467 1364 751 1419 famulum
780 1369 967 1429 tuum,
1017 1365 1244 1418 attende
1292 1371 1665 1435 prostratum,
1711 1368 1833 1437 ejus
1866 1368 2157 1435 planctum

468 1451 531 1505 in
572 1451 847 1521 gaudium
893 1457 1005 1505 tute
1065 1452 1451 1506 miserationis
1486 1460 1767 1517 converte,
1823 1455 2014 1508 scinde
2059 1455 2157 1508 de-

469 1539 737 1593 lictorum
775 1556 1021 1608 saccum,
1054 1545 1110 1593 et
1140 1541 1311 1594 indue
1343 1558 1475 1594 eum
1526 1542 1783 1595 laetitiam
1828 1544 2156 1607 salutarem,

468 1633 536 1681 ut
565 1632 691 1697 post
730 1628 959 1697 longam
991 1628 1470 1697 peregrinationis
1498 1629 1705 1683 famem
1752 1631 1819 1683 de
1851 1631 2056 1684 sanctis
2085 1631 2161 1684 al-

469 1716 691 1769 taribus
739 1716 999 1782 satietur,
1055 1716 1459 1787 ingressusque
1528 1718 1851 1771 cubiculum
1898 1720 2065 1788 regis,
2102 1719 2160 1772 in
2193 1727 2232 1779 Β

471 1804 654 1872 ipsius
684 1804 812 1856 aula
846 1803 1142 1857 benedicat
1165 1820 1379 1859 nomen
1409 1806 1607 1875 glorias
1637 1810 1750 1859 tua:
1779 1822 2022 1877 semper.
2059 1808 2163 1860 Per

473 1890 801 1945 Dominum.

477 2000 629 2051 Tunc
673 1998 971 2064 cpiscopus,
1031 1996 1367 2063 apprehensa
1421 2012 1587 2050 manu
1627 2000 1744 2066 ejus
1801 1999 2046 2066 dextera,
2109 2003 2167 2053 in

547 2068 823 2119 ecclesiam
877 2081 995 2118 eum
1054 2068 1382 2133 introducat,
1434 2074 1482 2120 et
1529 2071 1579 2121 ei
1654 2073 2067 2123 communionem
2118 2075 2169 2123 et

548 2140 852 2260 iacie‘tatem
909 2136 1258 2192 Christianan
1313 2138 1529 2203 reddat,
1585 2144 1634 2193 et
1684 2141 1819 2194 hanc
1876 2144 2169 2195 orationem

589 2223 673 2259 ica
732 2222 748 2260 :

589 2222 697 2259 zcat
732 2222 748 2260 Ξ

554 2296 697 2348 Deus
753 2293 1093 2360 misericors,
1160 2295 1305 2347 Deus
1352 2295 1621 2361 clemens,
1699 2296 1797 2366 qui
1859 2298 2171 2351 secundum

472 2382 913 2436 multitudinem
963 2382 1393 2435 miserationum
1449 2389 1679 2436 tuarum
1734 2391 1959 2453 peccata
1988 2385 2171 2454 poeni-

472 2471 725 2524 tentium
763 2470 939 2535 deles,
998 2475 1054 2523 et
1105 2471 1530 2540 praeteritorum
1590 2473 1894 2526 criminum
1956 2475 2171 2543 culpas,

472 2558 703 2611 veniam
733 2557 1080 2610 remissionis
1129 2573 1383 2623 evacuas,
1444 2559 1659 2628 respice
1694 2577 1864 2630 super
1895 2561 2047 2614 hunc
2100 2562 2176 2614 fa-

475 2647 704 2699 mulum
738 2647 799 2699 N.
838 2650 894 2699 et
918 2646 1315 2699 remissionem
1351 2646 1458 2699 sibi
1499 2648 1757 2701 omnium
1815 2655 2175 2717 peccatorum

474 2738 597 2787 toto
626 2734 811 2787 cordis
832 2733 1188 2787 confessione
1218 2739 1548 2803 poscentem
1582 2736 1913 2804 deprecatus
1953 2736 2175 2801 exaudi,

473 2821 760 2876 innovain
783 2837 869 2887 eo,
900 2821 1154 2892 piissime
1169 2824 1355 2889 Pater,
1376 2823 1653 2893 quidquid
1673 2824 1951 2877 diabolica
1980 2824 2178 2877 fraude

476 2909 757 2962 violatum
787 2914 888 2975 est,
926 2909 984 2961 in
1026 2909 1243 2962 unitate
1283 2911 1537 2979 corporis
1571 2911 1829 2964 Ecclesiae
1859 2917 1990 2979 tuae,
2018 2912 2181 2964 mise-

1378 328 1849 386 DECRETORUM
1890 330 2074 386 LIBRI
2110 331 2218 386 XX.
2248 359 2316 369 —
2356 330 2567 385 LIBER
2608 330 3025 387 UNDECIMUS.

3848 335 3949 385 862

2174 456 2222 508 A
2259 452 2532 507 canonica
2588 453 2749 507 docet
2807 453 3114 506 auctoritas
3148 452 3322 523 :quia
3373 453 3679 507 anathema
3736 459 3951 511 aeterna

2259 546 2343 595 est
2373 540 2568 594 mortis
2599 541 2912 607 damnatio,
2945 546 3002 595 et
3051 557 3164 593 non
3203 541 3312 594 nisi
3360 557 3463 611 pro
3494 542 3719 596 mortali
3780 544 3950 596 debet

2259 629 2483 698 imponi
2511 628 2770 692 crimine,
2804 633 2861 681 et
2904 627 2985 682 illi
3016 628 3112 698 qui
3145 628 3312 682 aliter
3365 646 3480 682 non
3523 629 3776 699 potuerit
3825 646 3949 683 cor-

2262 717 2386 787 rigi.

2718 804 2845 857 CAP.
2875 804 2960 857 XI.
2991 832 3059 842 —
3090 806 3164 856 De
3193 803 3377 856 eadem
3403 819 3479 857 re.

2333 891 2449 959 (Ea:
2478 893 2699 946 concilio
2745 894 3039 959 Agat/ten.,
3082 894 3255 961 capite
3285 892 3357 961 4.)
3392 892 3648 962 Episcopi
3701 908 3834 946 vero
3884 892 3951 957 si,

2264 980 2595 1033 sacerdotali
2646 980 3036 1033 moderatione
3070 980 3411 1049 posthabita,
3473 980 3803 1033 innocentes
3855 985 3953 1034 aut

2262 1068 2323 1121 in
2377 1069 2626 1121 minimis
2684 1068 2865 1121 causis
2912 1068 3219 1138 culpabiles
3270 1069 3762 1122 excommunicare
3801 1086 3953 1139 prte-

2264 1156 2630 1225 sumpserint,
2663 1161 2718 1209 et
2745 1156 2812 1209 ad
2850 1156 3090 1226 gratiam
3135 1156 3467 1210 festinantes
3518 1157 3767 1226 recipere
3831 1160 3951 1211 for-

2263 1249 2410 1298 tasse
2447 1244 2757 1311 noluerint,
2791 1261 2823 1296 a
2868 1244 3066 1297 vicinis
3123 1244 3401 1313 episcopis
3466 1245 3770 1315 cujuslibet
3824 1261 3953 1314 pro-

2264 1332 2464 1385 vincia:
2494 1332 2694 1385 litteris
2738 1338 3096 1397 moneantur,
3131 1337 3185 1385 et
3214 1332 3258 1384 si
3290 1348 3521 1401 parcere
3568 1332 3875 1397 noluerint,
3922 1349 3955 1387 a

2268 1420 2667 1473 communione
2699 1421 3045 1473 coufratrum
3078 1436 3257 1490 usque
3302 1421 3371 1473 ad
3404 1421 3724 1489 proximam
3794 1437 3955 1491 syno-

2268 1509 2405 1563 dum
2442 1509 2882 1577 suspendantur,
2932 1514 2987 1561 et
3032 1508 3112 1561 ibi
3163 1509 3447 1562 rationem
3506 1510 3759 1578 profecto
3793 1509 3949 1575 dent,

2267 1614 2338 1651 ue
2368 1598 2601 1650 fortasse
2634 1597 2691 1649 in
2723 1597 3323 1663 excommunicatores,
3375 1602 3669 1667 peccatum
3719 1613 3953 1650 excom-

2271 1686 2541 1738 municati
2576 1686 2744 1755 longo
2782 1689 3037 1754 tempore
3070 1692 3254 1738 morte
3284 1686 3684 1755 praeveniatur.

2273 1776 2399 1831 CAP.
2432 1775 2542 1828 XII.
2584 1803 2651 1813 —
2689 1775 2753 1827 Ut
2803 1776 2982 1827 nullus
3020 1778 3258 1839 graviter
3307 1777 3451 1838 ferat
3479 1775 3633 1841 cujus
3670 1774 3957 1842 parochia-

2341 1860 2442 1898 nus
2500 1844 2567 1896 ab
2620 1846 2726 1897 alio
2791 1847 3032 1913 episcopo
3082 1860 3185 1913 pro
3244 1851 3389 1898 certa
3446 1846 3606 1913 culpa
3655 1859 3956 1899 excommu-

2342 1919 2554 1969 nicatus
2582 1916 2768 1979 fuerit.

2346 2003 2465 2071 (Ea:
2504 2003 2725 2057 concilio
2765 2002 2914 2070 apud
2940 2002 3339 2069 Compendium,
3374 2005 3550 2070 capite
3593 2004 3669 2070 5.)
3734 2002 3951 2056 Placuit

2275 2090 2445 2144 etiam
2477 2107 2578 2159 pro
2608 2090 2897 2143 communi
2935 2090 3200 2155 utilitate,
3236 2096 3291 2143 et
3319 2090 3553 2143 instanti
3597 2090 3949 2155 necessitate,

2275 2180 2339 2227 ut
2376 2175 2566 2227 nullus
2599 2174 3000 2243 episcoporum
3053 2175 3297 2243 graviter
3324 2174 3490 2241 ferat,
3520 2175 3567 2226 si
3606 2175 3728 2243 ejus
3790 2189 3953 2242 paro-

2276 2264 2566 2327 chianum,
2598 2278 2702 2332 pro
2749 2262 3189 2331 depraedationis
3234 2278 3420 2327 causa,
3474 2263 3617 2316 alter
3662 2262 3959 2331 episcopus

2279 2348 2871 2402 excommunicaverit.

2280 2438 2407 2492 Car.
2441 2438 2580 2491 XIII.
2612 2464 2684 2476 —
2717 2438 2786 2488 De
2830 2436 2940 2488 illis
2965 2437 3062 2503 qui
3104 2438 3162 2488 in
3188 2437 3448 2504 parochia
3478 2437 3817 2490 consistentes
3842 2436 3953 2487 ali-

2352 2508 2486 2574 quid
2551 2512 2737 2559 contra
2782 2509 2954 2559 Deum
3000 2508 3245 2571 fecerint,
3281 2511 3485 2574 quoties
3519 2506 3586 2559 ab
3615 2508 3853 2574 episcopo
3886 2504 3958 2557 ad

2351 2576 2767 2630 emendationem
2798 2579 2981 2628 vocari
3000 2576 3206 2629 debent.

2352 2665 2469 2733 (Eae
2499 2666 2719 2717 concilio
2750 2664 3033 2724 Meldensi,
3074 2667 3248 2732 capite
3278 2664 3694 2733 3.).Episcopus
3717 2663 3774 2715 in
3804 2662 3965 2731 cujus

2283 2751 2555 2821 parochia
2585 2750 2790 2819 aliquis
2847 2750 3178 2819 consistens,
3239 2751 3455 2821 aliquid
3490 2750 3700 2819 injuste
3748 2748 3965 2815 fecerit,

2285 2840 2457 2891 semel
2492 2844 2548 2890 et
2593 2838 2700 2901 bis,
2730 2841 2900 2907 atque
2935 2839 3118 2900 tertio,
3175 2838 3222 2890 si
3268 2855 3492 2891 necesse
3522 2838 3714 2903 fuerit,
3747 2836 3967 2890 vocabit

2286 2926 2446 2979 illum
2480 2942 2579 2978 sua
2611 2926 2996 2979 admonitione
3031 2942 3131 2995 per
3183 2942 3349 2979 suum
3387 2928 3661 2979 nuncium
3694 2926 3965 2978 canonice

474 3012 627 3062 rere,
672 2997 930 3063 Domine,
966 2997 1285 3065 gemituum
1325 2997 1464 3065 ejus,
1490 2997 1759 3051 miserere
1792 3000 2167 3069 lacrymarum

2276 3016 2345 3068 ad
2385 3013 2843 3066 emendationem
2873 3013 2988 3067 sive
3044 3014 3537 3083 compositionem,
3580 3018 3635 3067 et
3680 3013 3749 3066 ad
3776 3012 3967 3081 ι)ωηὶ-

476 3085 623 3153 ejus,
658 3090 710 3137 et
738 3101 853 3137 non
882 3085 1189 3138 habentem
1248 3085 1518 3139 ﬁduciam
1554 3086 1662 3139 nisi
1693 3087 1751 3139 in
1793 3091 1890 3140 tua
1945 3088 2167 3141 miseri-

478 3172 691 3239 cordia,
746 3172 814 3225 ad
873 3178 1294 3226 sacramentum
1370 3173 1848 3228 reconciliationis
1906 3175 2163 3229 admitte.

481 3262 590 3314 Per
625 3260 933 3312 Dominum
959 3267 1236 3313 nostrum.

555 3349 686 3401 Post
721 3348 841 3400 haec
895 3348 1209 3401 secundum
1260 3348 1494 3402 modum
1543 3348 1726 3417 culpa:
1771 3350 2169 3418 paenitentiam

481 3435 538 3489 ei
592 3435 875 3505 injuugat,
938 3444 993 3488 et
1034 3436 1249 3489 litteras
1296 3451 1398 3505 per
1452 3437 1779 3505 parochiam
1826 3438 2055 3505 dirigat,
2111 3442 2172 3491 ut

482 3538 684 3577 omnes
740 3523 1005 3577 noverint
1055 3538 1188 3576 eum
1263 3524 1325 3577 in
1379 3524 1643 3577 societate
1697 3524 2021 3578 Christiana
2083 3542 2171 3578 re-

479 3618 733 3679 ceptum.
779 3610 919 3664 Aliis
972 3610 1145 3664 etiam
1209 3611 1489 3680 episcopis
1550 3612 1657 3665 hoc
1712 3616 1912 3665 notum
1982 3612 2169 3666 faciat.

485 3700 687 3753 Nullus
742 3704 931 3752 autem
986 3698 1283 3769 episcopus
1326 3698 1562 3753 alterius
1615 3699 2022 3769 parochianum
2077 3717 2172 3754 ex-

482 3787 909 3840 communicare
959 3787 1046 3840 vel
1101 3787 1463 3839 reconciliare
1513 3791 1821 3856 praesumat
1869 3788 1990 3841 sine
2047 3804 2176 3842 con-

482 3874 721 3928 scientia
741 3875 826 3928 vel
855 3889 1133 3928 consensu
1161 3874 1378 3944 proprii
1410 3874 1676 3943 episcopi.

483 3982 612 4037 CAP.
668 3980 732 4033 IX
787 4010 854 4020 -—
913 3982 992 4036 Ne
1061 3982 1298 4046 episcopi
1374 3982 1677 4061 praecipites
1751 3982 1861 4033 sint
1939 3982 2176 4049 aliquem

1086 4065 1563 4103 emcommumcare.

560 4138 670 4207 (Ea:
706 4139 865 4206 epist.
916 4139 1154 4191 Evarist.
1185 4153 1363 4205 papa,
1425 4140 1601 4206 capite
1631 4138 1705 4207 3.)
1736 4139 1883 4192 Deus
1916 4140 2174 4209 omnipo-

486 4230 634 4290 tens,
691 4229 753 4278 ut
804 4240 909 4277 nos
949 4240 983 4277 a
1034 4224 1443 4293 praecipitantis
1502 4225 1821 4294 prolatione
1880 4227 2174 4280 sententiae

487 4316 892 4379 compesceret,
922 4327 1053 4364 cum
1084 4311 1279 4364 omnia
1316 4313 1469 4365 nuda
1520 4317 1576 4365 et
1633 4317 1828 4382 aperta
1858 4314 1970 4366 sint
1998 4315 2176 4367 oculis

488 4400 611 4469 ejus
651 4400 802 4451 mala
854 4404 1047 4451 tamen
1086 4399 1347 4453 Sodomae
1405 4400 1587 4453 noluit
1645 4401 1839 4455 audita
1897 4402 2175 4470 judicare,

488 4487 826 4557 priusquam
885 4488 1188 4541 manifesta
1239 4494 1591 4558 agnosceret,
1645 4505 1773 4559 quae
1820 4489 2174 4544 dicebantur.

492 4576 653 4630 Unde
696 4576 821 4630 ait:
869 4564 1216 4630 Descendam
1270 4582 1326 4630 et
1372 4577 1574 4630 videbo
1619 4583 1812 4631 utrum
1868 4579 2177 4633 clamorem

488 4664 589 4732 qui
616 4665 771 4715 venit
798 4664 866 4717 ad
898 4677 989 4717 me
1030 4678 1201 4733 opere
1250 4663 1679 4734 compleverint,
1722 4681 1795 4717 an
1822 4682 1933 4719 non
1966 4672 2049 4719 est
2078 4666 2174 4728 ita,

486 4754 554 4804 ut
591 4752 787 4803 sciam.
830 4752 1001 4821 Cujus
1028 4753 1291 4821 exemplo
1319 4766 1639 4819 monemur,
1671 4769 1743 4806 ne
1774 4754 1846 4807 ad
1875 4754 2178 4823 proferen-

486 4839 617 4893 dam
640 4839 981 4893 sententiam
1008 4854 1259 4910 unquam
1282 4841 1603 4909 praecipites
1625 4841 1821 4906 simus,
1844 4848 1943 4895 aut
1965 4847 2178 4896 temere

485 4926 976 4996 indiligenterque
1032 4926 1348 4981 indiscussa
1413 4943 1655 4998 qumque
1724 4943 1957 4999 quoquo
2006 4931 2176 4984 modo

483 5014 831 5085 judicemas.

988 5100 1113 5155 CAP.
1139 5101 1196 5155 X.
1220 5130 1289 5140 —
1311 5105 1384 5156 De
1403 5102 1585 5157 eadem
1606 5119 1680 5158 re.

563 5188 675 5259 (Ea:
728 5188 931 5256 synodo
987 5189 1264 5256 Meldensi,
1306 5192 1481 5258 capite
1530 5191 1607 5257 3.)
1640 5192 1709 5245 Ut
1741 5206 1907 5244 nemo
1959 5190 2178 5261 episco-

488 5292 702 5347 porum
746 5276 1065 5345 quemlibet
1109 5277 1231 5329 sine
1287 5281 1440 5331 certa
1491 5283 1547 5331 et
1603 5278 1903 5332 manifesta
1965 5279 2180 5348 peccati

489 5381 680 5427 causa,
734 5366 1140 5418 communione
1192 5364 1377 5435 privet
1433 5366 1825 5420 ecclesiastica.
1879 5366 1995 5420 Sub
2048 5382 2181 5419 ana-

487 5453 687 5506 thema
746 5457 939 5505 autem
994 5453 1115 5505 sine
1189 5454 1530 5507 conscientia
1593 5453 2025 5523 archiepiscopi,
2084 5458 2181 5507 aut

488 5539 986 5610 coepiscoporum,
1026 5540 1325 5611 episcopus
1354 5540 1578 5595 nullum
1624 5546 1819 5611 ponat,
1870 5541 1979 5595 nisi
2026 5540 2180 5595 unde

2275 3104 2532 3169 tentiam,
2558 3108 2619 3156 ut
2664 3104 2777 3156 Deo
2826 3113 2880 3155 et
2913 3102 3168 3156 Ecclesia:
3199 3102 3504 3155 satisfaciat
3556 3117 3729 3171 quam
3799 3100 3962 3154 laesit.

2276 3192 2333 3246 Si
2356 3197 2541 3245 autem
2575 3190 2891 3260 despexerit
2912 3196 3081 3260 atque
3107 3190 3516 3259 contempserit
3546 3190 3667 3258 ejus
3706 3188 3964 3242 admoni-

2276 3280 2491 3334 tionem
2523 3284 2579 3331 et
2622 3278 3055 3332 saluberrimam
3104 3278 3514 3341 invitationem,
3586 3276 3750 3330 feriat
3803 3276 3966 3329 illum

2278 3367 2546 3438 pastorali
2602 3366 2779 3433 virga,
2838 3366 2943 3418 hoc
3001 3370 3105 3432 est,
3163 3366 3443 3418 sententia
3515 3364 3965 3418 excommunica-

2277 3456 2466 3520 tionis,
2493 3458 2556 3507 ut
2583 3470 2615 3506 a
2669 3453 3065 3506 communione
3095 3458 3300 3505 sancta:
3358 3452 3612 3506 Ecclesia:
3675 3451 3969 3505 omnium-

2279 3560 2388 3613 que
2420 3542 2867 3596 Christianorum
2918 3540 2989 3592 sit
3053 3545 3364 3609 separatus,
3428 3556 3603 3610 usque
3670 3540 3741 3592 ad
3833 3554 3967 3590 con-

2280 3646 2480 3699 gruam
2551 3628 2991 3681 satisfactionem
3059 3634 3116 3680 et
3189 3628 3421 3696 dignam
3484 3626 3968 3693 emendationem,

2281 3720 2461 3783 Quam
2518 3716 3164 3770 excommunicationem
3232 3716 3395 3768 debet
3462 3715 3613 3767 idem
3670 3715 3967 3783 episcopus

2280 3805 2488 3859 seniori
2514 3804 2668 3857 illius
2704 3808 2893 3856 notam
2943 3803 3146 3867 facere,
3198 3806 3253 3855 et
3301 3802 3566 3855 omnibus
3623 3802 3738 3853 suis
3772 3800 3968 3868 coepi-

2282 3894 2483 3963 sc0pis,
2535 3897 2591 3945 et
2644 3891 2905 3944 omnibus
2959 3890 3073 3943 suis
3124 3890 3482 3959 parochianis
3540 3906 3611 3943 ne
3662 3904 3794 3942 eum
3827 3888 3969 3941 reci-

2281 3982 2445 4052 piant
2470 3995 2649 4050 usque
2680 3979 2747 4032 ad
2785 3978 3017 4047 dignam
3052 3978 3517 4031 satisfactionem.

2707 4067 2833 4120 CAP.
2877 4067 3006 4120 XIV.
3058 4096 3108 4104 -—
3147 4068 3224 4118 De
3247 4066 3430 4119 eadem
3468 4081 3545 4119 re.

2358 4156 2463 4225 (Ea:
2503 4155 2680 4209 eodem
2732 4157 2907 4223 capite
2963 4153 3037 4221 6.)
3080 4154 3382 4224 Episcopus
3420 4154 3517 4224 qui
3566 4169 3664 4207 eos
3712 4152 3970 4222 quolibet

2203 4273 2245 4325 ι)
2287 4259 2522 4298 munere
2549 4243 2635 4296 vel
2669 4242 2854 4295 favore
2885 4247 2982 4295 aut
3038 4242 3387 4310 negligentia
3436 4257 3672 4295 monere
3723 4244 3821 4293 aut
3875 4256 3970 4293 ex-

2287 4332 2709 4385 communicare
2760 4329 3064 4394 distulerit,
3125 4329 3224 4398 qui
3271 4334 3468 4382 contro
3524 4331 3700 4382 Deum
3770 4333 3827 4381 et
3875 4329 3973 4380 Ec-

2289 4421 2473 4472 clesia:
2530 4434 2726 4487 pacem
2798 4417 3031 4479 faciunt,
3093 4421 3192 4468 aut
3271 4421 3618 4469 revertentes
3683 4415 3971 4484 suscipiat,

2291 4512 2388 4560 aut
2432 4510 2863 4559 contemnentes
2903 4505 2969 4558 de
3011 4504 3251 4557 Ecclesia
3300 4504 3505 4572 ejiciat,
3583 4503 3970 4556 excommuni-

2290 4599 2449 4648 catus
2477 4594 2753 4647 habeatur
2782 4610 2815 4645 a
2843 4589 3078 4662 collegio
3106 4597 3469 4655 caeterorum,
3537 4606 3837 4660 quousque
3890 4592 3977 4643 vel

2292 4682 2725 4745 emendationis,
2760 4683 2845 4734 vel
2878 4680 3259 4733 damnationis
3291 4694 3487 4733 eorum
3510 4678 3582 4731 ab
3603 4695 3669 4731 eo
3693 4679 3977 4732 sententia

2290 4769 2705 4839 promulgetur.

2294 4857 2420 4911 Car.
2452 4858 2650 4910 XV.—
2699 4855 2851 4921 Quod
2879 4854 3035 4910 aliud
3075 4858 3147 4909 sit
3197 4870 3417 4923 peccare
3466 4852 3526 4908 in
3579 4854 3768 4920 Deum,
3823 4852 3979 4907 aliud

2941 4929 2999 4978 in
3045 4926 3324 4979 hominem.

2363 5016 2474 5083 (Ea:
2512 5011 2674 5068 dictis
2708 5015 2988 5084 Augusti.)
3016 5014 3443 5068 Attendendum
3470 5016 3556 5066 est
3586 5013 3741 5083 quod
3780 5011 3977 5066 Domi-

2291 5118 2400 5155 nus
2429 5102 2603 5155 dicit:
2632 5102 2689 5155 Si
2736 5101 3051 5169 peccaverit
3082 5100 3142 5154 in
3171 5106 3225 5154 te
3271 5102 3446 5155 frater
3477 5106 3626 5154 tuus.
3678 5100 3847 5154 Aliud
3896 5104 3981 5153 est

2293 5206 2525 5261 peccare
2554 5190 2616 5243 in
2644 5205 2767 5251 nos,
2810 5189 2964 5243 aliud
3018 5204 3251 5258 peccare
3284 5191 3343 5243 in
3393 5190 3591 5243 Deum.
3649 5188 3703 5243 Si
3758 5189 3816 5241 in
3873 5203 3980 5240 nos

2294 5278 2500 5347 aliquis
2538 5277 2873 5348 peccaverit,
2926 5293 3038 5329 non
3069 5282 3153 5329 est
3176 5278 3357 5331 nostri
3414 5276 3651 5330 arbitrii.
3694 5276 3979 5344 Scriptum

2293 5366 2504 5436 quippe
2526 5371 2609 5419 est
2641 5381 2653 5419 :
2682 5364 2737 5419 Si
2768 5364 3083 5435 peccaverit
3112 5364 3197 5417 vir
3227 5365 3286 5417 in
3316 5365 3524 5430 virum,
3554 5364 3763 5435 placari
3794 5369 3978 5431 potest

2294 5454 2345 5506 ei
2379 5454 2545 5506 Deus.
2579 5452 2635 5507 Si
2668 5457 2857 5505 autem
2914 5452 2974 5503 in
3008 5452 3184 5504 Deum
3240 5452 3571 5521 peccaverit,
3607 5451 3736 5523 quis
3796 5451 3981 5505 orabit

2293 5557 2397 5611 pro
2427 5542 2532 5594 eo?
2580 5541 2689 5594 Nos
2738 5538 3054 5594 econtrario
3106 5537 3166 5591 in
3223 5538 3323 5593 Dei
3377 5538 3589 5609 injuria
3647 5538 3884 5609 benigni
3926 5545 3983 5593 et
