3966 6392
175 355 278 407 863

1270 347 1548 402 BUHCHA
1561 346 1678 400 RDI
1721 345 1872 400 W08
1885 345 2248 402 MACIENSIS
2288 343 2604 400 EPISCOI’I

3581 346 3648 397 86
3661 344 3692 396 is

177 475 572 530 misericordes
601 490 818 538 sumus,
844 479 899 527 et
945 472 1046 526 Dei
1077 472 1375 537 offensam,
1409 471 1572 542 quasi
1602 471 1661 525 in
1693 477 1885 526 nostra
1914 475 1962 526 A
2001 472 2267 542 pellimus
2295 475 2350 525 et
2400 471 2758 538 damnamus,
2817 475 2989 542 atque
3049 470 3353 542 sacrilegos
3381 487 3504 526 esse
3549 473 3695 543 judi-

175 568 454 636 potestate
486 562 558 616 sit
584 562 706 631 ejus
735 562 878 615 velle
909 566 964 615 et
992 561 1115 631 ejus
1151 561 1324 626 nolle,
1373 560 1609 630 impune
1669 560 1881 631 absque

173 651 510 722 congruenti
535 651 887 720 poenitentia
909 650 1159 704 vindicta
1181 650 1464 704 donamus
1492 665 1504 704 :
1529 665 1656 703 cum
1687 654 1880 703 tamen

175 740 323 810 quod
357 739 419 793 in
449 739 616 794 nobis
647 739 1018 792 commissum
1079 743 1183 804 est,
1252 753 1356 792 nec
1411 738 1613 791 saltem
1642 738 1878 792 verbum

173 827 656 883 contumeliosum
722 826 1040 896 leviterque
1099 826 1383 896 prolatum
1442 824 1564 877 siue
1633 824 1880 878 vindicta

173 915 523 987 pertransire
548 914 817 985 patimur.
869 915 1235 968 Dimittamus
1264 929 1399 983 ergo
1428 918 1666 983 propter
1698 915 1878 968 Deum

173 1005 329 1075 quod
360 1002 420 1057 in
450 1002 613 1056 nobis
646 1008 1037 1073 perpetratum
1071 1008 1175 1068 est,
1207 1007 1264 1055 et
1293 1001 1446 1073 quod
1473 1002 1533 1055 in
1564 1003 1674 1056 Deo
1724 1019 1879 1056 com-

175 1093 411 1146 missum
461 1096 564 1158 est,
626 1091 761 1161 quia
818 1091 1108 1144 dimittere
1158 1106 1274 1144 non
1334 1106 1664 1160 possumus,
1716 1090 1880 1160 juxta

170 1180 637 1235 constitutionem
672 1183 1002 1232 sanctorum
1035 1180 1290 1245 Patrum,
1344 1178 1658 1232 secundum
1701 1194 1878 1232 cano—

173 1270 362 1324 nicam
385 1269 752 1324 autoritatem
788 1268 1164 1322 vindicemus.

597 1358 724 1412 CAP.
767 1358 898 1411 XVI.
947 1387 1015 1396 ›-
1049 1357 1129 1410 De
1157 1355 1341 1409 eadem
1369 1371 1448 1409 re.

240 1449 346 1515 (Ea:
384 1446 605 1500 concilio
629 1444 912 1511 Meldmsi,
971 1446 1148 1512 capite
1193 1442 1268 1512 5.)
1305 1443 1373 1497 Ut
1403 1457 1737 1513 pervaseres
1777 1458 1874 1496 re-

174 1550 302 1588 rum
360 1533 888 1600 ecclesiasticarum,
939 1532 1037 1602 qui
1068 1531 1299 1586 easdem
1330 1547 1419 1584 res
1453 1535 1649 1584 contra
1686 1535 1878 1585 aucto-

174 1622 400 1676 ritatem
434 1638 549 1675 non
579 1622 760 1674 solum
796 1621 1066 1686 retinere,
1112 1635 1308 1672 verum
1354 1625 1410 1672 et
1439 1619 1745 1673 crudeliter
1783 1619 1875 1674 de-

172 1711 436 1780 populari
465 1715 800 1776 noscuntur,
857 1709 1093 1780 quidam
1149 1708 1305 1764 enim
1351 1707 1644 1762 facultates
1703 1707 1873 1762 etiam

174 1796 433 1851 Ecclesia
465 1795 524 1850 in
565 1796 787 1850 diversa
833 1795 1281 1850 collaboratione
1326 1799 1382 1849 et
1417 1794 1734 1849 redditibus
1783 1811 1876 1849 eas

174 1884 482 1954 expoliant,
539 1884 638 1938 sed
669 1888 726 1937 et
767 1900 1050 1955 pauperes
1109 1889 1163 1938 et
1192 1883 1406 1937 vicinos
1437 1887 1493 1936 et
1542 1883 1877 1936 circumma-

174 1977 376 2026 nentes
408 1972 942 2027 immisericorditer
965 1971 1249 2043 affligunt,
1283 1972 1580 2026 devastant
1602 1977 1658 2024 et
1679 1971 1875 2041 oppri-

175 2065 362 2120 munt.
393 2065 456 2115 ut
502 2077 736 2132 rapaces
767 2061 864 2132 qui
907 2061 1221 2115 secundum
1271 2061 1608 2131 Apostolum
1637 2076 1669 2112 a
1700 2073 1878 2129 regno

178 2149 276 2203 Dei
333 2149 737 2216 excluduntur,
797 2165 863 2203 ex
915 2148 1203 2203 criminali
1261 2153 1317 2202 et
1361 2148 1592 2218 publico
1647 2151 1876 2219 peccato

176 2237 405 2308 publica
460 2238 798 2308 paenitentia
834 2238 1186 2294 multentur.
1229 2237 1394 2302 Quod
1448 2236 1494 2290 si
1549 2237 1659 2290 hoc
1707 2251 1878 2305 agere

177 2327 488 2390 noluerint,
537 2327 858 2397 proferatur
895 2330 1094 2380 contra
1145 2342 1239 2381 eos
1289 2324 1610 2394 apostolica
1653 2323 1876 2379 terribi-

176 2414 361 2484 lisque
413 2414 698 2468 sententia
744 2432 856 2485 qua
879 2415 1122 2469 dicitur:
1177 2415 1234 2469 Si
1282 2414 1409 2486 quis
1461 2415 1638 2468 frater
1689 2411 1878 2466 nomi-

178 2509 366 2569 natur,
406 2508 464 2556 et
494 2508 577 2558 est
607 2520 802 2573 rapax,
861 2519 990 2557 cum
1019 2503 1348 2574 hujusmodi
1369 2519 1476 2557 nec
1504 2503 1696 2557 cibum
1728 2501 1875 2572 quis-

177 2606 352 2661 quam
382 2606 608 2644 sumere
630 2591 1146 2662 prasumat:quia
1201 2591 1469 2662 iniquum
1530 2595 1587 2645 et
1651 2591 1878 2644 sacrile-

179 2695 314 2748 gum
343 2684 447 2745 est,
504 2684 565 2732 ut
612 2679 986 2748 Symmachus
1027 2696 1198 2750 papa,
1230 2685 1284 2732 et
1317 2684 1442 2749 post
1507 2695 1640 2733 eum
1680 2679 1879 2732 beatus

180 2768 507 2837 Gregorius,
567 2768 776 2822 Sabino
808 2769 1156 2822 subdiacono
1189 2767 1382 2822 scribit
1414 2784 1426 2822 :
1461 2767 1519 2822 Si
1548 2768 1678 2838 quis
1727 2767 1879 2838 quod

181 2855 758 2926 venerabilibusjlocis
787 2857 1157 2928 relinquitur,
1188 2873 1377 2927 prava
1412 2856 1726 2910 voluntatis
1757 2863 1878 2909 stu-

180 2943 306 3011 diis,
353 2945 467 2998 suis
498 2944 856 3015 compendiis
895 2946 1198 3000 tentaverit
1236 2945 1504 3013 retinere,
1559 2944 1876 2999 secundum

180 3037 386 3086 statuta
415 3048 698 3088 canonum
738 3034 806 3087 ab
847 3034 1005 3088 omni
1039 3033 1416 3088 ecclesiastica
1473 3033 1875 3086 communione
1909 3029 1948 3088 C

179 3125 243 3174 ut
298 3122 606 3192 sacrilegus
664 3122 833 3176 debet
877 3122 1081 3188 arceri,
1107 3123 1290 3176 donec
1321 3121 1545 3175 studeat
1573 3121 1746 3190 digna
1793 3137 1878 3173 sa-

179 3209 496 3263 tisfactione
529 3209 684 3280 quod
714 3209 943 3264 admisit
981 3210 1289 3278 corrigere.

182 3316 310 3370 CAP.
343 3315 498 3369 XVII.
531 3345 600 3354 —
632 3316 788 3381 Quod
837 3321 1087 3370 sanctum
1125 3319 1434 3368 sancto-rum
1463 3315 1555 3381 sit,
1606 3314 1878 3384 quidquid

761 3389 984 3440 Domino
1014 3385 1296 3454 offeratur.

254 3473 360 3544 (Eae
386 3473 527 3528 decr.
581 3475 856 3539 Boni/acii
888 3490 1068 3543 papa,
1118 3477 1294 3543 capite
1345 3475 1423 3542 ὅ.)
1467 3473 1668 3527 Nullus
1711 3472 1880 3527 liceat

181 3559 466 3632 ignorare,
502 3578 672 3616 omne
701 3563 853 3632 quod
904 3562 1148 3616 Domino
1193 3567 1576 3627 consecratur,
1609 3563 1722 3616 sive
1753 3561 1877 3616 fue-

181 3652 258 3704 rit
287 3650 477 3718 homo,
507 3651 622 3705 sive
651 3651 887 3717 animal,
920 3650 1036 3705 sive
1077 3667 1234 3721 ager,
1269 3651 1354 3705 vel
1389 3651 1671 3722 quidquid
1701 3653 1878 3705 semel

179 3739 352 3794 fuerit
381 3745 790 3800 consecratum,
819 3745 1078 3793 sanctum
1105 3744 1430 3794 sanctorum
1471 3741 1579 3794 erit
1613 3740 1876 3808 Domino,

182 3834 239 3881 et
269 3829 338 3882 ad
373 3829 467 3898 jus
510 3828 759 3899 pertinet
788 3829 1167 3884 sacerdotum.
1208 3830 1447 3899 Propter
1503 3829 1698 3899 quod:
1744 3829 1880 3900 quia

181 3917 583 3970 inexcusabilis
630 3917 738 3970 erit
765 3917 952 3982 omnis
995 3917 1096 3988 qui
1145 3933 1177 3969 a
1211 3917 1451 3971 Domino
1499 3923 1554 3970 et
1611 3918 1873 3984 Ecclesia,

183 4006 275 4059 cui
332 4010 684 4074 competunt,
740 4005 942 4070 aufert,
997 4009 1198 4068 vastat,
1263 4005 1502 4073 invadit,
1555 4006 1642 4060 vel
1690 4007 1876 4077 eripit,

182 4109 364 4163 usque
397 4093 467 4146 ad
492 4092 956 4146 emendationem
1005 4093 1384 4164 Ecclesiaque
1414 4093 1877 4162 satisfactionem,

185 4189 246 4235 ut
293 4181 602 4251 sacrilegus
646 4181 1014 4251 dijudicetur,
1063 4186 1117 4234 et
1163 4181 1212 4235 si
1250 4182 1555 4237 emendare
1607 4184 1877 4251 noluerit,

184 4271 726 4324 excommunicetur.

186 4377 313 4431 CAP.
345 4376 526 4431 XVIII.
551 4406 619 4415 —-
650 4378 722 4431 De
741 4377 851 4431 illis
873 4379 971 4446 qui
992 4377 1197 4502 Chritsti
1224 4380 1480 4447 pecunias
1505 4381 1763 4445 auferunt
1800 4381 1882 4434 vel

906 4464 1109 4502 ramun
1140 4489 1152 4501 .

906 4464 1152 4517 rapiunt.

256 4537 362 4605 (Ea:
392 4539 549 4605 epist.
620 4536 872 4590 Anacleti
922 4553 1086 4607 papae
1125 4541 1331 4592 cunctis
1370 4538 1619 4607 ﬁdelibus
1664 4541 1877 4610 missa.)

183 4624 288 4688 Qui
311 4623 565 4687 abstulit,
599 4625 806 4695 inquit,
836 4626 1052 4697 aliquid
1068 4626 1244 4697 patri,
1268 4626 1568 4681 homicida
1597 4628 1881 4699 particeps

183 4718 286 4768 est.
344 4715 510 4768 Pater
564 4720 777 4781 noster,
842 4715 964 4769 sine
997 4715 1196 4784 dubio,
1261 4717 1409 4768 Deus
1463 4721 1568 4781 est,
1625 4714 1724 4785 qui
1777 4731 1880 4768 nos

183 4802 412 4857 creavit.
447 4803 622 4856 Mater
649 4820 784 4857 vero
839 4804 1102 4870 Ecclesia,
1151 4820 1280 4875 qua
1326 4819 1429 4857 nos
1481 4803 1542 4856 in
1596 4802 1881 4873 baptismo

182 4889 513 4961 spiritaliter
573 4891 948 4961 regeneravit.
998 4893 1143 4961 Ergo
1186 4892 1286 4963 qui
1343 4891 1550 4946 Christi
1611 4891 1882 4962 pecunias

183 4986 239 5034 et
261 4979 525 5033 Ecclesia
551 4980 777 5044 autfert,
833 4980 1004 5051 rapit,
1051 4985 1150 5034 aut
1186 4981 1429 5047 fraudat,
1461 4980 1748 5035 homicida
1775 4984 1881 5048 est,

185 5074 357 5138 atque
385 5074 518 5122 ante
553 5069 728 5123 Deum
770 5069 1060 5123 homicida
1107 5070 1434 5139 deputatur.
1469 5069 1578 5134 Qui
1609 5070 1764 5123 enim
1795 5084 1884 5122 res

185 5157 448 5211 Ecclesia
499 5156 819 5226 abstulerit,
867 5157 1233 5228 sacrilegium
1281 5158 1434 5218 facit,
1473 5163 1528 5212 et
1572 5163 1635 5212 ut
1655 5158 1882 5213 sacrile-

185 5261 291 5316 gus
315 5246 666 5315 judicandus
693 5252 796 5299 est.

612 5337 739 5390 CAP.
775 5335 902 5390 XIX.
944 5366 1012 5375 -—
1052 5339 1118 5390 De
1161 5335 1346 5389 eadem
1383 5352 1458 5389 re.

258 5423 369 5492 (E1:
407 5423 550 5477 decr.
603 5425 761 5478 Lucii
789 5439 970 5494 papae,
1011 5427 1189 5493 capite
1235 5425 1341 5491 l0.)
1377 5425 1591 5478 Rerum
1624 5422 1888 5477 ecclesia-

191 5507 458 5561 sticarum
487 5514 544 5562 et
591 5511 927 5566 facultatum
961 5518 1216 5581 raptores
1259 5527 1293 5564 a
1331 5509 1627 5564 liminibus
1681 5515 1886 5564 sancta

191 5594 451 5647 Ecclesia
537 5599 1084 5654 anathematizantes
1159 5598 1468 5668 apostolica
1551 5599 1885 5654 auctoritate

1993 576 2208 626 camus,
2241 565 2296 614 et
2324 576 2442 613 non
2487 561 2672 613 solum
2705 576 2816 620 eos,
2869 559 2968 612 sed
2999 559 3174 613 etiam
3224 575 3423 613 omnes
3452 577 3694 614 consen-

1991 649 2196 702 tientes
2225 649 2306 702 eis
2349 665 2362 702 :
2395 648 2530 719 quia
2563 664 2678 702 non
2734 649 2920 701 solum
2975 648 3073 718 qui
3108 647 3344 712 faciunt,
3392 649 3489 702 sed
3522 649 3696 703 etiam

1991 738 2092 808 qui
2151 737 2519 791 consentiunt
2574 736 2656 790 rei
2720 737 3026 806 judicatur.
3095 737 3449 806 Augustinus
3506 736 3691 790 dicit:

1991 827 2100 891 Qui
2130 826 2348 896 aliquid
2374 826 2441 879 de
2467 824 2710 879 Ecclesia
2752 825 2977 878 furatur
3017 830 3073 879 et
3103 826 3272 894 rapit,
3303 825 3462 880 Juda
3502 825 3696 896 prodi-

1989 914 2104 968 tori
2137 921 2517 984 comparatur.

2436 1003 2563 1056 CAP.
2597 1002 2698 1056 XX.
2736 1029 2809 1042 —
2842 1002 2923 1054 De
2950 1001 3136 1055 eadem
3167 1017 3241 1055 re.

2060 1090 2169 1162 (Ea:
2211 1093 2435 1146 concilio
2486 1091 2757 1158 Gangren.
2818 1093 2995 1159 capite
3049 1090 3126 1160 8.)
3180 1090 3278 1145 Hic
3321 1089 3422 1160 qui
3474 1090 3694 1144 dederit

1987 1181 2076 1235 vel
2120 1181 2400 1250 acceperit
2455 1179 2772 1233 oblationes
2819 1179 3035 1245 altaris,
3089 1187 3299 1249 prater
3359 1179 3692 1252 episcopum

1987 1269 2076 1322 vel
2131 1269 2256 1338 ejus
2312 1267 2570 1333 missum,
2631 1274 2689 1320 et
2719 1267 2816 1338 qui
2876 1268 2972 1321 dat
3005 1273 3062 1322 et
3094 1267 3193 1338 qui
3251 1268 3487 1338 accepit,
3561 1284 3694 1322 ana-

1991 1356 2182 1411 thema
2213 1356 2306 1410 sit.

2421 1426 2549 1481 CAP.
2583 1426 2716 1481 XXI.
2751 1457 2817 1466 —
2849 1429 2924 1482 De
2953 1425 3138 1480 eadem
3175 1442 3253 1479 re.

2058 1515 2169 1584 (Em
2201 1516 2421 1570 concilio
2451 1515 2602 1584 apud
2645 1516 2701 1571 S.
2745 1515 3086 1580 Medardum,
3138 1517 3315 1584 capite
3363 1515 3517 1586 t.)Si
3562 1515 3692 1586 quis

1985 1604 2302 1659 oblationes
2351 1603 2610 1657 Ecclesia
2659 1608 2813 1657 extra
2849 1604 3153 1657 Ecclesiam
3196 1620 3395 1674 rapere
3429 1605 3515 1658 vel
3555 1605 3692 1659 dare

1984 1693 2232 1747 voluerit
2286 1697 2496 1762 prater
2526 1692 2932 1746 conscientiam
2974 1693 3246 1763 episcOpi,
3283 1695 3367 1747 vel
3429 1695 3551 1764 ejus
3598 1693 3690 1748 cui

1985 1781 2318 1853 hujusmodi
2343 1780 2530 1834 officia
2559 1780 2863 1834 commissa
2893 1787 3043 1849 sunt,
3077 1782 3384 1836 anathema
3415 1782 3508 1836 sit.

2408 1870 2536 1925 CAP.
2572 1870 2734 1924 XXII.
2773 1901 2842 1908 —
2868 1873 2947 1925 De
2977 1870 3160 1924 eadem
3180 1886 3258 1923 re.

2057 1962 2164 2026 (Ea:
2196 1959 2337 2012 decr.
2370 1960 2594 2012 Joannis
2621 1974 2802 2028 papa,
2828 1960 3005 2027 capite
3040 1959 3146 2026 l0.)
3203 1959 3270 2013 Ut
3329 1957 3387 2012 hi
3433 1958 3532 2028 qui
3565 1974 3687 2012 mo-

1986 2047 2236 2101 nasteria
2269 2052 2325 2100 et
2354 2047 2478 2100 loca
2527 2049 2640 2101 Deo
2698 2051 2913 2100 sacrata
2945 2051 3001 2099 et
3030 2046 3295 2100 ecclesias
3338 2046 3684 2117 infringunt,

1985 2141 2043 2190 et
2071 2136 2330 2205 deposita
2385 2137 2472 2189 vel
2529 2135 2640 2188 alia
2696 2135 3016 2206 quemlibet
3068 2135 3271 2190 exinde
3324 2135 3683 2202 abstrahunt,

1985 2226 2260 2280 damnum
2320 2224 2512 2278 novies
2541 2229 2917 2294 componant,
2951 2229 3008 2278 et
3040 2223 3417 2278 emunitatem
3445 2223 3686 2294 triplici-

1983 2319 2090 2379 ter,
2150 2319 2207 2367 et
2261 2313 2418 2367 velut
2477 2311 2741 2382 sacrilegi
2801 2311 3088 2365 canonica
3169 2311 3468 2365 sententia
3524 2311 3688 2365 subi-

1986 2407 2222 2473 gantur.

1988 2493 2114 2548 Car.
2144 2492 2330 2547 XXlII.
2360 2521 2429 2531 ——
2474 2492 2548 2545 De
2587 2491 2670 2544 his
2718 2489 3060 2614 qiij‘ictc‘lgznum
3099 2493 3196 2545 Dei
3236 2490 3688 2559 contemptibilem

2769 2577 2951 2615 ucunt.

2061 2651 2163 2718 (Ea:
2194 2651 2418 2704 concilio
2462 2651 2751 2718 Mogunti.,
2783 2651 2961 2718 capite
2987 2648 3068 2718 7.)
3106 2647 3374 2719 Quisquis
3414 2647 3561 2702 fastu
3593 2665 3684 2702 su-

1990 2739 2201 2810 perbia
2233 2740 2415 2793 elatus
2446 2738 2684 2792 domum
2730 2737 2830 2792 Dei
2863 2737 3021 2792 ducit
3070 2737 3589 2808 contemptibilem,
3631 2741 3688 2790 et

1988 2827 2376 2898 possessiones
2408 2829 2523 2881 Deo
2553 2832 3010 2897 sacratas,atque
3043 2827 3114 2880 ad
3145 2827 3419 2880 honorem
3463 2827 3559 2879 Dei
3582 2825 3685 2879 sub

1988 2915 2165 2985 regia
2221 2915 2556 2969 emunitatis
2609 2915 2942 2969 defensione
2975 2915 3331 2982 constitutas,
3387 2915 3685 2968 inhoneste

1989 3003 2337 3068 tractaverit,
2391 3004 2478 3056 vel
2527 3003 2836 3073 infringere
2867 3003 3313 3073 prasumpserit,
3357 3008 3454 3056 aut
3484 3003 3686 3057 incen—

1988 3091 2083 3146 dia
2129 3093 2216 3146 vel
2267 3091 2611 3146 vastationes
2689 3107 2829 3145 ausu
2885 3093 3191 3145 temerario
3247 3092 3684 3162 perpetraverit,

1987 3179 2150 3250 quasi
2179 3180 2408 3233 invasor
2436 3185 2492 3233 et
2528 3179 2772 3233 violator
2828 3180 3090 3233 Ecclesia
3141 3179 3260 3248 Dei,
3293 3197 3421 3250 qua
3454 3185 3539 3233 est
3584 3181 3685 3234 do-

1989 3284 2114 3320 mus
2144 3268 2243 3321 Dei
2270 3268 2400 3332 vivi,
2431 3285 2463 3321 a
2513 3267 2918 3322 communione
2971 3267 3232 3322 omnium
3288 3267 3548 3322 ﬁdelium
3581 3269 3687 3322 ab-

1987 3356 2237 3409 scindatu
2249 3373 2291 3408 r.

2306 3488 2309 3490 ,
2400 3427 2528 3487 αλιι.
2558 3427 2732 3481 XXIV.
2767 3457 2834 3465 η-
2863 3430 2936 3481 De
2967 3427 3149 3480 eadem
3187 3444 3264 3480 re.

2060 3514 2168 3584 (Ea:
2188 3515 2388 3582 eodem,
2422 3531 2542 3584 cap.
2569 3516 2648 3586 6.)
2681 3515 2738 3568 Si
2766 3515 2894 3586 quis
2920 3515 3314 3585 cujuscunque
3349 3515 3690 3570 munuscula

1989 3603 2249 3658 Ecclesia
2279 3604 2486 3658 sanctis
2527 3605 2943 3674 scripturarum
2989 3603 3171 3658 titulis
3225 3604 3481 3668 collecta,
3537 3604 3690 3658 nefa-

1988 3694 2073 3746 ria
2102 3692 2414 3747 calliditate
2461 3692 2781 3756 abstulerit,
2839 3691 3206 3757 fraudaverit,
3263 3692 3554 3757 invaserit,
3590 3709 3687 3746 re-

1987 3781 2314 3849 tentaverit,
2351 3785 2522 3851 atque
2566 3780 2934 3851 subripuerit,
2989 3785 3044 3834 et
3075 3797 3194 3834 non
3225 3781 3416 3834 statim
3440 3797 3472 3834 a
3503 3797 3686 3834 sacer-

1991 3870 2122 3923 dote
2153 3870 2538 3923 commonitus
2565 3870 2679 3922 Deo
2707 3870 2910 3923 collata
2959 3868 3293 3936 reddiderit,
3326 3869 3395 3922 ab
3432 3869 3688 3922 Ecclesia

1989 3957 2280 4011 catholica
2313 3958 2720 4010 communione
2754 3958 3017 4027 pellatur.

1989 4046 2119 4100 CAP.
2153 4047 2299 4100 XXV.
2329 4073 2402 4087 —
2435 4048 2501 4100 Ut
2530 4061 2614 4099 res
2647 4047 2990 4169 abtlatatcum
3028 4045 3480 4115 multiplicatione
3533 4047 3688 4098 resti-

2734 4133 2843 4169 uan
2873 4133 2957 4169 ur.

2734 4133 2957 4170 uantur.

2061 4206 2180 4275 (Ea:
2212 4204 2354 4258 decr.
2388 4204 2621 4259 Eusebii
2650 4220 2830 4274 papa,
2856 4207 3032 4274 capite
3059 4205 3140 4274 4.)
3183 4205 3275 4258 Est
3295 4204 3468 4258 etiam
3493 4204 3553 4257 in
3585 4218 3686 4257 an-

1913 4312 1954 4366 D
1995 4293 2170 4364 tiquis
2201 4293 2462 4347 Ecclesia
2509 4293 2734 4346 statutis
2778 4283 3096 4360 decretum,
3147 4299 3209 4347 ut
3238 4293 3333 4363 qui
3372 4293 3558 4346 aliena
3597 4291 3689 4345 in-

1991 4382 2166 4448 vadit,
2194 4398 2309 4436 non
2342 4386 2504 4436 exeat
2539 4381 2878 4452 impunitus,
2915 4381 3015 4436 sed
3044 4397 3174 4435 cum
3207 4381 3688 4450 multiplicatione

1991 4471 2185 4525 omnia
2217 4470 2497 4524 restituat.
2535 4469 2696 4524 Unde
2727 4475 2782 4524 et
2825 4470 2884 4523 in
2917 4469 3225 4539 Evangelio
3255 4470 3533 4540 scriptum
3578 4472 3685 4529 est,

1989 4560 2142 4630 quod
2165 4559 2214 4612 si
2242 4558 2463 4630 aliquid
2494 4558 2749 4628 aliquem
2792 4558 3142 4625 defraudavi,
3202 4558 3385 4613 reddo
3438 4557 3694 4627 quadru-

1991 4648 2174 4719 plum.

1991 4737 2117 4792 CAP.
2153 4736 2334 4790 XXVI.
2365 4765 2435 4774 —
2467 4735 2618 4802 Quod
2641 4736 3124 4790 ecclesiasticarum
3162 4750 3342 4788 rerum
3360 4734 3613 4788 incendia
3641 4739 3694 4790 et

2097 4806 2524 4876 depradationes
2572 4821 2672 4876 pro
2721 4809 3014 4860 emunitate
3051 4808 3162 4860 sint
3219 4805 3581 4860 emendanda.

2062 4895 2183 4963 (Em
2212 4897 2370 4964 epist.
2407 4895 2627 4962 Gregor.
2659 4910 2818 4963 papa
2861 4895 2935 4948 ad
2965 4895 3370 4950 Constantinam
3401 4909 3512 4959 reg.
3557 4894 3694 4946 Gal-

1992 4981 2122 5053 lia.)
2155 4982 2294 5036 Cum
2330 4975 2760 5036 devotissimam
2806 4981 3100 5036 dominam
3150 4981 3323 5035 sciam
3373 4982 3441 5035 de
3479 4981 3696 5036 calesti

1993 5071 2107 5124 vita
2136 5075 2312 5140 atque
2333 5070 2587 5124 remedio
2628 5071 2834 5124 anima
2862 5087 2981 5125 sua
3014 5070 3211 5124 sedulo
3268 5069 3535 5140 cogitare,
3581 5070 3696 5124 cul-

1993 5174 2128 5230 pam
2158 5175 2250 5212 me
2280 5159 2640 5213 committere
2673 5161 3045 5213 vehementer
3071 5158 3355 5226 existimo,
3391 5159 3438 5212 si
3469 5175 3536 5212 ea
3565 5175 3696 5229 qua

1993 5264 2098 5318 pro
2122 5247 2327 5300 timore
2349 5247 2760 5318 omnipotentis
2790 5248 2892 5302 Dei
2914 5252 3046 5302 sunt
3071 5247 3430 5318 suggerenda
3460 5247 3692 5314 siluere,

1997 5341 2053 5391 et
2079 5340 2135 5390 te
2191 5334 2610 5390 sanctissimam
2657 5337 2724 5390 de
2753 5336 3142 5390 Ecclesiastica
3173 5352 3311 5407 pace
3361 5335 3553 5389 sedule
3581 5351 3697 5389 non

1996 5439 2424 5478 commouuero.
2472 5425 2651 5478 Nimis
2686 5441 2777 5480 me
2813 5425 3024 5480 Juliani
3063 5425 3258 5478 fratris
3287 5429 3345 5478 et
3374 5423 3698 5494 coepiscopi

1998 5511 2178 5566 nostri
2201 5513 2575 5582 proclamatio
2626 5529 2812 5584 nuper
2859 5513 3235 5579 contristavit,
3268 5512 3534 5580 {maxime
3566 5529 3695 5567 cum

1997 5601 2147 5655 villa
2194 5617 2313 5654 sua
2342 5601 2606 5655 videlicet
2638 5600 2900 5655 Ecclesia
2926 5617 2959 5655 a
3007 5600 3375 5672 nequissimis
3406 5599 3695 5671 pradoni-
