4380 6382
520 398 625 449 865

1441 396 1913 453 DECRETORUM
1954 396 2144 454 LIBRI
2183 400 2288 454 XX.
2323 431 2390 438 —
2423 402 2627 456 LIBER
2668 402 3082 458 UNDECIMUS.

3898 412 3998 463 866

519 515 628 568 bus
658 516 773 568 sint
808 515 1169 585 deprmdatae,
1204 519 1372 586 atque
1400 518 1689 571 nocturnis
1738 519 2013 572 incendiis
2051 535 2207 573 more
2236 524 2283 576 A
2322 521 2424 575 bus
2457 526 2511 575 et
2542 524 2782 577 Domino
2830 526 2943 578 Deo
2975 525 3064 579 cui
3115 527 3323 581 tradita
3365 533 3497 581 sunt
3548 546 3612 583 ea
3650 532 4006 597 subtrahant,

518 604 710 657 furum
745 606 1055 656 combusta:
1087 620 1098 655 :
1133 609 1187 657 et
1210 604 1347 657 dum
1378 605 1525 658 idem
1559 606 1816 675 maligni,
1839 609 1998 676 juxta
2029 608 2211 660 nostri

517 692 954 762 prmdecessoris
1004 692 1270 745 Bonifacii
1309 693 1552 759 decreta,
1588 710 1692 763 pro
1723 695 2035 748 emunitate
2067 696 2209 749 illud

518 782 826 835 emendare
861 782 1170 845 noluerint,
1206 782 1341 835 dum
1376 787 1433 835 et
1463 783 1650 835 szeculi
1679 784 1831 853 leges
1863 784 1983 837 haec
2013 785 2210 837 eadem

515 869 595 922 ita
645 869 858 923 habere
908 869 1214 935 voluerint,
1267 870 1390 940 lege
1422 870 1641 941 vulgari
1692 875 1856 939 teste,
1889 871 1949 924 in
1976 887 2087 941 qua
2132 872 2210 924 sic

517 958 786 1010 scribitur
820 957 915 1011 :Si
968 957 1095 1027 quis
1140 974 1314 1011 manu
1365 964 1583 1011 armata
1631 974 1813 1028 usque
1855 959 1920 1011 ad
1965 964 2212 1029 quatuor

514 1045 781 1099 homines
812 1046 870 1099 in
896 1045 1081 1098 vicum
1110 1046 1342 1099 alterius
1364 1046 1431 1099 ad
1464 1047 1933 1100 malefaciendum
1968 1048 2206 1115 venerit,

511 1133 610 1187 ille
639 1133 737 1204 qui
767 1134 928 1203 prior
954 1138 1033 1187 est
1060 1134 1257 1188 illicita
1284 1135 1734 1205 praesumptione
1755 1140 2061 1205 componat
2081 1136 2211 1189 soli-

511 1220 613 1274 dos
647 1221 884 1287 DCCCC,
929 1237 1198 1291 sequaces
1240 1237 1374 1275 vero
1421 1221 1542 1290 ejus
1573 1221 1967 1292 unusquisque
2000 1222 2208 1275 solidos

511 1307 719 1375 LXXX;
768 1308 813 1361 si
864 1325 993 1362 vero
1027 1308 1105 1361 ibi
1163 1308 1490 1362 incendium
1543 1309 1799 1375 fecerint,
1857 1308 1965 1362 sibi
1994 1325 2207 1364 nonam

509 1402 881 1467 componant,
904 1398 1156 1468 praedam
1189 1413 1320 1451 vero
1354 1397 1411 1450 in
1447 1398 1835 1468 quadruplum
1883 1398 2202 1452 restituant.

511 1486 572 1541 Si
602 1487 795 1539 saeculi
824 1488 977 1557 leges
1008 1487 1178 1540 talem
1221 1486 1504 1555 justitiam
1536 1487 1745 1540 habere
1782 1486 2087 1554 voluerint,
2117 1488 2205 1541 lex

509 1574 709 1628 divina
738 1592 839 1628 cur
867 1575 1106 1629 inferior
1147 1592 1265 1629 esse
1297 1574 1543 1640 debebit,
1579 1591 1705 1628 cum
1740 1575 1796 1628 in
1830 1574 2009 1644 ipsius
2052 1576 2205 1628 veri—

505 1661 639 1714 tatis
695 1663 1002 1731 praascntia
1049 1679 1080 1715 a
1128 1662 1355 1716 Zachazo
1410 1663 1799 1716 collaudatum
1853 1663 1943 1729 sit,
2002 1663 2047 1715 si
2102 1662 2204 1715 ali-

504 1764 684 1818 quem
732 1750 1119 1818 dcfraudarct,
1168 1756 1229 1804 ut
1288 1750 1347 1803 in
1404 1751 1791 1820 quadruplum
1834 1751 2203 1803 restitueret?

508 1839 578 1891 Et
629 1837 763 1908 quia
813 1854 1103 1892 summurn
1152 1838 1211 1892 in
1262 1838 1492 1908 regibus
1538 1838 1751 1891 bonum
1798 1843 1881 1891 est
1924 1839 2205 1907 justitiam

507 1925 716 1987 colere,
773 1941 836 1979 ac
898 1943 999 1979 sua
1056 1926 1271 1996 quique
1316 1928 1444 1995 jura
1495 1942 1740 1993 servare,
1796 1930 1849 1979 et
1900 1927 1960 1979 in
2018 1926 2205 1995 subje-

509 2018 632 2067 ctos
658 2029 776 2067 non
833 2014 1016 2067 sinere
1067 2016 1216 2084 quod
1270 2016 1559 2085 potestatis
1601 2019 1685 2067 est
1739 2015 1886 2081 fieri,
1930 2014 2024 2068 sed
2055 2015 2205 2085 quod

507 2118 742 2171 mquum
775 2108 860 2156 est
889 2103 1184 2170 custodiri,
1216 2120 1358 2173 quos
1393 2120 1488 2156 vos
1514 2109 1570 2155 et
1596 2103 1851 2173 diligere,
1886 2108 1942 2155 et
1972 2103 2205 2157 omnino

506 2190 858 2243 conﬁdimus
915 2191 1142 2243 studere
1205 2207 1217 2244 :
1280 2196 1626 2261 quapropter
1682 2192 2029 2244 excellentia:
2092 2196 2203 2244 tum

506 2294 709 2331 mense
742 2279 1034 2332 novembri
1074 2279 1373 2348 prmsentis
1403 2280 1559 2344 anni,
1601 2280 1847 2333 secunda
1875 2280 2204 2344 indictione,

504 2368 743 2420 Petrum
767 2378 821 2419 et
848 2368 1247 2437 coepiscopum
1273 2384 1304 2421 a
1332 2368 1552 2437 gremio
1580 2374 1788 2421 sanctae
1821 2368 2092 2421 Romana:
2112 2369 2205 2421 Ec-

503 2454 697 2508 clesitr.
730 2456 1186 2522 transmittimus,
1220 2461 1283 2509 ut
1308 2456 1578 2510 fratribus
1610 2457 1863 2527 ejusdem
1898 2456 2203 2522 provinciae

504 2544 567 2597 in
620 2560 797 2597 unum
852 2546 1232 2615 congregatis,
1280 2545 1561 2598 emunitas
1617 2552 1674 2597 et
1726 2544 2097 2616 praesumptio
2148 2549 2203 2597 et

504 2630 872 2701 sacrilegium
939 2632 1210 2685 canonica
1276 2632 1597 2699 autoritate,
1676 2637 1731 2685 et
1797 2638 1982 2685 vestra
2046 2632 2202 2701 regia

502 2719 787 2789 dignitate
846 2720 1014 2773 talem
1079 2720 1394 2773 terminum
1458 2720 1762 2790 accipiant,
1841 2737 1911 2773 ne
1968 2722 2203 2790 posthac

506 2807 769 2862 membra
813 2807 1043 2874 diaboli,
1093 2809 1197 2861 filii
1230 2825 1498 2879 nequam,
1545 2809 1603 2861 in
1649 2813 1840 2862 sancta
1870 2808 2115 2862 Ecclesia
2146 2813 2199 2862 te

505 2898 683 2951 etiam
716 2896 795 2949 ibi
822 2901 1095 2967 regnante
1125 2897 1259 2951 talia
1287 2902 1655 2967 praesumant.

507 3002 638 3058 CAP.
672 3003 872 3057 XXVII.
908 3031 974 3041 —
1002 3004 1077 3055 De
1096 3002 1651 3127 rebusdegclestiasticis
1696 3001 1954 3071 quomodo
1983 3004 2202 3056 restitui

1274 3090 1297 3126 e
1336 3089 1433 3125 ean
1467 3115 1479 3126 .

1274 3089 1479 3126 eaeam.

581 3160 699 3229 (Ea:
753 3160 897 3214 decr.
930 3161 1170 3227 Eusebii,
1205 3164 1378 3229 capite
1423 3161 1499 3231 8.)
1549 3162 1613 3215 Et
1642 3161 1701 3214 in
1746 3160 1966 3231 legibus
2010 3162 2201 3215 saeculi

504 3254 743 3302 cautum
786 3249 1048 3303 habetur.
1096 3249 1202 3313 Qui
1239 3265 1358 3303 rem
1392 3248 1627 3319 surripit
1675 3249 1938 3309 alienam,
1989 3248 2073 3302 illi
2102 3265 2199 3303 cu-

495 3336 599 3407 jus
631 3353 718 3390 res
773 3337 1059 3407 dirempta
1106 3342 1207 3403 est,
1268 3338 1325 3390 in
1359 3336 1746 3407 undecuplum
1800 3352 1927 3407 quae
1980 3337 2201 3390 sublata

501 3429 641 3478 sunt
686 3426 965 3479 restituat.
1004 3427 1069 3479 Et
1099 3426 1159 3480 in
1190 3427 1316 3495 lege
1360 3426 1550 3479 divina
1588 3426 1818 3495 legitur.
1872 3425 2199 3479 Maledictus

500 3513 694 3567 omnis
724 3513 822 3583 qui
876 3514 1144 3567 transfert
1191 3513 1466 3567 terminos
1507 3513 1756 3583 proximi
1802 3512 1891 3565 sui
1923 3529 1935 3566 :
1970 3517 2025 3567 et
2062 3513 2200 3566 dicit

499 3602 694 3656 omnis
727 3602 992 3672 populus,
1036 3604 1237 3656 Amen.
1271 3602 1426 3655 Talia
1460 3618 1597 3671 ergo
1628 3617 1744 3655 non
1773 3607 2199 3670 praesumantur

496 3690 721 3760 absque
766 3690 1003 3756 ultione,
1057 3706 1162 3744 nec
1189 3696 1559 3744 exerceantur
1605 3689 1819 3759 absque
1870 3688 2195 3743 damnatio-

496 3795 598 3833 ne.
635 3780 859 3843 Pacem,
892 3783 949 3831 et
978 3795 1090 3832 non
1137 3779 1410 3832 damnum
1456 3782 1556 3831 aut
1585 3777 1926 3847 injustitiam
1958 3777 2197 3847 alicujus

492 3866 801 3921 sectamini
852 3866 913 3919 in
944 3865 1211 3935 invicem,
1260 3871 1315 3919 et
1354 3867 1412 3919 in
1445 3881 1664 3919 omnes.
1716 3865 1960 3918 Proinde
1992 3865 2037 3918 si
2069 3864 2196 3935 quis

476 3954 908 4009 .ecclesiasticas
954 3954 1288 4021 oblationes,
1342 3960 1399 4008 et
1447 3954 1597 4024 quod
1643 3954 1757 4008 Deo
1805 3959 2194 4007 consecratum

491 4041 697 4107 fuerit,
784 4042 1077 4111 rapuerit,
1148 4043 1235 4095 vel
1302 4040 1651 4095 consenserit
1710 4041 2069 4108 facientibus,
2132 4045 2196 4093 ut

496 4130 816 4201 sacrilegus
866 4131 1233 4201 dijudicetur,
1276 4136 1334 4184 et
1377 4131 1652 4185 damnum
1696 4130 1757 4183 in
1806 4130 2191 4200 quadruplum

492 4220 784 4285 restituat,
819 4224 875 4273 et
904 4218 1168 4272 canonice
1199 4219 1490 4288 poeniteat.

2239 1794 2278 1848 Β

2322 616 2378 662 et
2406 610 2522 663 suis
2553 612 2750 665 usibus
2789 613 3119 667 inserviant.
3153 615 3508 685 Quapropter
3545 618 3614 671 ab
3646 620 3907 673 omnibus
3934 621 4009 673 il-

2321 699 2372 750 la
2420 700 2809 769 usurpationis
2859 702 3205 755 contumelia
3256 704 3589 772 depellenda
3629 713 3732 773 est,
3766 724 3835 761 ne
3869 725 4009 778 prte-

2320 786 2412 839 dia
2458 787 2561 840 sub
2592 787 2823 841 secretis
2874 790 3192 843 caelestibus
3219 790 3470 859 judicata
3504 809 3533 845 a
3561 794 3900 863 quibusdam
3934 797 4008 848 ir-

2318 874 2619 927 ruentibus
2668 881 2958 932 vexentur.
2995 877 3151 941 Quod
3186 878 3230 931 si
3271 879 3399 948 quis
3432 884 3880 951 praesumpserit,
3919 900 4007 936 sa-

2320 962 2563 1031 crilegus
2608 964 2906 1031 habeatur,
2953 969 3010 1018 et
3056 965 3200 1019 sicut
3229 967 3539 1038 sacrilegus
3583 968 3888 1038 judicetur.
3923 970 4009 1039 lp-

2318 1066 2410 1103 sos
2450 1055 2641 1105 autem
2699 1052 2796 1121 qui
2846 1052 2950 1105 hoc
2982 1059 3202 1123 agunt:
3235 1055 3469 1108 clericos
3518 1072 3580 1109 ac
3639 1057 3864 1110 Domini
3912 1075 4004 1110 sa-

2318 1138 2573 1191 cerdotes
2625 1140 2891 1210 persequi
2948 1157 3159 1210 eosque
3211 1142 3488 1197 infamare
3541 1144 3884 1217 audivimus,
3942 1149 4006 1198 ut

2319 1226 2532 1280 malum
2567 1243 2735 1297 super
2764 1229 2975 1281 malum
3023 1230 3294 1283 addentes
3333 1232 3644 1287 deteriores
3694 1235 3855 1303 fiant,
3887 1253 4005 1290 non

2316 1311 2706 1382 intelligentes
2750 1315 2902 1384 quod
2934 1315 3176 1369 Ecclesia
3214 1318 3310 1370 Dei
3341 1318 3401 1371 in
3441 1321 3830 1375 sacerdotibus
3863 1340 4003 1376 con-

2317 1400 2499 1468 sistat,
2557 1407 2613 1455 et
2655 1408 2870 1456 crescat
2913 1403 2971 1456 in
3016 1405 3295 1473 templum
3329 1406 3427 1459 Dei
3462 1423 3474 1459 :
3504 1413 3561 1461 et
3606 1410 3750 1463 sicut
3778 1410 3869 1464 cui
3903 1412 4003 1463 Ec-

2315 1489 2542 1542 clesiam
2582 1490 2677 1542 Dei
2726 1494 2904 1543 vastat
2934 1491 3169 1562 ejusque
3218 1494 3431 1562 praedia
3464 1500 3520 1547 et
3559 1495 3797 1550 donaria
3829 1514 4004 1569 expo—

2315 1576 2417 1630 liat
2446 1581 2498 1630 et
2532 1577 2766 1645 invadit,
2812 1578 2874 1632 ﬁt
2907 1580 3232 1649 sacrilegus,
3269 1581 3347 1634 sic
3390 1587 3445 1635 et
3490 1583 3585 1637 ille
3618 1585 3717 1654 qui
3760 1587 3884 1656 ejus
3916 1604 4003 1640 sa-

2316 1665 2568 1718 cerdotes
2620 1665 2961 1735 insequitur,
2996 1667 3274 1739 sacrilegii
3320 1686 3447 1723 reus
3493 1672 3682 1726 existit
3727 1678 3781 1727 et
3829 1675 4002 1728 sacri-

2315 1750 2477 1821 legus
2502 1746 2808 1822 judicatur.

2318 1857 2444 1911 CAP.
2479 1859 2620 1911 XXX.
2648 1862 2824 1933 _——7De
2863 1861 2943 1913 his
2979 1864 3074 1933 qui
3104 1865 3463 1917 truncationes
3495 1866 3869 1933 membrorum,
3914 1868 4000 1921 de-

2508 1929 2869 1995 praedationes
2900 1936 2947 1983 et
2978 1932 3248 1986 domorum
3280 1935 3529 1987 incendia
3557 1938 3802 2001 fecerint.

2389 2014 2499 2084 (Eas
2539 2016 2681 2068 decr.
2717 2018 3051 2086 Eutychian.
3083 2024 3286 2087 papae.)
3336 2021 3389 2075 Si
3439 2023 3565 2091 quis
3608 2025 4000 2078 membrorum

2315 2104 2723 2169 truncationes,
2769 2105 3069 2159 domorum
3103 2107 3365 2161 incendia
3398 2110 3613 2179 fecerit,
3670 2112 3785 2165 sive
3816 2113 3999 2167 facere

2309 2191 2564 2260 jusserit,
2606 2196 2704 2245 aut
2751 2192 2971 2247 facienti
3018 2197 3388 2264 consenserit,
3441 2215 3739 2269 quousque
3795 2201 3862 2254 de
3911 2202 4000 2254 his

2318 2280 2624 2348 unicuique
2671 2281 2930 2350 legaliter
2974 2283 3061 2335 vel
3091 2284 3464 2338 amicabiliter
3506 2302 3693 2339 coram
3735 2288 4000 2358 episcopo

2314 2367 2556 2419 civitatis
2601 2366 2839 2436 aliisque
2872 2368 3085 2421 civibus
3130 2386 3242 2423 non
3274 2372 3679 2438 emendaverit,
3714 2375 3784 2426 ab
3816 2376 4001 2428 Eccle-

2314 2455 2394 2507 sia
2448 2470 2505 2508 se
2539 2455 2820 2524 privatum
2879 2464 3193 2526 cognoscat.
3238 2457 3294 2511 Si
3345 2474 3477 2511 vero
3528 2466 3654 2528 post
3695 2461 3999 2514 secundam

2314 2547 2371 2596 et
2422 2544 2644 2596 tertiam
2677 2545 3134 2608 conventionem,
3185 2551 3383 2599 cuncta
3419 2547 3475 2599 in
3508 2548 3713 2617 quibus
3743 2549 4003 2617 arguitur

2314 2647 2427 2684 non
2477 2632 2883 2698 emendaverit,
2938 2637 3208 2702 tanquam
3259 2634 3515 2687 ethnicus
3559 2639 3613 2688 et
3663 2636 4001 2706 publicanus

2315 2718 2382 2773 ab
2411 2719 2566 2773 omni
2590 2719 3037 2774 Christianorum
3061 2723 3300 2792 collegio
3328 2728 3641 2793 separetur.

2313 2825 2440 2879 CAP.
2476 2825 2653 2878 XXXI.
2688 2855 2754 2865 —
2785 2826 2940 2890 Quod
2983 2842 3099 2879 cum
3126 2831 3576 2882 emcommunicato
3609 2845 3765 2883 orare
3796 2846 3899 2885 non
3930 2833 3997 2883 li-

3087 2903 3218 2950 ceat.

2384 2982 2487 3050 (Ex
2514 2984 2674 3036 dictis
2713 2984 2767 3038 S.
2804 2984 3042 3053 Isidori.)
3079 2985 3216 3038 Cum
3249 2987 3757 3053 excommunicato,
3809 3006 3995 3059 neque

2237 3068 2276 3122 C
2315 3085 2496 3137 orare,
2530 3086 2714 3141 neque
2747 3071 2925 3141 loqui,
2978 3072 3086 3124 nisi
3116 3088 3182 3125 ea
3211 3088 3337 3141 quae
3368 3073 3435 3127 ad
3475 3075 3733 3127 eamdem
3766 3091 3992 3129 excom-

493 4326 633 4381 CAP.
668 4326 896 4379 XXVIII.
917 4355 987 4365 —
1019 4324 1173 4390 Quod
1197 4326 1451 4391 sacrilegi
1471 4326 1582 4377 sint
1602 4325 1961 4378 Ecclesiarum
1983 4323 2193 4390 prado-
2221 4339 2264 4392 ι)

1290 4410 1401 4448 nes.

575 4484 683 4554 (Er
709 4486 932 4539 concilio
980 4486 1245 4552 Mogunti,
1291 4487 1467 4552 capite
1497 4483 1567 4551 3.)
1603 4481 1872 4552 Sacrilegi
1916 4487 2047 4535 sunt
2094 4484 2190 4536 Ec-

490 4572 805 4628 clesiarum
847 4574 1167 4643 praedones.
1219 4574 1375 4627 Unde
1407 4577 1463 4626 et
1500 4573 1558 4625 in
1597 4571 1833 4625 concilio
1880 4571 2191 4641 Agatbensi

489 4662 607 4714 sub
656 4665 858 4729 quarto
907 4661 1157 4730 capitulo
1208 4661 1498 4715 decretum
1543 4659 1785 4711 habetur
1832 4658 1907 4711 ita
1944 4674 1957 4711 :
1992 4658 2189 4711 Amico

488 4745 794 4819 quippiam
825 4764 1026 4819 rapere
1064 4750 1281 4802 furtum
1311 4753 1398 4802 est
1428 4765 1440 4801 :
1480 4747 1737 4801 Ecclesiae
1771 4762 1901 4799 vero
1934 4745 2188 4799 fraudari

483 4837 581 4890 vel
642 4836 892 4889 abstrahi
949 4837 1274 4907 surripique
1328 4835 1709 4905 sacrilegium.
1770 4834 1979 4888 Omnes
2034 4834 2186 4887 enim

484 4928 693 4978 contra
747 4924 931 4994 legem
965 4925 1254 4992 facientes,
1304 4940 1508 4994 resque
1544 4921 1798 4976 Ecclesiae
1830 4921 2182 4990 diripientes,

481 5012 577 5067 vel
630 5012 905 5065 Ecclesias
955 5012 1390 5082 sacerdotesque
1439 5016 1635 5065 contra
1683 5010 1900 5063 divinas
1939 5009 2184 5063 sanctio-

484 5116 594 5156 nes
643 5105 912 5153 vexantes
960 5100 1221 5170 sacrilegi
1250 5105 1546 5165 vocantur,
1592 5104 1763 5169 atque
1794 5097 2185 5152 indubitanter

477 5190 753 5255 infames,
789 5189 1163 5260 sacrilegique
1190 5188 1437 5242 habendi
1467 5192 1617 5241 sunt.

920 5278 1047 5330 CAP.
1074 5276 1246 5330 XXIX.
1282 5304 1349 5316 —
1372 5278 1445 5330 De
1470 5275 1652 5329 eadem
1680 5290 1755 5328 re.

559 5365 672 5430 (Ea:
697 5367 856 5432 epist.
888 5364 987 5417 Pii
1016 5380 1172 5432 papa:
1200 5365 1417 5418 Italicis
1445 5363 1717 5429 fratribus
1747 5360 1959 5431 missa.)
1992 5360 2070 5414 Ad
2097 5376 2181 5414 se-

476 5454 616 5508 dem
650 5456 843 5505 autem
894 5454 1267 5521 apostolicam
1299 5454 1583 5521 perlatum
1615 5456 1718 5517 est,
1765 5450 1915 5520 quod
1950 5449 2061 5503 sint
2092 5449 2179 5503 in-

474 5546 576 5594 ter
607 5556 706 5592 vos
748 5539 1143 5593 contentiones
1197 5545 1254 5592 et
1305 5539 1703 5604 emulationes,
1746 5543 1801 5591 et
1844 5536 2062 5607 praedia
2092 5536 2178 5589 di-

475 5627 636 5681 vinis
668 5628 866 5681 usibus
901 5628 1124 5694 tradita,
1169 5627 1399 5697 quidam
1452 5626 1717 5681 humanis
1746 5626 2033 5695 applicent
2063 5624 2178 5678 usi-

2314 3159 2763 3213 municationem
2821 3160 3131 3230 pertinent,
3206 3177 3392 3231 nequc
3456 3162 3604 3216 vesci
3668 3164 3870 3234 cuique
3929 3165 3995 3218 li-

2344 3254 2450 3301 eat.

2344 3265 2450 3301 eat.

2312 3265 2337 3302 ο
2505 3337 2508 3341 ’
2713 3335 2839 3389 CAP.
2868 3334 3074 3389 XXXII.
3109 3364 3175 3376 —-
3208 3338 3288 3390 De
3309 3337 3489 3391 eadem
3518 3354 3594 3392 re.

2380 3425 2498 3490 (Ea:
2530 3423 2688 3477 dictis
2732 3424 3009 3491 ejusdem.)
3041 3424 3096 3477 Si
3140 3424 3267 3494 quis
3296 3425 3489 3491 frater,
3542 3429 3638 3479 aut
3676 3426 3863 3496 palam
3897 3432 3997 3481 aut

2310 3512 2576 3566 absconsc
2622 3528 2749 3565 cum
2792 3512 3278 3566 excommunicato
3328 3514 3499 3567 fuerit
3542 3515 3781 3579 locutus,
3835 3531 3993 3569 com-

2308 3617 2541 3655 munem
2570 3600 2757 3653 statim
2803 3616 2932 3653 cum
2974 3616 3041 3655 eo
3069 3601 3668 3656 excommunicationis
3697 3604 3996 3658 contrahet

2306 3704 2552 3760 poenam.

2702 3776 2827 3830 Car.
2862 3776 3084 3829 XXXIII.
3118 3805 3185 3814 —
3215 3778 3289 3830 De
3310 3776 3491 3830 eadem
3517 3793 3593 3831 re.

2377 3863 2484 3932 (Ea:
2513 3863 2673 3917 dictis
2720 3866 3000 3917 Fructuosi
3029 3864 3307 3933 episcopi.)
3356 3865 3495 3919 Cum
3526 3867 3990 3921 excommunica-

2306 3954 2364 4005 to
2417 3952 2608 4005 nullus
2661 3951 2945 4021 loquatur,
3006 3968 3191 4021 neque
3245 3953 3498 4023 qualibet
3548 3970 3678 4007 eum
3733 3971 3987 4026 compas-

2305 4041 2466 4095 sione
2513 4041 2597 4094 vel
2646 4040 3009 4094 miseratione
3058 4040 3324 4107 refoveat,
3366 4058 3551 4112 neque
3600 4042 3667 4095 ad
3701 4045 3989 4099 contradi-

2305 4130 2571 4196 ctionem,
2607 4128 2696 4182 vel
2725 4128 3051 4197 superbiam
3084 4131 3405 4183 confortare
3440 4136 3764 4199 praesumat.

2694 4218 2821 4271 CAP.
2855 4218 3068 4271 XXXIV.
3101 4248 3169 4255 —
3203 4219 3281 4271 De
3308 4218 3487 4271 eadem
3519 4235 3595 4272 re.

2376 4305 2483 4375 (Ea:
2510 4306 2727 4359 concilio
2773 4305 3048 4369 Antioch.,
3083 4307 3258 4373 capite
3298 4306 3376 4373 2.)
3422 4305 3563 4358 Cum
3598 4308 3988 4360 excommuni-

2304 4394 2442 4448 catis
2490 4408 2606 4446 non
2637 4392 2767 4444 licet
2817 4392 3263 4459 communicare,
3312 4408 3411 4446 nec
3442 4409 3571 4447 cum
3618 4393 3707 4447 his
3754 4394 3850 4464 qui
3884 4412 3987 4464 per

2301 4480 2500 4534 domos
2557 4479 2920 4541 conveniunt,
2990 4477 3301 4531 devitantes
3369 4479 3654 4533 orationes
3712 4482 3987 4545 ecclesiae,

2300 4566 2397 4619 ubi
2431 4567 2602 4619 simul
2647 4565 2925 4618 orandum
2972 4570 3071 4617 est.
3119 4565 3175 4617 Si
3223 4564 3467 4634 quilibet
3516 4571 3703 4620 autem
3737 4584 3802 4621 ex
3834 4570 3983 4622 clero

2299 4655 2687 4725 deprehensus
2735 4653 2907 4707 fuerit
2944 4669 3071 4706 cum
3116 4654 3619 4708 excommunicatis
3667 4658 3983 4711 communi-

2296 4759 2441 4809 care,
2476 4742 2645 4797 etiam
2677 4742 2780 4795 iste
2813 4741 3064 4810 privetur
3094 4742 3517 4796 communione.

2700 4830 2826 4884 CAP.
2858 4830 3053 4884 XXXV.
3085 4860 3153 4867 —-
3184 4832 3255 4883 De
3286 4830 3468 4884 eadem
3497 4847 3574 4885 re.

2367 4920 2476 4989 (Ea:
2506 4932 2703 4973 canone
2749 4919 3152 4986 apostolorum)
3209 4917 3265 4971 Si
3295 4918 3425 4989 quis
3476 4936 3604 4973 cum
3653 4935 3977 4974 excommu-

2293 5008 2499 5071 nicato,
2553 5008 2752 5060 saltem
2785 5007 2845 5059 in
2874 5006 3064 5070 domo,
3124 5007 3293 5060 simul
3345 5008 3610 5076 oraverit,
3662 5009 3767 5062 iste
3815 5024 3975 5062 com-

2292 5096 2564 5149 munione
2597 5095 2870 5165 privetur.

2679 5184 2805 5237 CAP.
2836 5184 3050 5237 XXXVI.
3084 5214 3151 5221 —
3192 5184 3273 5236 De
3301 5182 3482 5236 eadem
3510 5198 3585 5237 re.

2359 5273 2469 5340 (Em
2507 5272 2727 5326 concilio
2757 5273 2989 5338 Nicaeae,
3023 5273 3198 5339 capite
3228 5268 3303 5339 5.)
3336 5270 3410 5323 De
3454 5269 3540 5322 his
3571 5268 3667 5339 qui
3715 5286 3972 5325 commu-

2289 5360 2459 5414 nione
2506 5359 2821 5430 privantur,
2874 5374 2969 5410 seu
3004 5372 3071 5409 ex
3099 5357 3267 5421 clero,
3312 5370 3412 5408 seu
3443 5355 3715 5409 exlaicali
3748 5358 3969 5423 ordine,

2289 5449 2359 5502 ab
2394 5448 2673 5518 episcopis
2722 5463 2823 5517 per
2853 5459 3317 5514 unamquamque
3360 5442 3711 5513 provinciam
3745 5451 3971 5499 senten-

2287 5536 2367 5589 tia
2414 5536 2692 5605 regularis
2738 5534 3082 5595 obtineatur,
3129 5535 3192 5585 ut
3239 5532 3300 5585 hi
3354 5531 3453 5602 qui
3485 5531 3853 5601 abjiciuntur,
3901 5533 3970 5587 ab

2289 5624 2414 5677 aliis
2445 5638 2560 5678 non
2611 5621 2979 5692 recipiantur.
3038 5619 3386 5690 Requiratur
3428 5625 3615 5674 autem
3666 5636 3736 5675 ne
3782 5620 3969 5691 pusil-
