3966 6392
191 423 296 475 86⁸7

1268 414 1674 473 BURCHARDI
1714 416 2246 474 WORMACIENSIS
2284 415 2620 472 EPISCOPI.

3594 423 3699 475 868

193 543 516 598 lanimitate
565 545 664 596 aut
714 539 1101 605 contentione,
1147 540 1236 594 vel
1289 540 1399 594 alio
1441 540 1700 611 quolibet
1751 539 1888 594 vitio
1919 542 1963 594 A
2003 539 2237 593 dicium.
2272 539 2356 593 Ab
2383 538 2661 592 universis
2697 537 2980 609 episcopis
3012 538 3226 593 dictum
3259 542 3343 594 est
3377 555 3388 595 :
3423 539 3702 596 Omnibus

197 630 454 700 episcopi
485 628 746 682 videatur
775 643 808 679 a
832 626 1235 680 communione
1259 627 1528 680 seclusus.

589 717 715 770 CAP.
748 715 993 770 XXXVII.
1027 745 1094 753 —
1116 717 1190 768 De
1215 715 1396 768 eadem
1426 731 1503 767 re.

269 805 376 875 (Ea:
418 807 637 859 concilio
665 804 948 869 Antioche,
1007 805 1184 871 capite
1215 803 1292 872 6.)
1339 802 1394 857 Si
1427 803 1554 874 quis
1597 819 1629 856 a
1657 802 1893 874 proprio

199 896 470 966 episcopo
511 893 920 948 communione
970 892 1226 962 privatus
1267 897 1370 958 est,
1428 908 1548 946 non
1600 897 1730 946 ante
1779 908 1895 945 sus-

194 983 440 1052 cipiatur
493 983 562 1036 ab
596 981 722 1036 aliis
767 981 1069 1051 episcopis,
1117 996 1291 1051 quam
1344 997 1445 1034 suo
1495 979 1896 1035 reconcilietur

193 1071 480 1142 episcopo.

551 1157 677 1214 CAP.
709 1157 989 1213 XXXVIII.
1025 1186 1095 1196 —
1133 1157 1213 1209 De
1242 1155 1427 1209 eadem
1457 1171 1534 1208 re.

265 1252 373 1322 (Ea:
402 1251 544 1304 decr.
589 1248 778 1304 Calist.
810 1261 991 1316 papa,
1037 1247 1214 1314 capite
1245 1243 1319 1314 3.)
1368 1243 1892 1298 Excommunicatos

197 1354 426 1411 quoque
453 1354 485 1390 a
518 1335 907 1389 sacerdotibus
939 1333 1127 1386 nullus
1161 1333 1400 1401 recipiat
1433 1337 1564 1385 ante
1596 1331 1892 1402 utriusque

193 1427 371 1500 partis
412 1423 894 1479 examinationem
938 1422 1177 1491 justam,
1232 1437 1334 1474 nec
1366 1436 1494 1473 cum
1538 1420 1618 1472 eis
1647 1419 1707 1472 in
1757 1436 1892 1472 ora-

193 1515 370 1582 tione,
418 1518 518 1566 aut
556 1511 704 1576 cibo,
762 1511 848 1563 vel
897 1514 1055 1579 potu,
1109 1511 1210 1561 aut
1262 1508 1455 1561 osculo
1486 1507 1889 1576 communicet,

193 1619 296 1656 nec
329 1606 440 1656 Ave
491 1602 572 1654 eis
617 1601 763 1654 dicat
799 1617 810 1653 :
845 1599 980 1669 quia
1029 1597 1358 1668 quicunque
1405 1597 1463 1649 in
1497 1597 1604 1663 his,
1637 1597 1720 1649 vel
1768 1596 1890 1648 aliis

193 1691 502 1760 prohibitis
550 1689 794 1743 scienter
825 1685 1334 1740 excommunicatis
1359 1684 1887 1750 communicaverit,

189 1780 351 1849 juxta
398 1779 789 1847 apostolorum
836 1775 1278 1838 institutionem,
1312 1778 1370 1826 et
1417 1773 1535 1842 ipsc
1587 1773 1762 1826 simili
1793 1789 1888 1826 ex-

193 1867 700 1922 communicationi
731 1865 1036 1933 subjaceat.

596 1956 721 2009 CAP.
752 1954 966 2007 XXXIX.
1000 1982 1068 1990 —
1099 1953 1171 2005 De
1197 1951 1381 2003 eadem
1406 1965 1482 2004 re.

265 2045 376 2112 (Em
407 2045 629 2098 concilio
679 2039 985 2108 Antioche.)
1037 2041 1159 2093 Non
1197 2044 1385 2091 autem
1422 2037 1588 2090 liceat
1627 2052 1888 2090 commu-

192 2131 383 2186 nicare
432 2129 950 2193 incommunicatis,
1007 2143 1195 2196 neque
1240 2142 1343 2196 per
1386 2126 1589 2180 domos
1644 2123 1886 2194 ingredi,

195 2225 251 2273 et
281 2235 408 2272 cum
443 2219 524 2271 eis
573 2233 755 2283 orare,
792 2215 892 2286 qui
924 2216 1184 2268 Ecclesia
1215 2213 1273 2266 in
1323 2213 1578 2267 oratione
1609 2229 1725 2266 non
1758 2228 1888 2282 par-

194 2306 457 2376 ticipant,
505 2321 607 2358 nec
656 2305 714 2356 in
764 2303 1001 2356 alteram
1064 2302 1364 2355 Ecclesiam
1420 2301 1616 2370 recipi,
1671 2300 1771 2370 qui
1818 2300 1889 2353 ab

195 2395 308 2447 alia
357 2392 942 2445 excommunicantur.
977 2390 1134 2451 Quod
1171 2390 1217 2442 si
1245 2389 1397 2442 visus
1447 2388 1622 2442 fuerit
1649 2388 1892 2458 quilibet

196 2483 622 2551 episcoporum,
674 2479 760 2532 vel
811 2479 1299 2548 presbyterorum,
1352 2480 1449 2529 aut
1497 2475 1887 2542 diaconorum,

194 2570 284 2622 vel
318 2569 489 2621 etiam
529 2567 629 2637 qui
668 2567 726 2619 in
757 2582 975 2619 canone
1008 2566 1358 2625 detinentur,
1392 2563 1891 2617 incommunicatis

196 2655 643 2719 communicare,
677 2659 735 2707 et
779 2654 931 2706 hunc
965 2645 1190 2722 oportet
1219 2653 1622 2705 communione
1652 2650 1888 2721 privari,

194 2748 469 2814 tanquam
501 2742 759 2796 Ecclesia
796 2741 1020 2810 regulas
1053 2740 1518 2792 confundentem.

650 2830 778 2884 CAP;
812 2829 914 2882 XL.
950 2859 1015 2867 —
1052 2831 1124 2882 De
1153 2829 1336 2881 eadem
1359 2843 1435 2880 re.

269 2919 387 2990 (Ea
425 2919 568 2973 decr.
623 2919 863 2972 Fabiani
904 2933 1066 2986 papa
1112 2918 1376 2985 episcopis
1425 2915 1622 2968 Galliae
1664 2916 1888 2980 missis.)

199 3008 255 3062 Si
319 3007 444 3078 quis
527 3012 730 3077 sponte
807 3004 1315 3059 communicaverit
1382 3003 1890 3072 excommunicato,

198 3095 393 3160 verbo,
445 3094 722 3157 oratione,
780 3093 840 3146 in
885 3093 1032 3157 cibo,
1081 3092 1169 3144 vel
1226 3096 1384 3160 potu,
1427 3092 1510 3144 XL
1541 3091 1661 3144 dies
1704 3090 1890 3160 pani-
1927 3090 1966 3144 C

199 3186 318 3236 teat
356 3183 416 3235 in
446 3197 616 3250 pane,
659 3181 796 3243 sale,
832 3184 888 3232 et
933 3195 1098 3248 aqua.
1130 3178 1235 3241 Qui
1273 3193 1405 3230 vero
1455 3177 1538 3230 eis
1567 3177 1895 3229 communi-

199 3270 413 3323 caverit
455 3269 514 3321 in
544 3266 889 3330 homicidiis,
936 3266 1022 3318 vel
1055 3264 1310 3334 ﬂagitiis,
1361 3280 1491 3317 reus
1521 3264 1627 3317 erit
1673 3264 1795 3329 ira,
1843 3269 1898 3317 et

197 3357 462 3410 vindicta
496 3355 596 3409 Dei
644 3353 1055 3424 omnipotentis
1087 3369 1259 3423 quem
1303 3353 1525 3422 spernit
1559 3368 1572 3406 :
1609 3352 1743 3422 quia
1774 3353 1897 3405 hac

198 3445 394 3498 omnia
424 3443 613 3497 divina
645 3443 696 3496 ei
745 3458 881 3495 voce
931 3441 1233 3494 interdicta
1270 3443 1426 3507 sunt,
1461 3445 1537 3508 et,
1580 3440 1894 3494 secundum

196 3533 554 3602 Apostolum,
584 3529 814 3584 obedire
850 3530 963 3583 Deo
1007 3533 1234 3598 oportet
1277 3527 1458 3597 magis
1509 3545 1682 3599 quam
1714 3529 1898 3582 homi-

196 3621 407 3687 nibus;
439 3625 494 3674 et
539 3619 856 3673 secundum
905 3618 1056 3688 quod
1089 3616 1350 3688 deliquit,
1383 3617 1556 3688 digne
1593 3617 1753 3688 juxta
1798 3617 1896 3671 de-

195 3714 348 3763 creta
390 3724 678 3762 canonum
730 3706 1048 3776 poeniteat:
1085 3714 1141 3762 et
1187 3705 1234 3759 si
1290 3705 1569 3775 poenitere
1622 3706 1893 3772 noluerit,

197 3794 742 3850 excommunicetur.

640 3883 769 3937 CAP.
801 3882 934 3937 XLI.
963 3911 1031 3920 -——
1063 3883 1135 3934 De
1163 3881 1348 3934 eadem
1375 3895 1452 3934 re.

269 3972 390 4039 (Ea:
440 3971 664 4025 concilio
716 3971 998 4034 Meldensi,
1031 3971 1207 4037 capite
1261 3969 1367 4036 10.)
1425 3969 1501 4021 De
1539 3966 1629 4020 his
1661 3965 1760 4037 qui
1789 3982 1894 4036 pro

197 4059 400 4113 delicto
449 4074 552 4111 suo
606 4074 634 4110 a
667 4056 1069 4110 communione
1117 4059 1478 4125 separantur,
1534 4055 1614 4107 ita
1659 4053 1894 4124 placuit,

197 4155 260 4203 ut
287 4149 343 4202 in
375 4149 811 4219 quibuscunque
843 4147 981 4200 locis
1011 4146 1229 4200 fuerint
1275 4144 1505 4213 exclusi,
1539 4144 1744 4200 eodem
1773 4145 1895 4198 loco

196 4243 622 4307 consequantur
647 4233 1138 4288 communionem.

623 4325 751 4378 CAP.
782 4323 944 4378 XLII.
977 4353 1046 4361 -
1075 4325 1148 4376 De
1178 4321 1362 4375 eadem
1387 4337 1465 4377 re.

267 4413 386 4483 (Ea:
434 4413 654 4467 concilio
716 4414 980 4474 Rotoma.,
1016 4413 1192 4478 capite
1241 4409 1317 4480 3.)
1371 4410 1516 4464 Sunt
1563 4407 1743 4479 aliqui
1793 4408 1893 4478 qui

195 4503 378 4572 culpis
433 4500 792 4572 exigentibus
840 4500 911 4554 ab
958 4499 1229 4570 episcopo
1279 4498 1515 4568 proprio
1564 4512 1893 4550 excommu-

195 4591 482 4654 nicantur,
536 4594 592 4642 et
632 4589 702 4642 ab
756 4588 882 4642 aliis
935 4585 1349 4652 ecclesiasticis,
1401 4585 1488 4638 vel
1545 4585 1700 4638 laicis
1745 4599 1892 4653 pra-

196 4677 538 4748 sumptione,
609 4677 668 4730 in
734 4676 1204 4729 communionem
1279 4673 1660 4743 accipiuntur,
1738 4672 1893 4742 quod

196 4765 431 4820 omnino
461 4769 718 4818 sanctum
753 4765 1049 4817 Nicanum
1082 4762 1410 4828 concilium,
1438 4761 1610 4814 simul
1642 4764 1698 4813 et
1725 4759 1892 4814 Chal-

195 4854 534 4917 cedonense,
597 4866 822 4904 necnon
880 4854 936 4904 et
995 4849 1418 4904 Antiochenam
1478 4853 1649 4918 atque
1706 4847 1894 4902 Sardi,

195 4956 361 4994 cense
393 4939 515 4992 tieri
545 4937 875 5008 prohibent.

613 5026 744 5080 CAP.
778 5025 961 5078 XLIII.
991 5055 1060 5064 —
1091 5027 1165 5078 De
1191 5023 1374 5078 eadem
1403 5039 1480 5077 re.

268 5118 377 5182 (E1:
423 5114 645 5168 concilio
694 5114 982 5180 Carthag.,
1032 5114 1210 5181 capite
1248 5110 1324 5181 9.)
1383 5109 1733 5180 Augustinus
1779 5108 1895 5178 epi-

197 5219 400 5272 scopus
451 5202 670 5270 legatus
723 5199 1007 5253 Numidia
1053 5197 1356 5268 provincia
1389 5197 1572 5251 dixit:
1608 5197 1729 5250 Hoc
1780 5203 1892 5251 sta-

195 5297 355 5344 tuere
402 5287 744 5360 dignemini,
791 5287 929 5341 utsi
987 5287 1085 5356 qui
1121 5287 1265 5340 forte
1319 5287 1526 5339 merito
1573 5285 1892 5338 facinorum

196 5393 431 5431 suorum
462 5376 531 5430 ab
578 5375 822 5429 Ecclesia
853 5374 1002 5444 pulsi
1054 5378 1207 5440 sunt,
1249 5378 1304 5427 et
1354 5374 1471 5426 sive
1524 5373 1594 5426 ab
1627 5373 1894 5442 episcopo

196 5466 391 5534 aliquo
422 5465 510 5517 vel
557 5466 891 5534 presbytero
935 5462 1150 5516 fuerint
1179 5462 1241 5515 in
1271 5461 1739 5516 communionem
1769 5476 1892 5514 sns-

198 5551 366 5619 cepti,
429 5550 603 5604 etiam
659 5551 780 5620 ipse
837 5549 965 5621 pari
1017 5565 1148 5604 cum
1203 5550 1284 5603 eis
1339 5549 1579 5603 crimine
1632 5552 1895 5602 teneatur

201 5635 503 5702 obnoxius,
559 5637 976 5707 refugientibus
1033 5637 1122 5691 sui
1177 5637 1434 5708 episcopi
1484 5636 1750 5706 regulare
1795 5635 1891 5705 ju-

2004 627 2204 698 placet.

2415 715 2542 769 CAP.
2576 715 2752 768 XLIV.
2787 744 2855 753 -—-
2889 718 2959 769 De
2988 715 3174 768 eadem
3205 731 3278 768 re.

2075 804 2193 872 (Em
2239 802 2438 868 eodem,
2497 806 2674 872 capite
2709 804 2821 872 73.)
2877 803 2983 866 Qui
3027 803 3555 871 communicaverit,
3612 807 3700 859 vel

2004 892 2253 945 oraverit
2280 906 2409 944 cum
2456 891 2948 944 excommunicato
2977 909 2993 944 :
3025 892 3072 944 si
3112 892 3291 946 laicus
3334 898 3438 956 est,
3473 908 3699 947 excom-

2006 978 2349 1043 municetur,
2382 979 2427 1032 si
2451 979 2712 1044 clericus,
2741 979 3082 1048 deponatur.

2003 1083 2132 1138 CAP.
2163 1085 2318 1140 XLV.
2367 1115 2436 1125 —
2489 1085 2568 1158 De
2595 1085 2724 1158 illis,
2750 1088 2847 1154 qui
2892 1102 2959 1139 ea:
3007 1085 3123 1139 alia
3160 1089 3427 1155 parochia
3473 1093 3620 1158 sunt,
3653 1094 3702 1142 et

2508 1156 2933 1224 depraedationes
2959 1159 3193 1223 faciunt.

2074 1242 2195 1309 (Ea:
2229 1244 2450 1297 concilio
2507 1244 2796 1304 Meldensi,
2855 1247 3032 1313 capite
3060 1247 3139 1312 2.)
3188 1245 3263 1298 De
3314 1246 3426 1299 illis
3485 1251 3696 1309 autem,

2001 1331 2102 1401 qui
2153 1331 2302 1384 infra
2358 1331 2686 1400 parochiam
2746 1333 3089 1386 beneficium
3146 1338 3245 1385 aut
3305 1334 3698 1388 hareditatem

1999 1419 2230 1486 habent,
2282 1423 2338 1472 et
2386 1419 2622 1473 alterius
2671 1420 2924 1490 episcopi
2975 1421 3313 1491 parochiani
3346 1426 3497 1488 sunt,
3544 1429 3600 1476 et
3628 1424 3698 1477 de

2001 1517 2121 1560 loco
2154 1507 2219 1561 ad
2260 1507 2449 1560 locum
2492 1508 2600 1561 iter
2629 1508 2866 1576 faciunt,
2896 1511 3127 1578 rapinas
3157 1516 3214 1564 et
3243 1510 3697 1580 depradationes

1999 1600 2302 1664 peragunt,
2340 1596 2556 1665 placuit
2585 1602 2650 1649 ut
2692 1597 3277 1661 excommunicentur,
3326 1615 3430 1652 nec
3475 1607 3603 1653 ante
3634 1616 3698 1653 cx

2000 1684 2271 1753 parochia
2334 1691 2559 1750 exeant,
2629 1701 2804 1754 quam
2871 1703 2996 1756 qua
3063 1692 3470 1757 perpetrarunt
3527 1689 3699 1757 digne

2001 1773 2327 1825 emendent.
2376 1771 2632 1835 Quorum
2683 1774 3202 1827 excommunicatio
3230 1775 3440 1828 seniori
3473 1791 3696 1840 eorum,

2001 1864 2057 1912 et
2111 1860 2347 1929 proprio
2393 1860 2659 1930 episcopo
2725 1860 3101 1930 signiﬁcanda
3147 1868 3252 1926 est,
3313 1879 3382 1916 ne
3430 1880 3524 1916 eos
3569 1865 3702 1917 reci-

1999 1948 2162 2016 piant
2195 1953 2505 2016 antequam
2540 1948 2674 2000 illuc
2705 1949 2961 2014 redeant,
3007 1949 3104 2003 ubi
3132 1950 3393 2019 rapinam
3422 1951 3696 2018 fecerunt,

1999 2039 2055 2089 et
2086 2035 2279 2088 omnia
2308 2035 2558 2104 pleniter
2583 2036 2910 2090 emendent.

2071 2123 2199 2176 CAP.
2228 2123 2404 2177 XLVI.
2438 2152 2498 2162 —
2538 2127 2609 2177 De
2632 2125 2744 2176 illis
2777 2126 2875 2192 qui
2904 2124 3205 2189 defendunt
3237 2124 3623 2192 delinquentes.

2071 2210 2184 2274 (Em
2211 2212 2372 2264 dictis
2416 2212 2614 2264 Basilii
2659 2210 2939 2280 episcopi.)
2988 2211 3095 2274 Qui
3143 2213 3422 2266 consentit
3453 2230 3695 2282 peccan-

1999 2298 2172 2363 tibus,
2221 2303 2274 2350 et
2324 2298 2580 2352 defendit
2634 2299 2811 2351 alium
2845 2299 3301 2370 delinquentem,
3360 2301 3696 2354 maledictus

1998 2387 2106 2439 erit
2135 2387 2285 2456 apud
2340 2387 2518 2439 Deum
2549 2391 2604 2439 et
2637 2387 2919 2453 homines,
2971 2391 3026 2440 et
3069 2387 3408 2457 corripietur
3435 2388 3696 2458 increpa-

1999 2475 2154 2527 tione
2200 2474 2578 2528 severissima.
2617 2476 2758 2528 Hinc
2802 2481 2858 2528 et
2900 2476 3134 2545 quidam
3177 2476 3568 2530 sanctissimus
3599 2478 3698 2530 Pa-

1999 2567 2086 2616 ter
2113 2561 2239 2615 ait:
2281 2562 2339 2616 Si
2389 2562 2516 2632 quis
2546 2563 2728 2615 errori
2774 2563 3007 2616 alterius
3055 2564 3427 2633 consenserit,
3470 2564 3609 2617 sciat
3639 2581 3697 2618 se

2000 2667 2129 2703 cum
2191 2650 2290 2703 illo
2347 2649 2521 2703 simili
2570 2650 2742 2704 modo
2807 2650 3151 2721 culpabilem
3197 2651 3596 2721 judicandum,
3644 2657 3702 2705 et

2000 2738 2637 2792 excommunicandum.
3077 2736 3085 2743 ’

2001 2845 2128 2900 CAP.
2161 2845 2367 2898 XLVII.
2402 2875 2469 2884 —
2498 2847 2572 2898 De
2611 2845 2722 2897 illis
2753 2846 2849 2912 qui
2887 2847 3038 2898 intra
3064 2860 3265 2898 annum
3297 2860 3515 2899 causam
3544 2861 3700 2902 suam

2535 2921 2773 2968 tractare
2810 2917 3166 2982 neglemerint.

2073 3001 2181 3073 (Ea;-
2211 3003 2352 3058 decr.
2403 3003 2624 3068 Gelasii,
2668 3019 2802 3072 pap.
2838 3005 3013 3071 capite
3037 3003 3115 3072 2.)
3149 3003 3484 3074 Quicunque
3523 3004 3704 3074 igitur

2005 3089 2156 3143 intra
2212 3091 2350 3144 anni
2395 3093 2649 3160 spacium
2699 3091 2960 3154 civiliter,
3011 3092 3128 3144 sive
3191 3093 3418 3162 publice
3472 3107 3700 3145 causam

2007 3195 2167 3231 suam
2203 3195 2390 3232 coram
2443 3179 2560 3232 suis
2607 3179 3258 3232 excommunicatoribus
3304 3196 3418 3233 non
3457 3196 3700 3250 perege-

2007 3268 2143 3333 rint,
2189 3267 2300 3336 ipsi
2338 3267 2445 3320 sibi
2478 3266 2784 3320 audientia
2814 3267 3081 3320 clausisse
3112 3267 3330 3321 aditum
3375 3268 3697 3321 videantur.

2007 3355 2168 3418 Quod
2220 3356 2265 3408 si
2297 3355 2584 3408 obstinato
2619 3355 2812 3408 animo
2861 3355 2982 3410 sine
3012 3356 3419 3410 communione
3451 3356 3702 3409 defuncti

2007 3443 2238 3510 fuerint,
2287 3459 2389 3496 nos
2428 3443 2582 3496 illius
2613 3459 2863 3509 causam,
2907 3446 3068 3514 juxta
3103 3445 3252 3498 beati
3304 3445 3502 3498 Leonis
3551 3460 3701 3514 pra-

2008 3532 2319 3585 decessoris
2371 3532 2551 3585 nostri
2601 3532 2966 3601 sententiam,
3014 3533 3205 3587 divino
3259 3533 3473 3603 judicio
3525 3549 3704 3586 reser-

2007 3627 2220 3686 vantes,
2272 3619 2480 3690 quibus
2511 3619 2650 3672 vivis
2679 3636 2798 3673 non
2843 3621 3416 3690 communicavimus,
3458 3621 3704 3675 mortuis

2005 3722 2124 3760 non
2153 3707 2578 3761 communicare
2610 3723 2776 3776 pOSSlJ
2788 3723 2932 3762 mus.

2395 3795 2524 3849 CAP.
2556 3796 2789 3848 XLVIII.
2822 3826 2892 3834 -—
2927 3798 2996 3849 De
3018 3796 3200 3850 eadem
3232 3812 3310 3851 re.

2077 3881 2187 3952 (E1:
2216 3882 2359 3936 decr.
2421 3883 2681 3951 ejusdem,
2735 3888 2912 3953 capite
2961 3885 3062 3951 l3.)
3120 3885 3187 3938 Hi
3235 3901 3388 3948 sane,
3423 3884 3524 3955 qui
3571 3889 3703 3938 ante

2006 3971 2356 4025 audientiam
2427 3971 2855 4025 communicare
2920 3973 3283 4039 tentaverint,
3359 3975 3541 4026 donec
3604 3990 3707 4044 per

2005 4059 2402 4130 panitentiam
2451 4064 2674 4112 reatum
2721 4075 2888 4112 suum
2940 4060 3206 4123 defleant,
3240 4061 3306 4114 ad
3356 4062 3708 4115 communio-

2008 4163 2137 4200 nem
2174 4148 2333 4200 nullo
2368 4147 2536 4200 modo
2569 4147 2937 4214 reducantur,
2970 4153 3206 4218 excepto
3240 4150 3438 4202 mortis
3465 4149 3705 4204 interitu

2006 4238 2267 4304 urgente.
2320 4234 2430 4297 Qui
2471 4250 2605 4288 vero
2637 4234 3131 4288 excommunicato
3171 4235 3416 4289 scienter
3446 4253 3701 4290 commu-

2008 4321 2300 4386 nicaverit,
2333 4325 2389 4374 et
2418 4321 2623 4374 amodo
2667 4321 2868 4374 saltem
2917 4321 2978 4375 in
3007 4322 3177 4376 domo
3210 4322 3380 4376 simul
3438 4323 3701 4389 oraverit,

2007 4414 2177 4478 atque
2223 4409 2468 4462 latebras
2519 4407 2885 4470 defensionis,
2941 4425 3014 4462 ne
3059 4409 3318 4462 cominus
3366 4411 3435 4464 ad
3485 4410 3704 4464 satisfa-

2002 4497 2252 4550 ctionem
2283 4497 2650 4566 perducatur,
2687 4495 3020 4566 prabucrit,
3063 4497 3241 4550 donec
3269 4497 3339 4551 ab
3375 4514 3704 4552 excommu-

2001 4586 2254 4638 nicatore
2309 4584 2708 4654 panitentiam
2775 4585 3066 4655 suscipiat,
3131 4586 3388 4656 corporis
3455 4591 3512 4639 et
3569 4602 3706 4638 san-

2004 4673 2196 4743 guinis
2225 4672 2454 4726 Domini
2497 4673 2906 4726 communione
2938 4673 3226 4743 privatum
3258 4691 3317 4727 se
3347 4689 3469 4726 esse
3498 4689 3707 4743 cogno-

2003 4765 2140 4827 scat,
2173 4765 2232 4814 et
2256 4760 2528 4814 delictum
2558 4761 2872 4814 secundum
2901 4777 3148 4815 canones
3176 4761 3472 4831 paniteat.
3574 4747 3586 4763 ⁸

2004 4866 2131 4920 CAP.
2160 4865 2334 4922 XLIX.
2372 4895 2441 4905 —
2472 4867 2537 4919 Ut
2568 4869 2822 4919 notentur
2851 4867 3433 4919 excommunicatorum
3463 4867 3706 4934 nomina,

2329 4940 2379 4989 et
2410 4938 2468 4987 in
2496 4936 2710 5002 foribus
2739 4937 2970 4990 ecclesia
2994 4939 3371 5004 praeﬁgantur.

2077 5023 2189 5092 (Ea:
2213 5023 2356 5077 decr.
2391 5024 2638 5077 Honorii
2665 5039 2843 5092 papae,
2877 5027 3054 5091 capite
3083 5023 3194 5092 Η.)
3230 5024 3389 5077 Cura
3420 5023 3493 5078 sit
3524 5023 3709 5076 omni-

2002 5111 2110 5165 bus
2160 5111 2465 5182 episcopis,
2513 5111 3140 5164 excommunicatorum
3189 5112 3424 5165 nomina
3470 5112 3706 5166 omnino

2004 5202 2125 5251 tam
2178 5197 2381 5250 vicinis
2430 5197 2714 5267 episcopis
2763 5213 2938 5267 quam
2979 5197 3096 5250 suis
3144 5197 3506 5267 parochianis
3551 5197 3703 5266 pari-

2002 5290 2090 5339 ter
2138 5285 2412 5350 indicare,
2465 5301 2645 5355 eaque
2677 5285 2735 5337 in
2784 5285 2995 5339 celebri
3039 5286 3161 5339 loco
3219 5286 3405 5356 posita
3439 5302 3558 5356 pra
3617 5285 3704 5340 fo-

2004 5373 2163 5426 ribus
2223 5373 2495 5440 ecclesia,
2563 5373 2779 5426 cunctis
2844 5373 3340 5440 convenientibus,
3396 5373 3701 5440 inculcare,

2004 5465 2288 5532 quatenus
2338 5461 2398 5514 in
2437 5467 2681 5532 utraque
2721 5462 3044 5532 diligentia,
3096 5468 3152 5516 et
3198 5462 3704 5516 excommunicatis

2004 5549 2219 5619 ubique
2280 5547 2690 5604 ecclesiasticus
2751 5551 2980 5604 auditus
3023 5551 3380 5617 excludatur,
3438 5553 3495 5604 et
3540 5565 3704 5604 excu-

2003 5636 2238 5691 sationis
2268 5653 2439 5691 causa
2468 5637 2737 5692 omnibus
2763 5638 3075 5693 auferatur.
