4380 6370
417 435 525 488 869

1332 435 1806 491 DECRETORUM
1848 437 2029 493 LIBRI
2069 438 2176 494 XX.
2217 467 2285 475 —
2327 438 2537 493 LIBER
2574 437 2995 493 UNDECIMUS.

3792 444 3901 496 870

416 557 548 612 CAP.
585 558 643 612 L.
686 588 749 596 —
787 560 862 613 De
903 558 1164 626 episcopo,
1221 559 1317 627 qui
1372 563 1493 612 ante
1539 558 1786 611 damnati
1833 559 2118 613 absolutio-
2145 560 2187 612 A
2230 561 2452 629 egerint
2500 559 2917 630 pmnitentiam,
2956 573 3197 627 regnum
3234 560 3327 612 Dei
3360 576 3471 614 non
3512 562 3899 631 possidebunt.

1091 661 1208 698 nem
1238 646 1447 698 abierit.

489 731 597 801 (Eae
624 734 845 785 concilio
902 732 1234 802 Epaonensi,
1299 735 1473 801 capite
1534 732 1640 802 l0.)
1694 732 1750 786 Si
1810 732 2107 803 episcopus

413 826 550 873 ante
595 820 849 873 damnati
908 820 1349 885 absolutionem,
1406 821 1563 873 obitu
1618 821 1915 890 rapiatur:
1981 838 2107 874 cor-

411 913 666 978 reptum,
706 913 807 961 aut
836 908 1207 977 pcenitentem
1241 924 1614 962 successorem
1673 909 1865 961 licebit
1924 910 2127 984 absol-p

411 1011 568 1049 vere.

413 1085 541 1138 CAP.
599 1083 683 1137 LI.
742 1112 811 1123 --
858 1086 931 1137 De
976 1085 1089 1139 illis
1142 1087 1239 1151 qui
1278 1086 1736 1138 ?e:rcommunicati
1779 1087 2102 1138 moriuntur.

484 1170 601 1239 (Ea:
630 1169 829 1235 eodem,
862 1174 1037 1239 capite
1092 1170 1199 1238 Η.)
1230 1170 1287 1224 Si
1329 1171 1532 1239 aliquis
1591 1172 2107 1224 excommunicatus

409 1254 591 1310 fuerit
637 1264 914 1325 mortuus,
974 1257 1072 1327 qui
1112 1258 1233 1326 jam
1290 1259 1361 1311 sit
1387 1259 1694 1323 confessus,
1750 1265 1807 1311 et
1847 1259 2103 1312 testimo-

412 1343 577 1397 nium
612 1343 783 1397 habet
806 1344 1047 1410 bonum,
1080 1348 1135 1397 et
1164 1360 1279 1397 non
1324 1349 1547 1414 poterat
1576 1345 1769 1398 venire
1809 1346 1876 1399 ad
1916 1362 2101 1400 sacer-

410 1430 629 1495 dotem,
663 1432 761 1485 sed
808 1433 1226 1502 praeoccupavit
1254 1449 1383 1485 eum
1416 1448 1569 1486 mors
1602 1434 1661 1485 in
1690 1434 1881 1499 domo,
1918 1440 2016 1486 aut
2044 1434 2103 1487 in

408 1519 522 1585 via,
581 1519 790 1572 faciant
859 1536 966 1589 pro
1026 1536 1092 1572 eo
1147 1526 1423 1589 parentes,
1464 1522 1587 1590 ejus
1634 1522 1980 1575 oblationem
2035 1523 2103 1576 ad

408 1608 610 1673 altare,
642 1613 699 1661 et
735 1608 873 1662 dent
898 1608 1352 1677 redemptionem
1386 1624 1488 1678 pro
1512 1609 1764 1678 captivis.

860 1696 986 1749 CAP.
1026 1696 1135 1748 LII.
1166 1725 1234 1734 —
1265 1700 1335 1749 De
1364 1696 1547 1749 eadem
1576 1711 1651 1749 re.

482 1781 594 1849 (Ea:
622 1785 778 1851 epist.
828 1785 1017 1837 Leonis
1046 1799 1220 1850 papae,
1271 1787 1446 1851 capite
1501 1783 1872 1852 2t.){Horum
1936 1801 2101 1838 causa
2134 1823 2174 1875 Β

404 1870 748 1939 Deijudicio
807 1872 1140 1923 reservanda
1173 1876 1273 1937 est,
1325 1872 1382 1923 in
1428 1871 1588 1939 cujus
1643 1887 1813 1924 manu
1865 1872 1988 1938 fuit,
2047 1878 2106 1926 ut

402 1958 612 2010 talium
669 1959 858 2011 obitus
912 1974 1093 2027 usque
1166 1959 1236 2011 ad
1295 1959 1713 2011 communionis
1785 1960 2104 2013 remedium

400 2061 528 2098 non
579 2045 922 2100 differretur.
968 2048 1077 2100 Nos
1127 2051 1316 2099 autem
1349 2048 1557 2117 quibus
1601 2048 1924 2101 viventibus
1989 2065 2103 2102 non

399 2134 976 2199 communicavimus,
1036 2135 1275 2187 mortuis
1329 2135 1753 2188 communicare
1802 2151 1913 2189 non
1971 2152 2101 2206 pos-

399 2236 629 2273 sumus.

728 2310 855 2363 CAP.
892 2309 1028 2362 LIII.
1055 2339 1123 2347 —
1165 2312 1235 2362 De
1267 2310 1483 2373 furibus
1514 2314 1562 2362 et
1592 2310 1780 2374 furtis.

480 2396 590 2465 (Er
637 2396 801 2450 dictis
862 2397 1119 2467 August.)
1181 2398 1331 2450 Dixit
1390 2397 1664 2450 Dominus
1718 2398 1785 2450 ad
1828 2398 2096 2467 Moysen:

398 2484 662 2553 Accipiat
693 2485 1086 2554 unusquisque
1135 2500 1169 2536 a
1215 2485 1494 2554 proximo,
1545 2490 1601 2537 et
1658 2489 1920 2554 proxima
1972 2503 2103 2539 vasa

400 2574 701 2641 argentea,
734 2577 791 2625 et
831 2588 1023 2638 aurea,
1057 2577 1111 2625 et
1154 2578 1353 2638 vestes,
1387 2578 1492 2625 etc.
1545 2573 1666 2625 Non
1698 2573 1830 2626 hinc
1861 2574 2101 2643 quisque

397 2661 738 2729 exemplum
770 2660 1111 2713 sumendum
1144 2664 1343 2728 putare
1392 2660 1559 2713 debet
1588 2661 1655 2712 ad
1697 2661 2099 2729 expoliandum

394 2748 755 2817 proximum,
799 2748 904 2800 hoc
947 2747 1097 2800 enim
1148 2747 1295 2800 Deus
1318 2747 1506 2815 jussit,
1560 2746 1659 2816 qui
1704 2753 1935 2801 noverat
1962 2749 2100 2818 quid

392 2850 695 2905 quemque
779 2835 901 2904 pati
966 2840 1275 2904 oporteret.
1357 2836 1466 2887 Nec
1514 2835 1781 2888 Israelita:
1821 2836 2097 2905 fecerunt,

391 2923 499 2976 sed
550 2923 665 2975 Deo
707 2922 935 2991 jubenti
965 2922 1347 2975 ministerium
1396 2922 1785 2990 praebuerunt,
1823 2925 2098 2992 quemad-

390 3009 641 3063 modum
698 3025 827 3062 cum
902 3011 1166 3063 minister
1236 3010 1439 3064 occidit
1509 3026 1639 3063 eum
1687 3027 1857 3080 quem
1923 3011 2097 3081 judex

381 3098 570 3168 jussit
599 3096 797 3150 occidi.

828 3184 957 3238 CAP.
992 3186 1117 3239 LIV.
1158 3215 1227 3224 —
1261 3188 1335 3239 De
1365 3186 1545 3238 eadem
1586 3202 1660 3240 re.

471 3272 591 3343 (Ea:
638 3273 799 3327 dictis
854 3274 1139 3341 ejusdem.)
1191 3274 1415 3326 Paanale
1467 3279 1551 3326 est
1597 3275 1811 3327 occulte
1850 3274 2093 3342 auferre,

386 3362 584 3415 multo
618 3360 848 3430 majoris
879 3377 1061 3430 pcenae
1107 3367 1189 3413 est
1227 3361 1529 3413 visibiliter
1569 3361 1806 3431 eripere.
1858 3364 2095 3417 Auferre

386 3462 537 3517 ergo
587 3448 826 3512 nolenti,
877 3447 989 3501 sive
1037 3449 1275 3516 occulte,
1328 3464 1426 3500 seu
1483 3450 1690 3517 palam,
1741 3450 1912 3503 habet
1947 3466 2097 3520 prte-

386 3543 627 3605 ceptum
660 3551 846 3589 suum.
900 3535 1052 3588 Furti
1095 3536 1249 3588 enim
1290 3536 1521 3589 nomine
1580 3553 1726 3605 pene
1756 3537 2097 3607 intelligitur

387 3623 590 3678 omnis
621 3624 816 3676 illicita
846 3624 1140 3693 usurpatio
1162 3623 1244 3677 rei
1271 3624 1490 3677 alienae.
1545 3625 1665 3677 Non
1728 3625 1881 3678 enim
1943 3626 2095 3695 rapi-

387 3727 531 3765 nam
566 3709 843 3779 permisit,
887 3710 987 3780 qui
1022 3710 1237 3763 furtum
1291 3710 1604 3780 prohibuit,
1659 3712 1750 3765 sed
1785 3712 1890 3765 sub
1960 3714 2097 3766 furti

386 3798 635 3851 nomine
663 3797 922 3867 rapinam
955 3798 1201 3867 intelligi
1234 3799 1426 3851 voluit.
1461 3800 1506 3851 A
1538 3802 1696 3868 parte
1727 3800 1878 3852 enim
1910 3804 2094 3854 totum

385 3885 740 3956 significavit
769 3885 1048 3955 quidquid
1079 3886 1353 3938 aufertur.

871 3972 997 4024 CAP.
1024 3973 1126 4025 LV.
1158 4001 1224 4011 -—
1249 3976 1320 4026 De
1345 3972 1527 4025 eadem
1557 3988 1635 4026 ae.

468 4062 576 4126 (Ea:
596 4060 757 4112 dictis
784 4059 1061 4126 Hierony.)
1096 4061 1206 4113 Fur
1236 4065 1424 4113 autem
1482 4076 1593 4114 non
1642 4061 1829 4114 solum
1878 4060 1937 4114 in
1970 4077 2098 4115 ma-

375 4147 635 4217 joribus,
681 4148 774 4200 sed
808 4148 865 4200 in
899 4148 1212 4201 minoribus
1241 4148 1410 4201 etiam
1436 4149 1746 4217 judicatur.
1783 4150 1905 4203 Non
1941 4151 2096 4204 enim

384 4234 548 4304 quod
580 4235 731 4287 furto
762 4235 1014 4287 ablatum
1068 4240 1168 4301 est,
1204 4237 1301 4288 sed
1349 4252 1507 4289 mens
1555 4237 1796 4290 furentis
1852 4238 2095 4292 attendi-

337 4390 349 4400 .
381 4328 491 4374 tur
526 4337 539 4374 :
574 4323 859 4391 quomodo
900 4322 956 4375 in
1010 4322 1406 4387 fornicatione,
1442 4340 1558 4377 non
1614 4324 1821 4378 idcirco
1874 4325 2094 4379 diversa

379 4409 458 4463 fit
525 4408 847 4474 fornicatio,
882 4409 927 4461 si
962 4410 1169 4462 mulier
1218 4412 1456 4479 pulchra
1513 4415 1609 4464 aut
1663 4411 1951 4477 deformis,
1993 4429 2090 4466 an-

382 4497 527 4549 cilla
557 4506 657 4549 aut
683 4497 952 4567 ingenua,
1002 4514 1222 4567 pauper
1262 4504 1358 4551 aut
1389 4500 1658 4568 opulenta
1689 4516 1701 4552 :
1735 4501 1833 4553 sed
1873 4502 2090 4570 qualis-

380 4600 624 4653 cunque
657 4585 753 4637 illa
778 4585 969 4651 fuerit,
1022 4601 1135 4637 una
1174 4592 1257 4638 est
1305 4586 1622 4639 fornicatio.
1674 4588 1757 4640 Ita
1809 4587 1865 4640 in
1915 4588 2085 4654 furto,

382 4676 909 4742 quantumcunque
932 4674 1057 4742 quis
1084 4674 1400 4738 abstulerit,
1425 4674 1560 4727 furti
1582 4675 1797 4728 crimen
1826 4674 2084 4729 incurrit.

837 4761 963 4814 CAP.
1000 4761 1126 4814 LVI.
1163 4790 1231 4801 -
1260 4747 1548 4814 De‘eadcm
1576 4777 1652 4814 re.

466 4845 591 4911 (Em
617 4848 983 4912 paenitentiali
1019 4848 1318 4915 Theodori.)
1368 4848 1423 4900 Si
1476 4847 1603 4917 quis
1646 4864 1751 4917 per
1791 4849 2086 4902 necessita-

376 4937 512 4985 tem
564 4932 784 4985 furatus
842 4934 1014 4986 fuerit
1069 4935 1301 4999 cibaria,
1356 4935 1440 4987 vel
1497 4940 1727 5001 vestem,
1783 4936 1869 4989 vel
1916 4953 2089 5006 pecus

381 5024 637 5091 propter
666 5020 897 5086 famem,
927 5027 1025 5074 aut
1072 5039 1173 5091 per
1200 5023 1537 5088 nuditatem,
1572 5024 1841 5092 poeniteat
1871 5024 2089 5078 hebdo-

379 5106 594 5162 madas
615 5111 728 5160 tres
756 5124 768 5160 :
804 5108 849 5160 si
883 5109 1211 5174 reddiderit,
1236 5126 1348 5162 non
1384 5116 1621 5179 cogatur
1644 5112 1928 5181 jejunare.

834 5197 961 5251 CAP.
989 5198 1135 5251 LVII.
1166 5227 1233 5236 —
1266 5203 1341 5251 De
1379 5199 1559 5251 eadem
1585 5215 1662 5253 re.

461 5282 581 5347 (Ea:
604 5285 824 5336 concilio
859 5286 1103 5347 Aurelia,
1130 5288 1303 5353 capite
1330 5285 1398 5353 8.)
1429 5286 1564 5337 Nam
1589 5286 1634 5337 si
1655 5285 1783 5355 quis
1800 5284 2086 5354 publicam

373 5370 655 5439 rapinam
713 5387 809 5423 seu
867 5371 1081 5423 furtum
1144 5372 1360 5437 fecerit,
1424 5373 1709 5442 publicam
1779 5373 1909 5426 inde
1960 5377 2089 5441 agat

371 5456 812 5527 pcenitentiam,
847 5458 1007 5526 juxta
1037 5465 1363 5513 sanctorum
1416 5476 1698 5513 canonum
1740 5460 2081 5514 sanctiones.

368 5544 439 5598 Si
486 5560 622 5597 vero
653 5546 891 5611 occulte,
922 5546 1280 5600 sacerdotum
1322 5548 1562 5601 concilio
1594 5548 1867 5617 poeniteat
1898 5563 1911 5599 :
1937 5562 2085 5617 quo-

369 5632 549 5687 niam
580 5636 859 5702 raptores,
921 5637 983 5686 ut
1036 5634 1339 5704 Apostolus
1393 5634 1490 5702 ait,
1552 5634 1661 5687 nisi
1705 5634 1837 5689 inde
1892 5649 2085 5688 veram

2219 648 2325 711 Qui
2386 664 2517 701 vero
2575 648 2643 701 de
2704 649 2871 700 rebus
2934 648 3297 700 ecclesiarum
3342 649 3555 718 aliquid
3590 651 3903 717 abstulerit,

2217 736 2441 805 gravius
2470 736 2755 806 judicetur
2789 752 2802 790 :
2844 736 2977 806 quia
3008 736 3267 806 quamvis
3292 736 3430 789 ultio
3460 737 3647 790 furum
3690 744 3745 791 et
3776 756 3904 809 rap-

2216 827 2405 876 torum
2463 824 2532 877 ad
2590 825 2826 877 comites
2880 824 3160 894 respiciat,
3222 823 3562 893 paenitentia
3600 828 3786 877 tamen
3837 824 3906 877 ad

2217 911 2509 982 episc0pos
2539 913 2805 981 pertinet.

2638 1000 2767 1053 CAP.
2795 1000 2975 1052 LVIII.
3011 1030 3075 1039 —-
3096 1001 3169 1052 De
3197 999 3377 1052 eadem
3396 1014 3471 1054 re.

2288 1086 2393 1155 (Ea:
2416 1088 2779 1154 pcenitentiali
2812 1087 3113 1155 Theodori.)
3137 1087 3193 1140 Si
3224 1087 3351 1156 quis
3398 1088 3614 1140 furtum
3666 1086 3905 1156 capitale

2215 1174 2578 1241 commiserit,
2614 1174 2668 1228 id
2710 1180 2815 1240 est,
2876 1174 3270 1244 quadriipvdia
3323 1173 3538 1238 tulerit,
3592 1174 3679 1226 vel
3752 1189 3906 1226 casas

2215 1260 2518 1331 effregerit,
2550 1268 2762 1332 septem
2795 1279 2973 1315 annos
3002 1263 3276 1332 paeniteat
3311 1279 3322 1315 :
3356 1268 3412 1315 et
3452 1262 3604 1332 quod
3652 1262 3905 1315 furatum

2215 1354 2317 1415 est,
2351 1350 2567 1403 reddat.
2602 1350 2661 1403 Si
2692 1350 2817 1420 quis
2840 1366 2972 1403 vero
3003 1351 3071 1403 de
3103 1350 3420 1403 minoribus
3471 1350 3645 1402 semel
3685 1353 3781 1402 aut
3818 1350 3905 1402 bis

2213 1437 2427 1490 furtum
2462 1438 2672 1504 fecerit,
2722 1438 2919 1491 reddat
2948 1438 3098 1507 quod
3152 1438 3303 1503 tulit,
3346 1444 3402 1490 et
3449 1455 3663 1492 annum
3727 1457 3904 1496 unum

2211 1524 2505 1593 pceniteat,
2547 1525 2632 1577 vel
2664 1525 2709 1577 si
2735 1526 2861 1594 quis
2904 1525 3265 1594 sepulchrum
3307 1525 3621 1593 violaverit,
3670 1529 3759 1580 VlI
3803 1546 3903 1582 an-

2213 1628 2316 1664 nos
2347 1612 2638 1681 pceniteat,
2680 1617 2791 1665 tres
2819 1629 2882 1665 ex
2911 1612 2998 1664 his
3026 1612 3083 1664 in
3114 1628 3260 1681 pane
3291 1617 3346 1665 et
3374 1628 3538 1682 aqua.

2645 1686 2769 1752 CAP.
2806 1700 2936 1754 LIX.
2976 1730 3044 1738 -
3077 1701 3155 1753 De
3179 1700 3361 1753 eadem
3384 1716 3459 1753 re.

2283 1787 2392 1852 (Ea:
2422 1788 2637 1839 concilio
2672 1787 2934 1853 Triburi.,
2989 1791 3165 1856 capite
3196 1791 3270 1854 5.)
3296 1789 3466 1841 Fures
3523 1793 3579 1840 et
3628 1788 3897 1853 latrones,

2214 1872 2260 1925 si
2290 1873 2349 1925 in
2380 1874 2620 1927 furando
2651 1880 2705 1927 et
2735 1875 3043 1944 prazdando
3085 1875 3430 1943 occidentur,
3464 1874 3645 1927 visum
3684 1882 3767 1928 est
3796 1892 3901 1945 pro

2214 1960 2296 2012 eis
2352 1977 2465 2014 non
2514 1962 2813 2016 orandum.
2873 1962 2930 2015 Si
2982 1962 3393 2032 comprehensi,
3452 1968 3551 2015 aut
3595 1964 3899 2028 vulnerati,

2213 2048 2562 2118 presbytero,
2596 2050 2681 2102 vel
2720 2050 2957 2103 diacono
2987 2050 3225 2103 confessi
3273 2051 3505 2113 fuerint,
3547 2051 3899 2105 communio-

2213 2151 2343 2189 nem
2377 2136 2458 2189 eis
2490 2152 2607 2189 non
2638 2152 2932 2205 negamus.

2675 2224 2806 2277 CAP.
2844 2225 3026 2277 LX.—
3062 2226 3134 2278 Dc
3155 2224 3335 2277 eadem
3365 2241 3441 2277 re.

2282 2310 2390 2377 (Eae
2442 2313 2663 2365 concilio
2715 2313 3019 2376 Aureliam,
3068 2315 3244 2379 capite
3276 2313 3347 2380 l.)
3393 2312 3450 2365 Si
3498 2312 3588 2364 fur
3618 2316 3716 2364 aut
3759 2312 3899 2365 latro

2210 2403 2407 2467 captus
2438 2398 2494 2451 in
2550 2399 2764 2468 praada,
2814 2400 3027 2467 absque
3076 2398 3367 2451 occasione
3419 2403 3603 2467 potest
3652 2415 3903 2467 compre-

2212 2486 2407 2551 hendi,
2441 2490 2497 2539 et
2526 2491 2717 2539 tamen
2750 2487 3089 2539 interficitur
3122 2503 3134 2539 :
3168 2486 3303 2556 quia
3343 2487 3411 2539 ad
3443 2486 3753 2555 imaginem
3804 2487 3902 2539 Dei

2210 2574 2411 2640 creati,
2463 2578 2517 2625 et
2563 2574 2620 2626 in
2658 2574 2890 2627 nomine
2935 2575 3055 2643 ejus
3091 2574 3358 2642 haptizati
3390 2578 3542 2639 sunt,
3576 2574 3899 2626 interfecto-

2210 2676 2299 2712 res
2327 2676 2523 2714 eorum
2552 2663 2635 2714 XL
2668 2662 2866 2714 diebus
2899 2678 3014 2714 non
3068 2662 3283 2714 intrent
3342 2662 3681 2714 Ecclesiam:
3738 2664 3902 2714 lanea

2208 2752 2359 2800 veste
2387 2747 2590 2813 induti,
2623 2748 2690 2800 ab
2746 2748 2886 2801 escis
2930 2753 2985 2801 et
3014 2748 3262 2817 potihus,
3293 2748 3387 2817 qui
3422 2748 3707 2801 interdicti
3748 2753 3897 2809 sunt,

2209 2853 2241 2889 a
2269 2837 2455 2901 thoro,
2486 2852 2518 2889 a
2552 2836 2765 2903 gladio,
2816 2840 2871 2888 et
2899 2836 3152 2904 equitatu
3200 2852 3258 2888 se
3292 2835 3634 2889 abstineant.
3689 2837 3752 2888 In
3801 2838 3893 2888 Ill.

2210 2924 2269 2976 V.
2304 2923 2464 2987 feria,
2527 2930 2583 2976 et
2632 2924 2885 2989 sabbato,
2912 2924 3105 2992 aliquo
3139 2939 3346 2991 genere
3389 2924 3768 2991 leguminum,
3811 2925 3893 2975 vel

2208 3010 2484 3074 holerum,
2522 3017 2577 3063 et
2604 3011 2812 3080 pomis,
2845 3011 3145 3079 parvisque
3184 3010 3469 3080 pisciculis
3515 3025 3643 3062 cum
3690 3010 3897 3062 medio-

2129 3086 2168 3140 C
2208 3097 2288 3150 cri
2355 3098 2589 3151 cervisia
2651 3098 2898 3151 vicissim
2968 3102 3204 3149 utantur
3268 3101 3323 3150 et
3385 3102 3721 3166 temperate.
3799 3096 3896 3150 Sin

2203 3191 2396 3239 autem
2437 3203 2469 3239 a
2514 3186 2776 3239 veridicis
2822 3186 3228 3255 comprobatur
3272 3185 3536 3249 testibus,
3590 3185 3738 3254 quod
3775 3184 3896 3236 sine

2203 3274 2318 3327 odii
2344 3274 2716 3327 meditatione
2767 3290 2845 3337 se,
2874 3289 3086 3343 suaque
3140 3272 3435 3325 liberando
3470 3271 3681 3325 diaboli
3716 3287 3895 3323 mem-

2202 3362 2305 3415 bra
2334 3362 2705 3427 interficiunt,
2737 3366 2793 3414 et
2832 3362 2956 3430 capi
2999 3377 3111 3414 non
3150 3365 3437 3430 poterant,
3497 3359 3895 3429 paenitentiam

2203 3465 2305 3518 pro
2337 3448 2646 3502 homicidio
2679 3449 2758 3501 eis
2788 3447 3164 3518 injungimus,
3200 3447 3308 3499 nisi
3338 3446 3447 3517 ipsi
3486 3447 3771 3500 voluerint
3800 3447 3898 3499 ali-

2203 3536 2341 3606 quid
2391 3536 2540 3605 quod
2588 3536 2958 3589 humanitatis
3006 3540 3091 3588 est
3138 3536 3361 3589 facere:
3396 3540 3447 3587 et
3499 3534 3546 3586 si
3601 3534 3897 3603 presbyter

2203 3627 2305 3686 est,
2331 3638 2443 3675 non
2475 3621 2816 3690 deponatur,
2842 3623 3057 3675 cunctis
3107 3627 3298 3675 tamen
3337 3622 3470 3675 vita:
3514 3637 3630 3674 suae
3695 3620 3895 3674 diebus

2205 3710 2597 3780 paenitentiam
2631 3714 2780 3779 agat.

2641 3798 2765 3853 CAP.
2804 3798 2929 3851 LXI.
2962 3827 3030 3835 —
3059 3799 3130 3850 De
3159 3796 3343 3849 eadem
3378 3812 3453 3849 re.
3887 3863 3899 3871 ι

2276 3886 2351 3953 (In
2383 3885 2569 3940 Exodo
2608 3886 2855 3952 dicitur.)
2904 3885 2960 3938 Si
2992 3884 3311 3953 infringens
3340 3883 3432 3937 fur
3481 3882 3738 3947 domum,
3781 3881 3894 3934 sive

2204 3973 2477 4027 effodiens
2533 3973 2705 4027 fuerit
2732 3973 3027 4041 Qinventus
3081 3978 3137 4025 et
3177 3976 3405 4041 accepto
3450 3972 3685 4023 vulnere
3740 3985 3892 4022 mor-

2204 4066 2336 4114 tuus
2365 4061 2559 4129 fuerit,
2596 4077 2896 4130 percussor
2931 4077 3047 4114 non
3078 4060 3187 4113 erit
3225 4076 3354 4112 reus
3379 4057 3693 4128 sanguinis.
3736 4057 3893 4121 Quod

2204 4149 2250 4201 si
2283 4152 2405 4201 orto
2440 4148 2558 4201 sole
2587 4147 2804 4210 fecerit,
2840 4147 3211 4201 homicidium
3254 4145 3624 4215 perpetravit,
3673 4150 3727 4197 et
3772 4145 3892 4212 ipse

2205 4236 2498 4289 morietur.
2535 4236 2593 4289 Si
2632 4252 2747 4290 non
2794 4236 3061 4289 habuerit
3115 4235 3264 4305 quod
3317 4250 3419 4304 pro
3465 4234 3618 4287 furto
3671 4232 3890 4295 reddat,

2202 4323 2640 4377 venundabitur.
2683 4324 2741 4377 Si
2788 4323 3079 4376 inventum
3136 4321 3309 4375 fuerit
3356 4322 3505 4390 apud
3555 4336 3687 4373 eum
3742 4320 3893 4389 quod

2201 4412 2420 4464 furatus
2453 4414 2554 4475 est,
2589 4410 2799 4475 vivens,
2834 4410 2949 4463 sive
2994 4410 3117 4474 hos,
3150 4409 3267 4461 sive
3319 4408 3530 4472 asinus,
3591 4407 3707 4460 sive
3751 4406 3889 4471 ovis,

2200 4498 2437 4568 duplum
2462 4498 2725 4550 restituet

2270 4587 2394 4641 CAP.
2429 4586 2578 4640 LXII.
2609 4614 2677 4624 —
2706 4587 2777 4637 De
2796 4598 2945 4637 servo
2979 4586 3075 4651 qui
3092 4584 3298 4650 fugerit
3317 4583 3599 4638 dominum
3640 4597 3816 4637 suum.

2270 4676 2377 4737 (Ea:
2432 4674 2588 4740 epist.
2644 4670 2918 4738 Hicrony.)
2980 4672 3050 4723 Ex
3100 4670 3337 4739 epistola
3404 4669 3751 4739 Hieronymi.
3818 4670 3887 4723 ad

2199 4759 2493 4814 Pacasium
2534 4759 2998 4811 Alexandrinum.
3035 4759 3110 4811 De
3158 4772 3318 4810 servo
3366 4757 3464 4828 qui
3512 4757 3724 4826 fugerit
3784 4758 3887 4811 do-

2199 4848 2417 4901 minum
2452 4862 2621 4899 suum
2651 4845 3060 4914 interrogabas,
3095 4844 3142 4897 si
3184 4845 3278 4898 ille
3309 4844 3367 4898 in
3411 4846 3507 4899 illa
3563 4845 3700 4915 fuga
3731 4860 3885 4898 mor-

2196 4939 2329 4988 tuus
2355 4932 2542 4995 fuerit,
2594 4936 2787 4987 utrum
2826 4931 2959 4985 licet
3006 4947 3110 5000 pro
3151 4947 3217 4984 eo
3266 4947 3449 4997 orare,
3483 4947 3555 4984 an
3604 4947 3737 4984 non.
3774 4933 3887 4986 Hoc

2195 5022 2254 5076 in
2307 5021 2510 5075 divinis
2566 5020 2726 5075 libris
2781 5036 2894 5073 non
2954 5020 3278 5073 invenimus
3353 5020 3730 5090 prohibitum,
3789 5020 3885 5073 sed

2196 5115 2388 5163 tamen
2420 5109 2629 5162 scimus
2674 5109 2746 5161 ab
2804 5108 3075 5178 apostolis
3123 5108 3367 5161 firmiter
3418 5112 3792 5176 praeceptum,
3825 5112 3886 5159 ut

2197 5198 2341 5250 servi
2400 5196 2609 5249 subditi
2666 5196 2778 5249 sint
2833 5196 2890 5249 in
2940 5196 3098 5249 omni
3152 5195 3359 5248 timore
3416 5194 3707 5248 dominis:
3766 5209 3884 5246 non

2196 5289 2418 5338 tantum
2453 5285 2615 5339 bonis
2657 5290 2712 5337 et
2760 5284 3047 5349 modestis,
3080 5283 3176 5336 sed
3206 5283 3378 5335 etiam
3430 5281 3689 5335 discodis.
3728 5282 3793 5334 Et
3823 5282 3885 5334 in

2197 5373 2511 5441 Gangrensi
2549 5372 2791 5425 concilio
2824 5373 2901 5423 ita
2932 5371 3203 5440 scriptum
3233 5375 3359 5422 est:
3395 5368 3450 5421 Si
3486 5368 3613 5437 quis
3654 5383 3883 5421 servum

2195 5461 2299 5513 sub
2343 5465 2617 5529 prwtextu
2668 5459 2845 5514 divini
2903 5460 3086 5512 cultus
3132 5457 3333 5509 doceat
3388 5456 3684 5509 dominum
3741 5472 3882 5526 pro-

2193 5549 2387 5617 prium
2453 5553 2839 5613 contemnere,
2874 5551 2937 5599 ut
2966 5543 3217 5599 discedat
3275 5544 3346 5597 ab
3400 5545 3524 5614 ejus
3577 5544 3877 5614 obsequio,

2194 5634 2495 5687 anathema
2527 5634 2615 5687 sit.
2651 5633 2806 5687 Unde
2832 5633 3002 5686 datur
3047 5630 3294 5701 intelligi
3331 5632 3484 5701 quod
3516 5631 3565 5686 si
3615 5632 3713 5685 ille
3743 5645 3883 5685 ana-
