4380 6452
160 0 2313 93 -L

753 464 850 517 871

1843 458 2243 515 nuncnum
2284 434 2811 514 womiscmusrs
2849 458 3180 514 EPISCOPI.

4158 462 4261 515 872

750 583 943 636 thema
973 580 1205 646 meruit,
1238 579 1338 652 qui
1368 579 1534 635 docet
1558 594 1783 634 servum
1823 579 2118 651 proprium
2144 577 2437 633 dominum
2472 581 2517 633 Α
2559 581 2817 635 Ecclesiae
2869 582 3035 635 Petro
3079 579 3390 635 venerabili
3439 581 3727 652 episcopo.
3788 583 3903 635 Hoc
3972 587 4264 654 quatenus

751 676 1117 725 contemnere
1160 673 1216 723 et
1274 668 1345 723 ab
1399 669 1521 740 ejus
1577 668 1846 739 obsequio
1896 668 2177 732 recedere,
2228 672 2442 737 quanto

749 759 933 830 magis
963 758 1059 813 ille
1119 758 1219 829 qui
1278 757 1584 811 Dominum
1642 755 1857 827 spernit
1904 760 1959 809 et
2025 755 2148 825 ejus
2215 755 2444 809 servitio

751 848 916 903 subdi
945 846 1242 902 noluerit?
1266 845 1377 901 Sed
1432 850 1626 900 tamen
1677 843 1941 899 distantia
1970 847 2052 897 est
2089 843 2241 897 inter
2280 843 2443 897 illum

752 937 850 1009 qui
880 952 985 1007 per
1017 935 1347 1007 superbiam
1389 933 1604 1000 fecerit,
1643 937 1697 987 et
1722 932 1881 986 illum
1916 931 2017 1004 qui
2066 948 2170 1002 per
2196 932 2443 986 necessi-

749 1030 927 1081 tatem
960 1030 1187 1079 coactus
1217 1022 1549 1078 crudelitate
1577 1020 1795 1076 domini
1816 1020 1927 1074 sui.

751 1117 877 1171 CAP.
906 1115 1085 1170 LXIII.
1126 1144 1194 1154 —
1225 1113 1305 1167 De
1347 1112 1572 1176 clericis,
1615 1112 1667 1164 si
1702 1112 1759 1164 in
1792 1108 2141 1164 demoliendis
2182 1109 2444 1178 sepulcris

1279 1200 1645 1269 comprehensi
1670 1200 1898 1266 fuerint.

820 1293 929 1363 (Ea:
954 1292 1172 1346 concilio
1206 1291 1464 1353 Toletan.,
1538 1290 1715 1357 capite
1769 1287 1884 1358 45.)
1930 1285 2142 1358 Siquis
2206 1285 2444 1340 clericus

747 1381 809 1437 in
833 1379 1211 1436 demoliendis
1261 1376 1575 1446 sepulchris
1622 1375 1796 1429 fuerit
1837 1375 2268 1445 deprehensus:
2310 1376 2444 1443 quia

746 1466 965 1523 facinus
994 1467 1099 1520 hoc
1145 1481 1248 1536 pro
1277 1465 1571 1535 sacrilegio
1606 1463 1829 1534 legibus
1871 1463 2115 1534 publicis
2163 1463 2442 1533 sanguine

747 1556 1084 1622 vindicatur,
1123 1553 1430 1625 oportetin
1459 1552 1559 1607 tali
1604 1553 1816 1606 scelere
1873 1552 2162 1622 proditum
2196 1569 2226 1604 a
2280 1552 2442 1605 cleri-

746 1647 901 1697 catus
940 1642 1137 1697 ordine
1181 1641 1526 1710 submoveri,
1562 1645 1618 1695 et
1647 1640 2001 1713 paenitentia:
2048 1640 2296 1694 triennio
2342 1640 2442 1694 de-

668 1800 673 1805 ,
745 1731 956 1802 putari.

2559 668 2749 740 aliquo
2805 668 2977 723 modo
3009 666 3285 723 diabolica
3332 669 3550 723 semina
3604 670 3666 723 in
3722 670 3929 725 nostris
3996 660 4264 743 partibus

2554 763 2750 811 exorta
2806 758 3139 829 exstirpare,
3190 762 3248 812 et
3306 758 3744 813 nefandissimas
3799 761 4262 816 machinationes

2554 846 2936 917 quorumdam
2996 862 3394 917 perversorum
3442 847 3746 901 hominum
3801 848 4020 913 sedare,
4066 852 4124 903 et
4155 848 4261 902 eli-

2551 934 2827 988 minando
2858 949 3105 1005 purgare
3136 934 3387 989 deberet.
3428 935 3733 989 Transacto
3763 929 3941 1005 igitur
3981 935 4263 990 triduano

2547 1022 2791 1093 jejunio,
2848 1025 2903 1076 et
2952 1022 3121 1076 sacris
3176 1022 3429 1076 Iithaniis
3476 1038 3633 1077 more
3687 1024 3883 1077 debito
3930 1025 4260 1091 celebratis,

2552 1111 2922 1166 convenimus
2948 1110 3008 1165 in
3036 1111 3280 1165 Ecclesia
3331 1112 3510 1165 sancti
3557 1111 3791 1167 Joannis
3853 1113 4144 1183 Baptistae,
4206 1119 4269 1167 et

2553 1199 2738 1254 maesti
2769 1199 3153 1253 consedimus.
3195 1199 3335 1254 Tum
3377 1199 3609 1253 demum
3659 1198 3932 1271 praefatus
3966 1201 4021 1255 S.
4079 1201 4265 1268 Petri,

2554 1293 2607 1342 et
2638 1288 2857 1342 domini
2892 1287 3126 1343 Joannis
3166 1304 3329 1359 papae
3371 1287 3597 1354 missus,
3654 1288 3954 1359 proferens
4000 1290 4265 1343 chartam

2555 1376 2878 1447 apostolicis
2913 1377 3113 1431 litteris
3170 1376 3501 1448 inscriptam
3557 1394 3670 1449 qua
3717 1377 4117 1444 monebamur,
4162 1394 4268 1430 ar-

2554 1465 2893 1535 guebamur,
2927 1470 2982 1519 et
3030 1465 3478 1535 instruebamur,
3536 1465 3605 1520 de
3638 1465 3907 1520 omnibus
3935 1466 4005 1520 ad
4061 1482 4267 1520 veram

2554 1554 2890 1625 religionem
2920 1554 3254 1609 Christiana:
3308 1554 3445 1609 fidei
3489 1554 3929 1625 pertinentibus.
3964 1554 4104 1618 Quae
4136 1571 4266 1608 om-

2554 1642 2648 1696 nia
2679 1644 2975 1712 utjustum
3010 1648 3066 1696 et
3111 1643 3347 1711 dignum
3382 1648 3522 1707 erat,
3558 1643 3856 1697 humiliter
3904 1642 4264 1713 accepimus,

2553 1731 2860 1801 diligenter
2889 1731 3268 1795 tractavimus,
3315 1736 3369 1783 et
3420 1732 3625 1785 devoto
3669 1731 3873 1786 affectu
3922 1732 4269 1785 omnimodo

746 1821 871 1875 CAP.
906 1820 1165 1873 LXlV.—
1195 1822 1267 1874 De
1290 1820 1519 1884 clericis,
1542 1822 1637 1870 aut
1664 1819 1958 1883 monachis,
1984 1819 2032 1871 si
2052 1819 2263 1883 furtum
2300 1818 2439 1883 fece-
2478 1859 2518 1914 Β
2559 1822 3063 1888 amplectebamur.
3099 1820 3241 1889 Ergo
3273 1819 3658 1890 evangelicam
3706 1820 4158 1891 praceptionem
4206 1826 4273 1873 et

1524 1909 1657 1961 rint.

818 1998 926 2063 (Ea:
956 1997 1177 2049 concilio
1210 1996 1505 2064 Agathen.,
1539 1997 1715 2065 capite
1735 1994 1807 2063 2.)
1833 1994 1891 2049 Si
1924 1993 2051 2065 quis
2082 1993 2319 2048 clericus
2346 2006 2447 2055 aut

745 2084 1057 2138 monachus
1088 2083 1305 2137 furtum
1351 2084 1565 2149 fecerit,
1625 2084 1775 2153 quod
1830 2083 2019 2153 potius
2076 2082 2441 2152 sacrilegium

745 2172 855 2227 dici
886 2176 1093 2243 potest,
1116 2171 1171 2225 id
1197 2171 1527 2225 censuimus
1558 2171 1960 2239 ordinandum,
1991 2175 2055 2224 ut
2078 2171 2276 2239 junior
2329 2170 2439 2223 vir-

746 2263 831 2331 gis
865 2277 1061 2326 caesus,
1119 2260 1266 2312 tanti
1308 2259 1565 2313 criminis
1622 2276 1771 2325 reus,
1824 2274 2118 2329 nunquam
2189 2257 2441 2312 ofticium

746 2349 1191 2403 ecclesiasticum
1251 2348 1509 2419 excipiat.
1558 2348 1616 2401 Si
1673 2364 1806 2401 vero
1852 2348 1973 2417 jam
2021 2347 2317 2400 ordinatus
2384 2346 2442 2398 in

746 2438 857 2493 hoc
904 2437 1152 2491 facinore
1211 2436 1383 2491 fuerit
1451 2437 1857 2507 deprehensus,
1942 2434 2191 2488 nominis
2264 2434 2443 2505 ipsius

749 2526 1029 2596 dignitate
1060 2525 1314 2596 privetur
1342 2542 1354 2578 :
1388 2525 1477 2578 cui
1518 2525 1773 2578 sufﬁcere
1804 2528 1991 2595 potest
2022 2540 2125 2594 pro
2161 2527 2315 2577 actus
2355 2522 2441 2575 sui

748 2616 999 2684 levitate,
1074 2614 1311 2686 impleta
1388 2614 1743 2684 paenitentiae
1830 2611 2236 2681 satisfactione,
2325 2609 2443 2663 sola

751 2703 1104 2757 communio.

749 2793 877 2848 CAP.
906 2793 1043 2848 LXV.
1074 2821 1142 2830 —
1173 2794 1244 2846 De
1270 2792 1382 2845 illis
1415 2793 1511 2860 qui
1532 2790 1597 2843 de
1620 2791 1921 2844 ministerio
1952 2790 2201 2844 Ecclesize
2226 2787 2444 2857 aliquid

1392 2864 1574 2927 furati
1595 2863 1825 2928 fuerint.

817 2950 924 3022 (Ea)
969 2951 1333 3021 pmnitentiali
1376 2951 1652 3016 Romano.)
1684 2949 1740 3003 Si
1788 2947 1995 3018 aliquis
2029 2948 2096 3001 de
2127 2946 2442 3000 ministerio

745 3038 1001 3093 Ecclesiae
1032 3039 1290 3111 quolibet
1336 3037 1509 3092 modo
1555 3036 1773 3108 aliquid
1814 3037 2035 3090 furatus
2089 3035 2284 3104 fuerit,
2348 3036 2439 3088 VII

742 3140 922 3182 annos
960 3128 1252 3197 paeniteat.

742 3216 870 3271 CAP.
906 3217 1075 3271 LXVI.
1108 3246 1177 3254 —
1209 3217 1282 3269 De
1297 3214 1570 3268 monachis
1600 3217 1646 3265 si
1671 3212 1736 3266 de
1755 3213 1905 3274 furto
1926 3213 2188 3277 infamati
2205 3212 2433 3280 fuerint,

1113 3285 1375 3354 quomodo
1408 3300 1462 3337 se
1493 3300 1799 3352 expurgare
1830 3283 2075 3335 debeant.

820 3374 927 3444 (Ea:
955 3375 1174 3429 concilio
1239 3373 1643 3436 Wormatiensi,
1688 3374 1865 3440 capite
1928 3370 2033 3439 to.)
2084 3370 2242 3440 Saepe
2299 3386 2433 3424 cnn-

742 3462 934 3532 tingit,
965 3466 1028 3516 ut
1058 3462 1115 3515 in
1169 3460 1532 3515 monasteriis
1568 3460 1980 3513 monachorum
2032 3458 2183 3512 furta
2234 3474 2436 3529 perpe-

743 3556 986 3606 trentur.
1038 3550 1252 3605 Idcirco
1303 3549 1624 3615 statuimus,
1659 3553 1722 3602 ut
1781 3548 2009 3619 quando
2071 3546 2181 3617 ipsi
2232 3548 2436 3601 fratres

741 3640 812 3695 de
842 3640 1050 3695 talibus
1081 3655 1139 3693 se
1169 3654 1485 3709 expurgare
1514 3637 1834 3701 debuerint,
1892 3637 2064 3690 missa
2114 3636 2185 3689 ab
2233 3636 2435 3691 abbate

737 3729 1076 3794 celebretur,
1103 3728 1190 3781 vel
1222 3726 1293 3781 ab
1345 3726 1537 3797 aliquo
1590 3725 1967 3796 prmsentibus
2024 3724 2319 3793 fratribus,
2380 3730 2437 3779 et

735 3818 814 3871 sic
898 3818 1123 3887 expleta
1178 3815 1373 3884 missa,
1429 3831 1628 3868 omnes
1682 3813 2110 3868 communicent
2188 3812 2250 3866 in
2314 3813 2436 3866 Iure

675 3940 683 3947 -
737 3904 956 3959 verba:
1013 3906 1228 3975 Corpus
1286 3903 1514 3958 Domini
1576 3903 1648 3958 sit
1694 3903 1838 3958 mihi
1894 3902 1966 3957 ad
2030 3901 2432 3974 probationem

736 3994 929 4049 hodie.

811 4081 942 4136 CAP.
975 4079 1204 4137 LXVIII.
1236 4109 1307 4122 —
1334 4082 1405 4136 De
1435 4081 1690 4217 igisdquit
1714 4079 2018 4135 colonorum
2064 4077 2284 4148 flagella
2332 4077 2433 4133 de-

1488 4167 1549 4204 en
1594 4166 1664 4205 un
1696 4190 1710 4205 .

1488 4166 1710 4205 eadunt.

810 4241 919 4306 (Ea:
966 4241 1185 4294 concilio
1206 4240 1531 4306 Elibertan.,
1564 4241 1742 4309 capite
1797 4238 1874 4307 9.)
1929 4236 2190 4291 Decrevit
2242 4240 2433 4290 sancta

736 4328 985 4399 synodus
1039 4331 1103 4381 ut
1137 4328 1434 4399 episcopus
1468 4343 1532 4381 ac
1569 4327 1819 4382 ministri
1876 4325 2278 4396 episcoporum
2326 4340 2431 4395 pro

2554 1906 2968 1962 institutionem
3030 1908 3461 1962 saluberrimam
3511 1909 3866 1979 lacrymabili
3934 1924 4066 1962 voce
4126 1925 4271 1979 pro-

2552 1995 2809 2062 tulimus,
2890 2012 3001 2066 qua
3060 1996 3450 2067 arguebantur
3533 1996 3803 2051 Pharisaei
3890 2000 3943 2050 et
4003 1995 4267 2050 Scribat:

2552 2085 2837 2151 Mundate,
2887 2084 3094 2155 inquit,
3148 2084 3307 2155 prius
3366 2101 3494 2155 qua:
3544 2084 3700 2139 intus
3748 2089 3901 2138 sunt.
3960 2085 4023 2139 Et
4061 2084 4259 2138 item:

2554 2174 2700 2240 Ejice
2732 2173 2982 2243 primum
3013 2173 3233 2227 trabem
3265 2172 3333 2226 de
3366 2174 3532 2226 oculo
3576 2178 3692 2227 tuo.
3733 2176 3809 2227 Ac
3856 2173 4267 2244 propheticum
4302 2170 4309 2177 ’

2552 2261 2693 2314 illud
2729 2277 2741 2314 :
2770 2261 2953 2315 Ruina
3002 2262 3229 2331 populi,
3260 2262 3581 2315 sacerdotes
3613 2261 3767 2315 mali.
3803 2261 4261 2332 Perpendentes,

2552 2355 2607 2403 ct
2640 2350 3039 2403 discuntiendo
3071 2350 3452 2420 nosmetipsos
3480 2350 3863 2420 inspicientes,
3919 2355 3977 2405 et
4006 2350 4067 2404 in
4139 2368 4262 2405 me-

2550 2438 2707 2492 dium
2772 2438 3127 2508 poenitentia:
3181 2444 3384 2492 sancite
3429 2439 3603 2508 digno
3666 2438 3855 2493 fructu
3911 2438 3983 2493 ad
4041 2443 4264 2493 terram

2549 2544 2653 2581 nos
2684 2527 3071 2597 projicientes,
3107 2526 3440 2580 deﬂevimus
3469 2527 3852 2598 negligentias
3918 2526 4265 2582 innumera-

2548 2616 2689 2670 biles
2717 2620 2769 2669 et
2801 2620 3026 2686 peccata
3080 2620 3274 2669 nostra
3331 2615 3685 2685 gravissima.
3746 2615 3962 2669 Deinde
4020 2615 4267 2669 hortatu

2550 2703 2765 2758 domini
2791 2703 2941 2757 Petri
2971 2708 3170 2756 contra
3219 2703 3616 2773 nosmetipsos,
3669 2707 3725 2756 et
3771 2702 3909 2757 vitia
3964 2703 4126 2772 irati,
4157 2705 4267 2758 ad-

2544 2793 2775 2862 juvante
2804 2791 2988 2862 primo
3023 2797 3215 2844 sancto
3248 2791 3486 2861 Spiritu,
3533 2798 3589 2846 et
3629 2791 3955 2853 miserante.
3998 2793 4268 2863 capitula

2550 2875 2697 2935 infra
2753 2885 2948 2935 notata
2995 2880 3067 2934 ad
3113 2881 3527 2934 correctionem
3580 2885 3695 2934 tam
3760 2885 4014 2935 nostram
4078 2897 4267 2954 quam

2549 2969 2855 3027 Christiani
2889 2968 3086 3039 populi
3125 2968 3425 3022 statuendo
3467 2968 3822 3038 collegimus.

2552 3078 2679 3131 CAP.
2712 3076 2894 3131 LXIX.
2935 3078 3004 3128 De
3050 3074 3313 3142 episc0pis
3345 3077 3441 3143 qui
3489 3076 3754 3142 subjectos
3790 3074 4059 3130 seducunt
4113 3091 4268 3130 com-

2903 3148 3237 3199 municantes
3260 3161 3377 3198 cum
3396 3148 3891 3199 crcommunicatis.

2616 3235 2722 3305 (Ea:
2749 3234 2926 3288 eodem
2974 3235 3216 3301 concilio,
3263 3236 3440 3303 capite
3477 3235 3551 3302 6.)
3583 3235 3803 3288 Scimus
3854 3249 4016 3287 sacra
4084 3240 4270 3288 auto-

2543 3323 2708 3376 ritate
2776 3322 3072 3392 scriptum,
3128 3320 3229 3391 qui
3301 3322 3793 3375 excommunicato
3861 3322 4271 3375 communica-

2542 3408 2707 3478 vcrit,
2731 3410 3278 3465 excommunicetur.
3313 3410 3375 3464 In
3402 3409 3509 3464 hoc
3537 3426 3641 3464 nos
3670 3409 3919 3464 fatemur
3968 3409 4271 3480 episcopi,

2542 3503 2597 3551 et
2655 3497 2994 3568 presbyteri,
3058 3502 3114 3551 et
3170 3496 3358 3550 clerici
3418 3496 3718 3567 pcenaliter
3764 3512 4051 3566 peccasse,
4097 3498 4265 3568 quod

2542 3584 2598 3638 in
2630 3590 2923 3655 posterum
2959 3587 3093 3651 Deo,
3122 3585 3453 3646 auxiliante.
3504 3589 3562 3640 et
3590 3584 3895 3639 emendare
3940 3588 3997 3638 et
4035 3584 4271 3638 evitare

2540 3672 2900 3743 cupimus,qet
2920 3673 3309 3743 praecipimus.

2967 3761 3105 3816 CAP.
3132 3761 3276 3816 LXX.
3318 3791 3387 3801 —-
3418 3761 3500 3815 De
3527 3760 3710 3816 eadem
3731 3776 3806 3815 re.

2615 3849 2730 3919 (Ea:
2759 3849 2959 3918 eodem,
3016 3852 3192 3919 capite
3222 3851 3293 3919 7.)
3335 3849 3554 3905 Placuit
3597 3853 3805 3903 sanctai
3835 3848 4059 3919 synodo
4102 3849 4265 3905 hunc

2541 3953 2793 3991 errorem
2843 3937 3009 4008 quasi
3051 3937 3299 4009 impium
3356 3937 3427 3992 ab
3472 3937 3719 3991 Ecclesia
3761 3952 4027 3992 amovere
4064 3954 4079 3992 :
4118 3940 4264 4009 quia

2539 4025 2863 4080 animarum
2894 4042 3087 4080 curam
3122 4042 3154 4080 a
3210 4025 3457 4081 Domino
3515 4025 3864 4096 accepimus,
3914 4041 4032 4079 non
4078 4041 4265 4096 pecu-

2539 4114 2787 4170 niarum.
2819 4114 2954 4169 Inde
2986 4119 3041 4169 et
3070 4114 3349 4170 reddituri
3404 4130 3602 4169 sumus
3654 4115 3769 4169 Deo
3822 4112 4151 4183 rationem,
4208 4120 4267 4168 et

2538 4202 2826 4275 accepturi
2867 4207 3104 4274 propter
3133 4219 3295 4258 suam
3343 4202 3798 4258 misericordiam
3834 4205 4120 4257 aeternam
4175 4219 4267 4256 re.

2538 4291 2935 4355 tributionem,
2967 4292 3052 4345 vel
3071 4292 3288 4361 justam
3316 4291 3768 4346 damnationem.

736 4397 1073 4471 criminibus
1101 4397 1342 4471 colonos
1380 4415 1675 4486 flagellare
1705 4429 1837 4468 cum
1878 4412 2057 4482 virgis
2085 4417 2425 4483 potestatem

2550 4398 2668 4452 CAP.
2698 4399 2867 4453 LXXI.
2897 4428 2965 4437 —-
2990 4402 3062 4453 De
3083 4400 3347 4468 episcopis
3373 4402 3568 4486 ut‘non
3586 4400 3697 4453 sint
3716 4397 3915 4452 malum
3940 4398 4263 4466 exemplum

734 4504 1002 4572 habeant,
1044 4509 1279 4575 propter
1307 4508 1526 4558 metum
1574 4502 1840 4568 aliorum,
1888 4503 1955 4553 ut
1982 4499 2092 4570 ipsi
2140 4498 2430 4553 criminosi

734 4593 1117 4662 corrigantur,
1173 4597 1238 4646 ut
1288 4592 1377 4646 vel
1434 4589 1601 4645 inviti
1648 4589 2049 4660 paenitentiam
2103 4592 2295 4658 agant,
2356 4602 2430 4641 ne

733 4682 1078 4736 eternaliter
1105 4685 1361 4752 pereant.
1397 4679 1455 4734 Si
1481 4695 1614 4733 vero
1647 4678 1900 4731 seniores
1926 4675 2181 4746 ipsorum
2205 4676 2433 4730 colono-

732 4785 861 4824 rum
892 4769 1129 4840 indigne
1169 4768 1429 4834 tulerint,
1477 4772 1533 4821 et
1575 4766 1828 4835 aliquam
1869 4763 2175 4819 vindictam
2228 4764 2429 4818 exinde

731 4874 995 4913 exercere
1034 4857 1341 4923 voluerint,
1375 4860 1476 4909 aut
1531 4854 1760 4909 eosdem
1802 4853 2035 4907 colonos
2073 4868 2145 4907 ne
2197 4852 2428 4907 distrin-

732 4950 943 5016 gantur
972 4944 1278 4999 defendere
1335 4942 1826 5014 praesumpserint,
1861 4941 2041 4996 sciant
2091 4958 2150 4995 se
2194 4956 2426 4995 excom-

737 5032 1146 5087 municationis
1171 5031 1565 5085 ecclesiasticae
1597 5030 1878 5085 sententia
1907 5030 2215 5084 feriendos.

735 5122 864 5176 CAP.
892 5120 1119 5174 LXVIII.
1145 5149 1213 5159 —
1235 5123 1306 5173 De
1336 5122 1597 5189 episcopis
1633 5122 1730 5189 qui
1751 5118 2233 5188 apud'Romanam
2253 5117 2429 5172 sedem

804 5194 1047 5246 accusati
1097 5193 1340 5257 fuerant,
1381 5190 1527 5259 quod
1592 5205 1714 5245 cum
1767 5189 2244 5244 excommunicatis
2284 5203 2426 5242 com-

802 5264 1097 5317 municatis
1120 5264 1589 5315 communicarent.

706 5350 715 5357 ’
805 5353 908 5419 (Ea:
932 5351 1156 5405 concilio
1195 5350 1345 5418 apud
1374 5349 1614 5402 Altheim
1641 5346 1842 5409 habito,
1873 5348 1961 5401 cui
2001 5348 2253 5413 interfuit
2291 5348 2426 5403 Con-

732 5439 901 5493 radus
922 5440 1068 5509 rem.)
1102 5439 1302 5508 Reguo
1330 5436 1572 5492 Conradi
1607 5434 1845 5505 piissimi
1875 5438 1932 5489 et
1957 5432 2425 5488 Christianissimi

732 5527 883 5597 regis
946 5527 1172 5598 quinto,
1204 5529 1535 5596 congregat
1583 5527 1668 5578 est
1725 5527 1919 5578 sancta
1973 5521 2258 5593 generalis
2302 5538 2430 5593 syn-

733 5618 876 5669 odus
905 5615 1059 5684 apud
1089 5614 1339 5669 Altheim
1365 5614 1422 5668 in
1445 5629 1594 5684 pago
1608 5613 1831 5681 Rethia,
1858 5617 2139 5683 praesente
2167 5611 2430 5667 videlicet

736 5701 957 5756 domini
1009 5702 1246 5757 Joannis
1291 5718 1458 5773 papae
1507 5701 1874 5774 apocrisiario
1926 5704 2132 5756 sancte
2175 5699 2426 5756 Ortensis

2610 4558 2717 4621 (Ea:
2739 4556 2937 4623 eodem,
2978 4559 3153 4626 capite
3182 4555 3258 4627 8.)
3288 4470 3543 4611 ρὲῗῗιῗέιι
3602 4556 3928 4626 exemplum
3988 4556 4261 4625 populis,

2538 4645 2755 4715 seipsos
2796 4645 3050 4716 episcopi
3097 4646 3185 4699 vel
3237 4645 3559 4700 sacerdotes
3606 4645 3817 4699 debent
3860 4644 4160 4713 praebere,
4207 4649 4263 4697 et

2538 4734 2838 4787 ostendere
2866 4749 2980 4788 non
3012 4733 3197 4787 solum
3226 4732 3411 4799 dictis,
3436 4748 3634 4787 verum
3674 4736 3730 4785 et
3768 4731 3947 4785 factis.
3998 4730 4264 4801 Propter

2538 4820 2645 4874 hoc
2672 4820 2826 4875 enim
2869 4820 3197 4886 statuimus,
3229 4820 3471 4874 minime
3525 4834 3782 4891 unquam
3823 4818 3883 4872 in
3941 4823 4260 4888 posterum

2537 4914 2734 4962 contra
2778 4924 2937 4962 sacra
2989 4912 3203 4963 statuta
3267 4908 3463 4979 aliquo
3514 4908 3685 4961 modo
3744 4906 4260 4961 communicemns

2537 4996 3068 5064 excommunicatis,
3100 5001 3157 5051 et
3210 4996 3583 5066 dijudicimus
3633 4994 4046 5064 nosmetipsos,
4106 5012 4261 5067 qua-

2535 5089 2701 5139 tenus
2732 5086 2790 5139 in
2816 5084 3007 5139 futuro
3039 5100 3154 5139 non
3178 5084 3510 5155 judicemur
3541 5100 3574 5138 a
3606 5083 3875 5138 Domino.
3911 5083 4099 5153 Sequi
4156 5101 4259 5138 cu-

2536 5174 2758 5244 primus
2787 5174 2937 5228 dicta
2963 5178 3019 5227 et
3043 5178 3254 5228 statuta
3283 5173 3462 5227 sancti
3511 5171 3771 5243 Gregorii
3803 5188 3990 5242 papae,
4036 5176 4100 5226 et
4138 5189 4261 5244 pm-

2535 5262 2837 5316 nitentiam
2870 5261 3103 5331 dignam
3135 5277 3305 5331 agere
3326 5264 3589 5315 volumus
3608 5264 3823 5313 secrete
3855 5259 3914 5312 in
3950 5268 4260 5316 monaste-

2536 5349 2621 5404 rio
2653 5365 2667 5403 :
2700 5348 2837 5419 quia
2860 5348 3087 5419 publice
3118 5349 3424 5419 nequimus
3456 5364 3471 5402 :
3522 5348 3582 5402 in
3616 5347 3935 5418 futuroque
3968 5350 4259 5419 pradicta

2536 5437 2802 5491 omnibus
2827 5436 3013 5491 modis
3045 5437 3160 5491 Deo
3192 5437 3439 5507 propitio
3497 5436 3676 5490 vitare
3733 5435 4034 5490 volumus.
4095 5438 4258 5491 Eam—

2535 5524 2784 5596 demque
2830 5525 3018 5595 legem
3062 5529 3374 5579 statuentes
3441 5522 3814 5596 presbyteris,
3876 5524 4253 5590 diaconibus,

2535 5618 2593 5667 et
2621 5612 2779 5667 omni
2808 5612 2982 5679 clero,
3015 5611 3062 5666 si
3091 5612 3161 5667 de
3199 5611 3383 5681 gradu
3412 5611 3623 5683 deponi
3652 5610 3985 5681 noluerint,
4017 5620 4090 5669 ut
4117 5614 4257 5669 tide-
4332 5618 4333 5691 Τ

2534 5701 2665 5755 liter
2693 5699 3016 5769 observent,
3039 5706 3098 5756 et
3125 5699 3250 5756 aliis
3287 5716 3513 5756 servare
3536 5698 3879 5770 praedicent.
