4380 6366
284 339 388 388 873

1220 339 1689 394 DECRETORUM
1738 341 1917 394 LIBRI
1959 341 2062 394 XX.
2097 369 2165 377 —
2199 341 2401 393 LIBER
2450 341 2866 394 UNDECIMUS.

3684 349 3783 400 87-1

282 459 414 509 CAP.
451 457 651 511 LXXII.
683 489 748 495 —
777 461 852 512 De
879 460 1198 536 correctione
1222 462 1589 536 episcoporum
1620 464 1715 529 qui
1743 478 1858 514 cum
1890 478 1983 513 ρξε-
2015 465 2056 512 Λ
2104 461 2496 514 Ecclesiarum.
2535 464 2609 515 De
2657 464 2862 516 talibus
2895 466 3193 531 Apostolus
3225 465 3291 516 ad
3346 467 3732 536 Philippenses
3767 485 3778 520 ε

653 532 1058 582 communicatis
1089 533 1630 586 communicaverunt.

350 636 469 696 (Ea;
499 635 700 701 eodem,
735 638 910 704 cap-ite
957 637 1036 705 9.)
1069 635 1416 689 Auctoritate
1450 637 1759 706 apostolica
1791 638 1981 690 ﬁrma-

275 737 411 773 mus
461 723 612 776 dicta
647 729 701 776 et
739 728 1023 794 praecepta
1073 729 1400 777 sanctorum
1448 741 1751 790 canonum,
1802 732 1857 779 et
1897 726 1984 778 in-

276 809 640 875 terdicimus,
694 827 866 880 quam
899 810 997 864 diu
1039 811 1164 880 quis
1215 813 1754 878 excommunicatus,
1799 814 1889 879 sit,
1925 818 1985 866 ut

277 898 478 950 nullus
527 903 855 952 nostrorum
906 898 1300 968 episcoporum
1335 901 1387 953 ei
1419 901 1625 954 audeat
1671 903 1986 955 communi-

276 1000 433 1050 care,
470 987 560 1039 vel
615 1003 746 1039 cum
782 1005 848 1039 eo
883 987 940 1039 in
989 987 1225 1040 ecclesia
1270 1004 1453 1042 orare.
1492 991 1553 1042 Et
1604 989 1728 1042 laici
1761 990 1857 1060 qui
1903 1008 1984 1042 5e.-

275 1075 397 1126 cuti
458 1079 593 1127 sunt
625 1092 746 1141 nos,
784 1079 843 1128 ut
891 1075 1106 1141 dicunt,
1149 1077 1391 1130 errando
1440 1083 1495 1130 et
1545 1079 1836 1147 sequendo
1882 1097 1984 1132 nos

279 1162 482 1226 modo,
519 1179 622 1214 nos
650 1170 748 1216 aut
793 1164 1175 1233 nosmetipsos
1207 1181 1308 1234 per
1354 1167 1748 1234 paenitentiam
1799 1184 1982 1218 niueo-

274 1255 475 1302 rantes
509 1252 871 1320 corrigendo,
924 1255 979 1303 et
1011 1252 1160 1304 viam
1190 1252 1271 1304 eis
1317 1253 1444 1305 vitae.
1494 1254 1888 1322 praedicantes,
1929 1262 1982 1308 et

273 1339 610 1406 aperientes
646 1355 660 1391 :
695 1344 756 1391 ut
812 1338 1146 1407 re‘sipiscant
1185 1355 1216 1392 a
1243 1340 1454 1393 diaboli
1499 1341 1735 1411 laqueis,
1773 1361 1804 1395 a
1852 1344 1979 1412 qui-

274 1426 382 1478 bus
417 1443 524 1496 per
571 1431 764 1480 nostra
810 1427 959 1480 mala
998 1429 1254 1497 exempla
1294 1429 1442 1497 capti
1474 1434 1756 1497 tenentur,
1809 1437 1865 1484 et
1909 1432 1979 1484 ad

271 1531 477 1568 veram
539 1521 780 1570 matrem
842 1515 1146 1569 Ecclesiam
1199 1532 1302 1585 per
1349 1518 1744 1586 paenitentiam
1800 1535 1979 1572 rever-

271 1609 498 1657 tantur.

269 1712 405 1762 (lar.
444 1708 674 1762 LXXIII.
702 1738 768 1748 —
796 1709 879 1762 De
909 1710 991 1762 his
1014 1711 1466 1776 quicontemnunt
1491 1710 1721 1764 bannum
1755 1711 1821 1764 ab
1843 1713 1980 1779 epis-
2010 1725 2049 1778 Β

876 1783 1022 1847 capis
1063 1782 1390 1848 impositum.

342 1866 467 1935 (Em
519 1868 742 1921 concilio
798 1867 1039 1930 Tribur.,
1095 1869 1184 1920 cui
1239 1868 1492 1932 interfuit
1533 1882 1631 1920 rex
1685 1869 1972 1934 Arnol/us,

262 1957 472 2023 capite,
531 1957 608 2021 8.)
671 1956 848 2008 Nemo
905 1957 1231 2007 contemnat
1285 1971 1471 2023 neque
1529 1956 1979 2024 transgrediatur

262 2043 541 2095 bannum
573 2041 642 2095 ab
696 2043 978 2112 episcopis
1032 2042 1554 2111 superimpositum.
1602 2043 1750 2096 Sciat
1801 2050 1856 2098 et
1886 2045 1979 2097 ab-

262 2131 516 2182 horreat
549 2130 610 2182 in
659 2130 898 2198 epistola
932 2132 986 2182 B.
1039 2130 1345 2184 Clementis
1378 2131 1612 2195 dictum,
1673 2135 1870 2184 contra
1917 2148 1976 2185 se

263 2218 560 2287 scriptum
595 2234 608 2271 :
643 2218 701 2271 Si
733 2217 896 2271 vobis
930 2217 1206 2287 episcopis
1248 2234 1360 2270 non
1406 2218 1723 2272 obedierint
1758 2236 1976 2285 omnes,

263 2314 386 2358 tam
442 2305 684 2373 majoris
733 2322 906 2375 quam
947 2312 1002 2359 et
1047 2306 1332 2358 inferioris
1384 2306 1620 2363 ordinis.
1673 2312 1841 2376 atque
1888 2326 1980 2361 re-

266 2394 418 2463 liqui
477 2393 685 2463 pepuli
716 2393 916 2458 tribus,
949 2402 1005 2446 et
1051 2391 1282 2460 linguae,
1323 2410 1437 2446 non
1479 2395 1664 2446 solum
1717 2396 1974 2460 infames,

262 2483 362 2534 sed
404 2487 468 2534 et
530 2486 779 2534 extorres
809 2498 842 2534 a
885 2497 1061 2549 regno
1111 2481 1233 2545 Dei,
1291 2486 1345 2533 et
1378 2483 1662 2534 consortio
1696 2483 1973 2550 ﬁdelium,

263 2590 293 2623 a
349 2571 660 2623 liminibus
716 2573 923 2622 sanctae
975 2569 1073 2621 Dei
1134 2569 1388 2621 Ecclesiae
1448 2570 1618 2622 alieni
1676 2577 1861 2635 erunt,
1923 2578 1978 2625 et

264 2659 519 2712 audiant
547 2657 735 2727 ipsum
761 2658 1068 2710 Dominum
1091 2656 1148 2708 in
1185 2657 1483 2725 Evangelio
1506 2658 1788 2710 dicentem
1823 2675 1834 2712 :
1869 2660 1975 2722 Qui

263 2764 357 2798 γωδ
393 2745 586 2810 audit,
641 2761 730 2798 me
761 2744 944 2809 audit,
973 2748 1027 2797 et
1057 2744 1156 2813 qui
1204 2761 1301 2795 vos
1345 2745 1583 2812 spernit,
1619 2761 1706 2798 me
1739 2749 1970 2813 spernit.

259 2836 638 2904 Quapropter
668 2850 770 2885 nos
803 2832 1187 2900 evangelicam
1219 2836 1273 2884 et
1303 2833 1673 2900 apostolicam
1705 2834 1973 2886 conside-

257 2927 458 2974 rantes
495 2919 914 2984 auctoritatem,
949 2933 1066 2970 non
1110 2922 1388 2986 quaestum
1434 2919 1827 2987 pecuniarum,
1872 2919 1971 2972 sed

2100 550 2294 603 Videte
2347 568 2535 617 canes,
2588 551 2769 604 videte
2822 553 2998 604 malos
3047 553 3354 622 operarios.
3390 556 3567 607 Canes
3626 573 3784 608 voca-

2098 638 2194 704 vit,
2229 639 2327 708 qui
2376 657 2491 692 non
2525 640 2736 692 habent
2773 641 3193 693 verecundiam.
3242 642 3413 694 Malos
3442 643 3731 710 operarios
3764 661 3778 697 :

2097 726 2230 794 quia
2278 728 2435 780 nulla
2482 728 2695 781 faciunt
2743 745 2871 798 quze
2917 728 3115 797 pietati
3169 730 3523 783 conveniant.
3583 732 3650 783 Et
3682 733 3783 784 Do-

2095 815 2285 868 minus
2335 833 2436 885 per
2485 817 2818 886 prophetam
2867 817 3110 870 Isaiam:
3148 819 3288 886 Ergo
3340 818 3612 871 Dominus
3649 819 3780 872 dili-

2094 918 2232 971 gens
2279 905 2579 971 judicium,
2633 911 2688 958 et
2731 907 2860 957 odio
2894 905 3106 958 habens
3154 907 3432 974 rapinam.
3488 908 3644 960 Unde
3674 923 3780 960 nos

2094 980 2221 1060 quite
2258 993 2525 1044 Dominus
2556 993 2743 1060 diligit
2790 993 3108 1061 diligentes,
3144 1000 3196 1046 et
3227 1010 3353 1063 quae
3384 994 3533 1057 odio,
3563 995 3778 1048 haben-

2093 1087 2198 1144 tes,
2257 1081 2558 1132 statuimus
2609 1089 2665 1132 et
2706 1081 3050 1147 judicamus,
3103 1087 3165 1134 ut
3213 1082 3257 1133 si
3311 1083 3438 1150 quis
3486 1089 3613 1152 post
3660 1083 3780 1137 haec

2093 1168 2417 1236 evangelica
2465 1173 2520 1220 et
2565 1169 2872 1236 apostolica
2919 1175 3089 1238 atque
3127 1169 3454 1239 prophetica
3505 1171 3694 1234 verba,
3724 1175 3780 1223 et

2094 1256 2486 1309 deﬁnitionem
2552 1258 2909 1326 pacatissima
2985 1259 3214 1326 synodi,
3281 1258 3538 1311 inventus
3609 1259 3779 1312 fuerit

2091 1344 2306 1396 furtum
2357 1347 2453 1395 aut
2507 1343 2764 1411 rapinam
2813 1358 3093 1406 exercere,
3150 1349 3205 1396 et
3238 1344 3295 1395 in
3328 1343 3449 1413 ipso
3498 1344 3775 1398 diabolico

2092 1437 2217 1483 actu
2266 1436 2503 1482 mortem
2537 1436 2786 1481 meretur
2816 1429 3128 1493 incurrere,
3181 1430 3368 1482 nullus
3395 1447 3499 1500 pro
3531 1447 3597 1483 eo
3626 1447 3775 1500 prte-

2091 1524 2277 1572 sumat
2306 1535 2483 1580 orare,
2527 1521 2622 1570 aut
2663 1517 3079 1586 eleemosynain
3127 1518 3281 1571 dare.
3328 1519 3390 1570 Et
3418 1519 3778 1588 eleemosyna

2088 1624 2194 1677 pro
2225 1623 2290 1659 eo
2331 1607 2458 1659 data
2494 1607 2551 1657 in
2585 1605 2918 1658 memoriam
2951 1606 3286 1658 clericorum
3320 1621 3422 1658 nec
3455 1623 3774 1676 pauperum

2088 1695 2296 1758 veniat,
2331 1696 2428 1747 sed
2461 1692 2791 1746 execrabilis
2844 1693 3142 1746 sordescat.
3195 1696 3396 1748 Beatus
3425 1695 3776 1763 Augustinus

2089 1785 2158 1838 de
2204 1783 2412 1835 talibus
2469 1781 2800 1834 horribilem
2849 1782 3067 1850 profert
3125 1781 3484 1843 sententiam,
3536 1782 3771 1836 dicens:

2089 1873 2265 1924 Nemo
2311 1876 2365 1922 te
2401 1874 2529 1938 post
2576 1874 2820 1921 mortem
2851 1872 3007 1920 tuam
3059 1869 3304 1922 fideliter
3335 1869 3566 1922 redimit
3599 1885 3611 1922 :
3640 1869 3776 1938 quia

2084 1963 2146 2012 tu
2174 1963 2227 2010 te
2273 1957 2551 2010 redimere
2588 1956 2838 2008 noluisti.
2875 1956 2932 2008 Si
2982 1960 3170 2008 autem
3226 1957 3316 2008 ille
3349 1957 3458 2022 fur,
3493 1958 3576 2008 vel
3608 1957 3771 2022 latro,

2087 2049 2412 2098 vulneratus
2461 2044 2724 2108 elabitur,
2773 2049 2828 2096 et
2857 2043 3269 2112 exspectatione
3320 2045 3519 2097 mortis
3566 2045 3774 2113 despe—

2088 2139 2244 2186 ratus
2275 2138 2528 2202 putatur,
2565 2137 2732 2200 atque
2786 2132 3137 2186 reconciliari
3167 2150 3223 2184 se
3271 2133 3553 2200 mysteriis
3584 2149 3774 2186 sacro-

2085 2222 2293 2274 sanctis
2350 2221 2549 2274 liabitu
2609 2219 2882 2286 corporis,
2946 2225 3002 2272 et
3057 2220 3346 2271 voluntate
3403 2220 3511 2288 piae
3569 2219 3774 2272 mentis

2086 2313 2448 2380 deprecatur,
2505 2311 2733 2376 Deoque
2768 2314 2824 2360 et
2865 2307 3139 2361 sacerdoti
3179 2308 3290 2360 vita
3338 2307 3545 2360 comite
3581 2325 3772 2360 emen-

2086 2400 2394 2461 dationem,
2429 2403 2482 2449 et
2515 2403 2701 2449 actum
2728 2398 3049 2459 conﬁtetur,
3084 2395 3504 2449 communionis
3534 2396 3775 2466 gratiam

2083 2503 2197 2540 non
2232 2503 2508 2556 negamus
2541 2485 2923 2538 tribuendam.

2082 2630 2208 2683 CAP.
2246 2627 2460 2681 LXXVI.
2494 2656 2554 2666 —
2585 2629 2658 2680 De
2689 2625 2802 2680 illis
2845 2627 2942 2693 qui
2968 2627 3026 2678 in
3056 2626 3320 2693 patibulis
3349 2627 3768 2694 suspenduntur.

2151 2761 2254 2829 (Ea:
2285 2761 2506 2812 concilio
2552 2760 2840 2825 Mogunti,
2893 2761 3069 2826 capite
3101 2758 3182 2826 5.)
3227 2758 3538 2820 Quaesitum
3576 2763 3658 2810 est
3701 2759 3771 2811 ab

2079 2849 2364 2917 aliquibus
2408 2847 2675 2900 fratribus
2722 2847 2790 2899 de
2843 2846 2930 2898 his
2982 2845 3080 2915 qui
3121 2847 3178 2898 in
3213 2846 3482 2914 patibulis
3531 2863 3768 2913 suspen-

2082 2936 2297 2988 duntur
2344 2952 2446 3004 pro
2478 2935 2591 2985 suis
2644 2935 2973 2998 sceleribus,
3007 2939 3136 3002 post
3190 2935 3603 2987 confessionem
3655 2935 3767 2987 Deo

257 3013 501 3064 lucrum
551 3011 876 3078 quaerentes
925 3006 1268 3071 animarum,
1321 3007 1623 3059 statuimus
1664 3012 1718 3060 et
1759 3009 1968 3060 conﬁr-
2003 2992 2042 3046 Ο
2079 3029 2390 3092 peractam,
2439 3028 2632 3075 unum
2667 3022 2938 3074 cadavera
2983 3022 3212 3075 ίιιυιιηιη
3261 3022 3327 3074 ad
3373 3023 3640 3074 Ecclesias
3673 3023 3771 3074 de-

258 3115 525 3162 mamus,
575 3101 640 3149 ut
689 3096 735 3148 si
781 3095 908 3164 quis
940 3099 1066 3164 post
1119 3096 1261 3147 hanc
1293 3095 1461 3163 hujus
1518 3095 1696 3147 sancti
1744 3096 1970 3149 concilii

256 3187 672 3242 deﬁnitionem
723 3185 986 3237 inventus
1031 3183 1202 3236 fuerit
1248 3183 1568 3253 corrupisse
1598 3184 1852 3237 bannum
1899 3186 1967 3238 ab

255 3274 560 3345 episcopis
600 3271 958 3341 impositum,
1002 3287 1071 3323 XL
1120 3270 1746 3340 dierum-castigatione
1791 3273 1964 3326 corri-

253 3366 456 3434 piatur
487 3366 714 3414 tantum
747 3359 804 3412 in
836 3375 1003 3429 pane,
1037 3363 1091 3411 et
1120 3358 1252 3422 sale,
1287 3363 1342 3411 et
1373 3375 1537 3428 aqua.

254 3470 384 3521 Car.
425 3467 658 3522 LXXIV.
685 3495 750 3502 —
777 3465 855 3516 De
879 3480 934 3516 eo
955 3479 1052 3532 pro
1075 3463 1269 3530 quibus
1301 3466 1476 3516 causis
1499 3465 1781 3530 quemlibet
1800 3465 1966 3518 homi-

500 3553 620 3588 nem
653 3537 1010 3588 anathematis
1041 3536 1252 3598 vinculo
1285 3535 1450 3600 ligari
1479 3540 1736 3602 oporteat.

323 3631 442 3696 (Ea:
489 3625 692 3689 eodem,
740 3626 915 3690 capite
957 3625 1064 3689 30.)
1095 3622 1404 3685 Quaesitum
1452 3628 1533 3674 est
1564 3623 1621 3674 in
1654 3623 1846 3675 eadem
1881 3639 1965 3693 sy-

254 3717 434 3782 nodo,
470 3730 584 3785 pro
613 3713 822 3782 quibus
853 3711 1037 3764 causis
1067 3711 1384 3780 quemlibet
1413 3711 1706 3763 hominem
1739 3711 1960 3779 episeo-

252 3806 371 3873 pali
407 3801 779 3868 auctoritate,
825 3799 1048 3852 vinculo
1080 3799 1456 3852 anathematis
1489 3799 1653 3866 ligari
1682 3805 1958 3868 oporteat,

253 3898 431 3961 atque
489 3885 758 3942 unanimi
807 3891 1138 3938 cunctorum
1195 3887 1476 3937 sententia
1518 3886 1804 3938 decretum
1857 3891 1958 3952 est,

253 3998 358 4048 pro
411 3978 505 4032 bis
535 3975 722 4029 tribus
767 3973 1104 4027 criminibus
1158 3973 1284 4026 ﬁeri
1329 3974 1532 4027 debere
1567 3989 1580 4026 :
1615 3990 1744 4026 cum
1775 3975 1844 4027 ad
1877 3991 1962 4044 sy-

253 4068 481 4120 nodum
515 4063 788 4117 canonice
813 4063 1003 4134 jussus
1049 4061 1242 4114 venire
1281 4063 1612 4114 contemnit.
1665 4065 1774 4114 Aut
1805 4069 1959 4131 post-

253 4172 435 4226 quam
495 4154 634 4206 illuc
679 4150 918 4215 venerit,
973 4150 1415 4202 sacerdotalibus
1467 4149 1683 4219 respuit
1729 4151 1959 4204 obedire

253 4242 592 4313 praeceptis.
641 4242 754 4293 Aut
783 4245 913 4293 ante
943 4239 1162 4292 ﬁnitam
1209 4255 1392 4291 causa:
1441 4254 1558 4291 sure
1591 4239 1958 4293 examinatio-
1989 4268 2031 4321 Β

253 4348 388 4384 nem
426 4348 460 4384 a
487 4329 708 4400 synodo
742 4327 1020 4397 profugus
1053 4327 1208 4380 abire
1239 4327 1550 4396 praesumit.

255 4441 384 4492 (jar.
444 4435 648 4490 LXXV.
679 4464 747 4474 —
779 4437 854 4488 De
896 4435 1008 4488 illis
1051 4435 1146 4500 qui
1183 4435 1393 4498 furtum
1423 4438 1472 4487 et
1500 4435 1754 4502 rapinam
1796 4450 1957 4488 arer-

1000 4507 1223 4557 oue-rint.

321 4595 454 4662 (Ea:
490 4593 692 4655 eodem,
726 4595 902 4660 capite
938 4592 1050 4660 3t.)
1082 4590 1572 4661 Tranquillitatem
1623 4596 1828 4644 sanctae
1859 4592 1957 4644 Dei

255 4684 528 4736 Ecclesiae
594 4680 928 4750 inquietari,
969 4685 1024 4732 et
1079 4695 1276 4748 pacem
1332 4677 1638 4730 fraternam
1701 4679 1955 4731 infestari

256 4775 570 4834 ,estantur,
617 4769 769 4822 fures
800 4773 857 4821 et
887 4768 1152 4830 latrones,
1188 4768 1287 4836 qui
1332 4765 1624 4819 ambulant
1672 4767 1821 4819 inter
1852 4784 1955 4819 nos

256 4860 423 4913 wina
458 4858 617 4928 pelle
667 4855 1018 4921 obunibrati,
1070 4855 1168 4908 sed
1217 4855 1417 4923 lupina
1447 4859 1636 4906 mente
1685 4855 1957 4907 recedunt

255 4945 514 5012 itienati,
573 4961 722 4998 saeva
771 4948 964 4997 mente
1014 4959 1104 4995 res
1165 4941 1536 4995 Ecclesiarum
1595 4941 1822 4994 adducti
1873 4958 1954 4994 ra-

256 5041 500 5099 ‘iientes,
535 5036 592 5086 et
635 5048 871 5101 gregem
906 5030 1264 5084 Dominicum
1294 5029 1590 5099 spoliaudo
1623 5030 1950 5082 lacerantes.

257 5128 304 5177 le
354 5123 582 5193 quibus
621 5120 876 5173 Salvator
905 5117 964 5170 in
1015 5117 1317 5187 Evangelio
1365 5123 1770 5171 commemorat
1803 5131 1815 5168 :
1849 5115 1956 5178 Qui

257 5229 360 5264 non
411 5211 601 5262 intrat
652 5224 753 5277 per
809 5206 1016 5260 ostium
1064 5205 1123 5258 in
1156 5206 1302 5258 ovile
1360 5205 1572 5269 mium,
1607 5206 1699 5258 ille
1751 5204 1841 5256 fur
1873 5207 1957 5256 est

258 5308 290 5354 It
350 5301 538 5353 latro.
597 5299 782 5365 Atque
841 5293 1135 5363 subjunxit
1168 5309 1180 5346 :
1219 5294 1328 5346 Fur
1373 5309 1488 5344 non
1537 5293 1692 5344 venit
1741 5291 1846 5344 nisi
1897 5296 1959 5344 ut

260 5395 500 5450 oretur,
555 5389 610 5437 et
645 5388 866 5447 mactet,
902 5386 956 5434 et
987 5381 1205 5450 perdat.
1238 5381 1340 5434 Ubi
1373 5381 1631 5450 quamvis
1665 5380 1956 5432 haereticos

257 5479 336 5547 [ni
371 5475 564 5529 ﬁdem
607 5472 872 5525 furantur
903 5470 1158 5522 Ecclesia:
1190 5469 1472 5537 designet,
1513 5474 1706 5521 tamen
1735 5468 1954 5520 insecu-

263 5569 404 5618 ione
437 5562 642 5616 furum
678 5565 735 5613 et
779 5559 1087 5622 latronum,
1121 5557 1407 5611 turbatam
1448 5560 1731 5610 monstrat
1758 5571 1952 5625 pacem

626 5665 905 5729 PATROL.
959 5661 1135 5727 CXL.

2077 3111 2313 3164 ferenda
2373 3110 2502 3168 sint,
2563 3114 2618 3162 et
2673 3109 2988 3162 oblationes
3041 3127 3142 3179 pro
3193 3110 3274 3162 eis
3323 3111 3647 3173 offerendas,
3711 3115 3768 3163 et

2077 3199 2256 3251 Missa:
2309 3198 2685 3264 celebranda},
2740 3214 2813 3250 an
2863 3213 2994 3250 non.
3046 3197 3260 3260 Quibus
3308 3199 3761 3267 respondemus:

2076 3288 2130 3340 Si
2181 3287 2447 3340 omnibus
2490 3287 2570 3339 de
2619 3287 2861 3354 peccatis
2910 3286 3027 3338 suis
3087 3303 3287 3356 parum
3349 3287 3765 3339 confessionem

2075 3375 2396 3444 agentibus,
2431 3380 2488 3426 et
2519 3373 2688 3441 digne
2735 3373 3144 3442 pcenitentibus
3183 3373 3510 3426 communio
3555 3374 3611 3426 in
3652 3375 3764 3427 ﬁne

2075 3461 2388 3514 secundum
2423 3459 2758 3512 canonicum
2782 3461 3006 3529 jussum
3039 3461 3220 3513 danda
3255 3465 3356 3525 est,
3390 3477 3489 3513 cur
3520 3477 3764 3513 canones

2074 3549 2152 3602 eis
2186 3549 2286 3618 qui
2331 3565 2432 3618 pro
2481 3547 2721 3617 peccatis
2769 3549 2882 3599 suis
2915 3564 3140 3616 poenam
3191 3554 3500 3600 extremam
3545 3549 3761 3617 persol-

2072 3641 2249 3704 vunt,
2316 3642 2373 3689 et
2445 3637 2822 3702 conﬁtentur,
2898 3637 2982 3688 vel
3061 3636 3318 3687 conﬁteri
3389 3635 3760 3688 desiderant?

2073 3725 2357 3792 Scriptum
2416 3727 2497 3776 est
2554 3723 2708 3776 enim
2746 3739 2757 3776 :
2795 3724 2914 3776 Non
2967 3723 3184 3792 judicat
3218 3724 3363 3776 Deus
3420 3722 3507 3775 bis
3562 3722 3621 3775 in
3677 3723 3760 3776 id-

2069 3812 2276 3883 ipsum.

2071 3936 2198 3989 CAP.
2236 3934 2473 3989 LXXVII.
2507 3963 2574 3974 —
2601 3936 2672 3987 De
2701 3935 2960 4001 episcoin's
3006 3935 3102 4000 qui
3130 3949 3248 3987 cum
3286 3936 3758 3988 excommunicatis

2648 4007 3176 4058 commum‘cuverint.

2143 4123 2247 4186 (Ea:
2276 4120 2495 4174 concilio
2525 4119 2674 4186 apud
2701 4121 3074 4187 Erphesfurt.,
3106 4121 3193 4172 cui
3222 4121 3473 4184 interfuit
3495 4121 3758 4173 Henricus

2069 4225 2187 4275 rea),
2220 4212 2396 4276 capite
2440 4207 2514 4276 9.)
2566 4207 2822 4261 Decrevit
2855 4213 3047 4260 sancta
3081 4207 3330 4277 synodus
3361 4222 3490 4260 cum
3520 4207 3756 4260 consilio

2070 4295 2421 4350 serenissimi
2470 4295 2760 4364 principis,
2804 4295 2850 4347 si
2904 4295 3171 4364 deinceps
3207 4294 3410 4364 aliquis
3458 4295 3757 4364 episcopus

2068 4385 2156 4437 sui
2202 4384 2502 4436 ministerii
2557 4382 2786 4441 oblitus.
2847 4382 3028 4434 sciens
3083 4397 3210 4434 cum
3263 4382 3755 4435 excommunicato

2066 4470 2565 4525 communicaverit
2616 4471 2730 4521 sive
2757 4471 2814 4521 in
2847 4470 3206 4532 salutatione,
3241 4469 3355 4520 sive
3389 4469 3448 4521 in
3477 4469 3752 4537 oratione,

2066 4561 2180 4614 sive
2212 4561 2270 4613 in
2310 4560 2463 4629 jusla
2495 4558 2929 4620 confortatione,
2963 4557 3079 4608 sive
3110 4557 3168 4608 in
3201 4556 3344 4620 cibo,
3375 4556 3489 4608 sive
3514 4557 3572 4608 in
3595 4562 3752 4626 potu,

2066 4647 2589 4702 excommunicatus
2638 4647 2936 4709 habeatur,
2987 4650 3102 4697 tam
3133 4660 3165 4696 a
3196 4643 3469 4714 principe,
3523 4660 3696 4713 quam
3723 4662 3755 4698 a

2065 4735 2282 4788 caeteris
2330 4734 2614 4796 omnibus,
2669 4748 2964 4802 quousque
2999 4732 3054 4784 in
3090 4731 3349 4801 proxima
3399 4731 3617 4801 synodo
3650 4748 3751 4785 au-

2066 4824 2272 4886 diatur,
2309 4825 2365 4876 et
2397 4823 2507 4876 Deo
2540 4827 2596 4874 et
2629 4820 2887 4873 Ecclesiae
2921 4821 3240 4873 satisfacere
3265 4824 3519 4888 cogatur.

2068 4943 2194 4995 CAP.
2230 4941 2496 4994 LXXVIII.
2522 4970 2589 4979 —
2617 4943 2686 4992 De
2707 4941 2913 4993 clericis
2934 4943 3030 5007 qui
3050 4942 3294 5006 fugerint
3324 4939 3582 4993 Ecclesias
3604 4955 3750 5006 suas,

2250 5018 2298 5064 et
2331 5011 2395 5064 de
2423 5015 2592 5064 servis
2623 5014 2718 5079 qui
2745 5011 2992 5065 dominos
3019 5014 3271 5078 proprios
3299 5013 3562 5077 fugerint.

2137 5115 2242 5185 (Ea:
2300 5118 2518 5169 concilio
2582 5116 2730 5184 apud
2779 5117 3020 5169 Attheim
3095 5117 3298 5179 habito,
3360 5117 3449 5168 cui
3503 5117 3756 5180 interfuit

2065 5205 2342 5258 Conradus
2376 5221 2492 5263 rex.
2549 5207 2724 5272 capite
2770 5207 2882 5270 27.)
2943 5205 3178 5258 Sanctus
3236 5202 3538 5272 Gregorius
3569 5203 3752 5255 dicit:

2066 5293 2348 5346 Clericum
2405 5293 2715 5361 fugientem
2773 5293 2842 5346 ab
2903 5292 3142 5346 Ecclesia
3199 5309 3321 5356 sua,
3378 5291 3462 5341 vel
3528 5307 3752 5342 servum

2065 5380 2378 5449 fugientem
2430 5381 2724 5433 dominum
2763 5382 3079 5450 proprium,
3124 5384 3177 5432 et
3208 5380 3493 5430 nolentem
3529 5378 3750 5439 reverti,

2061 5469 2382 5536 judicamus
2459 5469 2859 5521 communione
2946 5466 3176 5536 privari,
3243 5465 3616 5534 quoadusque
3684 5464 3754 5517 ad

2065 5555 2356 5626 propriam
2405 5555 2724 5618 Ecclesiam,
2763 5556 2847 5607 vel
2878 5554 2947 5607 ad
2999 5553 3295 5606 dominum
3339 5568 3505 5606 suum
3541 5554 3751 5606 redeat.

3363 5661 3445 5720 28
