3966 6410
374 321 476 373 875
1455 324 1865 380 BURCHABDI
1909 325 2441 382 WOIlMACIENSIS
2481 326 2815 383 EPISCOPI.
3799 328 3929 379 876

375 444 442 497 Et
486 442 624 499 item
658 461 670 498 :
699 445 980 501 Clericum
1022 445 1328 516 fugitivum
1376 462 1478 502 suo
1525 449 1790 519 episcopo
1835 448 1922 502 vel
1972 448 2071 502 do-
2098 450 2145 503 A
2183 450 2268 505 vel
2299 448 2802 516 excommunicari,
2835 464 2952 503 una
2979 463 3109 503 cum
3135 447 3249 503 illis
3286 446 3389 519 qui
3418 449 3470 502 ei
3495 447 3931 503 communica-

372 531 532 586 mino
575 549 678 586 suo
735 532 1095 587 decernimus
1127 535 1441 605 apostolica
1490 536 1775 590 sententia
1820 536 2068 605 restitui,
2180 538 2386 591 verint.

1726 675 1904 715 FINIS
1949 675 2128 715 LIBRI
2176 676 2517 716 UNDECIMI.

1129 939 1425 1012 INDEX
1481 938 2173 1013 CAPITULORUM
2225 940 2480 1014 LIBRI
2544 936 3112 1011 DUODECIMI.

372 1119 500 1173 CAP.
562 1121 604 1172 l.
640 1119 707 1172 Ut
735 1117 1075 1188 multiplicia
1119 1134 1335 1188 genera
1359 1119 1825 1188 juramentorum
1866 1120 2068 1174 exstir-
2251 1119 2339 1172 vel
2370 1117 2482 1173 alio
2515 1117 2687 1171 modo
2732 1115 3095 1187 blasphemia
3141 1118 3344 1170 contra
3374 1115 3556 1169 Deum
3585 1114 3925 1169 immorta-

441 1211 668 1277 pentur.
2252 1208 2365 1262 lem
2394 1211 2657 1261 utuntur.

369 1295 421 1345 2.
468 1293 543 1345 De
570 1292 682 1345 illis
716 1291 815 1362 qui
847 1308 1060 1346 nomen
1098 1294 1197 1347 Dei
1231 1292 1291 1347 in
1323 1310 1532 1348 vanum
1566 1300 1819 1350 sumunt.
2186 1299 2267 1350 15.
2313 1297 2391 1349 De
2418 1297 2746 1365 juramento
2775 1292 3031 1348 Herodis.

370 1383 421 1435 3.
466 1381 545 1434 De
599 1379 714 1434 illis
771 1380 872 1452 qui
929 1396 1034 1451 per
1108 1382 1487 1452 cupiditatem
1544 1384 1869 1455 perjurium
1921 1384 2067 1439 fece-
2184 1387 2265 1438 16.
2316 1385 2394 1437 De
2428 1383 2540 1437 illis
2586 1381 2687 1454 qui
2729 1381 2931 1436 odium
2976 1379 3397 1452 sempiternum
3440 1379 3597 1434 inter
3644 1394 3705 1433 se
3733 1378 3926 1449 jura-

440 1469 575 1522 rint.
2249 1477 2446 1525 mente
2480 1469 2857 1525 ﬁrmaverint.

365 1558 419 1612 4.
462 1557 541 1611 De
571 1555 684 1610 illis
731 1557 833 1629 qui
884 1558 1224 1629 jubentibus
1270 1559 1519 1614 dominis
1575 1560 1692 1614 suis
1741 1559 2064 1633 periurium
2181 1563 2265 1614 17.
2311 1561 2389 1614 De
2419 1559 2534 1613 illis
2565 1558 2666 1629 qui
2694 1557 2923 1612 incaute
2948 1555 3291 1629 juraverint.

438 1644 699 1700 fecerint.
2183 1650 2267 1701 18.
2312 1646 2564 1711 Qualiter
2594 1646 2914 1701 sacerdotes
2934 1646 3133 1716 jurare
3156 1644 3424 1700 debeant.

368 1731 418 1783 5.
464 1731 543 1784 De
575 1729 689 1783 illis
739 1729 840 1801 qui
868 1730 1133 1802 pejerant
1179 1747 1238 1786 se
1267 1731 1328 1785 in
1358 1748 1537 1786 manu
1577 1731 1850 1803 episcopi,
1882 1737 1982 1788 aut
2008 1732 2070 1787 in
2184 1738 2266 1790 t9.
2309 1735 2432 1798 Quo
2460 1739 2727 1804 tempore
2750 1735 2948 1804 jurare
2977 1734 3168 1788 liceat.

440 1833 604 1871 cruce
635 1824 983 1884 consecrata,
1014 1822 1113 1873 aut
1142 1836 1261 1873 non
1294 1824 1640 1874 consecrata.
2099 1857 2140 1910 Β
2177 1825 2265 1878 20.
2311 1824 2389 1877 De
2418 1822 2532 1876 illis
2560 1821 2662 1893 qui
2692 1826 3113 1877 sacramentum
3143 1819 3294 1892 regis
3324 1820 3559 1875 violant.

366 1907 417 1959 6.
465 1905 542 1958 De
592 1904 706 1958 illis
748 1905 850 1976 qui
895 1922 1002 1977 pro
1032 1907 1149 1960 vita
1190 1906 1524 1963 redimenda
1559 1908 1880 1978 perjiu‘ium
1924 1908 2073 1962 fece-
2100 1904 2135 1910 ⁷
2182 1911 2270 1963 21.
2315 1909 2393 1962 De
2428 1909 2628 1963 eadem
2654 1925 2737 1963 re.

439 1992 576 2046 rint.
2184 1999 2274 2052 22.
2317 1998 2396 2051 De
2427 1997 2527 2051 illo
2571 1997 2672 2068 qui
2714 1997 2963 2052 audierit
2989 2012 3186 2051 vocem
3214 1994 3550 2067 pejerantis,
3582 1998 3638 2051 et
3685 2011 3923 2050 assen—

370 2084 422 2134 7.
466 2080 546 2134 De
609 2079 724 2133 illis
789 2079 890 2151 qui
950 2078 1158 2149 injuste
1229 2085 1361 2136 vota
1419 2082 1753 2153 juramento
1819 2084 2074 2138 ﬁrmave-
2254 2099 2382 2137 sum
2408 2083 2644 2154 praebet.

441 2171 596 2221 runt.
2183 2174 2270 2227 23.
2317 2173 2393 2226 De
2423 2173 2534 2226 hoc
2578 2172 2733 2244 quod
2759 2172 3065 2243 Apostolus
3096 2171 3377 2247 Spiritum
3418 2174 3681 2226 sanctum
3726 2172 3919 2227 testi-

370 2257 424 2309 8.
467 2256 546 2309 De
577 2255 775 2310 eadem
811 2271 893 2310 re.
2252 2259 2453 2314 ﬁcatus
2481 2266 2584 2315 est.

371 2346 423 2395 9.
465 2342 630 2405 Quod
685 2343 833 2395 Deus
889 2342 969 2396 sic
990 2342 1323 2413 juramenta
1360 2347 1702 2416 perceperit,
1739 2351 1800 2401 ut
1851 2347 1948 2401 ille
1980 2348 2073 2402 cui
2180 2349 2270 2403 24.
2315 2349 2393 2403 De
2419 2349 2620 2404 eadem
2654 2364 2733 2403 re.

434 2430 630 2499 jarata
657 2429 889 2485 fuerint.
2182 2440 2272 2492 25.
2315 2438 2478 2503 Quod
2507 2437 2766 2493 deﬁnitio
2796 2436 3008 2509 injusta
3040 2437 3310 2491 solvenda
3344 2436 3434 2491 sit.

376 2518 460 2571 10.
505 2519 583 2571 De
615 2517 727 2571 illis
756 2518 857 2588 qui
879 2535 938 2572 se
963 2520 1210 2574 scienter
1236 2522 1642 2593 pejeraverint.
2181 2529 2270 2581 26.
2319 2529 2394 2581 De
2425 2528 2626 2581 eadem
2659 2543 2738 2580 re.

376 2607 457 2659 11.
501 2605 664 2669 Quod
697 2606 1091 2679 unusquisque
1119 2609 1351 2679 jejunus
1374 2611 1572 2682 jurare
1599 2610 1816 2668 debeat.
2185 2618 2272 2667 ‘27.
2319 2616 2395 2668 De
2429 2616 2627 2668 eadem
2657 2630 2739 2668 re.

375 2690 457 2742 12.
502 2691 581 2743 De
613 2691 815 2744 eadem
848 2707 931 2746 re.
2181 2701 2268 2753 28.
2315 2702 2386 2754 Ut
2414 2700 2684 2754 omnibus
2715 2699 2902 2754 modis
2935 2700 3253 2754 cavendum
3284 2698 3358 2754 sit
3388 2699 3779 2754 mendacium.

373 2780 458 2831 13.
501 2778 741 2842 Qualem
769 2779 1170 2850 paenitentiam
1192 2781 1411 2852 perjuri
1443 2784 1699 2852 accipere
1731 2783 1995 2839 debeant.
2181 2791 2271 2844 29.
2309 2789 2451 2842 Item
2484 2789 2553 2844 de
2582 2789 2931 2860 iuramento.

375 2865 458 2920 14.
502 2866 581 2920 De
624 2866 740 2921 illis
770 2867 869 2938 qui
901 2884 1004 2938 per
1033 2870 1305 2940 capillum
1354 2870 1475 2934 Dei,
1527 2874 1626 2925 aut
1655 2877 1827 2943 caput
1851 2872 2069 2943 jurant,
2646 2876 2850 2931 Indicis
2879 2875 3242 2946 capitulorum
3270 2879 3418 2946 ﬁnis.

1717 3156 2560 3261 BURCHARDI

1368 3358 1776 3414 ΕΟΟΕΕΞΙ.Ε
1823 3358 2465 3416 WOBMACIENSIS
2514 3360 2889 3416 EPISCOPI

376 3542 1731 3691 DECRETOBUM
1868 3543 2460 3688 LIBER
2604 3543 3897 3691 DUODECIMUS

1844 3823 1945 3887 DE
1993 3823 2404 3889 PERJURIO.

862 4148 1345 4204 ABGUMENTUM
1384 4148 1595 4203 LIBRI.
2111 4149 2151 4204 C
2191 4150 2318 4204 CAP.
2366 4150 2433 4204 Ιῐ.
2482 4180 2550 4189 -
2580 4152 2653 4205 De
2680 4152 2797 4206 illis
2839 4153 2937 4220 qui
2962 4168 3152 4207 nomen
3183 4154 3290 4207 Dei
3315 4154 3376 4207 in
3402 4168 3601 4208 vanum
3641 4160 3889 4210 sumunt.

452 4240 621 4296 Libro
666 4239 774 4293 hoc
815 4237 883 4291 de
916 4238 1247 4307 juramento
1297 4240 1354 4290 et
1404 4234 1678 4306 perjurio,
1732 4235 1802 4290 de
1837 4234 2077 4306 jurandi

379 4328 646 4384 facilitate
709 4326 947 4396 ejusque
1022 4323 1298 4396 periculo,
1364 4323 1549 4395 deque
1596 4323 1875 4393 improbis
1915 4322 2081 4393 jura-

379 4416 589 4472 mentis
618 4413 999 4485 infringendis
1029 4412 1239 4483 agitur.

379 4509 508 4559 CAP.
596 4505 639 4559 Ι.
707 4531 776 4545 -
861 4503 927 4557 Ut
992 4502 1321 4568 multiplicia
1386 4515 1587 4566 genera
1641 4499 2076 4569 juramentorum

1043 4574 1408 4641 extirpentur.

449 4665 569 4731 (Ea:
623 4663 846 4717 concilio
905 4660 1186 4726 Meldensi,
1245 4662 1423 4730 capite
1482 4661 1592 4727 10.)
1647 4660 1717 4714 Ut
1774 4658 2079 4729 multiplex

370 4753 858 4823 juramentorum,
892 4754 948 4803 et
990 4747 1385 4819 perjuriorum
1432 4747 1716 4813 confusio,
1767 4764 1872 4818 per
1903 4764 2077 4817 quam

377 4841 575 4895 multa:
616 4838 878 4893 ﬁdelium
925 4836 1133 4892 animai
1163 4836 1225 4890 in
1270 4839 1392 4890 toto
1446 4836 1557 4890 hoc
1599 4851 1781 4907 regno
1836 4835 2077 4906 perditae

377 4945 496 4983 esse
543 4932 875 4992 noscuntur,
925 4942 1098 4995 quam
1148 4925 1221 4978 sit
1266 4925 1597 4979 detestanda
1638 4930 1694 4979 et
1728 4926 1842 4978 Deo
1892 4924 2076 4978 odibi-

375 5018 465 5084 lis,
501 5019 753 5070 attentus
801 5014 1067 5067 omnibus
1100 5013 1497 5068 annuntietur.
1546 5014 1793 5067 Tantum
1824 5029 2076 5083 namque

2258 4275 2371 4342 (Em
2416 4274 2577 4329 dictis
2626 4276 2966 4345 Hieronym.)
3026 4277 3312 4331 Habemus
3365 4277 3428 4331 in
3478 4278 3604 4347 lege
3657 4278 3894 4332 Domini

2184 4362 2460 4432 scriptum
2491 4379 2504 4416 :
2537 4365 2662 4417 Non
2708 4364 2992 4434 pejerabis
3020 4365 3080 4419 in
3124 4365 3360 4420 nomine
3410 4382 3563 4430 meo,
3610 4382 3715 4420 nec
3762 4369 3891 4438 pol-

2186 4450 2309 4504 lues
2360 4467 2572 4505 nomen
2621 4452 2851 4506 Domini
2900 4453 3004 4506 Dei
3034 4453 3141 4517 tui,
3175 4459 3231 4508 et
3269 4470 3341 4508 ne
3389 4470 3646 4508 assumes
3675 4472 3890 4510 nomen

2187 4538 2287 4591 Dei
2320 4539 2402 4592 tui
2430 4539 2492 4593 in
2540 4556 2771 4594 vanum.
2827 4541 2963 4595 Ideo
2998 4542 3348 4615 admonendi
3387 4548 3523 4596 sunt
3571 4559 3794 4614 omnes,
3824 4549 3889 4597 ut

2184 4626 2490 4697 diligenter
2540 4635 2777 4684 caveant
2820 4629 3164 4700 perjurium,
3215 4646 3335 4684 non
3372 4632 3560 4685 solum
3590 4631 3651 4685 in
3699 4633 3888 4701 altari,

2186 4731 2289 4769 seu
2319 4722 2650 4771 sanctorum
2682 4717 2962 4788 reliquiis,
2997 4718 3095 4772 sed
3129 4722 3185 4772 et
3212 4718 3273 4772 in
3302 4719 3595 4774 communi
3633 4721 3885 4791 loquela.

2184 4803 2326 4858 Item
2374 4806 2693 4859 cavendum
2727 4796 2830 4871 est,
2877 4822 2950 4859 ne
2980 4806 3190 4877 aliquis
3221 4808 3348 4877 plus
3396 4824 3602 4863 aurum
3643 4808 3892 4864 honoret

2185 4908 2358 4962 quam
2408 4894 2607 4957 altare,
2659 4910 2729 4948 ne
2761 4893 2813 4947 ei
2846 4894 3125 4948 Dominus
3160 4894 3309 4948 dicat
3339 4910 3352 4949 :
3379 4895 3583 4963 Stulte,
3619 4898 3760 4967 quid
3804 4903 3890 4953 est
3943 4900 3945 4911 ‘

2184 4982 2393 5051 majus,
2425 4998 2630 5036 aurum
2661 4999 2733 5036 an
2760 4983 2937 5036 altare
2966 4983 3118 5052 quod
3151 4982 3466 5037 sanctificat
3495 4999 3721 5042 aurum.

376 5072 487 5160 ho'c
520 5104 738 5158 malum
775 5107 877 5166 est,
914 5107 974 5154 ut
1007 5100 1078 5154 ad
1114 5100 1439 5155 sanetuaria
1487 5106 1809 5173 martyrum
1854 5101 1953 5156 ubi
1979 5072 2077 5156 di—
2185 5105 2313 5160 CAP.
2348 5106 2444 5160 III.
2492 5136 2563 5145 —
2614 5072 2688 5159 De
2732 5107 2845 5160 illis
2896 5108 2995 5174 qui
3027 5122 3127 5180 per
3173 5107 3530 5175 cupiditatem
3574 5110 3882 5180 perjurium

374 5207 673 5247 versornm
731 5188 1104 5260 aegritudines
1161 5194 1458 5257 sanantur,
1510 5189 1592 5262 ibi
1650 5190 1890 5260 perjuri,
1947 5189 2078 5243 licet
2910 5179 3159 5241 Ῑθοενίηε-
3414 5239 3431 5255 κ

378 5282 678 5336 manifeste
724 5278 1012 5332 interdum
1044 5277 1237 5332 vexari
1283 5294 1402 5331 non
1434 5278 1757 5343 videantur,
1783 5279 1943 5346 justo
1974 5278 2077 5332 Dei
2259 5278 2367 5349 (Ea:
2412 5280 2775 5348 pwnitentiali
2806 5281 3089 5348 Romano.)
3124 5282 3182 5337 Si
3209 5282 3336 5353 quis
3369 5300 3473 5354 per
3514 5285 3880 5356 cupiditatem

371 5370 588 5440 judicio
633 5385 666 5421 a
711 5366 1070 5421 daemonibus
1123 5365 1491 5436 arripiantur.
1543 5368 1610 5419 Et
1651 5366 1800 5419 sicut
1847 5372 2076 5419 sanctus
2185 5368 2543 5437 pejeraverit,
2609 5384 2809 5421 omnes
2839 5384 2931 5422 res
2980 5386 3113 5424 suas
3160 5372 3390 5440 vendat,
3438 5374 3782 5444 pauperibus
3828 5379 3881 5427 et

377 5457 517 5512 dicit
545 5455 870 5526 Gregorius,
917 5454 987 5508 ad
1019 5452 1228 5507 horum
1273 5468 1510 5523 corpora
1557 5453 1698 5523 azgri
1754 5454 1992 5508 veniunt
2022 5460 2077 5508 et
2183 5455 2509 5521 distribuat,
2552 5459 2608 5509 et
2638 5456 3051 5512 monasterium
3090 5457 3401 5531 ingressus,
3445 5462 3574 5533 jugi
3602 5463 3878 5533 pmniten-

376 5550 674 5613 curantur,
705 5548 761 5597 et
789 5541 1010 5613 perjuri
1036 5557 1064 5595 a
1094 5540 1384 5596 daemonio
1416 5548 1711 5595 vexantur.
2184 5544 2279 5597 tiae
2312 5559 2372 5597 se
2402 5542 2627 5599 subdat.
