3966 6410
192 316 302 366 877

1099 314 1568 371 DECRETORUM
1614 318 1800 372 LIBRI
1838 319 1945 373 XX.
1980 350 2048 359 ——
2089 322 2301 376 LIBER
2342 323 2701 381 DUODECIM
2718 329 2815 383 US.

3652 348 3722 396 78

192 434 329 487 CAP.
362 433 453 485 IV.
500 461 567 473 -—-
602 431 685 485 De
728 433 838 515 illis
888 434 985 515 qui
1006 432 1326 530 jurbentibus
1369 435 1601 490 dominis
1642 439 1758 491 suis
1782 454 1908 506 per-
1935 446 1976 496 Α
2016 442 2221 495 essein
2254 459 2371 510 ore,
2405 446 2519 511 Est,
2554 450 2660 513 est,
2695 448 2839 510 Non,
2881 466 3015 504 non.
3048 454 3311 522 Amplius
3356 458 3510 510 enim
3549 476 3720 530 quam

808 505 1022 571 jurium
1052 507 1296 568 fecerint.

271 594 380 655 (Ea:
437 591 583 644 decr.
636 593 724 644 Pii
770 606 952 659 pupae,
1003 595 1181 659 capite
1241 594 1316 662 2.)
1356 593 1463 656 Qui
1496 596 1824 664 compulsus
1879 612 1912 647 a

193 680 440 733 domino
494 679 717 748 pejerat
769 695 826 731 se
856 678 1060 742 sciens,
1118 679 1346 750 utrique
1403 681 1517 734 sint
1570 682 1806 752 perjuri,
1860 688 1914 735 et

199 768 478 821 dominus
533 774 590 821 et
622 768 782 820 miles
825 767 1163 830 :dominus,
1218 769 1355 838 quia
1401 771 1677 840 praecepit
1724 771 1906 836 miles,

198 856 341 926 quia
386 856 515 926 plus
558 855 862 909 dominum
898 871 1072 926 quam
1129 856 1384 911 animam
1429 858 1647 912 dilexit.
1681 859 1738 913 Si
1768 859 1913 913 liber

196 949 307 1011 est,
360 943 745 1014 quadraginta
793 943 914 997 dies
944 943 1003 996 in
1055 959 1203 1013 pane
1235 949 1292 998 et
1334 961 1485 1015 aqua
1532 947 1824 1016 poeniteat,
1860 953 1916 1001 et

195 1050 279 1086 vu
334 1037 640 1103 sequentes
682 1048 883 1086 annos.
937 1033 995 1087 Si
1049 1050 1245 1087 servus
1290 1033 1413 1104 ejus
1445 1041 1549 1100 est,
1607 1040 1722 1090 tres
1772 1053 1912 1106 qua-

200 1122 557 1192 dragesimus
589 1125 645 1174 et
676 1120 961 1190 legitimas
987 1121 1157 1175 ferias
1189 1122 1482 1191 poeniteat.

201 1211 335 1264 Car.
371 1212 433 1263 V.
470 1238 537 1249 —
562 1213 637 1263 De
684 1211 795 1262 illis
830 1213 926 1277 qui
968 1211 1218 1278 pejerant
1250 1227 1305 1264 se
1334 1214 1392 1264 in
1440 1228 1605 1265 manu
1653 1215 1912 1282 episcopi,

386 1286 481 1334 aut
508 1284 563 1332 in
592 1296 747 1333 cruce
775 1288 1105 1345 consecrata,
1145 1286 1239 1334 aut
1270 1298 1376 1336 non
1404 1290 1733 1336 consecrata.
1820 1343 1829 1349 ‘

280 1371 391 1435 (Ex
419 1370 785 1437 puenitentiuli
836 1368 1096 1437 T/ieodo.)
1125 1369 1232 1432 Qui
1281 1372 1501 1440 pejerat
1549 1387 1607 1424 se
1636 1371 1695 1424 in
1740 1388 1912 1424 manu

202 1457 484 1527 episcopi,
535 1462 633 1511 aut
686 1457 745 1510 in
796 1473 961 1511 cruce
1010 1464 1357 1526 consecrata,
1388 1476 1449 1512 iu
1506 1476 1685 1513 annos
1732 1460 1916 1530 poeni-

202 1550 343 1600 teat.
379 1546 435 1600 Si
486 1562 619 1599 vero
661 1546 723 1599 in
749 1563 914 1600 cruce
948 1564 1062 1600 non
1095 1552 1441 1614 consecrata,
1485 1565 1703 1602 annum
1733 1565 1916 1603 unum

201 1636 502 1705 pceniteat.
563 1634 672 1698 Qui
722 1640 915 1688 autem
970 1636 1234 1705 seductus
1291 1637 1486 1704 fuerit,
1537 1641 1593 1691 et
1642 1637 1917 1706 ignorans

202 1740 265 1776 se
312 1724 676 1794 pejeraverit,
726 1729 782 1778 et
824 1728 1023 1794 postea
1075 1726 1386 1796 cognoscit,
1420 1731 1535 1779 tres
1589 1726 1915 1797 quadrage—
1947 1725 1986 1777 Β

199 1813 382 1865 simas
415 1813 709 1881 paeniteat.

201 1902 337 1957 CAP.
374 1902 463 1955 VI.
495 1931 563 1942 —
600 1904 673 1956 De
704 1903 814 1957 illis
843 1903 940 1969 qui
974 1918 1076 1970 pro
1107 1905 1222 1956 vita
1251 1903 1570 1957 redimenda
1602 1904 1916 1974 perjurium

930 1975 1179 2039 fecerint.

271 2064 386 2128 (Ex
416 2061 781 2130 pwnitentiali
827 2060 1109 2131 Romano.)
1143 2061 1199 2116 Si
1230 2061 1357 2132 quis
1395 2066 1620 2115 coactus
1647 2080 1751 2132 pro
1798 2063 1917 2116 vita

198 2150 567 2217 redimenda,
600 2150 686 2202 vel
718 2166 821 2219 pro
853 2150 1111 2219 qualibet
1142 2167 1330 2216 causa,
1368 2151 1458 2203 vel
1490 2152 1823 2204 necessitate
1855 2169 1914 2205 se

199 2238 468 2308 pejerat:
504 2236 641 2307 quia
682 2238 812 2307 plus
842 2254 1049 2307 corpus
1098 2254 1271 2307 quam
1323 2238 1578 2292 animam
1618 2240 1914 2310 dilexerat,

199 2330 318 2379 tres
373 2324 865 2396 quedragesimas.
902 2326 1013 2379 Alii
1040 2326 1303 2395 judicant
1338 2332 1454 2381 tres
1486 2344 1687 2392 annos,
1735 2345 1917 2383 unum

202 2430 271 2467 ex
302 2414 397 2467 his
428 2415 489 2466 in
517 2430 665 2484 pane
697 2419 752 2467 et
782 2431 952 2484 aqua,
979 2415 1282 2485 poeniteat.

201 2505 336 2558 CAP.
374 2503 490 2556 V11.
524 2532 594 2543 —
636 2506 710 2557 De
740 2504 850 2556 illis
879 2505 976 2572 qui
1004 2504 1213 2627 injugta
1239 2508 1364 2557 vota
1387 2504 1699 2573 juramento
1727 2508 1913 2573 ﬁrma-

966 2590 1117 2627 verm
1160 2618 1161 2621 η

966 2590 1144 2627 vermt
1160 2618 1161 2621 η

273 2662 387 2732 (Eae
418 2663 650 2716 concilio
690 2662 956 2728 Toletum,
1007 2665 1183 2731 capite
1228 2662 1304 2733 9.)
1352 2664 1588 2717 Necesse
1622 2663 1775 2718 enim
1808 2668 1911 2731 est,

201 2755 266 2803 ut
310 2751 465 2803 male
493 2749 717 2819 jurans,
764 2750 995 2820 dignam
1031 2750 1430 2821 paenitentiam
1462 2757 1615 2829 agat,
1662 2768 1727 2804 eo
1761 2752 1914 2822 quod

204 2854 424 2892 nomen
462 2837 691 2891 Domini
743 2844 941 2891 contra
975 2844 1331 2908 praeceptum
1366 2840 1519 2892 illius
1566 2840 1811 2909 sumpsit
1856 2841 1913 2893 in

199 2943 420 2980 vanum
456 2942 467 2980 :
505 2926 639 2997 quia
672 2926 731 2979 in
771 2927 959 2980 Exodo
1004 2927 1281 2997 scriptum
1315 2932 1401 2981 est
1433 2944 1445 2981 :
1482 2929 1593 2981 Nec
1644 2929 1798 2981 enim
1831 2929 1916 2980 in-

2020 534 2125 597 est,
2160 535 2215 583 et
2246 548 2361 585 non
2394 539 2497 596 est,
2548 550 2581 586 a
2612 536 2763 588 malo
2796 543 2895 591 est.
2932 540 3091 593 Multi
3125 548 3186 594 ut
3209 543 3409 597 fallant
3443 547 3723 615 pejerant,

2019 623 2081 671 ut
2110 635 2214 688 per
2260 620 2433 673 ﬁdem
2484 625 2827 677 sacramenti
2875 626 3050 680 iidem
3106 629 3319 684 faciant
3368 635 3672 690 verborum
3711 653 3722 691 :

2020 706 2212 777 sicque
2263 708 2514 763 fallendo
2573 711 2711 765 dum
2768 714 3046 783 pejeraut,
3099 723 3154 771 et
3205 721 3581 791 mentiuntur,
3630 726 3728 779 ho-

2019 794 2236 849 minem
2286 797 2582 851 incautum
2636 799 2946 870 decipiunt.
3000 804 3295 859 Interdum
3332 814 3388 862 et
3436 811 3593 864 falsis
3642 814 3723 866 la-

2021 883 2231 951 crymis
2277 885 2498 939 seducti
2542 886 2883 956 decipimur,
2917 897 2972 944 et
3004 893 3256 947 creditur
3289 895 3425 949 dum
3475 900 3722 967 plorant,

2022 970 2229 1039 quibus
2278 974 2627 1027 credendum
2680 992 2798 1029 non
2831 986 2971 1033 erat.
3016 981 3365 1053 Plerumque
3406 986 3528 1040 sine
3566 989 3724 1058 jura-

2022 1064 2216 1112 mento
2276 1061 2437 1131 loqui
2487 1062 2870 1134 disponimus,
2924 1068 3019 1121 sed
3069 1069 3473 1127 incredulitate
3526 1092 3726 1130 eorum

2023 1147 2119 1217 qui
2154 1164 2271 1200 non
2315 1150 2554 1203 credunt
2583 1152 2737 1221 quod
2770 1154 3034 1223 dicimus,
3071 1156 3266 1226 jurare
3302 1164 3725 1232 compellimur,

2022 1235 2237 1306 talique
2282 1239 2617 1292 necessitate
2656 1241 2891 1309 jurandi
2941 1248 3419 1303 consuetudinem
3469 1252 3725 1307 facimus.

2023 1324 2168 1378 Sunt
2215 1326 2380 1379 multi
2430 1328 2498 1380 ad
2532 1329 2883 1383 credendum
2923 1332 3095 1402 pigri,
3127 1336 3226 1404 qui
3276 1353 3391 1390 non
3424 1344 3730 1395 moventur

2024 1413 2094 1465 ad
2126 1412 2300 1465 tidem
2334 1414 2537 1469 verbis.
2574 1416 2832 1470 Graviter
2862 1425 3055 1473 autem
3083 1421 3444 1493 delinquunt,
3493 1428 3591 1496 qui
3623 1430 3728 1483 sibi

2024 1500 2324 1569 loquentes
2363 1502 2561 1571 jurare
2594 1510 2822 1573 cogunt.
2872 1506 3222 1578 Quacunque
3267 1517 3389 1564 arte
3422 1515 3730 1570 verborum

2025 1588 2268 1658 quisque
2314 1589 2490 1658 juret,
2535 1592 2683 1643 Deus
2741 1598 2955 1658 tamen,
3007 1596 3109 1665 qui
3162 1598 3523 1655 conscientiae
3570 1605 3728 1658 testis

2025 1680 2128 1743 est,
2176 1677 2257 1729 ita
2308 1678 2416 1730 hoc
2447 1678 2669 1749 accipit,
2724 1681 2870 1735 sicut
2901 1682 2997 1736 ille
3030 1684 3119 1736 cui
3161 1686 3393 1754 juratur
3423 1689 3717 1761 intelligit.

2024 1764 2339 1835 Dupliciter
2394 1772 2587 1821 autem
2631 1784 2762 1822 reus
2808 1770 2935 1836 erit,
3000 1772 3095 1842 qui
3149 1778 3205 1827 et
3250 1775 3352 1829 Dei
3402 1794 3612 1832 nomen
3666 1782 3726 1835 in

2023 1869 2237 1907 vanum
2284 1855 2552 1920 adsumit,
2602 1862 2657 1909 et
2712 1858 3039 1927 proximum
3091 1861 3222 1915 dolo
3261 1865 3432 1934 capit.
3489 1868 3611 1921 Non
3645 1874 3731 1923 est

2024 1942 2477 1996 conservandum
2536 1951 2958 2000 sacramentum
3010 1950 3164 2017 quod
3226 1953 3443 2007 malum
3500 1959 3726 2011 incaute

2026 2030 2402 2099 promittitur,
2452 2034 2629 2086 veluti
2662 2034 2707 2086 si
2736 2035 3021 2104 quispiam
3073 2037 3347 2094 adulterae
3388 2050 3726 2112 perpetuam

2026 2134 2155 2171 cum
2204 2135 2269 2172 ea
2324 2122 2705 2189 permanendi
2744 2122 2917 2176 fidem
2950 2126 3307 2194 polliceatur.
3354 2131 3727 2188 Tolerabilius

2026 2211 2109 2259 est
2156 2206 2312 2259 enim
2344 2224 2458 2260 non
2502 2208 2745 2278 implere
2775 2218 3218 2277 sacramentum,
3273 2232 3448 2285 quam
3500 2236 3725 2289 perma-

2026 2310 2161 2348 nere
2208 2294 2268 2348 in
2300 2296 2482 2366 stupri
2512 2297 2751 2368 ﬂagitio.
2796 2299 3015 2367 Jurare,
3054 2306 3137 2354 est
3172 2302 3269 2356 Dei
3301 2304 3397 2357 illa
3428 2308 3729 2375 providen-

2022 2382 2123 2448 tia,
2175 2399 2300 2453 quae
2331 2385 2525 2438 statuit
2558 2402 2673 2439 non
2717 2388 2957 2442 evellere
3000 2394 3230 2444 statuta.
3264 2392 3605 2448 Pmnitentia
3635 2413 3730 2449 au-

2024 2476 2140 2523 tem
2196 2471 2313 2536 Dei,
2376 2489 2565 2525 rerum
2601 2475 2845 2528 mutatio
2893 2480 2991 2529 est.
3030 2478 3153 2530 Non
3200 2480 3478 2549 poenitere
3512 2489 3726 2551 autem,

2026 2563 2235 2613 statuta
2282 2576 2397 2613 non
2456 2578 2741 2630 revocare,
2795 2568 2856 2616 ut
2904 2569 2988 2618 est
3038 2566 3181 2620 illud
3224 2569 3487 2623 :Juravit
3541 2572 3729 2624 Domi-

2025 2663 2130 2700 nus
2165 2652 2221 2701 et
2263 2664 2378 2701 non
2421 2650 2726 2719 paenitebit
2755 2668 2909 2719 eum,
2958 2653 3017 2706 id
3048 2659 3152 2721 est,
3200 2672 3327 2725 qua:
3352 2657 3569 2727 juravit
3611 2676 3729 2713 non

2023 2736 2288 2789 mutabit.

2143 2826 2269 2877 CAP.
2301 2826 2387 2879 XI.
2420 2856 2489 2864 —
2514 2828 2589 2880 De
2620 2828 2729 2879 illis
2762 2830 2858 2895 qui
2888 2830 3115 2883 scienter
3146 2846 3201 2884 se
3220 2833 3605 2900 pejeraverint.

2098 2913 2203 2981 (Ea;-
2233 2916 2593 2981 pmnitentiuli
2651 2916 2907 2985 ’I‘heodu.)
2950 2918 3004 2971 Si
3038 2919 3165 2988 quis
3206 2922 3527 2989 suspicatur
3571 2926 3728 2995 quod

202 3022 427 3069 sontem
477 3015 715 3068 habebit
746 3016 1024 3068 Dominus
1072 3032 1204 3068 eum
1236 3016 1336 3086 qui
1387 3017 1761 3086 assumpserit
1809 3033 1912 3069 no-
1946 2998 1986 3053 Ε
2025 3001 2095 3054 ad
2126 3002 2447 3070 Peljurium
2476 3002 2803 3071 inducatur:
2837 3013 2891 3058 ‘31
2921 3011 3114 3059 tamen
3148 3024 3213 3060 ex
3245 3026 3522 3063 001159115"
3546 3014 3724 3081 iurat,

203 3120 336 3158 men
392 3104 623 3158 Domini
673 3104 774 3157 Dei
819 3103 908 3157 sui
965 3104 1196 3157 frustra.
1242 3106 1309 3157 Et
1353 3104 1414 3157 in
1448 3105 1692 3158 [.evitico
1740 3121 1753 3159 :
1790 3106 1913 3159 Non

203 3192 494 3263 pejerabis
541 3192 603 3245 in
648 3192 881 3244 nomine
934 3208 1083 3256 meo,
1133 3207 1237 3245 nec
1275 3192 1499 3261 pollues
1547 3209 1757 3246 nomen
1801 3194 1911 3246 Do-

203 3282 346 3334 mini
396 3280 501 3334 Dei
552 3280 659 3349 tui,
703 3295 808 3349 ego
844 3280 1143 3334 Dominus.
1177 3280 1390 3335 Malum
1428 3284 1623 3334 tamen
1655 3282 1805 3351 quod
1835 3282 1915 3335 fa-

205 3376 433 3423 cturum
466 3386 524 3423 se
553 3374 911 3423 sacramento
943 3369 1268 3435 devoverat,
1296 3368 1533 3423 omnino
1565 3387 1679 3425 non
1703 3371 1911 3437 faciat,

206 3458 338 3529 quia
367 3459 545 3512 stulta
574 3463 703 3511 vota
732 3458 1050 3526 frangenda
1081 3462 1229 3512 sunt.

637 3546 763 3599 Car.
802 3546 942 3598 VIII.
976 3576 1043 3584 —
1075 3549 1150 3599 De
1189 3546 1373 3599 eadem
1404 3562 1481 3599 re.

276 3634 385 3704 (Ea:
402 3634 547 3687 decr.
573 3634 816 3687 Fabiani
831 3650 1012 3702 papa,
1036 3637 1214 3702 capite
1240 3637 1255 3687 l
1274 3632 1352 3703 1.)
1376 3633 1714 3704 Quicunque
1732 3634 1914 3688 sciens

209 3738 265 3774 se
294 3722 659 3792 pejeraverit,
712 3722 1095 3791 quadraginta
1124 3722 1244 3775 dies
1286 3722 1345 3774 in
1376 3738 1522 3791 pane
1575 3726 1630 3774 et
1658 3737 1824 3791 aqua,
1860 3725 1915 3774 et

209 3817 426 3879 septem
467 3826 651 3862 annos
707 3814 1016 3878 sequentes
1063 3809 1362 3878 poeniteat,
1396 3814 1451 3861 et
1493 3825 1795 3878 nunquam
1844 3809 1916 3862 sit

209 3896 325 3951 sine
372 3896 740 3969 poenitentia,
794 3900 849 3950 et
878 3913 1179 3967 nunquam
1224 3897 1286 3949 in
1316 3897 1718 3950 testimonium
1763 3897 1914 3952 reci-

207 3986 416 4055 piatur,
453 3992 510 4040 et
534 3986 811 4056 posthaec
840 3986 1312 4039 communionem
1343 3985 1639 4056 percipiat.

664 4074 794 4129 CAP.
838 4075 922 4128 IX.
954 4104 1022 4113 -—
1053 4077 1127 4128 De
1167 4074 1351 4128 eadem
1380 4090 1457 4128 re.

279 4167 384 4229 (Ea:
413 4164 561 4218 decr.
596 4164 805 4231 Pelagii
830 4178 1009 4231 papae,
1043 4165 1221 4231 capite
1276 4163 1387 4231 ll.)
1420 4161 1478 4216 Si
1509 4162 1639 4232 quis
1666 4178 1724 4214 se
1756 4161 1913 4232 peje-

2022 3104 2092 3142 XL
2140 3089 2261 3142 dies
2298 3091 2592 3158 poeniteat,
2643 3096 2713 3145 et.
2748 3110 2826 3145 γη
2873 3100 3176 3163 sequentes
3223 3113 3426 3169 annos,
3476 3104 3533 3153 et
3576 3117 3727 3156 nun-

2024 3194 2196 3248 quam
2231 3178 2303 3231 sit
2334 3179 2457 3231 sine
2487 3180 2648 3249 gravi
2678 3182 3035 3249 poenitentia.

2025 3284 2154 3337 Car.
2210 3285 2321 3338 XII.
2375 3315 2437 3324 —-
2496 3286 2648 3351 Quod
2702 3291 3073 3411 unusbquisque
3122 3291 3347 3359 jejunus
3391 3293 3588 3362 jurare
3636 3296 3727 3350 de-

2860 3376 2964 3411 ea.

2860 3376 2964 3411 θαι.

2096 3442 2214 3513 (Ea:
2245 3443 2386 3497 decr.
2422 3445 2668 3498 Cornelii
2693 3462 2871 3514 papae,
2906 3450 3085 3515 capite
3106 3450 3179 3517 5.)
3206 3449 3309 3503 Sed
3343 3454 3400 3503 et
3427 3452 3593 3505 nobis
3620 3454 3726 3508 ho-

2025 3535 2253 3582 nestum
2312 3530 2484 3583 etiam
2539 3536 2596 3584 et
2619 3533 2838 3600 justum
2882 3534 3124 3603 videtur,
3174 3542 3237 3589 ut
3285 3538 3471 3606 quiin
3520 3542 3727 3595 sanctis

2024 3617 2196 3669 audet
2218 3618 2415 3686 jurare
2445 3618 2550 3671 hoc
2591 3621 2825 3689 jejunus
2858 3622 3046 3688 faciat,
3076 3640 3207 3676 cum
3238 3626 3393 3678 omni
3425 3628 3723 3684 honestate

2024 3709 2079 3756 et
2106 3704 2312 3757 timore
2349 3705 2468 3769 Dei,
2516 3711 2572 3759 et
2605 3714 2669 3760 ut
2696 3709 2863 3777 pueri
2900 3714 3031 3764 ante
3063 3714 3495 3781 quatuordecim
3544 3733 3723 3772 annos

2026 3810 2142 3846 non
2172 3799 2451 3863 cogantur
2471 3795 2689 3863 jurare.

2461 3884 2587 3937 CAP.
2615 3885 2753 3938 XIII.
2785 3913 2857 3925 —
2882 3886 2964 3939 De
2995 3887 3179 3941 eadem
3207 3905 3282 3943 re.

2097 3969 2205 4040 (Ea:
2248 3973 2467 4025 concilio
2500 3973 2739 4039 Aureli,
2785 3978 2960 4043 capite
3001 3977 3106 4045 IO.)
3137 3978 3203 4030 Et
3254 3978 3363 4032 hoc
3393 3985 3587 4035 sancta
3629 3999 3726 4054 sy-

2025 4059 2213 4113 nodus
2260 4060 2529 4127 decrevit,
2586 4061 2696 4114 nisi
2740 4078 2841 4131 pro
2896 4080 3035 4133 pace
3084 4065 3364 4135 facienda,
3416 4074 3482 4124 ut
3528 4087 3727 4125 omnes

2024 4146 2221 4200 ﬁdeles
2247 4147 2435 4217 jejuni
2462 4148 2532 4201 ad
2558 4155 2909 4203 sacramenta
2940 4153 3225 4208 accedant.

211 4253 435 4319 raverit,
499 4256 554 4305 et
612 4251 752 4304 alios
808 4252 991 4304 sciens
1052 4250 1111 4303 in
1167 4251 1489 4319 perjurium
1546 4249 1791 4315 duxerit,
1845 4266 1915 4304 XL
1955 4279 1997 4332 ο
2030 4254 2157 4307 CAP.
2186 4253 2319 4308 XIV.
2355 4282 2425 4295 —
2456 4256 2681 4319 Qualem
2705 4258 3083 4332 ptenitentium
3106 4259 3329 4328 perjuri
3352 4264 3607 4332 ‘accipere
3636 4264 3729 4318 de-

213 4338 325 4392 dies
355 4341 414 4393 in
444 4356 595 4410 pane
629 4345 685 4393 et
731 4356 903 4410 aqua,
952 4344 1008 4392 et
1035 4356 1111 4392 vn
1144 4343 1451 4409 sequentes
1509 4355 1690 4392 annos
1736 4339 1916 4408 poeni-

214 4430 340 4493 teat,
399 4434 455 4482 et
507 4444 808 4498 nunquam
874 4428 947 4480 sit
1018 4428 1140 4480 sine
1188 4427 1548 4496 poenitentia.
1626 4427 1693 4479 Et
1740 4427 1835 4479 alii
1870 4426 1914 4478 si

216 4517 421 4570 conscii
484 4516 734 4582 fuerant,
801 4516 1068 4570 similiter
1124 4516 1443 4585 poeniteant
1502 4531 1515 4568 :
1576 4515 1665 4568 sin
1724 4520 1915 4568 autem

218 4606 424 4674 singuli
454 4612 520 4661 ut
566 4606 888 4677 perjurium
918 4623 1038 4660 non
1066 4610 1266 4677 sponte
1314 4604 1703 4669 commissum,
1736 4604 1914 4675 poeni-

218 4698 382 4749 teant.

221 4781 338 4838 CAP.
395 4785 453 4838 X.
490 4814 559 4823 —
600 4783 758 4849 Quod
807 4785 883 4837 sic
942 4785 1076 4836 Deus
1122 4783 1441 4851 juramenta
1484 4784 1803 4851 perceperit,
1855 4785 1917 4835 ut

652 4856 736 4907 illi
774 4857 862 4907 cui
892 4853 1212 4922 juramenta
1239 4856 1468 4918 fuerint.

287 4941 399 5011 (Ea:
431 4944 593 4997 dictis
620 4943 677 4998 S.
711 4942 957 5011 Isidori.)
990 4942 1147 4996 Sicut
1180 4941 1415 4994 mentiri
1449 4956 1563 4993 non
1594 4938 1786 5009 potest
1816 4938 1917 5009 qui

222 5042 329 5082 non
374 5031 649 5102 loquitur,
706 5030 785 5083 sic
816 5030 1074 5099 pejerare
1127 5046 1243 5082 non
1274 5029 1529 5098 potuerit
1574 5028 1674 5098 qui
1723 5028 1918 5097 jurare

222 5130 330 5170 non
358 5118 594 5190 appetit.
650 5118 982 5171 Cavendum
1020 5118 1202 5187 igitur
1234 5121 1318 5171 est
1362 5117 1782 5187 juramentum,
1817 5133 1919 5171 nec

225 5219 285 5256 eo
329 5209 630 5274 utendum,
683 5206 795 5259 nisi
826 5207 948 5260 sola
1000 5206 1359 5260 necessitate.
1414 5207 1537 5259 Non
1596 5209 1679 5257 est
1721 5212 1919 5259 contra

226 5292 317 5347 Dei
359 5302 713 5367 praeceptum
758 5299 975 5365 jurare,
1030 5296 1123 5349 sed
1158 5296 1295 5347 dum
1354 5310 1521 5347 usum
1573 5294 1800 5363 iurandi
1844 5295 1921 5346 fa-

226 5380 412 5446 cimus,
448 5385 691 5455 perjurii
742 5384 958 5437 crimen
1012 5382 1380 5437 incurrimus.
1432 5383 1741 5451 Nunquam
1784 5398 1920 5452 ergo

225 5466 386 5536 jurat,
418 5473 517 5543 qui
562 5474 825 5542 pejerare
857 5473 1043 5525 timet.
1080 5469 1240 5525 Multi
1274 5470 1413 5524 dum
1458 5471 1797 5539 loquuntur,
1833 5470 1922 5539 ju-

233 5568 347 5609 rare
390 5574 618 5630 semper
648 5559 1025 5628 delectantur,
1076 5556 1214 5611 dum
1256 5560 1517 5627 oporteat
1564 5558 1668 5609 hoc
1698 5562 1921 5610 tantum

2798 4328 2973 4381 beant.

2098 4411 2205 4479 (Ea:
2231 4411 2372 4464 decr.
2400 4414 2724 4479 Eutychum.
2750 4429 2926 4481 pupae,
2950 4418 3125 4483 capite
3151 4417 3261 4486 '26.)
3294 4420 3730 4477 Praedicandum

2028 4501 2112 4551 est
2159 4499 2351 4565 etiam,
2391 4504 2453 4551 ut
2500 4500 2820 4569 perjurium
2873 4501 3069 4553 ﬁdeles
3118 4509 3373 4573 caveant,
3428 4512 3484 4559 et
3512 4508 3582 4561 ab
3624 4509 3731 4563 hoc

2027 4576 2391 4654 summopere
2440 4588 2781 4653 abstineant,
2825 4588 3068 4641 scientes
3118 4590 3226 4643 hoc
3284 4594 3499 4661 grande
3549 4598 3732 4651 scelus

2028 4690 2168 4741 esse,
2218 4680 2274 4727 et
2306 4674 2365 4726 in
2413 4675 2557 4742 lege,
2608 4680 2663 4727 et
2698 4676 3019 4744 prophetis,
3057 4682 3111 4730 et
3154 4676 3213 4731 in
3248 4679 3554 4749 Evangelio
3590 4701 3731 4753 pro-

2026 4762 2293 4815 hibitum.
2348 4763 2688 4816 Audivimus
2744 4770 2937 4816 autem
2983 4766 3263 4834 quosdam
3310 4769 3730 4839 parvipendere

2027 4851 2137 4903 hoc
2160 4850 2362 4917 scelus,
2399 4856 2456 4904 et
2486 4851 2667 4905 levem
2702 4852 3135 4921 quodammodo
3168 4856 3417 4925 perjuris
3453 4860 3734 4927 poeniten-

2027 4939 2120 4991 tiae
2148 4938 2386 4991 modum
2411 4938 2730 5009 imponere.
2763 4940 2871 5003 Qui
2896 4941 3067 4995 etiam
3100 4959 3266 4997 nosse
3294 4945 3523 5015 debent,
3557 4950 3732 5003 talem

2030 5026 2099 5079 de
2130 5026 2382 5095 perjurio
2427 5028 2824 5097 paenitentiam
2870 5029 3168 5101 imponere
3224 5033 3449 5095 debere,
3502 5038 3732 5105 qualem

2030 5118 2085 5167 et
2114 5115 2183 5167 de
2214 5115 2518 5183 adulterio,
2551 5117 2620 5170 de
2651 5117 3050 5187 fornicatione,
3093 5121 3161 5174 de
3190 5122 3498 5176 homicidio
3532 5131 3733 5193 sponte

2032 5204 2361 5272 commisso,
2397 5211 2452 5258 et
2494 5206 2562 5259 de
2604 5208 2825 5260 caeteris
2870 5207 3267 5262 criminalibus
3315 5210 3482 5264 vitiis.
3518 5212 3575 5264 Si
3606 5212 3733 5283 quis

2032 5309 2163 5345 vero
2233 5300 2557 5364 perpetrato
2623 5295 2899 5365 perjurio,
2971 5302 3065 5349 aut
3134 5298 3390 5367 quolibet
3448 5299 3733 5356 criminali

2032 5386 2284 5450 peccato,
2329 5384 2537 5436 timens
2587 5385 2987 5454 pmnitentiam
3034 5386 3288 5453 longam,
3326 5387 3393 5439 ad
3425 5388 3734 5444 confessio-

2036 5486 2171 5524 nem
2226 5472 2419 5525 venire
2474 5474 2741 5539 noluerit,
2796 5474 2865 5527 ab
2920 5473 3167 5527 Ecclesia
3218 5476 3579 5544 repellendus
3628 5485 3731 5542 est,

2035 5561 2151 5612 sive
2185 5577 2213 5611 a
2244 5562 2653 5614 communione
2702 5568 2758 5615 et
2802 5562 3087 5614 consortio
3140 5562 3417 5627 fidelium,
3457 5570 3517 5619 ut
3545 5568 3738 5622 nullus
