3966 6456
235 354 336 407 879

1314 340 1733 399 BURCHARDI
1778 339 2311 398 WORMACIENSIS
2351 340 2689 397 EPISCOPI.

3655 338 3769 391 880

241 490 371 530 cum
404 489 471 526 eo
520 470 803 534 comedat,
839 470 1012 537 atque
1043 464 1223 531 bibat,
1255 479 1448 535 neque
1491 468 1634 533 oret,
1666 478 1854 534 neque
1886 462 1945 515 in
1984 464 2031 517 A
2059 477 2247 531 neque
2295 476 2397 531 per
2444 458 2672 525 coelum,
2729 472 2914 527 neque
2955 472 3059 526 per
3087 459 3321 522 terram,
3382 469 3571 524 neque
3602 452 3768 507 aliud

243 580 345 616 sua
378 561 552 614 domo
587 573 717 611 cum
749 553 1008 625 recipiat.

246 650 376 705 Csp.
410 648 513 701 XV.
549 677 617 684 —
648 648 721 699 De
750 645 861 696 illis
913 643 1010 709 qui
1039 656 1139 711 per
1180 642 1440 708 capillum
1482 642 1599 707 Dei,
1641 644 1738 693 aut
1786 644 1950 706 caput

309 719 524 788 jurant,
592 716 673 769 vel
739 715 846 767 alio
912 712 1068 766 modo
1136 712 1474 780 blasphemia
1530 715 1717 764 contra
1783 712 1949 762 Deum

318 788 671 843 immortalem
701 790 950 838 utuntur.

321 876 441 946 (Ea:
466 874 610 927 decr.
642 875 729 926 Pii
756 886 933 940 papae,
981 872 1159 938 capite
1190 868 1266 939 5.)
1298 868 1356 923 Si
1387 868 1514 938 quis
1543 884 1648 938 per
1677 866 1948 936 capillum

250 964 375 1032 Dei,
420 963 510 1017 vel
540 965 709 1031 caput
752 957 1053 1028 juraverit,
1105 956 1196 1011 vel
1242 956 1354 1010 alio
1388 956 1558 1010 modo
1591 955 1952 1025 blasphemia

238 1055 446 1106 contra
495 1051 675 1103 Deum
706 1063 843 1100 usus
889 1045 1085 1112 fuerit,
1132 1046 1177 1098 si
1209 1051 1295 1098 est
1323 1060 1389 1098 ex
1441 1043 1816 1097 ecclesiastico
1865 1058 1952 1095 or-

248 1140 403 1207 dine,
455 1137 819 1207 deponatur:
855 1134 901 1187 si
948 1133 1148 1201 laicus,
1201 1132 1721 1186 anatheniatizetur
1754 1149 1766 1185 :
1802 1135 1857 1184 et
1906 1130 1952 1183 si

249 1229 381 1299 quis
429 1238 534 1297 per
587 1228 876 1278 creaturas
919 1221 1219 1291 juraverit,
1279 1220 1558 1274 acerrime
1619 1221 1949 1288 castigatur,

251 1321 308 1369 et
333 1316 498 1385 juxta
529 1314 585 1367 id
633 1312 787 1382 quod
822 1310 1074 1379 synodus
1117 1308 1518 1379 dijudicaverit
1565 1307 1860 1378 poeniteat.
1894 1306 1954 1360 Si

250 1403 381 1474 quis
413 1406 607 1456 autem
636 1400 809 1452 talem
857 1397 1154 1452 hominem
1189 1414 1301 1450 non
1335 1396 1802 1462 manifestaverit,
1838 1410 1955 1448 non

251 1496 338 1545 est
395 1489 638 1544 dubium
696 1486 846 1557 quod
899 1485 1093 1539 divina
1149 1483 1626 1538 condemnatione
1687 1483 1954 1536 similiter

250 1583 603 1633 coerceatnr.
655 1577 720 1629 Et
761 1575 809 1628 si
856 1574 1158 1645 episcopus
1198 1573 1307 1627 ista
1351 1574 1657 1627 emendare
1688 1572 1952 1641 neglexe-

252 1667 346 1735 rit,
380 1683 413 1720 a
442 1664 658 1737 synodo
688 1662 1049 1733 corripiatur.

548 1755 675 1809 CAP.
708 1753 839 1806 XVI.
873 1781 940 1791 —
971 1754 1043 1805 De
1067 1750 1378 1820 juramenta
1410 1749 1657 1804 Herodis.

326 1842 438 1915 (Eae
464 1841 623 1896 dictis
652 1841 1008 1908 Hieronym.)
1044 1839 1184 1893 Cum
1205 1839 1537 1909 juramenta
1564 1836 1849 1908 pollicitus
1872 1839 1956 1890 est

256 1930 507 1986 Herodes
559 1929 829 1983 saltatrici
877 1928 1011 1982 dare
1061 1926 1446 1998 quodcunque
1499 1926 1837 1996 postulasset
1883 1924 1953 1979 ab

256 2035 346 2073 eo.
396 2018 455 2073 Si
494 2018 567 2072 ob
612 2016 1021 2088 jusjurandum
1069 2013 1268 2069 fecisse
1322 2031 1381 2068 se
1427 2014 1565 2068 dicit
1597 2031 1609 2068 :
1641 2015 1688 2068 si
1733 2013 1952 2084 patris,

255 2106 572 2176 matrisque
617 2105 915 2158 interitum
960 2103 1322 2173 postulasset,
1374 2102 1625 2156 facturus
1675 2108 1839 2170 esset,
1882 2118 1955 2156 an

257 2193 415 2248 non?
460 2192 621 2257 Quod
654 2193 715 2246 in
749 2192 868 2246 suis
901 2207 1038 2261 ergo
1083 2191 1490 2262 repudiaturus
1534 2190 1663 2260 fuit,
1700 2196 1954 2245 contem-

257 2297 394 2336 nere
424 2281 637 2347 debuit,
675 2280 813 2334 etin
846 2279 1144 2349 propheta.

259 2370 387 2425 CAP.
420 2369 581 2424 XVII.
637 2397 708 2408 —
746 2371 825 2446 De
865 2368 977 2420 illis
1020 2368 1117 2446 qui
1151 2366 1340 2446 pdium
1387 2369 1772 2446 sempiternum
1814 2369 1957 2421 inter

710 2455 777 2519 se.
794 2439 1104 2519 juramenta
1124 2436 1499 2519 ﬁrmaverint.

330 2513 439 2577 (Ea:
468 2511 691 2564 concilio
728 2509 958 2573 Hilcrd.,
1008 2510 1185 2577 capite
1235 2510 1308 2576 6.)
1360 2509 1467 2572 Qui
1501 2514 1856 2563 sacramento
1897 2526 1956 2566 se

259 2598 617 2668 obligaverit,
671 2602 733 2650 ut
778 2597 966 2666 litiget
1021 2612 1150 2649 cum
1198 2596 1476 2666 quolibet,
1528 2613 1599 2650 ne
1654 2597 1736 2657 ad,
1759 2613 1956 2666 pacem

261 2687 377 2739 ullo
408 2686 578 2740 modo
618 2685 832 2752 redeat,
868 2700 972 2754 pro
1008 2684 1282 2754 perjurio,
1318 2700 1433 2737 uno
1483 2700 1634 2737 anno
1661 2702 1694 2738 a
1720 2700 1957 2755 corpore

260 2780 318 2829 et
379 2774 661 2844 sanguine
720 2772 952 2827 Domini
1005 2778 1358 2841 scgregetur,
1405 2777 1460 2825 et
1516 2778 1739 2825 reatum
1789 2790 1957 2826 suum

252 2860 489 2932 jejuniis
556 2867 613 2916 et
680 2861 1057 2932 eleemosynis
1124 2860 1437 2914 absolvat:
1489 2861 1561 2914 ad
1621 2861 1958 2915 charitatem

257 2966 410 3016 vero,
445 2966 573 3021 quae
605 2949 791 3027 operit
817 2947 1248 3002 multitudinem
1280 2953 1666 3018 peccatorum,
1700 2950 1960 3003 celeriter

259 3039 531 3165 redeam
562 3108 745 3162 XVIII.
778 3137 847 3147 -—
879 3110 950 3161 De
978 3108 1090 3161 illis
1117 3109 1213 3175 qui
1244 3109 1459 3161 incaute
1478 3108 1810 3177 juraverint.

328 3197 436 3267 (Em
466 3197 661 3250 decrel.
690 3196 931 3252 Sotheris
966 3211 1124 3264 pap.,
1153 3198 1329 3264 capite
1362 3196 1444 3264 3.)
1475 3195 1531 3249 Si
1563 3195 1782 3265 aliquid
1812 3195 1955 3249 forte

258 3301 363 3338 nos
404 3283 690 3337 incautius
738 3283 963 3352 jurasse
1012 3283 1340 3351 contigerit,
1392 3282 1547 3353 quod
1596 3283 1958 3337 observatum

258 3372 520 3443 pejorem
567 3375 767 3441 vergat
808 3373 868 3423 in
902 3370 1142 3437 exitum,
1188 3370 1333 3425 illud
1364 3371 1604 3424 consilio
1652 3371 1959 3424 salubriori

259 3459 604 3515 mutandum
635 3458 984 3524 noverimus,
1030 3473 1093 3511 ac
1122 3458 1306 3528 magis
1340 3458 1591 3513 instante
1623 3460 1958 3513 necessitate

259 3548 640 3618 pejerandum
707 3546 897 3612 nobis,
965 3562 1138 3616 quam
1207 3546 1458 3616 profecto
1518 3547 1850 3617 juramenta
1899 3548 1960 3600 in

262 3635 420 3690 aliud
448 3634 664 3689 crimen
694 3635 880 3704 majus
911 3649 1032 3687 esse
1064 3633 1485 3688 divertcndum.

371 3724 497 3779 CAP.
532 3723 662 3777 XIX.
691 3753 759 3761 —
790 3723 1034 3788 Qualiter
1056 3722 1356 3776 sacerdotes
1380 3724 1574 3791 jurare
1604 3723 1848 3777 debeant.

330 3809 447 3881 (Ea:
477 3812 634 3879 epist.
666 3811 902 3866 Corneiii
924 3826 1083 3879 pap.,
1113 3813 1291 3878 capite
1321 3811 1397 3881 3.)
1423 3812 1721 3865 Cornelius
1746 3811 1959 3881 episco-

254 3915 383 3969 pus,
446 3899 591 3953 Rufo
641 3896 983 3968 coepiscopo
1038 3897 1098 3950 in
1156 3898 1399 3951 Domino
1459 3900 1721 3952 salutem.
1779 3899 1959 3969 Exigit

260 3986 491 4041 dilectio
543 3992 661 4053 tua,
734 3987 910 4040 frater
967 3986 1323 4052 charissinie,
1374 3991 1437 4039 ut
1493 4002 1559 4041 ex
1616 3987 1957 4041 auctoritate

259 4074 409 4127 sedis
461 4073 809 4143 apostolicae,
860 4073 973 4128 tuis
1021 4073 1360 4127 deberemus
1399 4075 1675 4127 consultis
1722 4091 1952 4146 respon—

258 4160 414 4215 dere.
466 4159 626 4225 Quod
660 4162 787 4215 licet
832 4178 950 4215 non
1007 4162 1248 4232 prolixe,
1301 4162 1399 4216 sed
1447 4162 1728 4217 succincte
1785 4180 1955 4234 agere

256 4249 685 4311 festinaremns,
734 4255 975 4318 propter
1014 4250 1288 4319 quasdam
1330 4250 1793 4320 importunitates
1825 4268 1971 4321 qua).

258 4336 468 4391 nostris
512 4335 1001 4406 praepedientibus
1031 4336 1274 4407 peccatis
1306 4336 1367 4390 in
1414 4354 1520 4391 nos
1550 4355 1950 4408 supervenere,

258 4425 372 4478 tuis
418 4430 607 4478 tamen
658 4440 762 4493 per
806 4424 1029 4494 reliqua
1059 4429 1386 4478 sanctorum
1434 4426 1663 4478 Patrum
1693 4425 1954 4479 instituta

259 4511 461 4566 studiis
508 4511 844 4581 perquirere
902 4511 1092 4578 latius,
1144 4516 1201 4565 et
1249 4512 1596 4581 investigare
1646 4514 1953 4568 committi-

256 4616 403 4653 mus.
462 4600 582 4652 Non
642 4600 793 4653 enim
851 4605 1039 4668 potest
1099 4615 1263 4653 mens
1324 4600 1520 4654 attrita
1577 4605 1632 4654 et
1683 4602 1953 4657 oneribus

255 4693 425 4759 atque
457 4687 991 4757 importunitatibns
1038 4694 1288 4758 gravata,
1335 4694 1557 4743 tantum
1604 4689 1743 4743 boni
1782 4708 1952 4761 pera-

252 4791 410 4846 gere,
458 4781 740 4847 quantum
796 4776 1073 4830 delectata
1132 4781 1189 4830 et
1231 4778 1695 4847 oppressionibus
1744 4780 1948 4843 soluta.

251 4865 379 4919 Non
412 4882 546 4933 ergo
576 4865 685 4919 ista
728 4865 801 4918 ob
833 4865 887 4918 id
921 4865 1298 4933 praetulimus,
1334 4872 1394 4920 ut
1439 4868 1561 4920 haec
1591 4873 1647 4921 et
1676 4868 1784 4921 alia
1820 4885 1951 4938 quae

252 4952 574 5008 necessaria
627 4954 747 5006 fore
805 4954 1268 5023 cognoverimus,
1322 4960 1437 5009 tum
1485 4955 1773 5011 sanctitati
1821 4957 1951 5009 veli-

248 5058 379 5096 mus
407 5042 692 5111 denegare
727 5057 738 5095 :
773 5042 867 5094 sed
903 5042 1053 5112 quod
1086 5042 1179 5095 hic
1208 5042 1399 5096 minus
1431 5043 1741 5111 invenitur,
1776 5044 1950 5099 latius

244 5129 633 5200 perquiratur.
687 5128 1119 5183 Sacramentum
1168 5135 1360 5184 autem
1406 5131 1682 5186 hactenus
1725 5150 1758 5186 a
1800 5149 1949 5186 sum-

244 5218 351 5271 mis
408 5202 819 5284 sacerdotibus,
881 5219 965 5271 vel
1016 5219 1255 5289 reliquis
1302 5220 1407 5272 Dei
1454 5221 1729 5275 ministris
1771 5222 1943 5291 exigi,

245 5306 357 5359 nisi
387 5323 491 5376 pro
548 5306 659 5360 fide
687 5311 860 5371 recta,
892 5306 1131 5360 minime
1172 5307 1567 5377 cognovimus,
1616 5325 1720 5362 nec
1746 5315 1946 5378 sponte

244 5408 344 5445 eos
391 5393 616 5462 jurasse
683 5393 1027 5463 reperimus.
1095 5394 1470 5463 Summopere
1528 5411 1666 5464 ergo
1710 5399 1947 5449 sanctus

237 5480 481 5535 Jacobus
523 5483 834 5551 apostolus,
888 5482 1204 5551 prohibens
1263 5489 1704 5549 sacramentum,
1760 5484 1941 5553 loqui-

236 5571 333 5620 tur
375 5566 569 5622 diccns
605 5584 617 5622 :
649 5572 791 5623 Ante
822 5570 1037 5636 omnia,
1074 5569 1276 5622 fratres
1309 5572 1442 5630 mei,
1501 5570 1678 5623 nolite
1716 5570 1937 5640 jurare,

2059 548 2444 619 quodcunque
2496 546 2915 616 juramentnm.
2965 543 3049 597 Sit
3095 549 3289 596 autem
3319 557 3506 595 sermo
3552 547 3763 594 vester.

2061 639 2167 698 Est,
2204 641 2310 697 est,
2360 636 2506 700 Non,
2539 651 2678 699 non,
2730 638 2791 686 ut
2832 649 2946 686 non
2977 633 3081 685 sub
3124 631 3407 701 judicium
3463 629 3764 684 decidatis.

2063 727 2126 781 Et
2156 724 2433 779 Dominus
2468 723 2527 776 in
2572 722 2876 792 Evangelia
2909 720 2988 775 ait
3020 736 3032 773 :
3067 720 3320 774 Audistis
3365 718 3503 789 quia
3546 717 3767 772 dictum

2060 820 2145 867 est
2193 813 2464 883 antiquis,
2496 813 2619 865 Non
2666 810 2953 881 pejerabis
2986 825 2999 863 :
3033 809 3236 863 reddes
3286 812 3477 861 autem
3514 806 3766 860 Domino

2053 902 2382 973 juramenta
2432 905 2550 954 tua.
2606 901 2719 969 Ego
2759 903 2951 952 autem
3002 897 3127 951 dico
3176 896 3354 962 vobis,
3405 911 3522 949 non
3565 896 3769 965 jurare

2061 990 2318 1055 omnino,
2377 1004 2565 1058 neque
2609 1003 2714 1058 per
2759 987 2966 1040 caelum
3001 1002 3014 1040 :
3047 984 3184 1055 quia
3223 986 3464 1039 thronus
3513 984 3615 1037 Dei
3654 990 3765 1051 est,

2060 1095 2248 1149 neque
2277 1094 2381 1148 per
2423 1083 2634 1130 terram
2666 1093 2679 1130 :
2714 1075 2850 1146 quia
2888 1074 3194 1128 scabellum
3241 1074 3455 1144 pedum
3505 1073 3628 1142 ejus
3654 1077 3763 1137 est,

2062 1183 2248 1237 neque
2289 1183 2391 1237 per
2447 1165 2901 1235 Hierosolymam
2951 1179 2964 1217 :
3006 1163 3143 1232 quia
3188 1162 3385 1215 civitas
3433 1164 3518 1214 est
3561 1159 3769 1230 magni

2060 1256 2235 1325 regis,
2269 1271 2454 1324 neque
2484 1270 2589 1324 per
2617 1258 2789 1323 caput
2817 1256 2979 1305 tuum
3015 1267 3028 1304 :
3066 1250 3201 1321 quia
3238 1267 3352 1303 non
3384 1255 3549 1319 potes
3579 1262 3769 1302 unum

2063 1341 2332 1411 capillum
2364 1342 2558 1395 album
2584 1341 2789 1407 facere,
2823 1343 2921 1393 aut
2948 1339 3198 1409 nigrum.
3234 1339 3319 1392 Sit
3348 1344 3540 1391 autem
3572 1351 3769 1413 sermo

2061 1435 2267 1483 vester.
2310 1430 2424 1493 Est,
2458 1433 2563 1496 est,
2615 1429 2761 1495 Non,
2816 1443 2958 1482 non.
3015 1427 3177 1491 Quod
3207 1427 3295 1481 his
3341 1432 3533 1480 autem
3579 1426 3770 1479 abun-

2063 1518 2289 1572 dantius
2336 1522 2440 1584 est,
2476 1534 2509 1571 a
2539 1517 2690 1571 malo
2738 1522 2844 1585 est,
2877 1516 2935 1569 id
2978 1521 3084 1585 est,
3128 1520 3185 1569 et
3230 1515 3302 1569 ab
3334 1515 3599 1584 exigente
3647 1517 3705 1567 et
3734 1528 3774 1565 a

2057 1606 2311 1676 jurante.
2371 1608 2522 1673 Ilmc,
2569 1605 2746 1659 frater
2774 1604 3127 1669 charissima,
3177 1604 3297 1673 ipse
3329 1604 3605 1657 Dominus
3634 1617 3777 1672 pro-

2061 1694 2239 1762 hibet,
2273 1694 2333 1748 id
2375 1700 2480 1761 est,
2512 1710 2630 1747 non
2659 1694 2866 1748 debere
2890 1694 3108 1765 jurare.
3141 1692 3276 1745 Haec
3307 1691 3553 1762 apostoli
3582 1689 3773 1744 maxi-

2064 1797 2157 1835 me
2204 1798 2424 1847 omnes,
2489 1782 2611 1835 haec
2658 1781 2838 1835 sancti
2890 1780 2999 1835 viri
3061 1779 3503 1850 praedecessores
3558 1776 3772 1841 nostri,

2065 1869 2165 1940 qui
2195 1870 2330 1924 huic
2359 1874 2569 1923 sancite
2616 1869 2923 1923 universali
2965 1868 3230 1922 Ecclesia:
3257 1867 3584 1938 apostolicae
3614 1881 3777 1936 prae-

2065 1958 2318 2025 fuerunt,
2353 1959 2476 2012 haec
2496 1957 2815 2028 prophetas,
2847 1961 2904 2011 et
2929 1956 3141 2026 reliqui
3164 1955 3343 2009 sancti
3372 1955 3631 2009 doctores
3661 1969 3779 2024 per

2071 2046 2404 2100 universum
2484 2046 2771 2099 mundum
2855 2044 3100 2113 dispersi
3164 2043 3233 2097 ad
3297 2042 3775 2113 praedicandum,

2060 2132 2390 2203 juramenta
2437 2133 2565 2187 ﬁeri
2628 2135 2840 2186 vetant.
2904 2132 3163 2195 Quorum
3224 2147 3332 2184 nos
3393 2130 3676 2200 exempla,
3720 2129 3778 2182 si

2067 2222 2408 2292 coeperimus
2452 2237 2778 2287 numerare,
2813 2224 2913 2273 aut
2957 2220 3017 2272 in
3048 2219 3318 2273 schedula
3345 2219 3451 2273 hac
3491 2220 3770 2283 inserere,

2066 2315 2198 2364 ante
2246 2311 2514 2364 deﬁceret
2542 2310 2656 2363 diei
2704 2309 2865 2375 hora,
2908 2324 3080 2378 quam
3128 2323 3326 2361 eorum
3371 2307 3645 2377 exempla,
3697 2305 3775 2360 de

2066 2398 2172 2451 hac
2202 2414 2371 2452 causa
2418 2397 2721 2468 prohibita.
2755 2396 2891 2460 Quae
2937 2412 3041 2449 nos
3088 2400 3392 2466 sequentes
3437 2400 3773 2448 sanctorum

2068 2487 2478 2556 apostolorum,
2554 2500 2873 2554 eorumque
2937 2498 3325 2537 successorum
3383 2484 3513 2553 jura
3569 2483 3771 2535 lii-ma-

2070 2591 2215 2642 mus,
2250 2580 2307 2629 et
2357 2578 2715 2628 sacramenta
2742 2573 2973 2626 incauta
3001 2572 3129 2625 ﬁeri
3175 2570 3569 2641 prohibemus.
3610 2570 3773 2624 Unde

2068 2668 2125 2718 et
2153 2663 2273 2733 ipse
2304 2662 2584 2717 Dominus
2614 2662 2674 2715 in
2705 2660 2917 2716 tabulis
2948 2660 3187 2731 lapideis
3207 2676 3348 2730 quas
3368 2659 3557 2729 Moysi
3589 2659 3768 2725 dedit,

2067 2752 2302 2823 propria
2357 2768 2532 2807 manu
2583 2750 2826 2822 scripsit,
2888 2750 3081 2805 dicens
3123 2766 3135 2803 :
3178 2749 3335 2814 Vide,
3389 2766 3460 2803 ne
3512 2764 3771 2802 assumas

2071 2858 2282 2895 nomen
2332 2840 2560 2895 Domini
2603 2840 2705 2894 Dei
2734 2839 2820 2894 tui
2848 2838 2908 2892 in
2939 2855 3173 2907 vanum,
3217 2843 3272 2891 et
3300 2838 3544 2907 reliqua.
3579 2838 3770 2892 Unus-

2072 2931 2316 3001 quisque
2343 2931 2499 2983 enim
2532 2928 2825 2999 propriam
2854 2927 3262 2981 conscientiam
3290 2926 3562 2979 mundam
3599 2925 3774 2980 debet

1997 3015 2037 3070 C
2071 3035 2296 3072 servare
2346 3019 2482 3084 Deo,
2545 3023 2600 3071 et
2664 3016 2727 3070 in
2789 3015 3068 3070 memoria
3129 3014 3378 3069 retinere
3422 3030 3434 3068 :
3472 3013 3545 3067 Os
3611 3013 3772 3083 quod

2067 3106 2367 3172 mentitur,
2403 3105 2609 3160 occidit
2654 3103 2929 3158 animam.
2978 3105 3044 3157 Et
3076 3104 3380 3173 Apostolus
3407 3102 3486 3156 ait
3516 3118 3529 3155 :
3567 3102 3775 3172 Loqui-

2066 3193 2211 3248 mini
2284 3195 2583 3248 veritatem
2647 3192 3047 3263 unusquisque
3114 3207 3244 3245 cum
3308 3190 3573 3260 proximo
3640 3206 3770 3259 suo,

2068 3283 2343 3354 quoniam
2386 3299 2584 3336 sumus
2631 3281 2877 3335 invicem
2929 3280 3206 3334 membra.
3258 3281 3324 3332 Et
3364 3278 3546 3332 alibi:
3583 3278 3771 3331 Nolite

2066 3370 2297 3424 mentiri
2328 3370 2572 3424 invicem
2615 3369 2894 3423 membra.
2930 3370 3060 3421 Ilaec
3104 3371 3393 3437 prazcepta
3422 3372 3555 3420 sunt
3582 3366 3773 3420 Salva-

2065 3459 2225 3526 toris,’
2282 3460 2405 3512 hinc
2469 3458 2904 3529 prophetarum,
2963 3457 3085 3509 haec
3140 3461 3469 3510 sanctorum
3530 3456 3770 3508 Patrum

2064 3546 2348 3600 instituta.
2398 3546 2536 3610 Quae
2574 3545 2620 3598 si
2666 3545 2795 3615 quis
2825 3545 2883 3597 in
2918 3560 3129 3597 vanum
3175 3542 3421 3607 duxerit,
3473 3542 3653 3596 hostis
3683 3548 3772 3597 est

2065 3635 2275 3689 animae
2331 3651 2448 3688 sure
2491 3651 2504 3688 :
2543 3633 2680 3705 quia
2728 3648 2899 3687 nemo
2953 3638 3145 3686 contra
3194 3631 3539 3702 prophetas,
3594 3645 3769 3685 nemo

2065 3727 2264 3777 contra
2321 3723 2665 3793 apostolum,
2735 3737 2905 3775 nemo
2960 3726 3159 3774 contra
3204 3720 3577 3790 Evangelinm
3633 3719 3772 3774 facit

2066 3811 2278 3882 aliquid
2315 3810 2530 3881 absque
2559 3810 2837 3880 periculo.

2316 3901 2442 3954 CAP.
2478 3900 2578 3953 XX.
2612 3928 2680 3938 —
2713 3900 2828 3964 Quo
2859 3903 3091 3967 tempore
3110 3898 3304 3966 jurare
3336 3898 3512 3951 liceat.

2136 3987 2244 4059 (Ea:
2285 3989 2508 4042 concilio
2555 3988 2706 4057 apud
2755 3992 3002 4042 sanctum
3047 3986 3392 4050 Medardum,
3466 3986 3643 4053 capite
3687 3986 3764 4051 4.)

2066 4076 2323 4130 Decrevit
2353 4079 2543 4129 sancta
2574 4075 2848 4146 synodus,
2876 4079 2940 4128 ut
2972 4092 3002 4128 a
3032 4074 3456 4145 septuagesima
3487 4089 3671 4144 usque
3702 4073 3765 4127 in

2066 4168 2290 4218 octavas
2334 4165 2579 4234 paschae,
2630 4170 2688 4217 et
2715 4163 2785 4217 ab
2833 4164 3097 4218 Adventu
3142 4161 3374 4216 Domini
3421 4177 3603 4232 usque
3636 4167 3767 4231 post

2065 4257 2421 4305 consecratos
2452 4251 2592 4317 dies,
2619 4267 2723 4305 nec
2752 4267 2867 4304 non
2899 4256 2956 4304 et
2988 4251 3046 4305 in
3072 4250 3308 4321 jejuniis
3339 4255 3585 4321 quatuor
3613 4254 3762 4302 tem-

2069 4355 2299 4409 porum,
2352 4344 2407 4393 et
2436 4338 2495 4391 in
2544 4337 2778 4392 Letania
2807 4339 3047 4408 majore,
3076 4343 3132 4392 et
3172 4338 3232 4392 in
3264 4338 3465 4393 diebus
3496 4338 3765 4406 Rogatio-

2067 4444 2229 4495 num,
2283 4432 2337 4481 et
2367 4427 2428 4480 in
2471 4427 2670 4481 diebus
2715 4427 3048 4494 Dominicis,
3094 4426 3205 4480 nisi
3257 4427 3328 4481 de
3372 4426 3677 4479 concordia
3707 4432 3765 4481 et

2065 4515 2480 4584 pacilicatione,
2514 4514 2705 4568 nullus
2738 4531 2913 4584 super
2950 4530 3109 4568 sacra
3134 4515 3326 4584 jurare
3356 4519 3688 4583 praesumat.

2065 4604 2194 4658 CAP.
2225 4605 2353 4657 XXI.
2402 4634 2472 4642 —
2518 4605 2600 4656 De
2640 4604 2753 4657 illis
2781 4605 2877 4671 qui
2904 4607 3301 4657 sacramentum
3346 4605 3491 4668 regis
3532 4604 3758 4656 violant.

2135 4693 2252 4763 (Ea:
2277 4692 2440 4746 dictis
2475 4692 2740 4760 August.)
2773 4692 2833 4746 Si
2863 4690 2990 4762 quis
3017 4691 3197 4745 laicus
3224 4691 3620 4760 juramentnm
3652 4691 3764 4745 vio-

2062 4781 2231 4833 lando
2281 4781 2625 4851 prophanat,
2677 4780 2829 4850 quod
2858 4780 2980 4848 regi
3012 4786 3068 4833 et
3096 4780 3331 4834 domino
3364 4796 3468 4832 suo
3494 4778 3671 4848 jurat,
3707 4784 3762 4833 et

2061 4870 2429 4938 postmodum
2474 4885 2736 4939 perverse
2783 4869 2907 4938 ejus
2947 4884 3212 4938 regnum,
3244 4873 3301 4922 et
3329 4868 3523 4922 dolose
3552 4874 3756 4922 tracta-

2058 4958 2222 5023 verit,
2257 4962 2321 5011 et
2352 4957 2413 5010 in
2444 4961 2691 5011 mortem
2737 4956 2920 5025 ipsius
2952 4957 3147 5026 aliquo
3187 4956 3650 5010 machinamento
3677 4957 3758 5011 in-

2060 5045 2305 5099 sidiatur
2336 5062 2348 5099 :
2383 5045 2518 5115 quia
2551 5045 2913 5114 sacrilegium
2954 5045 3199 5115 peragit,
3234 5061 3473 5099 manum
3505 5062 3668 5099 suam
3696 5047 3757 5100 in

2060 5134 2350 5187 Christum
2385 5133 2609 5188 Domini
2642 5133 2897 5201 mittens,
2928 5134 3237 5187 anathema
3267 5133 3360 5199 sit,
3396 5133 3507 5187 nisi
3535 5150 3639 5204 per
3668 5134 3754 5188 di-

2058 5238 2232 5291 gnam
2280 5220 2636 5290 poenitentiae
2666 5221 3115 5275 satisfactionem
3145 5222 3556 5289 emendaverit,
3591 5223 3756 5277 sicuti

2058 5308 2434 5363 constitutum
2485 5326 2518 5362 a
2569 5313 2763 5362 sancta
2812 5311 3031 5381 synodo
3083 5316 3185 5377 est,
3239 5310 3429 5376 idest,
3482 5311 3754 5366 saeculum

2055 5396 2364 5465 relinquat,
2417 5412 2578 5449 arma
2629 5396 2899 5465 deponat,
2957 5397 3018 5450 in
3068 5397 3487 5452 monasterium
3537 5403 3647 5464 eat,
3699 5404 3753 5451 et

2056 5483 2328 5553 poeniteat
2396 5483 2665 5538 omnibus
2725 5484 2923 5538 diebus
2972 5470 3127 5539 vitae:
3160 5502 3297 5540 suas.
3348 5486 3750 5541 Verumtamen

2055 5571 2526 5627 communionem
2557 5572 2621 5626 in
2667 5573 2821 5628 exitu
2867 5573 2994 5629 vitae
3035 5590 3161 5630 cum
3207 5574 3568 5630 Eucharistia
3606 5574 3748 5629 acci-
