3966 6404
173 424 269 474 881
1079 428 1564 487 DECRETORUM
1608 435 1790 492 LIBRI
1832 439 1940 494 XX.
1985 471 2052 479 -—
2097 442 2304 498 LIBER
2348 445 2818 503 DUODECIMUS.
3610 465 3712 516 88'2

168 547 314 644 piat.
353 548 664 619 Episcopus
695 565 849 644 vero,
884 552 1200 644 presbyter,
1235 556 1323 609 vel
1354 556 1648 623 diaconus,
1693 561 1739 613 si
1785 561 1891 614 hoc
1922 564 1966 616 Α
2000 563 2330 631 juramenta
2362 584 2465 636 pro
2497 569 2672 638 regiae
2712 572 3011 640 potestatis
3043 574 3244 644 salute,
3298 581 3384 632 vel
3431 583 3710 635 constitu-

168 635 393 690 crimen
427 642 864 708 perpetraverit,
890 641 1256 709 degradetur.
1999 652 2154 706 tione
2174 655 2359 723 gentis
2391 662 2447 708 et
2477 659 2698 727 patriae,
2729 676 2857 729 quae
2890 661 3163 716 hactenus
3194 671 3327 718 sunt
3359 675 3571 736 exacta,
3615 673 3709 726 vel

1996 741 2264 812 deinceps
2296 745 2620 798 exstiterint
2650 747 2953 816 exigenda,
2989 753 3148 804 omni
3204 756 3484 824 custodia,
3522 760 3708 812 omni-

1997 845 2106 899 que
2163 832 2461 900 vigilantia
2516 833 2996 891 indissolubilitcr
3074 841 3436 896 decernimus
3510 847 3702 900 obser-

1995 919 2196 984 vanda,
2241 922 2633 975 membrorum
2676 926 3058 993 truncatione,
3109 931 3423 1001 mortisque
3469 938 3705 988 senten-

1992 1007 2092 1072 tia,
2151 1008 2425 1079 religione
2470 1011 2698 1079 penitus
2746 1014 3024 1078 absoluta,
3090 1017 3187 1070 sed
3247 1035 3318 1072 ne
3395 1038 3702 1090 pravarum

1992 1096 2272 1150 mentium
2307 1104 2536 1152 versuta
2593 1101 2854 1170 nequitia
2906 1112 3134 1156 nosmet
3192 1106 3260 1159 ad
3293 1109 3534 1177 pcrjurii
3592 1111 3700 1164 ali-

1991 1185 2220 1253 quando
2251 1191 2517 1255 provocet
2546 1190 2794 1258 culpam,
2829 1207 2932 1243 nec
2980 1208 3013 1244 a
3042 1197 3246 1246 sanctae
3307 1195 3439 1249 ﬁdei
3500 1199 3701 1268 regula

1988 1271 2134 1325 hanc
2190 1280 2405 1328 asserat
2459 1277 2653 1328 venire
2722 1278 3086 1347 sententiam,
3145 1285 3260 1335 tam
3322 1284 3530 1338 divinae
3601 1303 3700 1340 au-

169 741 299 796 CAP.
333 744 492 798 XXII.
531 775 589 784 —
632 749 704 800 De
741 747 834 798 illo
866 749 964 814 qui
1001 747 1240 802 audierit
1271 765 1444 803 vocem
1471 753 1792 821 pejerantis,
1833 760 1884 808 et

761 832 1039 871 assensum
1066 821 1287 887 praebet.
1792 831 1802 839 '

239 901 324 970 (In
356 903 591 957 Leuitico
623 905 822 970 legitur
851 908 889 974 :)
917 907 1125 960 Anima
1158 925 1286 976 quae
1317 912 1652 979 peccaverit,
1688 917 1743 966 et
1775 930 1882 966 au—

166 989 338 1044 dierit
379 1007 574 1045 vocem
603 994 934 1061 pejerantis,
968 999 1025 1048 et
1055 997 1216 1048 testis
1247 997 1438 1063 fuerit,
1498 1006 1595 1053 aut
1632 1001 1754 1071 ipse
1803 1002 1884 1054 vi-

168 1075 338 1142 derit,
400 1083 498 1133 aut
560 1080 816 1134 conscius
874 1081 1002 1144 erit,
1062 1083 1171 1136 nisi
1227 1084 1558 1140 iudicaverit
1631 1089 1882 1159 portabit

171 1165 557 1235 iniquitatem.

165 1272 298 1326 CAP.
331 1273 510 1328 XXIII.
535 1305 604 1314 —
638 1277 708 1328 De
725 1276 818 1329 hoc
850 1277 994 1351 quod
1016 1279 1306 1346 Apostolus
1331 1282 1600 1351 Spiritum
1633 1288 1878 1337 sanctum

793 1350 1108 1415 testiﬁcatus
1141 1358 1238 1404 est.
1374 1350 1382 1351 ί
1988 1361 2265 1414 ctoritatis

237 1429 554 1499 (Apostolus
584 1432 719 1486 dicit
750 1433 787 1504 :)
823 1436 1126 1490 Veritatem
1160 1439 1286 1492 dico
1349 1439 1409 1492 in
1479 1440 1721 1508 Christo,
1757 1457 1876 1495 non

161 1524 434 1586 mentior,
469 1522 866 1577 testimonium
899 1525 1043 1578 mihi
1073 1527 1343 1582 reddente
1375 1528 1717 1582 conscientia
1749 1546 1876 1584 mea

160 1608 222 1662 in
255 1609 474 1680 Spiritu
506 1616 722 1665 sancto.

573 1700 703 1754 CAP.
746 1702 919 1756 XXIV.
956 1731 1026 1744 —
1059 1706 1130 1757 De
1167 1705 1352 1758 eadem
1380 1720 1454 1758 re.

230 1786 346 1854 (Ea:
374 1787 540 1842 dictis
572 1791 908 1858 Ilieronym.)
939 1791 1321 1863 Hieronymus
1360 1793 1498 1847 dicit
1531 1809 1543 1847 :
1571 1794 1763 1847 Jesum
1795 1799 1873 1850 te-
1903 1843 1943 1895 Β

152 1878 276 1928 stor
305 1879 362 1929 et
400 1880 625 1930 sanctos
656 1879 888 1949 angelos
920 1880 1062 1949 ejus.

243 1964 372 2019 Car.
408 1966 553 2019 XXV.
587 1997 657 2004 —
689 1967 841 2032 Quod
869 1967 1113 2037 deﬁnitio
1145 1970 1368 2022 incauta
1397 1969 1656 2023 solvenda
1702 1973 1794 2024 sit.

225 2052 340 2123 (Ea:
397 2055 620 2109 concilio
675 2057 920 2123 Hibern.,
974 2059 1151 2125 capite
1203 2057 1274 2126 l.)
1331 2057 1599 2111 Deﬁnitio
1639 2059 1869 2112 incauta

148 2141 526 2197 laudabiliter
554 2144 846 2212 solvenda,
896 2160 1002 2198 nec
1054 2144 1448 2216 przevaricatio
1497 2150 1602 2215 est,
1655 2147 1752 2200 sed.
1785 2152 1868 2201 te-

151 2230 445 2286 meritatis
472 2232 818 2286 emendatio.

553 2322 681 2376 CAP.
745 2324 919 2378 XXVI.
953 2354 1018 2363 —
1048 2326 1122 2377 De
1150 2324 1334 2376 eadem
1363 2339 1438 2377 re.

222 2409 340 2479 (Ea:
368 2410 569 2477 eoedm,
605 2413 801 2479 capite.
835 2411 911 2481 3.)
943 2411 1001 2466 Si
1027 2413 1220 2482 puella
1245 2412 1352 2465 sita
1375 2413 1435 2465 in
1462 2413 1669 2483 puerili
1702 2416 1866 2467 aetate

150 2499 208 2552 in
235 2498 416 2551 domo
442 2499 642 2568 patris,
675 2499 772 2552 illo
800 2501 1085 2554 nesciente
1126 2517 1183 2554 se
1213 2502 1543 2570 juramento
1583 2502 1864 2555 constrin-

149 2587 301 2641 xerit
332 2604 344 2640 :
383 2591 439 2641 et
469 2587 514 2640 si
549 2593 711 2658 pater
740 2589 952 2657 statim,
999 2594 1065 2643 ut
1117 2589 1382 2653 audierit,
1437 2591 1862 2657 contradixerit,

148 2681 282 2729 vota
345 2677 471 2745 ejus
527 2680 584 2730 et
642 2677 973 2747 juramenta
1025 2676 1189 2731 irrita
1246 2682 1435 2740 erunt,
1500 2682 1558 2732 et
1643 2678 1864 2733 facilius

148 2765 578 2818 emendabitur.

549 2854 677 2908 CAP.
719 2854 913 2908 XXVII.
953 2883 1020 2893 -—
1070 2858 1138 2909 De
1165 2855 1348 2909 eadem
1389 2871 1465 2908 re.

212 2942 328 3008 (Em
359 2943 586 2994 concilio
642 2943 916 3008 Aurelia..,
968 2947 1148 3012 capite
1175 2942 1252 3012 '2.)
1302 2945 1701 2997 Juramentum
1735 2943 1857 3005 ﬁlii,

143 3034 241 3083 aut
271 3029 432 3093 tiliae,
466 3029 752 3084 nesciente
781 3036 963 3102 patre,
998 3037 1053 3085 et
1087 3036 1215 3084 vota
1253 3031 1537 3098 monachi,
1572 3033 1858 3086 nesciente

144 3118 373 3183 abbate,
407 3125 462 3170 et
482 3119 814 3187 juramenta
844 3121 1033 3190 pueri,
1067 3119 1228 3174 irrita
1259 3125 1409 3173 sunt.

214 3223 347 3278 CAP.
373 3224 606 3278 XXVIII.
633 3256 701 3264 —-
727 3227 882 3290 Quod
911 3227 1156 3280 omnibus
1188 3228 1360 3280 modis
1391 3226 1686 3280 cavendum
1715 3229 1786 3281 sit

818 3298 1176 3351 mendacium.

210 3386 465 3451 (Gregor.
499 3385 633 3439 dicit
675 3386 709 3451 :)
744 3384 892 3450 Noli,
925 3385 1027 3451 fili,
1082 3401 1292 3455 negare
1340 3384 1582 3454 gratiam
1630 3385 1751 3452 Dei,
1785 3402 1856 3438 ne

141 3473 406 3527 incurras
434 3490 536 3542 pro
565 3474 716 3527 bono
747 3473 806 3527 in
839 3475 1075 3538 malum,
1105 3490 1211 3543 pro
1244 3473 1568 3526 humilitate
1609 3473 1667 3526 in
1701 3490 1858 3527 men-

142 3561 393 3614 dacium.
425 3561 753 3615 Cavendum
786 3577 1037 3630 namque
1058 3571 1141 3614 est
1172 3560 1442 3614 omnibus
1473 3561 1656 3614 modis
1687 3577 1855 3613 men-

138 3649 389 3716 dacium,
423 3649 541 3702 sive
575 3665 676 3719 pro
707 3649 888 3716 malo,
919 3649 1034 3702 sive
1066 3648 1240 3702 etiam
1271 3665 1374 3718 pro
1409 3648 1559 3702 bono
1609 3648 1855 3718 proferri

138 3737 402 3790 videatur
434 3753 448 3791 :
475 3738 610 3807 quia
636 3753 805 3790 omne
834 3738 1198 3791 mendacium
1219 3754 1335 3791 non
1358 3741 1444 3791 est
1465 3753 1531 3792 ex
1558 3739 1689 3804 Deo,
1731 3739 1850 3804 sed,

138 3825 280 3879 sicut
303 3825 568 3879 Salvator
597 3825 752 3889 dicit,
777 3842 810 3879 a
831 3825 980 3880 malo
1003 3831 1105 3879 est.

463 3915 593 3966 CAP.
626 3915 790 3968 XXIX.
823 3945 891 3953 —
919 3916 1061 3967 Item
1091 3913 1157 3967 de
1181 3914 1510 3983 juramento.

204 4003 311 4071 (Ea:
351 4004 576 4055 concilio
613 4003 877 4073 Toletan.)
912 4003 1137 4056 Etenim
1166 4004 1303 4057 dum
1365 4003 1628 4073 pejerare
1694 4020 1850 4057 com-

137 4090 429 4158 pellimur,
462 4094 780 4143 creatorem
812 4091 1044 4162 quidem
1067 4091 1432 4158 oﬁ‘endimus,
1465 4091 1562 4144 sed
1588 4107 1690 4144 nos
1733 4097 1855 4144 tan-

139 4179 440 4232 tummodo
502 4179 874 4245 maculamus,
931 4195 1061 4233 cum
1124 4196 1261 4234 vero
1320 4180 1488 4233 noxia
1570 4179 1854 4250 promissa

140 4267 519 4337 complemus,
561 4273 619 4320 et
676 4268 776 4321 Dei
801 4269 959 4336 jussa
1005 4269 1249 4338 superbe
1306 4269 1748 4335 contemnimus,
1790 4275 1852 4322 ut

143 4356 419 4424 proximis
475 4355 654 4425 impia
691 4356 1027 4410 crudelitate
1083 4373 1412 4422 noceamus,
1473 4361 1529 4410 et
1590 4357 1920 4446 nosipsosD

143 4443 464 4496 crudeliore
496 4443 695 4497 mortis
729 4443 918 4514 gladio
949 4444 1323 4498 trucidamns.
1387 4444 1508 4498 Illic
1538 4445 1688 4498 enim
1743 4446 1845 4498 du-

143 4531 270 4600 plici
302 4531 608 4599 culparum
638 4531 752 4584 telo
781 4531 1156 4600 percutimur,
1188 4531 1281 4584 hic
1328 4532 1631 4601 tripliciter
1673 4533 1844 4603 jugu-

146 4620 344 4674 lamur.
379 4621 578 4672 Restat
608 4636 766 4689 ergo,
819 4625 882 4674 ut
913 4637 979 4674 eo
1029 4625 1225 4674 nostra
1278 4625 1477 4691 pergat
1541 4623 1844 4689 sententia,

144 4724 251 4778 quo
309 4707 725 4761 misericordiae
804 4708 1056 4778 patuerit
1117 4707 1227 4761 via.
1292 4709 1428 4772 Quae
1479 4709 1540 4761 in
1601 4710 1846 4763 Domino

143 4796 417 4861 probatur
448 4800 699 4864 accepta,
759 4801 823 4850 ut
875 4797 1005 4866 plus
1036 4813 1163 4850 eam
1221 4796 1412 4867 cupiat
1459 4813 1631 4867 quam
1673 4798 1845 4851 sacri-

142 4883 264 4938 ﬁcia
302 4884 653 4950 veneranda,
717 4885 938 4939 dicente
971 4885 1136 4956 ipso:
1195 4885 1639 4940 Misericordiam
1693 4887 1842 4952 volo,

142 4976 194 5024 et
223 4989 337 5025 non
399 4973 766 5028 sacriﬁcium.
826 4975 941 5028 Hac
975 4974 1349 5045 indulgentiae
1382 4991 1646 5028 concessa
1673 4975 1847 5028 licen-

142 5060 236 5126 tia,
273 5061 663 5115 miserationis
691 5061 872 5132 ipsius
903 5078 1048 5132 opus
1075 5062 1132 5115 in
1164 5062 1398 5132 gloriosi
1421 5062 1695 5132 principis
1742 5079 1848 5132 po-

143 5151 399 5202 testatem
451 5149 770 5217 redigimus
805 5166 817 5203 :
850 5153 936 5215 ut,
996 5149 1133 5220 quia
1176 5151 1326 5204 Deus
1382 5151 1466 5203 illi
1536 5151 1847 5205 miserandi

145 5235 354 5290 aditum
388 5238 682 5307 patefecit,
719 5238 976 5292 remedia
1027 5239 1256 5307 pietatis
1284 5239 1406 5308 ipse
1437 5256 1669 5310 quoque
1732 5255 1847 5293 non

145 5323 398 5396 deneget.
453 5326 592 5390 Quae
647 5326 726 5379 ita
775 5326 1084 5397 principali
1149 5327 1490 5381 discretione
1555 5328 1847 5382 moderata

147 5414 464 5480 persistant,
502 5418 568 5467 ut
608 5418 664 5466 et
693 5413 807 5467 illis
836 5414 916 5468 ita
964 5416 1036 5468 sit
1067 5415 1462 5468 misericordia
1500 5416 1844 5481 contributs,

149 5504 208 5551 ut
235 5516 524 5571 nusquam
558 5517 717 5570 gens,
745 5507 847 5555 aut
885 5503 1093 5572 patria,
1153 5520 1252 5573 per
1279 5504 1531 5570 eosdem,
1567 5509 1664 5558 aut
1692 5505 1848 5574 peri-

152 5589 332 5642 culum
365 5590 756 5660 quodcunque
787 5591 1054 5662 perferat,
1090 5598 1188 5646 aut
1211 5593 1516 5662 jacturam.
1576 5595 1704 5647 Haec
1737 5593 1844 5645 mi-

154 5678 444 5733 serationis
493 5679 734 5734 obtentu
775 5685 1122 5752 temperasse
1154 5681 1418 5748 sufficiat,
1457 5688 1847 5751 czeterumque

2352 1365 2601 1431 oracula,
2687 1382 2859 1436 quam
2933 1370 3383 1436 praecedentium
3464 1375 3693 1428 Patrum

1987 1449 2121 1502 huic
2160 1452 2477 1505 narrationi
2509 1453 2832 1506 curavimus
2887 1455 3251 1510 iunectenda.
3287 1459 3376 1513 Sic
3412 1461 3563 1515 enim
3591 1476 3694 1532 per

1988 1539 2334 1592 Hieremiam
2366 1541 2546 1594 dixit:
2597 1544 2850 1612 Repente
2892 1544 3093 1615 loquar
3125 1547 3390 1601 adversus
3438 1555 3690 1618 gentem,

1985 1632 2042 1681 et
2065 1629 2337 1682 adversus
2383 1646 2644 1698 regnum,
2683 1636 2746 1684 ut
2779 1632 3085 1702 eradicem,
3121 1639 3177 1687 et
3234 1636 3562 1706 disperdam
3621 1639 3688 1692 il-

1985 1715 2098 1769 lud.
2158 1717 2215 1772 Si
2267 1718 2664 1786 paenitentiam
2716 1720 2899 1789 egerit
2954 1738 3096 1791 gens
3127 1724 3282 1776 illaa
3343 1727 3494 1779 malo
3563 1743 3688 1794 suo,

1985 1805 2140 1874 quod
2174 1807 2394 1859 locutus
2417 1823 2542 1860 sum
2570 1808 2838 1861 adversus
2871 1825 3018 1876 eam,
3047 1827 3213 1881 agam
3264 1817 3320 1866 et
3367 1830 3472 1884 ego
3507 1816 3687 1884 pugni-

1981 1893 2219 1946 tcntiam
2254 1911 2426 1964 super
2456 1896 2607 1948 malo
2641 1897 2795 1966 quod
2827 1897 3092 1966 cogitavi,
3127 1905 3192 1953 ut
3241 1901 3484 1955 facerem
3517 1904 3590 1957 ei.
3624 1905 3689 1958 Et

1980 1996 2082 2050 per
2105 1982 2456 2036 Ezechielem
2490 2001 2506 2036 :
2540 1984 2595 2038 Si
2647 1985 2863 2050 dixero,
2914 1987 3125 2057 inquit,
3166 1989 3322 2058 justo
3371 1991 3525 2060 quod
3573 1993 3686 2046 vita

1977 2069 2147 2133 vivat,
2208 2075 2265 2124 et
2315 2071 2561 2125 conlisus
2618 2071 2679 2126 in
2705 2073 2929 2143 justitia
2973 2092 3095 2142 sua,
3149 2077 3345 2131 fecerit
3400 2079 3685 2150 iniquita-

1976 2161 2114 2223 tem,
2147 2174 2346 2213 omues
2368 2160 2607 2228 justitize
2638 2161 2760 2231 ejus
2811 2162 3084 2216 oblivioni
3117 2166 3415 2220 tradentur
3444 2186 3460 2222 :
3515 2173 3572 2222 et
3624 2169 3682 2223 in

1977 2245 2279 2316 iniquitate
2307 2264 2409 2300 sua
2457 2265 2629 2319 quam
2659 2255 2928 2319 operatus
2960 2257 3063 2319 est,
3101 2253 3160 2306 in
3186 2252 3312 2323 ipsa
3381 2256 3680 2311 morietur.

1975 2333 2032 2388 Si
2057 2340 2252 2388 autem
2303 2336 2498 2390 dixero
2556 2337 2757 2407 impio,
2821 2340 2996 2393 Morte
3054 2341 3340 2409 morieris,
3392 2348 3448 2397 et
3505 2346 3688 2415 egerit

1975 2423 2370 2492 paenitentiam
2408 2441 2419 2478 :
2453 2426 2566 2479 vita
2613 2427 2780 2492 vivet,
2829 2431 2886 2480 et
2912 2445 3029 2480 non
3077 2431 3376 2484 morietur.
3432 2432 3489 2486 Si
3547 2449 3682 2502 ergo

1975 2516 2167 2564 nostra
2243 2515 2596 2566 conversatio
2681 2515 2758 2566 sic
2837 2515 3087 2569 divinam
3177 2523 3360 2573 mutat
3446 2525 3681 2574 senten—

1973 2600 2134 2665 tiam,
2171 2615 2272 2653 cur
2319 2601 2661 2654 miserorum
2697 2607 2871 2655 tantm
2933 2605 3215 2674 lacrymae,
3253 2608 3339 2660 vel
3392 2623 3679 2677 pressura,

1971 2691 2089 2739 tam
2144 2689 2377 2740 crudam
2441 2705 2553 2741 non
2611 2694 2933 2759 temperent
2989 2707 3058 2744 ex
3116 2693 3489 2748 miseratione
3551 2696 3678 2749 vin-

1972 2775 2222 2828 dictam?
2256 2775 2397 2830 Ilinc
2454 2777 2623 2830 etiam
2679 2780 2896 2847 populo
2944 2780 3254 2834 Israelitico
3314 2799 3464 2853 saepe
3534 2784 3679 2837 ultio

1969 2864 2252 2933 promissa
2291 2865 2678 2934 suspenditur,
2714 2870 2769 2919 et
2811 2866 3192 2922 Ninivitarum
3253 2871 3500 2938 perditio
3536 2872 3679 2925 divi-

1969 2968 2060 3004 nae
2107 2952 2405 3005 sententizn
2465 2953 2888 3022 permutatione
2936 2955 3186 3009 sedatur.
3241 2958 3382 3010 Nam
3450 2963 3678 3012 sanctus

1968 3040 2302 3094 Ambrosius
2335 3041 2392 3094 in
2427 3042 2570 3094 libro
2601 3041 2768 3094 tertio
2798 3043 2866 3096 de
2899 3042 3133 3106 Ofﬁciis,
3179 3044 3257 3097 ita
3291 3045 3371 3098 ait
3408 3063 3420 3099 :
3464 3048 3676 3100 Purum

1894 3120 1933 3173 C
1971 3129 2148 3198 igitur
2204 3145 2267 3182 ac
2315 3130 2600 3183 sincerum
2647 3135 2875 3200 oportet
2904 3148 3024 3184 esse
3072 3132 3358 3196 affectum,
3406 3139 3460 3187 et
3490 3151 3674 3188 unus-

1970 3218 2212 3288 quisque
2243 3217 2564 3288 simplicem
2614 3235 2940 3273 sermonem
2976 3221 3244 3290 proferat.
3281 3222 3386 3274 Vas
3418 3238 3585 3276 suum
3618 3223 3675 3276 in

1966 3307 2264 3359 sanctitate
2343 3307 2654 3376 possideat,
2709 3323 2780 3360 ne
2861 3308 3097 3362 fratrem
3171 3309 3675 3380 circunscriptione

1964 3395 2548 3448 verboruminducat.
2613 3394 2764 3448 Nihil
2809 3397 3108 3465 promittat
3155 3398 3544 3466 inhonestum,
3609 3416 3672 3453 ac

1965 3482 2074 3534 sibi
2103 3483 2438 3552 promittere
2495 3489 2731 3553 quaerat.
2758 3485 3137 3538 Tolerabilius
3187 3490 3268 3538 est
3322 3488 3668 3556 promissum

1965 3586 2080 3622 non
2119 3570 2322 3635 facere,
2357 3586 2530 3639 quam
2556 3571 2740 3622 facere
2772 3571 2925 3639 quod
2956 3576 3123 3642 turpe
3156 3572 3245 3626 sit.
3289 3574 3445 3644 Saepe
3492 3576 3668 3644 pleri-

1963 3673 2074 3728 que
2109 3656 2510 3726 constringunt
2538 3674 2596 3709 se
2625 3658 3002 3726 jurisjurandi
3034 3667 3412 3726 sacramento,
3433 3661 3504 3715 'et
3537 3679 3666 3716 cum

1960 3744 2071 3814 ipsi
2118 3743 2490 3813 cognoverint
2534 3743 2988 3814 promittendum
3036 3761 3150 3798 non
3201 3746 3372 3798 fuisse
3428 3747 3522 3816 jus
3586 3764 3669 3800 sa-

1961 3831 2259 3898 cramenti,
2305 3836 2497 3884 tamen
2544 3832 3024 3902 contemplatione
3081 3832 3294 3886 faciunt
3344 3834 3494 3904 quod
3546 3852 3670 3904 spo-

1959 3916 2308 3986 ponderunt,
2369 3915 2513 3968 sicut
2555 3916 2622 3969 de
2658 3917 2875 3969 Herode
2916 3933 3087 3985 supra
3144 3917 3495 3987 scripsimus,
3567 3919 3665 3987 qui

1961 4003 2233 4056 saltatrici
2292 4004 2596 4072 praemium
2675 4003 2922 4073 turpiter
3006 4004 3291 4074 promisit,
3357 4005 3668 4058 crudeliter

1960 4091 2142 4144 solvit.
2178 4093 2384 4160 Turpe,
2419 4091 2574 4161 quod
2605 4107 2848 4161 regnum
2878 4108 2982 4161 pro
3033 4091 3333 4144 saltatione
3377 4091 3666 4162 promitti-

1958 4184 2053 4232 tur
2086 4197 2098 4232 :
2133 4179 2381 4244 crudele,
2416 4180 2569 4249 quod
2616 4197 2769 4233 mors
2813 4180 3104 4251 prophetae
3154 4197 3256 4250 pro
3289 4180 3664 4250 jurisjurandi

1959 4268 2237 4338 religione
2288 4269 2576 4323 donatur:
2612 4274 2826 4339 quanto
2882 4269 3236 4322 tolerabilius
3289 4269 3398 4321 tale
3468 4267 3666 4321 fuisset

1959 4358 2281 4426 perjurium
2312 4359 2710 4410 sacramento?
2744 4359 2806 4409 Et
2836 4362 2962 4426 post
3006 4373 3208 4426 pauca,
3243 4356 3312 4408 de
3351 4357 3510 4426 Jepte
3549 4356 3663 4409 dis-

1959 4461 2216 4498 cernens.
2254 4445 2591 4498 Miserabilis
2641 4445 2972 4510 necessitas,
3005 4461 3134 4514 quae
3186 4443 3423 4497 solvitur
3471 4443 3663 4514 parri-

1958 4534 2124 4587 cidio.
2162 4533 2356 4586 Melius
2409 4537 2493 4585 est
2536 4549 2652 4585 non
2683 4548 2884 4585 vovere
2915 4531 2992 4595 id,
3055 4532 3209 4601 quod
3262 4531 3368 4584 sibi
3415 4531 3504 4584 cui
3535 4549 3664 4600 pro-

1959 4621 2222 4683 mittitur,
2253 4621 2397 4672 nolit
2426 4619 2626 4672 exolvi.
2656 4620 2722 4672 Et
2747 4622 2877 4688 post
2906 4619 3204 4688 paululum
3241 4635 3252 4671 :
3281 4619 3400 4671 Non
3436 4635 3662 4688 semper

1958 4709 2135 4779 igitur
2166 4708 2450 4778 promissa
2481 4708 2751 4760 solvenda
2780 4707 2975 4760 omnia
3033 4713 3184 4760 sunt.
3224 4707 3480 4777 Denique
3539 4707 3661 4776 ipse

1960 4797 2254 4862 Dominus,
2315 4795 2458 4848 sicut
2490 4795 2781 4862 Scriptura
2838 4794 3074 4860 indicat,
3106 4795 3437 4864 frequenter
3499 4811 3660 4849 suam

1959 4889 2140 4939 mutat
2199 4883 2563 4936 sententiam.
2625 4884 2720 4934 Vir
2777 4899 3008 4953 quoque
3076 4883 3467 4937 sanctissimus
3547 4886 3661 4936 Au-

1956 4973 2219 5044 gustinus
2291 4971 2746 5041 investigationis
2836 4970 3102 5023 acumine
3194 4975 3415 5036 acutus,
3500 4970 3658 5023 inve-

1956 5061 2152 5116 niendi
2211 5065 2333 5113 arte
2385 5061 2733 5130 przecipuus,
2812 5059 3103 5112 asserendi
3162 5058 3326 5128 copia
3379 5060 3657 5130 protluus,

1958 5149 2302 5221 eloquentize
2343 5150 2483 5202 ﬂore
2516 5153 2808 5214 venustus,
2844 5147 3138 5218 sapientiae
3196 5148 3381 5200 fructu
3444 5147 3659 5201 fmcun-

1957 5239 2080 5303 dus,
2109 5238 2232 5290 haec
2291 5237 2349 5289 in
2382 5237 2498 5289 suis
2554 5241 2746 5288 narrat
2776 5236 3090 5290 affectibus.
3156 5237 3276 5289 Duo
3307 5238 3440 5288 sunt
3505 5235 3660 5287 enim

1957 5327 2193 5380 omnino
2224 5342 2437 5396 genera
2470 5325 2926 5390 mendaciorum,
2961 5323 3018 5377 in
3054 5324 3264 5394 quibus
3307 5339 3420 5376 non
3453 5339 3662 5391 magna

1957 5417 2125 5484 culpa
2174 5421 2276 5480 est,
2312 5415 2407 5468 sed
2445 5419 2638 5467 tamen
2679 5430 2795 5466 non
2828 5417 2913 5465 est
2974 5412 3096 5464 sine
3137 5412 3322 5481 culpa,
3380 5427 3509 5464 cum
3564 5416 3662 5465 aut

1953 5505 2233 5575 jocamur,
2292 5507 2390 5556 aut
2447 5519 2575 5555 cum
2658 5501 3070 5572 promittimus,
3128 5499 3459 5552 mentimur.
3515 5499 3659 5553 Illud

1957 5592 2211 5663 primum
2246 5591 2306 5644 in
2332 5591 2598 5660 jocando,
2633 5590 2761 5643 ideo
2798 5605 2908 5641 non
2933 5593 3016 5641 est
3047 5587 3658 5657 pcrniciosissimuum,

1958 5681 2094 5751 quia
2123 5696 2241 5733 non
2291 5678 2455 5733 fallit.
2517 5677 2685 5731 Novit
2740 5677 2895 5730 enim
2949 5677 3068 5742 ille,
3115 5677 3207 5729 cui
3260 5677 3483 5738 dicitur,
3546 5676 3660 5744 joci
