3966 6418
252 418 354 468 883

1331 415 1740 471 BURCHARDI
1777 413 2314 471 WORMACIENSIS
2352 409 2666 468 EPISCOPI
2677 449 2690 464 .

3661 409 3784 462 884

248 554 415 591 causa
445 553 565 590 esse
593 537 828 590 dictum.
877 536 1202 591 Secundum
1246 544 1438 592 autem
1482 539 1610 592 ideo
1669 540 1942 594 mentitus
1973 540 2020 593 Α
2056 539 2117 592 in
2166 536 2491 608 Synonimis
2527 551 2539 588 ε
2574 535 2637 588 In
2688 533 2854 586 malis
2904 531 3221 603 promissis,
3284 531 3542 585 reseinde
3566 531 3781 584 ﬁdem.

249 628 352 692 est,
410 625 508 695 qui
565 625 775 678 retinet
828 625 1164 678 nonnullam
1233 625 1715 680 benevolentiam.
1794 628 1947 680 Idem

247 713 368 778 ipse
426 713 579 774 alibi,
641 729 753 765 non
805 712 1041 773 auferat,
1113 714 1324 780 inquit,
1375 715 1580 766 veritas
1633 715 1953 768 misericor-

250 801 427 866 diam,
461 817 576 854 non
606 801 921 854 ambulabit
955 800 1014 852 in
1065 801 1155 852 via
1188 800 1438 868 Domini,
1471 802 1531 855 in
1563 819 1678 872 qua
1737 802 1959 856 miseri-

249 889 443 942 cordia
473 894 525 942 et
557 889 762 942 veritas
794 888 1169 942 obviaveruut
1197 890 1321 943 sibi.
1364 890 1503 942 Hinc
1550 891 1748 943 beatus
1806 892 1959 960 Papa

251 978 579 1047 Gregorius,
628 978 686 1030 in
722 977 882 1030 libris
937 977 1260 1046 Moralium,
1293 978 1373 1031 sic
1414 979 1536 1031 ait:
1594 980 1734 1032 Cum
1796 995 1958 1033 mens

254 1066 407 1120 inter
452 1066 698 1132 minora,
762 1069 817 1118 et
848 1065 1098 1118 maxima
1145 1071 1374 1136 peccata
1424 1067 1858 1136 constringitur,
1912 1067 1960 1120 si

255 1154 493 1208 omnino
527 1154 718 1207 nullus
749 1153 870 1206 sine
915 1158 1147 1222 peccato
1207 1153 1483 1207 evadendi
1535 1154 1726 1207 aditus
1779 1157 1956 1223 patet,

258 1241 483 1294 minora
513 1257 738 1311 semper
768 1241 1055 1310 eligantur
1089 1257 1101 1294 :
1137 1242 1274 1311 quia
1297 1245 1352 1294 et
1383 1242 1481 1312 qui
1515 1258 1809 1295 murorum
1837 1259 1958 1295 am-

255 1327 400 1394 bitu,
433 1345 504 1382 ne
535 1329 734 1400 fugiat,
786 1329 1091 1396 clauditur,
1152 1329 1233 1382 ibi
1273 1345 1332 1382 se
1390 1330 1452 1382 in
1501 1330 1696 1400 fugam
1754 1329 1962 1400 przeci—

258 1418 395 1488 piat,
428 1418 524 1470 ubi
557 1418 781 1471 brevior
811 1434 1010 1471 murus
1056 1418 1368 1472 invenitur.
1406 1419 1545 1472 Hinc
1599 1424 1655 1473 et
1713 1419 1962 1472 Isidorus

258 1505 383 1558 ait:
417 1505 792 1559 Tolerabilius
847 1510 932 1559 est
991 1507 1145 1559 enim
1203 1523 1319 1560 non
1362 1507 1603 1577 implere
1645 1523 1964 1560 sacramen-

258 1596 404 1654 tum,
454 1609 627 1664 quam
657 1609 998 1664 permanere
1047 1593 1110 1647 in
1158 1594 1343 1666 stupri
1392 1595 1631 1665 ﬂagitio.
1691 1594 1965 1649 Similiter

2064 629 2127 680 In
2159 625 2313 695 turpi
2336 629 2466 676 voto
2497 627 2561 675 ut
2598 639 2628 674 a
2659 622 2884 675 decreto
2923 619 3074 690 quod
3128 619 3354 672 incaute
3385 619 3592 671 novisti
3649 633 3782 670 non

2063 714 2253 767 facias.
2309 712 2491 781 Impia
2537 715 2620 763 est
2659 709 2988 779 promissio,
3054 723 3184 777 quae
3233 707 3443 760 scelere
3488 707 3784 775 adimple-

2065 806 2177 856 tur.
2215 801 2372 854 Unde
2400 814 2628 852 necesse
2676 803 2779 862 est,
2815 801 2878 850 ut
2926 796 3072 849 male
3098 796 3321 863 jurans,
3381 795 3613 864 dignam
3657 810 3788 864 poe-

2066 891 2363 945 nitentiam
2399 893 2550 955 agat,
2582 903 2648 940 eo
2681 886 2831 957 quod
2865 900 3073 938 nomen
3123 883 3348 937 Domini
3376 889 3572 936 contra
3621 898 3786 952 prae-

2067 983 2298 1048 ceptum
2325 977 2477 1030 illius
2505 974 2750 1044 sumpsit
2782 974 2840 1026 in
2869 988 3098 1037 vanum,
3128 971 3263 1042 quia
3297 972 3356 1024 in
3388 972 3580 1024 Exodo
3627 969 3789 1023 scri—

2067 1071 2231 1137 ptum
2288 1069 2420 1118 est:
2459 1065 2569 1117 Nec
2620 1065 2776 1114 enim
2835 1061 3123 1113 insontem
3177 1059 3413 1112 habebit
3493 1059 3789 1112 Dominus

2070 1170 2202 1208 eum
2230 1154 2326 1224 qui
2351 1149 2723 1220 assumpserit
2755 1165 2968 1203 nomen
3011 1147 3239 1202 Domini
3280 1147 3379 1200 Dei
3407 1148 3495 1201 sui
3536 1148 3786 1200 frustra.

2069 1243 2137 1295 Et
2168 1242 2228 1294 in
2258 1241 2508 1293 Levitieo
2542 1255 2553 1292 :
2590 1239 2710 1292 Non
2741 1237 3026 1306 pejerabis
3063 1236 3121 1288 in
3169 1235 3406 1288 nomine
3457 1250 3606 1302 meo,
3670 1250 3792 1287 nec

2069 1330 2294 1399 pollues
2321 1343 2532 1382 nomen
2559 1326 2787 1380 Domini
2837 1326 2938 1379 Dei
2968 1324 3052 1378 tui
3086 1340 3098 1378 :
3161 1341 3267 1393 ego
3328 1323 3624 1377 Dominus.
3661 1323 3790 1374 Ta-

2073 1434 2206 1471 men
2235 1418 2449 1470 malum
2504 1416 2655 1486 quod
2712 1416 2998 1468 facturum
3029 1429 3088 1466 se
3124 1416 3479 1465 sacramento
3529 1411 3790 1464 devove-

2073 1511 2163 1560 rat
2190 1505 2426 1560 omnino
2467 1521 2583 1558 non
2615 1503 2784 1557 faciat
2814 1520 2827 1557 :
2888 1502 3022 1572 quia
3050 1501 3222 1554 stulta
3265 1506 3396 1555 vota
3438 1498 3769 1569 frangenda

2073 1599 2225 1650 sunt.

1605 1715 1781 1756 FINIS
1826 1715 2005 1754 LIBRI
2052 1713 2432 1755 DUODECIMI.

938 1979 1235 2051 INDEX
1293 1979 1984 2052 CAPITULORUM
2044 1979 2298 2052 LIBRI
2361 1977 2696 2051 DECIMI
2753 1979 3095 2052 TERTII.

269 2132 398 2187 CAP.
437 2135 486 2186 1.
519 2133 599 2186 De
631 2130 1027 2185 observatione
1056 2131 1540 2201 Quadragesimae.

269 2224 323 2275 2.
360 2221 438 2272 De
462 2219 684 2290 jejunio
714 2219 970 2282 Quatuor
999 2221 1366 2288 Temporum.

274 2310 326 2360 3.
360 2309 482 2372 Quo
516 2313 776 2378 tempore
807 2307 877 2360 ad
915 2307 1147 2361 missam
1190 2310 1464 2376 ﬂectamus
1510 2322 1685 2375 genua
1729 2306 1842 2362 dici
1876 2306 1974 2362 de-

347 2397 499 2450 beat.

275 2485 329 2537 4.
366 2485 444 2537 De
475 2482 589 2536 illis
615 2483 714 2554 qui
743 2483 1022 2538 indictum
1047 2485 1338 2556 jejunium
1359 2484 1829 2555 contempserint.

279 2575 332 2626 5.
362 2573 441 2626 De
473 2572 671 2625 eadem
703 2588 783 2625 re.

279 2663 331 2714 6.
367 2661 444 2713 De
479 2660 710 2713 Letania
739 2661 955 2730 majore
986 2662 1281 2731 quomodo
1328 2661 1680 2716 observanda
1709 2661 1798 2716 sit.

276 2753 332 2804 7.
368 2750 445 2803 De
472 2749 690 2819 jejunio
721 2750 1124 2819 Rogationum.

280 2839 332 2891 8.
361 2838 432 2891 Ut
458 2837 520 2890 in
545 2854 705 2892 coena
738 2839 988 2906 Domini,
1023 2843 1087 2891 ut
1116 2838 1176 2891 in
1232 2837 1470 2910 reliquis
1519 2837 1980 2909 Quadragesima:

351 2924 554 2978 diebus
573 2926 858 2996 jejunium
887 2943 1003 2980 non
1039 2927 1303 2981 solvatur.

281 3016 331 3068 9.
367 3014 438 3067 Ut
469 3013 530 3066 in
561 3014 807 3068 Sabbato
833 3020 1026 3069 sancto
1048 3015 1339 3086 jejunium
1373 3019 1504 3069 ante
1541 3013 1726 3070 noctis
1751 3014 1984 3069 initium

352 3117 470 3154 non
501 3103 772 3156 solvatur.
1613 3143 1643 3169 ,

291 3191 376 3244 10.
429 3189 592 3252 Quod
643 3207 763 3244 non
805 3194 1065 3261 oporteat
1119 3189 1182 3243 in
1231 3190 1678 3261 Quadragesima
1722 3190 1987 3244 natalicia

360 3283 690 3332 sanctorum
720 3279 1017 3332 celebrari.

2001 2133 2040 2186 Β
2083 2135 2168 2186 17.
2203 2133 2281 2185 De
2314 2131 2514 2185 eadem
2547 2147 2625 2185 re.

2087 2222 2171 2274 18.
2224 2221 2300 2274 De
2356 2219 2466 2273 hoc
2521 2219 2568 2273 si
2601 2219 2857 2273 evenerit
2884 2217 3230 2289 pestilentia,
3286 2217 3376 2271 vel
3421 2216 3800 2288 inaequalitas

2156 2307 2325 2362 aeris.

2089 2401 2172 2451 19.
2210 2398 2280 2450 Ut
2308 2397 2501 2450 nullus
2557 2396 2617 2450 in
2676 2394 2972 2450 Dominica
3021 2395 3112 2449 die
3158 2411 3263 2465 pro
3309 2394 3656 2449 abstinentia
3696 2395 3799 2466 je-

2153 2486 2338 2555 junet.

2087 2575 2176 2628 20.
2213 2575 2291 2627 De
2324 2574 2522 2627 eadem
2548 2589 2632 2626 re.

2087 2663 2174 2714 21.
2212 2661 2282 2714 Ut
2311 2662 2518 2731 placita
2557 2659 2854 2714 saecularia
2901 2659 2962 2712 in
3009 2658 3210 2714 diebus
3254 2657 3586 2726 Dominicis,
3648 2659 3800 2713 etin

2159 2749 2464 2819 praecipuis
2534 2748 2715 2817 festis,
2763 2752 2820 2802 et
2877 2747 2939 2801 in
2996 2748 3197 2801 diebus
3249 2747 3604 2818 jejuniorum
3674 2765 3800 2802 non

2161 2837 2320 2891 ﬁant

2089 2927 2177 2979 22.
2213 2926 2284 2979 Ut
2323 2924 2614 2995 jejunium
2645 2925 2863 2997 absque
2893 2925 3020 2980 cibo
3052 2924 3294 2979 luxuriae
3343 2925 3632 2980 observari
3692 2925 3802 2980 de-

2161 3013 2314 3067 beat.

2092 3103 2182 3156 23.
2211 3103 2280 3155 Ut
2299 3101 2702 3172 quotidianum
2726 3101 3014 3172 jejunium
3055 3117 3173 3156 non
3205 3101 3278 3156 sit
3333 3101 3456 3157 sine
3483 3101 3805 3156 refectione

2168 3190 2380 3260 aliqua.

2094 3277 2181 3330 24.
2214 3279 2290 3331 De
2320 3278 2520 3331 eadem
2549 3293 2630 3331 re.

292 3370 376 3420 11.
413 3367 574 3430 Quod
605 3367 666 3420 in
699 3367 897 3420 diebus
939 3367 1147 3436 jejunii
1179 3368 1542 3436 eleemosyna
1579 3367 1660 3433 sit
1705 3366 1984 3421 facienda.
2018 3405 2058 3460 Ο
2095 3366 2183 3418 25.
2217 3365 2378 3428 Quod
2405 3365 2694 3434 jejunium
2722 3368 2883 3419 curet
2913 3365 3150 3419 vulnera
3171 3365 3580 3437 delinquentis.

295 3457 379 3509 12.
438 3455 504 3508 Ut
561 3454 623 3508 in
681 3454 1127 3524 Quadragesima
1191 3460 1420 3524 tempus
1473 3454 1704 3524 prandii
1762 3471 1986 3510 conser-

360 3546 546 3596 vetur.

296 3632 381 3684 13.
443 3629 603 3693 Quod
649 3631 711 3684 in
763 3629 962 3684 diebus
994 3630 1353 3702 jejuniorum
1417 3631 1576 3684 nulla
1626 3631 1822 3701 jurgia
1870 3647 1990 3685 esse

365 3717 628 3773 debeant.

2098 3455 2186 3505 26.
2224 3454 2298 3505 De
2326 3453 2579 3522 quodam
2637 3453 2924 3506 Alcibiade
2957 3453 3055 3524 qui
3105 3453 3214 3506 sibi
3258 3470 3429 3524 grave
3473 3454 3683 3524 jugum
3708 3455 3807 3525 je-

2162 3540 2316 3610 junii
2347 3541 2723 3611 imposuerat.

2101 3631 2189 3684 27.
2228 3631 2302 3682 De
2337 3646 2404 3684 eo
2431 3631 2531 3700 qui
2576 3630 2680 3683 sub
2712 3630 2953 3684 obtentu
2979 3629 3274 3700 religionis
3307 3630 3430 3684 sine
3476 3631 3643 3702 jussu
3677 3632 3809 3702 epi-

2172 3718 2329 3787 scopi
2361 3719 2447 3770 sui
2468 3718 2556 3770 vel
2584 3717 2901 3788 presbyteri
2926 3717 3218 3788 jejunium
3248 3719 3357 3772 sibi
3391 3719 3657 3790 imponit.

298 3807 380 3860 14.
411 3808 481 3861 Ut
503 3807 562 3859 in
595 3807 708 3860 illis
749 3807 980 3861 sacratis
1007 3806 1206 3861 diebus
1247 3807 1606 3878 jejuniorum
1637 3807 1932 3879 conjugati
1959 3823 1993 3861 a
2101 3809 2187 3860 28.
2223 3808 2287 3860 Ut
2318 3807 2511 3859 nullus
2542 3806 2896 3859 Christianus
2928 3806 3065 3860 dum
3115 3812 3311 3860 sancta
3358 3809 3482 3862 loca
3514 3824 3617 3878 pro
3650 3825 3812 3862 reve-

367 3895 705 3964 conjugibus
737 3911 795 3948 se
836 3895 1123 3949 abstinere
1153 3897 1420 3950 debeant.

300 3986 385 4038 15.
418 3983 495 4035 De
526 3984 616 4037 his
642 3984 742 4053 qui
799 3984 855 4037 iu
882 3985 1033 4038 clero
1061 3989 1214 4052 sunt,
1259 3990 1318 4038 et
1365 3986 1624 4039 carnium
1675 4001 1836 4040 esum
1891 3985 1993 4039 ha-

366 4070 600 4124 buerint
619 4087 874 4125 exosum.

302 4162 387 4214 16.
417 4160 496 4213 De
520 4159 730 4229 vigiliis
763 4164 1108 4214 sanctorum.

2173 3895 2361 3948 rentia
2392 3895 2643 3964 petierit,
2693 3895 2938 3965 alicujus
2967 3895 3213 3965 publicae
3259 3897 3559 3966 potestatis
3608 3897 3810 3950 banno

2173 3983 2386 4037 ibidem
2403 3984 2845 4054 constringatur.

2565 4108 2774 4163 Indicis
2803 4109 3165 4179 capitulorum
3192 4111 3340 4178 ﬁnis.

1461 4406 2656 4530 BURCHARDI

1294 4607 1704 4662 ECCLESI/E
1760 4607 2388 4662 WORMACIENSIS
2446 4607 2821 4662 EPISCOPI

303 4775 1446 4928 DECRETOBUM
1554 4775 2058 4926 LIBER
2197 4772 2943 4927 DECIMUS
3075 4773 3810 4925 TERTIUS

1811 5027 1911 5090 DE
1957 5026 2299 5090 JEJUNIO.

777 5305 1270 5360 ARGUMENTUM
1308 5305 1517 5361 LIBRI.

373 5397 542 5452 Libro
600 5397 708 5451 hoc
766 5396 836 5449 de
903 5394 1299 5448 observatione
1366 5395 1724 5464 utilitateque
1772 5392 2000 5462 jejunii,

301 5486 546 5539 maxime
575 5499 768 5538 autem
811 5484 880 5538 de
920 5483 1142 5553 jejunio
1189 5481 1698 5552 Quadragesimali,
1749 5481 2004 5544 Quatuor

302 5574 673 5642 Temporum,
705 5573 1067 5642 aliorumque
1096 5572 1168 5624 ab
1227 5571 1472 5624 Ecclesia
1501 5570 1918 5637 institutorum,
1949 5574 2003 5623 et

305 5659 641 5711 eorumdem
672 5659 1065 5724 violatoribus,
1092 5659 1304 5728 agitur.

2295 5303 2424 5357 CAP.
2463 5305 2510 5356 1.
2541 5329 2615 5342 —
2642 5304 2716 5356 De
2760 5301 3128 5357 observatione
3174 5300 3632 5370 Quadragesimae.

2183 5395 2294 5457 (Ea:
2322 5395 2477 5460 epist.
2541 5393 2750 5458 Gregor
2812 5394 3014 5459 papae.)
3073 5389 3522 5458 Quadragesima
3589 5403 3812 5440 summa

2114 5480 2506 5534 observatione
2533 5485 2618 5533 est
2646 5479 3018 5542 observanda,
3044 5484 3108 5531 ut
3145 5479 3432 5548 jejunium
3466 5477 3524 5530 in
3557 5493 3622 5529 ea
3665 5493 3812 5546 pra:-

2113 5575 2200 5622 ter
2232 5568 2556 5622 Dominicos
2590 5568 2690 5638 qui
2720 5568 2789 5621 de
2819 5567 3164 5620 abstinentia
3191 5567 3460 5620 subtracti
3513 5569 3666 5627 sunt,
3704 5565 3811 5618 nisi

2111 5674 2285 5728 quem
2346 5655 2652 5710 inﬁrmitas
2710 5655 3059 5726 impedierit,
3127 5655 3456 5708 nullatenus
3516 5653 3806 5706 solvatur:
