3966 6408
39 417 116 465 «85
831 411 1318 471 DECRETORUM
1363 414 1552 469 LIBRI
1591 418 1697 472 ΧΧ.
1742 447 1810 456 -
1852 418 2065 473 LIBER
2108 419 2412 474 DECIMUS
2450 423 2769 480 TERTIUS.

3447 440 3550 489 886

40 535 154 603 quia
203 533 328 604 ipsi
386 534 509 588 dies
562 534 796 588 decima
845 539 982 591 sunt
1033 536 1190 590 anni.
1233 540 1277 589 Α
1316 537 1508 606 prima
1563 538 1816 608 igiturA
1856 538 1986 592 CAP.
2023 541 2109 594 VI.
2153 572 2219 580 —
2272 545 2340 596 lle
2398 545 2602 598 (etanta
2649 549 2855 614 majore
2914 551 3175 618 quomodo
3216 554 3554 607 obseruanda

39 623 332 676 )ominica
381 623 856 694 Quadragesimze
907 640 1088 694 usque
1141 625 1199 678 in
1252 626 1464 678 Pascha
1518 627 1744 680 Domini

39 729 113 764 sex
181 711 577 766 hebdomadas
657 717 1085 782 computantur,
1167 729 1415 784 quarum
1480 715 1745 768 videlicet

40 801 251 852 iierum
299 817 374 854 xx.
404 807 458 853 et
511 817 548 853 ιι
580 800 745 853 fiunt.
802 802 874 854 Ex
907 801 1117 871 quibus
1150 802 1288 855 dum
1338 819 1431 856 sex
1465 802 1584 856 dies
1635 804 1742 856 Do-

39 888 222 941 minici
256 889 633 942 abstinentiae
686 888 1124 957 subtrahuntur,
1160 905 1280 943 non
1319 891 1446 960 plus
1480 890 1537 942 in
1569 889 1743 943 absti-

39 977 224 1030 nentia
275 993 457 1047 quam
503 976 744 1047 triginta
796 982 848 1030 et
889 993 986 1031 sex
1037 978 1158 1032 dies
1205 983 1524 1032 remanent.
1576 977 1744 1030 Verbi

39 1065 209 1133 gratia
264 1081 279 1119 :
345 1066 394 1118 si
456 1081 560 1136 per
623 1081 817 1119 cccxm
887 1066 1008 1120 dies
1073 1083 1257 1120 annus
1326 1067 1570 1132 ducitur,
1640 1082 1743 1119 nos

39 1160 220 1206 autem
285 1169 396 1223 per
442 1169 551 1206 xxx
597 1158 653 1206 et
701 1169 753 1206 vi
821 1152 941 1207 dies
989 1153 1324 1223 afﬂigimur,
1394 1154 1557 1224 quasi
1606 1155 1744 1208 anni

39 1242 281 1295 decimas
332 1243 448 1294 Deo
501 1242 722 1296 damus.
782 1243 846 1295 Et
876 1246 940 1295 ut
986 1258 1142 1296 sacer
1171 1259 1445 1296 numerus
1495 1243 1742 1314 quadra-

39 1331 188 1399 ginta
247 1330 481 1383 dierum
540 1330 948 1400 adimpleatur,
1007 1347 1180 1401 quem
1243 1333 1501 1386 Salvator
1551 1338 1744 1386 noster

39 1435 130 1469 suo
161 1434 326 1470 sacro
370 1417 598 1486 jejunio
643 1424 1088 1484 consecraverat,
1141 1425 1390 1490 quatuor
1420 1420 1539 1474 dies
1584 1421 1742 1490 prio-

40 1509 108 1558 ris
138 1507 527 1560 hebdomadas
561 1507 630 1560 ad
679 1507 1146 1577 supplementum
1187 1509 1566 1578 quadraginta
1615 1509 1743 1562 die-

41 1611 157 1647 rum
189 1595 503 1660 tollantur,
535 1595 593 1648 id
627 1600 711 1648 est
738 1601 940 1666 quarta
970 1596 1133 1661 feria,
1185 1613 1313 1666 qua:
1346 1603 1518 1666 caput
1541 1597 1742 1667 jejunii

40 1683 394 1747 subnotatur,
451 1687 510 1736 et
541 1681 742 1752 quinta
783 1683 927 1736 feria
974 1700 1241 1753 sequens,
1275 1690 1423 1737 sexta
1457 1690 1513 1737 et
1542 1686 1743 1739 sabba-

40 1777 170 1824 tum.
207 1771 329 1824 Nisi
385 1771 527 1824 istos
560 1776 808 1840 quatuor
837 1772 956 1824 dies
988 1772 1382 1842 superioribus
1423 1773 1658 1842 triginta
1688 1779 1742 1826 et

42 1877 125 1914 sex
172 1860 640 1929 adjunxerimus,
693 1861 1077 1931 quadraginta
1125 1861 1244 1915 dies
1288 1862 1346 1915 in
1399 1863 1742 1916 abstinentia

41 1965 147 2002 non
189 1948 497 2002 habemus.
533 1949 811 2002 Jubemur
855 1949 1025 2003 etiam
1082 1949 1152 2004 ab
1184 1951 1568 2019 omnipotenti
1602 1953 1740 2021 Deo,

41 2036 292 2090 omnium
356 2037 646 2090 bonorum
701 2042 1030 2090 nostrorum
1081 2038 1333 2091 decimas
1379 2039 1536 2091 dare.
1592 2038 1745 2100 Qua-

41 2130 266 2195 propter
300 2129 367 2178 ut
398 2125 587 2178 omnis
636 2125 857 2179 decima
887 2142 920 2179 a
948 2125 1117 2179 nobis
1160 2127 1275 2179 Deo
1317 2125 1424 2179 rite
1455 2127 1744 2195 persolva-

44 2218 142 2279 tur,
175 2214 460 2268 tollamus
508 2213 786 2267 decimam
818 2214 974 2278 anni,
1018 2219 1073 2268 et
1103 2214 1161 2267 in
1194 2231 1256 2267 ea
1289 2219 1517 2284 peccata
1547 2219 1743 2268 nostra

45 2303 388 2369 conﬁtendo,
449 2302 792 2372 corrigendo
848 2319 986 2368 nos,
1030 2303 1374 2372 jejunando,
1425 2302 1738 2372 vigilando,

46 2391 271 2457 orando,
355 2392 754 2461 elecmosynas
816 2390 1128 2461 largiendo,
1199 2391 1618 2460 abstergamus,
1685 2396 1742 2444 et

47 2495 255 2532 carnem
289 2485 559 2533 nostram
607 2479 982 2550 decimemus,
1032 2484 1097 2534 ut
1127 2481 1196 2534 ad
1227 2487 1487 2534 sanctum
1527 2481 1740 2534 Pascha

49 2569 212 2621 EPCUI‘I
232 2569 543 2638 pervenire
565 2585 892 2639 possumus.
1245 2564 1256 2571 ’

216 2679 346 2732 CAP.
386 2677 454 2731 Il.
489 2708 559 2716 —
592 2677 670 2732 De
689 2679 908 2747 jejunio
935 2678 1177 2744 Quatuor
1211 2681 1547 2747 Temporum.

111 2782 215 2848 (Ecc
260 2786 492 2838 concilio
541 2786 803 2853 Mogunt.,
850 2788 1030 2854 capite
1074 2787 1155 2855 2.)
1211 2786 1639 2848 Constituimus,
1675 2789 1740 2837 ut

53 2877 276 2938 quatuor
319 2879 590 2944 tempora
621 2873 775 2940 anni,
809 2874 880 2928 ab
911 2875 1182 2928 omnibus
1217 2891 1347 2928 cum
1375 2874 1598 2944 jejunio
1630 2874 1736 2927 ob-

55 2966 353 3028 serventur,
406 2962 466 3015 id
501 2967 605 3029 est,
656 2962 714 3014 in
763 2963 982 3027 Martio,
1029 2963 1384 3017 hebdomada
1433 2963 1636 3032 prima.
1674 2965 1737 3017 In

55 3047 217 3115 iunio,
253 3050 531 3104 secunda.
569 3051 634 3103 In
673 3050 1046 3120 Septembris,
1100 3053 1288 3105 tertia.
1326 3052 1384 3104 In
1418 3051 1734 3118 Decembri,

56 3143 235 3204 quarta
269 3155 282 3192 :
319 3155 454 3209 qua:
504 3138 674 3193 fuerit
705 3141 878 3210 plena
918 3144 1045 3193 ante
1085 3140 1343 3210 vigiliam
1372 3141 1584 3194 Natalis
1637 3142 1739 3194 Do-

58 3226 199 3294 mini,
257 3229 313 3282 id
376 3233 487 3294 est,
544 3229 684 3282 feria
741 3233 965 3299 quarta,
1015 3235 1071 3283 et
1123 3235 1297 3294 sexta,
1355 3234 1412 3284 et
1469 3231 1735 3284 Sabbato.

56 3313 271 3369 Veniant
321 3334 527 3370 omnes
579 3317 648 3371 ad
691 3318 997 3372 Ecclesiam
1046 3319 1188 3372 hora
1247 3335 1416 3385 nona,
1468 3335 1597 3373 cum
1656 3321 1736 3374 le-

59 3405 204 3456 laniis
235 3407 300 3460 ad
339 3406 646 3460 missarum
678 3406 975 3461 solemnia.

57 3508 163 3562 CAP.
193 3511 284 3565 III.
319 3543 388 3551 ——
423 3512 536 3578 Quo
585 3517 818 3582 tempore
848 3513 922 3565 ad
960 3515 1184 3567 missam
1217 3515 1514 3567 ﬂectamus
1547 3530 1738 3583 genua

710 3584 824 3637 dici
852 3584 1058 3637 debeat.

112 3686 206 3750 (Ezc
253 3692 480 3744 concilio
535 3691 848 3756 Aureliam,
905 3692 1081 3759 capite
1133 3690 1240 3758 14.)
1299 3691 1367 3744 Ut
1421 3691 1736 3761 presbyteri

58 3774 295 3838 plebibus
344 3779 717 3840 annuntient,
771 3780 927 3849 quod
970 3780 1028 3831 in
1081 3779 1530 3849 Quadragesima
1578 3785 1630 3832 et
1677 3779 1736 3831 in

54 3861 248 3929 jejunio
270 3867 536 3930 Quatuor
555 3868 905 3937 Temporum
921 3868 1324 3921 tantummodo
1341 3868 1407 3921 ad
1433 3867 1736 3920 missarum

62 3950 312 4008 solemnia
342 3972 535 4025 genua
566 3955 793 4008 ﬂectere
822 3955 1086 4009 debeant.
1120 3957 1182 4009 In
1217 3956 1528 4009 Dominicis
1563 3973 1736 4009 econ-

62 4038 136 4088 tra
181 4039 375 4096 diebus
429 4042 518 4094 vel
570 4043 789 4096 caeteris
839 4043 1018 4108 festis,
1071 4059 1105 4095 a
1157 4059 1390 4113 vespera
1439 4059 1619 4114 usque
1675 4043 1735 4096 in

64 4137 327 4193 vesperam
374 4147 495 4184 non
528 4129 758 4184 ﬂectant
807 4147 1018 4201 genua,
1067 4130 1165 4183 sed
1198 4136 1412 4184 stantes
1455 4131 1737 4187 incurvati

64 4217 222 4281 orent,
269 4232 372 4270 nec
417 4218 726 4289 quisquam
770 4235 886 4272 uno
919 4235 1071 4288 genu
1120 4218 1408 4273 solotenus
1460 4219 1738 4288 impresso

67 4311 206 4354 orare
245 4310 581 4374 praesumat,
638 4307 786 4361 sicut
835 4307 1016 4362 Judaei
1056 4307 1360 4361 irridentes
1427 4307 1737 4361 Dominum

63 4383 109 4436 in
145 4393 395 4455 passione
428 4395 554 4464 ejus
583 4395 784 4449 fecisse
813 4395 1110 4464 leguntur,
1147 4396 1244 4449 sed
1275 4399 1518 4466 utraque
1545 4411 1735 4465 genua
1766 4379 1809 4431 Ῑ)

63 4475 204 4529 ιρι-τω
231 4479 384 4550 ﬁgat.
419 4483 515 4536 Ait
565 4483 720 4538 enim
769 4485 1076 4554 Apostolus
1109 4501 1122 4538 :
1159 4485 1344 4538 Flecto
1387 4499 1576 4554 genua
1605 4500 1735 4537 mea

66 4560 121 4612 ad
147 4563 358 4622 Patrem
395 4570 624 4624 Domini
650 4571 828 4624 nostri
858 4573 992 4626 Jesu
1024 4571 1250 4626 Christi.

69 4667 173 4724 CAP.
205 4674 286 4729 IV.
334 4709 400 4718 —
437 4678 518 4732 De
562 4678 676 4732 illis
734 4679 830 4746 qui
875 4677 1141 4731 indictum
1175 4678 1450 4746 jejunium
1497 4682 1732 4732 contem-

770 4751 1001 4818 pserint.

127 4829 222 4894 (Ea:
251 4839 469 4891 concilio
514 4839 782 4903 Mogunt.,
839 4840 1018 4906 capite
1066 4837 1141 4906 5.)
1175 4836 1231 4891 Si
1274 4838 1402 4908 quis
1454 4837 1733 4891 indictum

66 4913 313 4982 jejunium
374 4926 762 4997 superbiendo
822 4926 1256 4994 contempserit,
1317 4931 1374 4980 et
1433 4926 1734 4981 observare

68 5017 177 5058 cum
206 5015 412 5068 caeteris
462 5014 800 5070 Christianis
843 5015 1116 5082 noluerit,
1152 5014 1210 5068 in
1245 5015 1560 5086 Gangrensi
1590 5033 1734 5069 con-

71 5090 179 5144 cilio
206 5102 544 5174 praecipitur,
579 5108 642 5156 ut
672 5102 1207 5158 anathematizetur.

505 5210 634 5264 CAP.
674 5209 734 5262 V.
767 5237 838 5249 —
867 5211 939 5263 De
963 5209 1148 5263 eadem
1172 5225 1249 5263 re.

131 5302 226 5368 (Εω
268 5317 484 5367 concilio
530 5316 836 5382 Gangren.,
887 5315 1064 5382 capite
1119 5316 1228 5380 19.)
1279 5313 1336 5368 Si
1367 5314 1494 5384 quis
1537 5330 1734 5368 eorum

76 5391 158 5455 qni
195 5401 551 5456 continentia
602 5403 854 5469 student,
902 5403 1118 5474 absque
1163 5405 1498 5458 necessitate
1529 5421 1736 5475 corpo-

80 5489 172 5542 τεεί,
218 5487 410 5544 tradita
455 5492 516 5544 in
548 5507 854 5545 commune
879 5492 1121 5561 jejunia,
1155 5497 1212 5546 et
1251 5493 1323 5546 ab
1361 5493 1604 5546 Ecclesia
1638 5510 1735 5548 cu-

80 5566 252 5655 stodita
297 5580 682 5648 superbiendo
733 5579 1011 5646 dissolvit,
1064 5580 1298 5634 stimulo
1357 5597 1474 5633 sua:
1519 5581 1736 5650 cogita-

83 5653 222 5708 tionis
247 5661 538 5735 impulsus,
575 5669 884 5722 anathema
913 5668 1005 5722 sit.

2657 621 2748 671 sit.

1928 699 2036 766 (Ea:
2086 703 2305 755 concilio
2349 705 2617 770 Mogunt.,
2675 712 2858 774 capste
2897 708 2973 774 6.)
3022 710 3240 764 Placuit
3290 711 3454 765 nobis
3493 718 3556 766 ut

1855 787 2067 841 letania
2116 792 2302 860 major
2357 792 2708 847 observanda
2755 796 2829 849 sit
2871 814 2903 850 a
2949 800 3164 852 cunctis
3217 800 3554 855 Christianis

1853 891 1971 928 uno
2022 877 2114 930 die
2164 894 2236 930 vn
2275 880 2473 932 Kalen.
2529 882 2654 947 Mai,
2709 883 2854 937 sicut
2909 886 2970 938 in
3002 887 3258 941 Romana
3307 890 3558 942 Ecclesia

1853 965 2226 1019 constitutum
2277 967 2618 1037 reperimus,
2651 974 2706 1023 et
2746 972 2891 1024 sicut
2921 975 3102 1027 sancti
3148 977 3342 1030 Patres
3375 977 3554 1030 nostri

1854 1055 2273 1109 constituerunt.
2304 1073 2316 1110 :
2358 1073 2468 1110 non
2499 1059 2828 1128 equitando,
2865 1078 2983 1115 non
3005 1065 3278 1131 preciosis
3308 1067 3556 1120 vestibus

1853 1141 2060 1208 induti,
2114 1145 2304 1198 cinere
2351 1147 2617 1216 respersi,
2655 1153 2710 1202 et
2757 1149 2942 1204 cilicio
2986 1151 3193 1220 induti,
3241 1154 3353 1208 nisi
3385 1155 3554 1209 intir-

1854 1230 2022 1282 mitas
2054 1231 2401 1301 impedierit.

2127 1337 2254 1391 CAP.
2288 1340 2408 1394 VII.
2447 1370 2515 1379 —
2545 1343 2618 1394 De
2637 1342 2849 1409 jejunio
2899 1342 3273 1408 Rogationum.
3347 1401 3350 1404 .

1925 1423 2032 1492 (Ea:
2063 1427 2285 1479 concilio
2317 1430 2630 1493 Aureliam,
2678 1433 2854 1498 capite
2884 1431 2958 1499 6.)
2994 1433 3156 1498 Cum,
3193 1434 3554 1503 exigentibus

1851 1513 2118 1580 peccatis,
2180 1515 2489 1568 Galliarum
2553 1517 2754 1585 populi
2808 1518 3077 1587 luporum
3132 1520 3291 1573 rabie
3347 1523 3555 1575 acriter

1852 1599 2338 1670 interimerentur,
2386 1620 2490 1656 nec
2520 1605 2691 1673 hujus
2719 1606 2933 1675 ﬂagelli
2965 1608 3194 1678 aliquod
3232 1611 3549 1664 remedium

1851 1687 2098 1742 inveniri
2181 1697 2392 1760 posset,
2459 1693 2792 1762 congregati
2872 1696 3180 1749 traduntur
3240 1698 3552 1753 Galliarum

1853 1778 2108 1848 episcopi
2154 1781 2304 1849 apud
2337 1781 2615 1834 Viennam
2662 1783 2883 1847 urbem,
2938 1788 3110 1853 atque
3145 1785 3204 1838 in
3247 1803 3551 1842 commune

1854 1871 2197 1934 statuerunt,
2231 1876 2295 1921 ut
2326 1870 2962 1938 triduanumjejunium
2995 1872 3264 1928 facerent.
3291 1876 3550 1946 Cumque

1853 1955 2128 2008 Dominus
2178 1962 2396 2024 pestem
2448 1958 2893 2012 misericorditer
2935 1961 3280 2027 abstulisset,
3332 1964 3390 2016 1ιὶ
3431 1965 3550 2017 dies

1851 2044 1910 2097 in
1967 2045 2442 2100 consuetudinem
2491 2063 2694 2100 annua:
2740 2049 3086 2102 celebritatis
3141 2057 3444 2120 venerunt,
3488 2061 3551 2106 ut

1850 2149 1953 2203 per
2000 2133 2309 2187 Galliarum
2354 2136 2695 2205 provincias,
2733 2142 2864 2190 ante
2916 2139 3275 2192 Ascensionis
3323 2141 3549 2194 Domini

1850 2223 2002 2276 diem
2049 2223 2496 2276 celebrarentur.
2554 2227 2806 2294 Agamus
2834 2231 2889 2278 ct
2938 2243 3039 2278 nos
3086 2229 3193 2281 hos
3249 2229 3368 2282 dies
3416 2246 3548 2283 cum

1851 2327 2076 2364 summa
2143 2312 2463 2365 reverentia
2517 2318 2573 2365 et
2632 2313 2953 2381 devotione,
3022 2333 3151 2369 cum
3201 2318 3551 2372 abstinentia

1849 2399 2056 2465 carnis,
2094 2405 2150 2452 et
2178 2400 2503 2453 humilitate
2536 2403 2741 2468 cordis,
2775 2419 2888 2456 non
2923 2409 2984 2457 nt
3018 2405 3326 2459 visibilium
3376 2408 3550 2478 lupo-

1847 2504 1978 2541 rum
2023 2487 2242 2541 rabiem
2299 2489 2628 2557 evadamus,
2664 2491 2762 2543 sed
2801 2497 2865 2544 ut
2906 2493 3299 2559 invisibilium,
3345 2495 3403 2549 id
3446 2501 3551 2561 est,

1848 2576 2156 2646 spirituum
2209 2576 2642 2630 immundorum
2695 2583 3052 2632 tentamenta
3089 2582 3314 2636 vincere
3367 2584 3550 2636 valea-

1849 2681 1996 2717 mus.
2051 2664 2252 2717 Nullus
2285 2671 2476 2718 autem
2529 2665 2616 2718 his
2648 2666 2848 2720 diebus
2881 2670 3232 2723 vestimentis
3279 2672 3550 2740 preciosis

1850 2754 2120 2806 induatur
2151 2769 2164 2806 :
2199 2754 2335 2822 quia
2375 2755 2435 2806 in
2489 2771 2648 2807 sacco
2680 2760 2734 2808 et
2761 2756 2950 2810 cinere
3004 2758 3202 2827 lugere
3249 2759 3545 2813 debemus.

1847 2842 2264 2896 Prohibeantur
2335 2842 2658 2910 ebrietates,
2720 2850 2777 2896 et
2834 2847 3358 2916 commessationes,
3417 2865 3547 2918 quin

1848 2931 1996 2983 fiunt
2021 2931 2079 2982 in
2127 2930 2348 2999 vulgari
2378 2931 2564 2999 plebe.
2603 2932 2779 2984 Nemo
2815 2932 2895 2985 ibi
2927 2935 3183 3002 equitare
3211 2941 3543 3005 praesumat,

1847 3019 1944 3072 sed
1975 3018 2312 3071 discalciatis
2345 3019 2585 3088 pedibus
2621 3036 2818 3073 omnes
2851 3022 3135 3076 incedant.
3171 3024 3544 3095 Nequaquam

1769 3101 1810 3157 C
1849 3107 2199 3161 mulierculm
2249 3108 2450 3160 clioras
2493 3109 2704 3162 ducant
2736 3125 2749 3162 :
2783 3111 2875 3162 sed
2919 3128 3117 3165 omnes
3152 3112 3211 3165 in
3242 3129 3546 3167 commune

1853 3198 2022 3264 Kyrie
2070 3198 2262 3249 eleison
2314 3197 2635 3257 decantent,
2686 3201 2741 3250 et
2789 3215 2918 3252 cum
2972 3200 3312 3254 contritione
3363 3203 3547 3255 cordis

1849 3286 1950 3339 Dei
1995 3284 2448 3338 misericordiam
2499 3291 2756 3351 exorent,
2791 3303 2896 3356 pro
2928 3289 3190 3357 peccatis,
3236 3305 3337 3359 pro
3385 3306 3544 3359 pace,

1845 3391 1950 3445 pro
1980 3379 2158 3444 peste,
2209 3390 2312 3443 pro
2342 3375 2772 3428 conservatione
2817 3375 3070 3445 frugum,
3109 3384 3163 3431 et
3193 3394 3297 3448 pro
3327 3379 3547 3431 caeteris

1848 3461 2296 3515 necessitatibus.
2371 3461 2498 3515 Dies
2567 3463 2718 3515 enim
2785 3470 2918 3517 sunt
2984 3466 3364 3531 abstinentim,
3432 3481 3544 3518 non

1846 3549 2082 3604 laetitiae.

1847 3658 1974 3711 Car.
2008 3655 2146 3708 VIII.
2196 3683 2264 3694 -—-
2306 3656 2372 3708 Ut
2398 3657 2458 3707 in
2487 3670 2634 3708 omna
2681 3658 2920 3722 Domini,
2954 3663 3014 3710 ut
3040 3660 3098 3710 in
3141 3659 3368 3726 reliquis
3401 3662 3544 3726 Qua-

2058 3727 2376 3792 dragesimae
2405 3726 2614 3791 diebus,
2640 3727 2913 3794 jejunium
2934 3743 3038 3780 non
3068 3730 3328 3783 sol-vatur.

1917 3816 2025 3885 (Em
2057 3815 2282 3867 concilio
2334 3813 2642 3880 Laodicen.,
2674 3817 2851 3882 capite
2882 3815 2994 3883 50.)
3025 3816 3187 3878 Quod
3220 3833 3334 3868 non
3367 3833 3543 3886 opor—

1846 3909 1961 3958 teat
2010 3903 2069 3956 in
2118 3901 2561 3969 Quadragesima
2592 3902 2652 3955 in
2703 3903 2907 3956 ultima
2957 3905 3279 3973 septimana
3325 3921 3356 3956 ν
3386 3905 3544 3960 ferite

1841 3992 2132 4063 jejunium
2165 3991 2403 4055 solvere,
2433 3995 2727 4062 totamque
2760 3991 3266 4062 Quadragesimam
3299 3993 3420 4046 sine
3451 4011 3542 4046 ve-

1847 4081 2143 4136 neratione
2171 4080 2434 4145 transire,
2473 4081 2772 4150 magisque
2804 4081 3106 4136 conveniat
3136 4099 3366 4135 omnem
3396 4083 3544 4145 Qua-

1848 4169 2230 4241 dragesimam
2261 4168 2516 4222 districto
2542 4169 2799 4223 venerari
2823 4170 3067 4241 jejunio.

1849 4278 1976 4333 CAP.
2011 4277 2094 4330 IX.
2129 4304 2196 4314 --
2236 4277 2301 4328 Ut
2343 4277 2399 4327 in
2424 4275 2660 4329 Sabbato
2689 4283 2873 4330 sancto
2897 4278 3174 4345 jejunium
3221 4283 3346 4332 ante
3375 4280 3545 4332 noctis

2375 4349 2594 4399 initium
2623 4363 2728 4400 non
2756 4349 3018 4400 solvatur.

1920 4438 2024 4503 (Ea:
2071 4436 2292 4488 concilio
2354 4435 2665 4498 Arausico.,
2717 4438 2897 4502 capite
2943 4435 3018 4504 '2.)
3071 4437 3139 4488 Ut
3192 4436 3274 4488 in-
3300 4437 3546 4490 Sabbato

1845 4529 2064 4589 sancto,
2118 4523 2225 4575 hoc
2273 4526 2377 4584 est,
2431 4522 2490 4574 in
2549 4522 2740 4590 vigilia
2788 4523 3032 4586 Paschm,
3072 4524 3362 4591 jejunium
3413 4531 3544 4578 ante

1843 4611 2032 4666 noctis
2087 4610 2338 4674 initium,
2390 4609 2501 4661 nisi
2564 4626 2596 4661 a
2642 4611 2895 4679 parvulis
2952 4615 3050 4662 aut
3107 4611 3374 4678 intirmis,
3426 4629 3545 4667 non

1845 4701 2115 4764 solvatur,
2174 4713 2278 4750 nec
2309 4697 2433 4764 ipsa
2463 4697 2519 4748 in
2566 4713 2863 4766 parasceve
2896 4715 2908 4750 :
2941 4697 3076 4768 quia
3125 4715 3284 4752 cmna
3319 4700 3546 4754 Domini

1845 4795 1902 4843 et
1945 4801 2270 4857 parasceve,
2330 4789 2386 4837 et
2438 4785 2742 4837 sabbatum
2793 4786 2863 4839 ad
2908 4786 3034 4838 illos
3076 4803 3146 4839 XL
3191 4787 3312 4840 dies
3359 4788 3545 4858 respi-

1845 4876 2004 4930 ciunt
2037 4890 2050 4928 :
2081 4873 2167 4925 vel
2214 4871 2406 4925 divina
2456 4872 2723 4940 mysteria
2774 4873 2862 4924 his
2911 4873 3134 4925 duobus
3181 4874 3382 4928 diebus
3430 4892 3545 4928 non

1845 4964 2206 5020 celebrentur
2256 4975 2269 5012 :
2315 4959 2632 5012 canonibus
2691 4961 2905 5031 quippe
2968 4962 3309 5032 jubentibus
3370 4964 3544 5018 biduo

1845 5057 1973 5117 isto,
2029 5051 2086 5104 id
2117 5053 2222 5114 est,
2271 5064 2573 5117 parasceve
2605 5053 2660 5102 et
2701 5051 2974 5117 sabbato;
3026 5058 3379 5106 sacramenta
3426 5070 3544 5123 pos—

1847 5139 2002 5192 nitus
2032 5153 2148 5191 non
2175 5135 2468 5190 celebrari.

1847 5245 1974 5298 CAP.
2021 5245 2082 5297 Χ.
2111 5271 2185 5283 -
2231 5241 2384 5307 Quod
2428 5257 2533 5296 non
2581 5246 2827 5310 oporteat
2877 5246 2934 5296 in
2967 5243 3398 5313 Quadragesima
3446 5261 3544 5298 na-

2275 5313 2461 5366 talitia
2499 5318 2809 5366 sancto-rum
2839 5315 3116 5367 celebrari.

1920 5404 2041 5472 (Ea:
2085 5403 2307 5455 concilio
2340 5402 2653 5469 Laodicea,
2692 5404 2868 5470 capite
2899 5402 3010 5471 5t.)
3041 5402 3202 5465 Quod
3235 5419 3349 5456 non
3381 5419 3548 5472 opor-

1845 5495 1964 5545 teat
1992 5490 2052 5544 in
2085 5489 2538 5558 Quadragesima
2568 5497 2886 5559 martyrum
2921 5491 3177 5545 uatalitia
3218 5491 3496 5545 celebrari
3531 5509 3544 5546 :

1846 5580 1942 5634 sed
1976 5595 2178 5633 eorum
2212 5584 2407 5632 sancta
2449 5579 2922 5632 commemoratio
2955 5579 3015 5632 in
3047 5579 3249 5635 diebus
3296 5581 3550 5635 sabbato-

1847 5683 1976 5721 rum
2007 5673 2065 5721 et
2095 5666 2522 5721 Dominicorum
2553 5667 2679 5720 fieri
2710 5668 3030 5720 conveniat.
