3944 6390
356 386 458 438 887

1427 381 1832 436 BURCHARDI
1876 377 2405 434 WORMACIENSIS
2444 378 2779 435 EPISCOPI.

3785 379 3894 431 888

359 507 486 562 CAP.
537 506 625 560 XI.
678 534 746 546 —
790 505 941 571 Quod
1004 507 1063 558 in
1106 504 1293 558 diebus
1330 504 1534 571 jejunii
1588 505 1918 573 elemosyna
1980 505 2054 556 sit
2086 504 2130 556 A
2170 502 2297 557 CAP.
2331 504 2518 557 XVIII.
2547 534 2618 542 —
2652 506 2719 557 De
2749 504 2844 558 hoc
2872 505 2922 556 si
2946 506 3178 556 evenerit
3202 503 3398 571 fames,
3423 503 3781 572 pestilentia,
3814 503 3899 556 vel

1070 575 1343 640 facienda.

434 685 543 748 (Ea:
573 684 793 736 concilio
827 681 1042 734 Cabillo
1072 722 1086 746 ,
1126 682 1301 748 capite
1327 682 1404 746 5.)
1458 680 1663 733 Diebus
1698 694 1828 733 vero
1854 678 2060 749 jejunii

365 772 732 840 eleemosyna
778 769 1037 822 facienda
1088 772 1190 832 est,
1221 773 1277 819 et
1306 768 1496 819 cibum
1527 767 1645 819 sive
1675 771 1899 836 potum,
1945 784 2060 836 quo

369 858 612 929 quisque
662 858 747 911 uti
797 856 1013 921 debuit,
1061 856 1104 908 si
1147 855 1890 924 jejunaverit,panperibus
1936 871 2061 908 ero-

368 951 462 1018 get
495 962 508 999 :
543 946 678 1016 quia
727 945 993 1015 jejunare
1033 947 1089 996 et
1135 943 1286 995 cibos
1316 942 1545 1012 prandii
1592 943 1659 997 ad
1719 958 1937 995 coenam
1970 959 2062 995 re-

369 1050 613 1099 servare,
680 1050 799 1087 non
868 1031 1165 1097 mercedis,
1254 1032 1351 1084 sed
1410 1031 1671 1085 ciborum
1729 1037 1815 1085 est
1878 1032 2059 1085 incre-

370 1128 653 1177 mentum.

478 1228 605 1282 CAP.
634 1226 748 1281 XII.
774 1257 841 1264 —
872 1227 936 1280 Ut
959 1228 1017 1278 in
1045 1224 1479 1290 Quadragesima
1503 1231 1712 1294 tempus
1730 1227 1963 1294 prandii

1088 1303 1345 1350 servetur.

441 1386 564 1456 (Ea:
605 1385 747 1438 decr.
799 1386 1020 1440 Silverii
1050 1401 1228 1453 papae,
1278 1388 1453 1453 capite
1502 1384 1572 1454 1.)
1624 1384 1821 1439 Solent
1854 1386 2064 1455 plures,

372 1470 471 1541 qui
519 1486 575 1521 se
621 1468 884 1538 jejunare
938 1474 1145 1537 putant
1190 1468 1250 1521 in
1304 1469 1773 1537 Quadragesima,
1829 1486 1959 1522 mox
2010 1474 2073 1523 ut

371 1558 600 1627 signum
634 1558 925 1610 audierint
969 1557 1039 1611 ad
1084 1557 1284 1610 horam
1321 1573 1533 1609 nonam
1565 1559 1928 1611 manducare.
1963 1556 2072 1621 Qui

373 1648 697 1700 nullatenus
739 1646 1002 1715 jejunare
1034 1644 1304 1698 credendi
1350 1650 1502 1712 sunt,
1555 1646 1601 1698 si
1647 1650 1777 1698 ante
1829 1646 2070 1699 mandu-

372 1734 642 1797 caverint,
714 1749 886 1804 quam
954 1732 1345 1803 vespertinum
1415 1734 1734 1787 celebretur
1795 1733 2070 1789 officium.

374 1822 842 1878 Concurrendum
875 1825 959 1874 est
988 1821 1142 1874 enim
1174 1821 1245 1874 ad
1285 1820 1505 1887 missas,
1540 1826 1596 1874 et
1623 1821 1834 1875 auditis
1874 1822 2070 1875 missa-

373 1926 503 1964 rum
536 1910 888 1963 solemnibus
936 1913 993 1962 et
1021 1909 1359 1979 vespertinis
1399 1908 1622 1975 officiis,
1673 1910 1894 1979 largitis
1926 1910 2074 1964 elee-

372 1998 627 2068 mosynis
675 1998 746 2052 ad
798 1997 989 2051 cibum
1037 1997 1425 2051 accedendum
1456 2002 1559 2051 est.
1594 1997 1652 2052 Si
1688 2013 1820 2052 vero
1869 1998 2075 2069 aliquis

374 2087 709 2142 necessitate
767 2085 1110 2139 constrictus
1156 2085 1331 2139 fuerit
1369 2091 1433 2139 ut
1479 2085 1550 2139 ad
1592 2085 1824 2141 missam
1881 2087 2075 2141 venire

376 2192 493 2229 non
552 2175 771 2241 valeat,
840 2174 1121 2226 aestimata
1170 2173 1497 2242 vespertina
1553 2174 1733 2240 hora,
1794 2176 2077 2244 completa

378 2263 635 2317 oratione
667 2278 790 2323 sua,
811 2261 1099 2331 jejunium
1124 2262 1396 2316 absolvat.

381 2369 510 2425 CAP.
543 2369 687 2424 XIII.
722 2398 791 2408 ———
814 2368 968 2438 Quod
1009 2370 1065 2421 in
1096 2368 1285 2421 diebus
1322 2369 1661 2436 jejuniorum
1690 2370 1844 2423 nulla
1883 2370 2080 2438 jurgia

1038 2454 1148 2493 esse
1174 2440 1418 2493 debeant.

454 2530 561 2593 (Ea:
609 2526 769 2581 dictis
796 2527 976 2580 Liber.
1018 2529 1219 2596 papae.)
1268 2529 1329 2580 In
1362 2527 1447 2580 his
1473 2527 1826 2596 jejuniorum
1880 2528 2081 2582 diebus

382 2616 557 2671 nulla:
606 2616 752 2680 lites,
787 2616 959 2668 nullae
1005 2616 1402 2669 contentiones
1435 2632 1556 2668 esse
1598 2616 1809 2669 debent
1844 2634 1856 2671 :
1893 2619 1987 2671 sed
2021 2618 2082 2671 in

384 2704 486 2759 Dei
541 2704 806 2757 laudibus
887 2710 939 2757 et
1008 2720 1180 2774 opere
1259 2704 1578 2757 necessario
1635 2706 2080 2773 persistendum.

384 2792 589 2861 Arguit
631 2792 786 2845 enim
818 2808 913 2845 eos
947 2792 1043 2862 qui
1076 2792 1477 2846 contentiones
1506 2797 1562 2846 et
1591 2793 1719 2845 lites
1750 2793 2083 2863 Quadrage-

384 2880 539 2934 simae
589 2880 852 2950 tempore
904 2880 1139 2953 faciunt,
1171 2885 1228 2932 et
1275 2881 1372 2950 qui
1420 2880 1611 2933 debita
1664 2896 1697 2933 a
1728 2881 2085 2934 debitoribus

385 2968 640 3039 exigunt,
694 2968 969 3022 Dominus
1016 2985 1120 3038 per
1167 2970 1509 3039 prophetam
1554 2969 1746 3021 dicens
1796 2970 1977 3022 :Ecce
2026 2969 2084 3021 in

2744 576 3091 643 inaequalitas
3118 577 3281 628 aeris.

2242 661 2350 729 (Ea:
2396 662 2537 715 decr.
2596 662 3009 730 Librriipapaa,
3056 664 3233 730 capite
3277 664 3357 728 2.)
3388 661 3440 715 Si
3494 662 3775 716 evenerit
3809 662 3895 713 fa-

2171 766 2313 814 mes,
2354 751 2700 821 pestilentia,
2741 750 3101 820 inmqualitas
3148 749 3313 816 aeris,
3358 751 3444 803 vel
3487 750 3601 803 alia
3655 751 3899 821 qualis-

2172 854 2399 908 cunque
2460 837 2774 903 tribulatio,
2827 838 3020 890 statim
3071 837 3330 907 jejuniis,
3384 837 3788 909 eleemosynis
3843 844 3901 890 et

2173 925 2658 979 obsecrationibus
2691 925 2918 979 Domini
2953 925 3345 979 misericordia
3369 926 3740 995 deprecetur.

2175 1015 2301 1069 CAP.
2334 1015 2466 1067 XIX.
2501 1044 2561 1053 —
2601 1016 2665 1068 Ut
2694 1015 2875 1068 nullus
2906 1016 2961 1093 in
2983 1014 3081 1091 (die
3104 1016 3385 1093 Dominica
3414 1029 3514 1083 pro
3542 1014 3904 1067 abstinentia

2248 1158 2353 1217 (Em
2383 1157 2610 1209 concilio
2662 1090 3190 1224 Gangreiiijudclzifite
3226 1154 3335 1225 18.)
3385 1154 3441 1209 Si
3483 1153 3612 1225 quis
3642 1155 3903 1223 prapter

2175 1243 2612 1311 continentiam,
2673 1260 2801 1313 quae
2848 1247 3101 1313 putatur,
3147 1248 3248 1296 aut
3300 1247 3537 1313 propter
3583 1247 3903 1296 contuma-

2177 1332 2325 1386 ciam
2358 1332 2416 1386 in
2447 1331 2539 1385 die
2573 1331 2867 1385 Dominico
2887 1331 3135 1400 jejunat,
3167 1331 3473 1384 anathema
3504 1331 3591 1384 sit.

2629 1420 2760 1474 CAP.
2798 1421 2898 1474 XX.
2933 1450 3002 1459 —
3038 1423 3109 1474 De
3134 1420 3317 1473 eadem
3344 1435 3418 1473 re.

2253 1512 2363 1574 (Ea:
2408 1511 2629 1563 concilio
2663 1512 2952 1575 Turonen.,
3012 1512 3189 1576 capite
3236 1506 3349 1577 57.)
3384 1508 3437 1562 Si
3471 1506 3599 1578 quis
3641 1511 3905 1578 prOptcr

2180 1597 2469 1669 publicam
2519 1596 2922 1667 pmnitentiam
2982 1613 3014 1648 a
3076 1596 3366 1649 sacerdote
3410 1600 3735 1665 acceptam,
3804 1599 3905 1646 aut

2181 1702 2285 1756 pro
2322 1685 2513 1755 aliqua
2562 1687 2920 1747 necessitate,
2952 1684 3043 1738 die
3078 1683 3379 1738 Dominica
3409 1683 3567 1737 velut
3603 1698 3716 1754 pro
3751 1699 3905 1754 qua-

2104 1785 2144 1839 B
2184 1775 2315 1828 dam
2374 1774 2676 1845 religione,
2730 1773 3109 1844 jejunaverit,
3166 1773 3312 1827 sicut
3368 1771 3699 1834 Manichaai,
3768 1788 3907 1825 ana-

2181 1863 2376 1917 thema
2404 1862 2494 1915 sit.

2183 1952 2309 2007 CAP.
2342 1951 2472 2004 XXI.
2509 1981 2574 1989 —
2611 1953 2679 2004 Ut
2725 1950 2934 2018 placita
2976 1950 3264 2003 sweularia
3303 1951 3363 2003 in
3393 1949 3580 2003 diebus
3627 1948 3902 2002 Domini-

2252 2024 2348 2083 cis,
2381 2027 2429 2075 et
2472 2025 2527 2074 in
2574 2023 2868 2090 prwcipuis
2909 2023 3089 2087 festis,
3123 2025 3172 2073 et
3210 2022 3269 2074 in
3316 2020 3505 2073 diebus
3544 2020 3901 2089 jejuniorum

2388 2095 2633 2216 fmina
2675 2161 2827 2230 apud
2865 2162 3195 2231 Erphesfurt
3243 2160 3449 2229 habito,
3499 2162 3589 2215 cui
3630 2162 3905 2226 interfuit

2184 2252 2443 2305 Henricus
2487 2267 2605 2316 rem,
2651 2253 2828 2318 capite
2858 2249 2939 2319 2.)
2972 2250 3186 2304 Placita
3230 2248 3527 2303 saecularia
3578 2249 3904 2303 Dominicis

2184 2339 2389 2394 diebus
2439 2339 2525 2393 vel
2576 2338 2703 2391 aliis
2751 2338 3058 2408 praecipuis
3114 2339 3294 2404 festis,
3346 2354 3446 2392 seu
3478 2337 3655 2391 etiam
3712 2337 3779 2391 in
3814 2336 3904 2390 his

2186 2427 2387 2481 diebus
2443 2427 2503 2480 in
2538 2426 2746 2497 quibus
2800 2426 3059 2496 legitima
3101 2426 3329 2497 jejunia
3374 2427 3769 2493 celebrantur,
3814 2442 3902 2479 se-

2186 2515 2435 2568 cundum
2492 2514 2827 2568 canonicam
2856 2514 3326 2567 constitutionem
3360 2513 3599 2567 minime
3633 2512 3769 2567 ﬁeri
3803 2513 3899 2565 de-

2190 2603 2489 2656 crevimus.
2543 2603 2783 2671 Insuper
2838 2602 3012 2655 etiam
3062 2607 3257 2655 sancta
3308 2602 3558 2672 synodus
3615 2602 3894 2660 decrevit,

2188 2695 2250 2745 ut
2304 2691 2464 2744 nulla
2513 2689 2820 2760 judiciaria
2878 2694 3132 2759 potestas
3176 2690 3463 2744 licentiam
3515 2690 3747 2755 habeat,
3800 2707 3902 2743 sua

2191 2779 2529 2833 auctoritate
2608 2778 2961 2832 Christianos
3039 2779 3108 2832 ad
3166 2778 3438 2848 placitum
3497 2779 3788 2845 bannire,
3843 2777 3900 2829 in

2192 2866 2535 2937 supradictis
2568 2868 2790 2932 diebus,
2837 2866 2892 2919 id
2919 2871 3026 2933 est,
3063 2873 3282 2934 septem
3318 2865 3439 2919 dies
3468 2870 3599 2919 ante
3632 2866 3901 2919 Natalem

2193 2954 2422 3009 Domini
2454 2971 2635 3025 usque
2670 2954 2731 3008 in
2761 2958 2986 3008 octavas
3044 2954 3397 3024 Epiphaniae,
3430 2958 3487 3007 et
3529 2970 3562 3007 a
3593 2954 3904 3025 Quinqua-

386 3055 478 3109 die
509 3054 721 3125 jejunii
774 3055 946 3107 vestri
995 3055 1371 3108 inveniuntur
1401 3056 1719 3109 voluntates
1751 3061 1971 3123 vestrre,
2029 3072 2048 3108 ε

2256 3042 2412 3095 :sima
2468 3058 2649 3112 usque
2697 3042 2755 3095 in
2812 3047 3039 3095 octavas
3089 3043 3339 3110 Paschae,
3372 3047 3431 3096 et
3457 3059 3532 3096 vn
3591 3043 3717 3096 dies
3771 3048 3902 3096 ante

388 3158 587 3196 omnes
638 3142 923 3196 debitores
974 3149 1189 3196 vestros
1241 3142 1512 3213 repetitis.
1564 3145 1699 3197 Ecce
1754 3144 1820 3197 ad
1855 3144 1981 3196 lites
2031 3149 2087 3198 et

388 3231 459 3285 ad
488 3230 885 3284 contentiones
910 3232 1202 3300 jejunatis,
1238 3236 1292 3284 ct
1332 3231 1628 3301 percutitis
1664 3247 1858 3302 pugno
1886 3231 2083 3300 impie.

390 3338 521 3392 CAP.
570 3338 699 3390 XIV.
752 3367 820 3375 —
872 3339 937 3392 Ut
984 3339 1041 3389 in
1075 3338 1187 3390 illis
1234 3341 1466 3391 sacratis
1515 3338 1704 3391 diebus
1750 3339 2089 3405 jejuniorum

564 3408 846 3475 conjugati
877 3425 909 3461 a
941 3408 1258 3477 conjugibus
1289 3424 1343 3461 se
1372 3409 1641 3461 abstinere
1671 3409 1914 3463 debeant.

462 3496 614 3566 (Item
645 3497 902 3564 ejusdem,
955 3500 1132 3565 capite
1163 3498 1234 3563 5.)
1269 3497 1685 3551 Abstinendum
1718 3508 1801 3550 est
1830 3498 1984 3551 enim
2029 3497 2088 3551 in

390 3585 480 3639 his
524 3584 921 3638 sacratissimis
950 3585 1413 3655 Quadragesimtn
1457 3586 1657 3639 diebus
1683 3603 1715 3638 a
1747 3586 2090 3656 conjugihus

390 3680 448 3727 et
492 3678 642 3726 caste
686 3678 743 3727 et
774 3674 866 3744 pie
919 3674 1249 3740 vivendum,
1303 3678 1368 3727 ut
1416 3674 1763 3729 sanctiﬁcato
1816 3676 2000 3729 corde.‘
2037 3681 2092 3728 et

390 3778 627 3831 corpore
674 3761 768 3814 isti
798 3762 919 3814 dies
951 3762 1363 3831 transigantur,
1396 3768 1454 3816 et
1500 3763 1578 3815 sic
1605 3763 1975 3832 perveniatur
2023 3764 2090 3817 ad

392 3849 544 3903 diem
593 3853 852 3901 sanctum
906 3849 1153 3915 Paschee,
1201 3849 1337 3919 quia
1384 3866 1529 3920 pene
1572 3851 1716 3904 nihil
1746 3852 1896 3904 valet
1938 3851 2091 3921 jeju-

392 3936 578 4002 nium,
611 3936 766 4005 quod
811 3936 1095 4005 conjugali
1125 3953 1296 4006 opere
1342 3937 1640 4005 polluitur,
1688 3944 1743 3991 et
1772 3939 1923 4008 quod
1958 3955 2093 3992 ora-

390 4025 595 4089 tiones,
629 4023 841 4092 vigilias
881 4032 937 4077 et
966 4026 1345 4093 eleemosyna:
1379 4041 1491 4079 non
1522 4027 1946 4080 commendant.

394 4130 522 4183 CAP.
553 4128 661 4182 XV.
692 4158 761 4168 —
797 4132 865 4183 De
896 4130 981 4183 his
1013 4131 1110 4196 qui
1140 4132 1197 4182 in
1227 4132 1364 4183 clero
1416 4136 1562 4197 sunt,
1596 4136 1647 4184 et
1675 4134 1919 4185 carnium
1946 4148 2094 4186 esum

983 4200 1231 4252 habuerit
1263 4216 1501 4254 erasum.

2196 3130 2553 3185 nativitatem
2636 3130 2816 3184 sancti
2899 3130 3135 3184 Joannis
3221 3131 3523 3201 Baptistae,
3610 3135 3902 3201 quatenus

2195 3217 2445 3272 adeundi
2522 3218 2848 3284 Ecclesiam,
2911 3218 3380 3290 orationibusque
3444 3219 3685 3273 vacandi
3763 3219 3905 3273 libe—

2197 3306 2317 3359 rius
2348 3306 2628 3359 habeatur
2658 3306 2918 3360 facultas.

2198 3394 2329 3448 CAP.
2354 3395 2519 3448 XXII.
2548 3426 2615 3433 —
2641 3396 2991 3519 Utjejuniuzi
3014 3396 3216 3520 gbsgue
3232 3396 3347 3450 cibo
3368 3397 3604 3452 luxuriae
3624 3397 3907 3451 observari

2983 3484 3009 3519 e
3047 3483 3109 3520 ea
3142 3508 3153 3519 .

2983 3483 3153 3520 εοεαε.

2271 3555 2379 3624 (Ea:
2413 3555 2573 3609 dictis
2621 3555 2959 3624 Hieronym.)
3011 3556 3133 3609 Non
3172 3555 3296 3609 dico
3340 3554 3759 3624 hebdomadas,
3793 3570 3905 3609 non

2200 3643 2324 3697 dico
2381 3643 2668 3713 duplicata
2729 3644 2971 3713 jejunia,
3044 3644 3141 3697 sed
3201 3645 3401 3698 saltem
3454 3644 3714 3715 singulos
3792 3644 3909 3698 dies

2202 3733 2415 3802 absque
2449 3732 2707 3785 ciborum
2738 3732 2967 3785 luxuria
2996 3732 3401 3802 transigamus.

2202 3821 2331 3874 CAP.
2364 3820 2547 3874 XXIII.
2597 3850 2661 3858 —
2708 3821 2775 3873 Ut
2816 3820 3196 3888 quotidianum
3218 3822 3498 3888 jejunium
3538 3837 3645 3875 non
3675 3825 3753 3876 sit
3796 3824 3906 3876 sine

2787 3894 3073 3957 refectione
3101 3893 3310 3959 aliqua.

2275 3980 2389 4047 (Em
2423 3978 2586 4032 dictis
2637 3980 2869 4033 Pimenii
2912 3978 3206 4049 eeremitaa.)
3249 3979 3375 4033 Sint
3419 3978 3525 4033 tibi
3573 3980 3907 4050 quotidiana

2199 4066 2441 4137 jejunia,
2492 4073 2548 4120 et
2593 4067 2823 4120 refectio
2866 4068 3196 4121 sacietatem
3242 4067 3491 4137 fugiens.
3551 4068 3704 4122 Nihil
3756 4069 3905 4122 enim

2203 4156 2434 4226 prodest
2487 4155 2592 4208 tibi
2656 4156 2832 4209 biduo
2899 4155 3203 4226 triduoque
3272 4156 3606 4210 transmisso
3659 4172 3902 4211 vacuum

2203 4248 2430 4315 portare
2480 4249 2739 4297 ventrem
2772 4243 2815 4296 si
2848 4244 3065 4315 pariter
3094 4245 3389 4298 obruatur.
3422 4245 3480 4299 Si
3524 4260 3903 4315 compensan-

466 4306 579 4376 (Em
608 4306 828 4359 concilio
883 4307 1183 4369 Ancirano,
1217 4309 1393 4374 capite
1443 4307 1551 4377 13.)
1587 4308 1651 4360 Ili
1699 4308 1797 4378 qui
1847 4309 1905 4362 in
1938 4309 2048 4363 cler

2256 4348 2298 4385 ir
2340 4331 2636 4385 saturitate
2677 4306 2920 4403 jejunia,
2963 4332 3093 4385 ilico
3136 4348 3298 4386 mens
3332 4333 3553 4402 repleta
3580 4306 3897 4402 torpescit:

394 4399 527 4448 sunt
557 4394 876 4465 presbyteri
907 4399 1005 4447 aut
1048 4394 1294 4463 diaconi,
1324 4400 1380 4448 et
1409 4412 1441 4448 a
1470 4396 1739 4449 carnibus
1780 4398 2089 4465 abstinent,

394 4483 630 4553 placuit,
681 4499 775 4535 eas
820 4483 1052 4552 quidem
1103 4483 1458 4553 contingere,
1492 4490 1545 4538 et
1598 4476 1680 4539 ita
1708 4485 1753 4538 si
1803 4486 2095 4540 voluerint

394 4576 783 4625 contemnere.
817 4571 977 4635 Quod
1013 4572 1061 4624 si
1100 4571 1159 4624 in
1191 4575 1415 4625 tantum
1448 4589 1541 4625 eas
1572 4573 1995 4642 abominantur,
2028 4580 2094 4628 ut

393 4676 499 4714 nec
538 4661 735 4714 holera
783 4677 910 4730 quae
954 4677 1081 4714 cum
1118 4661 1198 4714 eis
1257 4665 1587 4732 coquuntur
1635 4662 1961 4716 existiment
2007 4680 2094 4717 co-

394 4749 697 4815 medenda,
749 4753 1025 4819 tanquam
1088 4766 1202 4802 non
1250 4752 1673 4804 consentientes
1721 4752 1957 4821 regulae,
2020 4752 2090 4805 ab

396 4836 597 4890 ordine
628 4853 845 4890 cessare
871 4838 1103 4893 debent.

700 4941 828 4995 CAP.
857 4944 987 4995 XVI.
1017 4971 1089 4983 —
1124 4944 1201 4995 De
1222 4946 1431 5011 vigiliis
1455 4949 1786 4999 sanctorum.

469 5048 580 5117 (Ea:
620 5049 844 5101 concilio
883 5049 1198 5111 Aurelian,
1246 5052 1421 5117 capite
1474 5051 1545 5120 l.)
1585 5051 1906 5122 Presbyteri
1962 5067 2093 5105 cum

396 5148 582 5185 sacras
611 5131 946 5185 festivitates
968 5134 1182 5200 populo
1213 5135 1573 5201 annuntiant,
1605 5137 1776 5189 etiam
1806 5137 2093 5206 jejunium

394 5221 724 5288 vigiliarum
755 5236 849 5274 eos
884 5220 1231 5272 omnimodis
1267 5238 1489 5274 servare
1516 5230 1805 5277 moneant.

822 5326 948 5381 CAP.
982 5326 1138 5380 XVII.
1169 5356 1237 5364 —
1275 5328 1359 5378 De
1383 5327 1565 5381 eadem
1590 5344 1664 5382 re.

463 5432 574 5498 (Ea:
619 5432 782 5486 dictis
814 5433 1044 5487 Eusebii
1067 5446 1242 5501 papae,
1277 5435 1453 5499 capite
1503 5434 1605 5499 10.)
1640 5434 1708 5487 Ut
1738 5434 1799 5488 in
1848 5434 2094 5489 Ecclesia

390 5535 424 5571 a
487 5521 876 5575 sacerdotibus
931 5520 1152 5591 jejunia
1209 5520 1537 5586 constituta,
1594 5521 1717 5575 sine
1758 5525 2089 5578 necessitate

392 5606 739 5672 rationabili,
775 5625 886 5660 non
922 5612 1231 5660 solvantur.

2202 4425 2258 4473 et
2296 4420 2535 4490 irrigata
2585 4425 2739 4473 terra
2783 4420 3041 4490 corporis
3091 4420 3263 4491 hujus
3314 4421 3507 4490 spinas
3540 4426 3596 4475 et
3623 4422 3897 4476 carduum

2199 4509 2508 4579 germinat.

2666 4578 2792 4633 CAP.
2832 4579 3008 4634 XXIV.
3043 4610 3108 4618 —
3140 4582 3212 4634 De
3237 4579 3436 4634 eodem.

2274 4670 2421 4737 (Item
2452 4667 2634 4734 idem.)
2667 4667 2792 4721 Sint
2820 4668 2924 4720 tibi
2967 4669 3191 4737 jejunia
3228 4684 3395 4738 pura,
3430 4667 3724 4734 continua,
3778 4685 3899 4723 mo—

2202 4757 2534 4826 derataque,
2563 4756 2616 4809 id
2656 4760 2758 4822 est,
2792 4756 3054 4826 quotidie
3087 4756 3326 4822 esurire,
3360 4761 3418 4810 et
3442 4756 3702 4827 quotidie
3735 4774 3900 4829 pran-

2203 4845 2357 4899 dere.

2202 4933 2327 4988 CAP.
2362 4933 2510 4986 XXV.
2538 4963 2606 4970 —
2626 4932 2778 4998 Quod
2792 4932 3068 5000 jejunium
3088 4936 3244 4986 curat
3264 4933 3489 4986 vulnera
3509 4932 3887 5003 delinquentis.

2274 5020 2590 5089 (Apostolus
2637 5021 2773 5073 dicit
2820 5020 2858 5089 :)
2894 5020 3018 5073 Noli
3068 5020 3254 5073 adhuc
3285 5035 3495 5090 aquam
3542 5021 3763 5086 bibere,
3812 5020 3895 5073 sed

2203 5107 2427 5160 modico
2479 5112 2637 5159 utere
2688 5108 2818 5160 vino
2858 5112 3099 5177 propter
3137 5108 3497 5161 infirmitates
3527 5112 3653 5161 tuas
3687 5126 3700 5163 :
3748 5113 3896 5163 curat

2202 5195 2356 5249 enim
2420 5195 2658 5248 vulnera
2716 5195 3131 5266 delinquentis,
3191 5201 3533 5267 curatosque
3593 5199 3897 5252 sanctiﬁcat

2194 5283 2505 5353 jejunium.

2204 5370 2329 5424 CAP.
2363 5369 2539 5424 XXVI.
2572 5400 2641 5409 ——
2670 5374 2745 5424 De
2775 5372 3327 5451 quodamuztlcibiade
3354 5374 3454 5451 qui
3476 5372 3585 5425 sibi
3618 5388 3786 5440 grave
3807 5373 3892 5441 ju-

2681 5457 2807 5507 gum
2833 5444 3041 5509 jejunii
3069 5446 3420 5510 imposuerat.

2274 5528 2492 5598 (Eusebi
2536 5531 2595 5581 in
2643 5531 2933 5583 ecclesiast.
2979 5533 3250 5593 historia.)
3294 5530 3618 5583 Alcibiades
3666 5532 3888 5601 quidam

2205 5620 2326 5670 erat
2368 5634 2430 5669 ex
2462 5633 2705 5671 numero
2745 5633 2945 5672 eorum
2979 5619 3078 5689 qui
3106 5635 3211 5689 pro
3261 5618 3482 5673 Christo
3531 5619 3705 5673 vincti
3741 5626 3883 5674 tene-
