3944 6394
144 411 253 461 889

937 406 1411 462 DECRETORUM
1455 407 1638 462 LIBRI
1676 408 1782 462 XX.
1823 436 1890 446 —
1934 407 2136 460 LIBER
2181 404 2484 460 DECIMUS
2525 405 2866 468 QUARTUS.

3567 410 3670 461 890

147 529 383 581 bantur.
438 528 538 582 Hic
564 529 738 581 vitam
771 527 906 580 satis
931 528 1169 581 arduam
1203 533 1258 580 et
1289 532 1576 581 austeram
1611 529 1863 597 gerebat,
1900 532 1943 582 Λ
1985 527 2219 597 ligionis
2251 526 2359 579 sibi
2416 527 2694 596 imponat,
2756 543 2935 580 unum
2979 527 3131 581 diem
3179 545 3298 598 pra;
3357 529 3483 582 aliis
3534 532 3684 585 exci-

146 617 294 669 nihil
331 617 445 669 cibi
479 617 679 668 volens
725 616 1004 685 accipere,
1041 614 1141 667 sed
1178 620 1400 667 tantum
1450 631 1622 683 pane,
1666 620 1724 668 et
1753 617 1868 668 sale

148 723 284 760 cum
313 724 466 778 aqua
491 708 782 761 utebatur.
835 708 976 759 Cum
1033 706 1162 759 vitae
1189 707 1342 759 hunc
1393 707 1642 775 rigorem
1701 707 1870 758 vellet

149 796 425 849 etiamin
481 812 706 848 carcere
766 795 988 864 positus
1063 794 1342 856 obtinere,
1401 795 1589 846 Attalo
1643 794 1872 847 cuidam

151 900 322 936 servo
387 883 486 936 Dei
549 884 864 936 revelatum
925 887 1055 935 est:
1094 882 1230 951 quia
1288 899 1403 935 non
1466 887 1612 935 recte
1662 883 1875 935 faceret

149 971 482 1025 Alcibiades
514 971 789 1024 creaturis
825 971 944 1038 Dei,
975 975 1033 1024 et
1061 969 1230 1023 vellet
1251 970 1378 1024 aliis
1427 970 1672 1024 formam
1715 987 1876 1023 scan-

152 1061 274 1114 dali
313 1061 735 1130 derelinquere.
761 1059 977 1123 Quibus
1008 1059 1272 1128 cognitis,
1305 1059 1628 1113 Alcibiades
1702 1058 1875 1128 cmpit

153 1150 356 1202 omnia
383 1165 512 1202 cum
566 1149 880 1218 gratiarum
914 1147 1134 1201 actione
1164 1147 1460 1218 percipere
1493 1164 1507 1201 :
1559 1147 1694 1218 quia
1744 1163 1872 1216 qua:

152 1238 242 1291 illi
279 1237 568 1291 revelabat
615 1237 860 1307 Spiritus
894 1242 955 1289 ut
985 1236 1231 1302 doceret,
1267 1236 1400 1290 huic
1431 1241 1493 1290 ut
1537 1241 1875 1307 sequeretur

154 1327 315 1380 idem
347 1326 582 1397 spiritus
613 1325 1014 1395 persuadebat.

155 1416 292 1471 CAP.
319 1415 522 1468 XXVII.
548 1445 616 1452 ——
639 1417 712 1467 De
731 1429 788 1467 eo
811 1416 908 1480 qui
926 1415 1024 1466 sub
1045 1414 1262 1467 obtentu
1278 1414 1560 1481 religionis
1582 1415 1698 1466 sine
1711 1413 1874 1480 jussu

228 1488 472 1555 episcopi
501 1488 612 1549 sui,
656 1487 736 1538 vet
762 1485 1067 1553 presbyteri
1090 1486 1367 1553 jejunium
1397 1486 1503 1538 sibi
1538 1487 1793 1553 imponit.

228 1578 344 1639 (Em
383 1575 607 1627 concilio
637 1573 788 1642 apud
818 1575 1150 1642 Erphes/‘urt
1185 1574 1390 1640 habito,
1433 1578 1693 1642 praesente
1737 1576 1875 1626 Hen-

153 1667 272 1718 rico
301 1679 442 1730 reg.,
475 1665 652 1731 capite
682 1660 757 1731 5.)
792 1663 860 1715 Ut
891 1677 1061 1714 nemo
1082 1661 1191 1714 nisi
1217 1662 1612 1715 consentiente
1638 1661 1872 1732 proprio

154 1752 456 1822 episcopo,
486 1756 586 1804 aut
624 1751 748 1820 ejus
793 1749 990 1814 misso,
1018 1748 1307 1819 jejunium
1348 1750 1453 1803 sub
1502 1749 1739 1802 obtentu
1781 1765 1871 1803 re-

1984 618 2211 687 piendo,
2275 616 2610 668 omnimodo
2679 616 3094 676 interdicimus,
3147 619 3298 686 quod
3357 623 3412 671 et
3470 619 3680 674 factum

1981 705 2260 775 displicet,
2289 710 2345 757 et
2368 705 2424 756 in
2457 705 2713 758 futurum
2746 705 2870 759 ﬁeri
2901 706 3278 774 prohibemus
3311 723 3322 760 :
3373 707 3508 778 quia
3557 709 3684 777 plus

1981 811 2150 847 causa
2172 794 2450 846 ariolandi
2478 810 2599 847 esse
2621 793 3197 865 dignoscitur,‘quam
3219 796 3685 865 supplementum

1982 883 2271 936 catholicae
2300 882 2462 950 legis.

1984 989 2109 1044 CAP.
2128 982 2357 1043 XXVIII.
2373 1019 2440 1026 -
2463 990 2526 1042 Ut
2538 988 2719 1041 nullus
2734 989 3076 1044 Christianus
3091 990 3218 1043 dum
3232 994 3421 1044 sancta
3452 992 3565 1045 loca
3585 1008 3684 1055 pro

2052 1065 2352 1113 reverentia
2378 1062 2615 1126 petierit,
2661 1060 2896 1126 alicujus
2925 1061 3157 1128 publica:
3182 1064 3468 1130 potestatis
3509 1063 3684 1116 banno

2052 1132 2254 1184 ibidem
2279 1133 2706 1197 constringatur.

2053 1222 2164 1286 (Ea:
2194 1218 2370 1271 eodem
2402 1217 2668 1287 concilio.)
2704 1217 3073 1288 Praecipimus
3107 1235 3355 1291 namque
3388 1225 3454 1274 ut
3495 1221 3686 1275 nullus

1984 1307 2338 1362 Christianus
2387 1323 2489 1376 pro
2529 1307 2847 1359 reverentia
2901 1307 3196 1360 ecclesiam
3247 1309 3518 1378 petendo,
3574 1309 3684 1362 ibi-

1983 1413 2094 1467 que
2130 1395 2434 1459 manendo,
2487 1395 2736 1464 indeque
2769 1396 3106 1448 revertendo
3139 1397 3379 1465 alicujus
3442 1397 3686 1467 publicae

1982 1484 2278 1555 potestatis
2364 1484 2572 1550 banno,
2627 1483 2842 1537 ibidem
2893 1484 3364 1554 constringatur:
3409 1501 3480 1538 ne
3537 1486 3685 1539 forte

1981 1574 2118 1627 dum
2151 1573 2222 1626 ad
2253 1573 2548 1626 ecclesiam
2580 1587 2749 1625 causa
2769 1571 3045 1626 orationis
3077 1578 3366 1643 properat,
3413 1588 3519 1643 per
3541 1573 3686 1627 ban-

1983 1678 2123 1716 num
2146 1661 2496 1732 impediatur
2526 1677 2630 1732 pro
2679 1662 2862 1715 salute
2893 1660 3102 1716 animai
3147 1661 3349 1716 devote
3397 1661 3680 1715 insistere.

1447 1861 1624 1901 FINIS
1669 1861 1842 1901 LIBBI
1891 1860 2114 1901 DECIMI
2161 1860 2408 1900 TERTII.

825 2125 1121 2198 INDEX
1178 2125 1869 2200 CAPITULORUM
1928 2127 2184 2200 LIBRI
2246 2125 2578 2199 DECIMI
2641 2124 3025 2212 QUARTI.

155 2280 290 2336 CAP.
331 2283 383 2334 1.
444 2280 605 2344 Quod
667 2280 900 2352 crapula
948 2280 1196 2334 multum
1252 2283 1326 2336 sit
1373 2281 1709 2336 Christianis
1741 2298 1875 2336 cou-
1909 2288 1950 2340 Β

509 2369 704 2424 traria.

344 2461 399 2512 2.
439 2459 505 2512 Ut
536 2460 752 2512 malum
780 2458 1071 2512 ebrietatis
1101 2457 1339 2511 omnino
1373 2457 1602 2512 vitetur.

347 2550 399 2600 3.
453 2546 612 2611 Quod
668 2547 923 2618 episcopi
985 2553 1042 2600 et
1088 2562 1288 2600 eorum
1343 2547 1592 2600 ministri
1646 2548 1879 2618 crapula

529 2642 585 2690 et
618 2636 890 2691 ebrietate
923 2652 1038 2690 non
1069 2635 1312 2690 debeant
1342 2634 1588 2706 gravari.

344 2724 404 2776 4.
433 2724 511 2776 De
541 2723 738 2776 eadem
771 2739 853 2776 re.

445 2813 522 2866 De
555 2813 754 2865 eadem
782 2828 864 2866 re.

348 2904 404 2955 6.
436 2902 511 2954 De
539 2901 738 2954 eadem
759 2917 843 2954 re.

347 2994 400 3043 7.
437 2989 644 3053 Quales
677 2989 931 3043 convivae
981 2989 1343 3044 sacerdotum
1386 2989 1572 3061 epulis
1601 2989 1877 3045 interesse

533 3077 798 3130 debeant.

347 3167 400 3220 8.
438 3166 516 3219 De
551 3165 751 3219 eadem
780 3181 863 3220 re.

1525 3452 2370 3556 BURCHARDI

2096 2286 2147 2337 9.
2181 2283 2257 2336 De
2292 2281 2491 2336 eadem
2521 2297 2600 2335 re.

2060 2372 2142 2424 10.
2177 2371 2258 2424 De
2287 2370 2488 2423 eadem
2537 2386 2618 2424 re.

2059 2462 2144 2513 11.
2177 2459 2286 2522 Qui
2316 2459 2508 2513 ebrius
2533 2459 2710 2512 fuerit
2737 2461 2799 2512 ut
2827 2459 2969 2513 ordo
3001 2458 3219 2530 patitur
3246 2458 3540 2529 pceniteat.

2061 2551 2143 2600 l2.
2181 2548 2340 2612 Quod
2397 2548 2526 2601 vino
2587 2547 2859 2602 inebriari
2909 2564 3025 2601 non
3068 2548 3253 2613 liceat,
3312 2549 3410 2601 sed
3456 2547 3685 2618 fugien-

2269 2636 2408 2690 dum
2439 2636 2527 2690 sit.

2060 2728 2142 2779 13.
2172 2725 2248 2777 De
2279 2724 2389 2777 illis
2421 2725 2520 2794 qui
2558 2740 2663 2794 per
2709 2723 3046 2778 ebrietatem
3097 2723 3378 2778 vomitum
3423 2724 3683 2778 fecerint.

2063 2814 2145 2866 14.
2174 2814 2250 2866 De
2276 2813 2474 2866 eadem
2508 2828 2583 2865 re.

2062 2903 2144 2954 135.
2181 2901 2259 2954 De
2290 2901 2400 2954 illis
2432 2900 2530 2970 qui
2561 2915 2666 2970 per
2695 2899 3026 2970 superbiam
3058 2901 3199 2954 alios
3232 2900 3539 2956 inebriant.

2064 2991 2145 3042 16.
2190 2989 2352 3053 Quod
2383 2989 2655 3059 fugienda
2686 2989 2756 3042 sit
2777 2989 3040 3043 ebrietas.

2061 3080 2142 3130 I7.
2177 3079 2316 3132 Item
2342 3078 2410 3132 de
2444 3079 2737 3132 ebrietate.

2452 3169 2652 3223 Indicis
2685 3167 3046 3238 capitulorum
3070 3168 3217 3233 ﬁnis.

1177 3636 1582 3691 ECCLESI/E
1633 3636 2264 3704 WORMACIENSIS
2316 3638 2685 3693 EPISCOPI

367 3810 1374 3942 DECRETORUM
1500 3811 1944 3940 LIBER
2061 3812 2696 3944 DECIMUS
2832 3810 3496 3954 QUARTUS

1332 4045 1432 4109 DE
1483 4045 1856 4110 CRAPULA
1902 4046 2006 4111 ET
2055 4046 2537 4112 EBRIETATE.

654 4341 1140 4396 ARGUMENTUM
1201 4343 1412 4397 LIBRI.

247 4430 420 4484 Libro
508 4431 618 4484 hoc
701 4429 770 4483 de
826 4430 1178 4484 detestandis
1263 4431 1436 4496 vitiis,
1499 4433 1734 4501 crapula
1830 4437 1886 4486 et

171 4517 472 4584 ebrietate,
507 4518 774 4572 tractatio
796 4517 1138 4587 instituitur,
1174 4535 1419 4590 quasque
1454 4520 1569 4574 illis
1600 4520 1700 4592 qui
1732 4521 1884 4576 hisee

172 4607 323 4660 vitiis
353 4607 736 4676 implicantur
766 4622 936 4675 paena
967 4607 1326 4677 injungenda
1354 4607 1446 4672 sit,
1481 4609 1739 4662 docetur.

295 4696 438 4750 CAP.
475 4696 495 4748 Ι
526 4724 596 4736 -
626 4695 783 4759 Quod
803 4697 1029 4818 craputta
1060 4697 1288 4777 multum
1323 4698 1396 4750 sit
1425 4697 1776 4752 Christianis.

885 4783 979 4818 con
1008 4783 1181 4818 rana.

885 4783 1181 4821 contraria.

237 4854 352 4924 (Eo:
386 4853 545 4907 dictis
595 4854 913 4925 Benedicti.)
946 4854 1095 4908 Nihil
1128 4855 1206 4907 sic
1253 4855 1604 4909 contrarium
1665 4862 1751 4912 est
1791 4857 1887 4912 ho-

174 4942 313 4996 mini
345 4941 680 4998 Christiano
715 4943 1008 5012 quomodo
1040 4943 1274 5013 crapula
1302 4946 1358 4996 et
1411 4945 1676 5011 ebrietas,
1741 4945 1889 4999 sicut

174 5030 250 5084 ait
269 5031 553 5085 Dominus
583 5030 646 5083 in
678 5031 982 5100 Evangelia
1014 5047 1026 5084 :
1058 5031 1256 5086 Videte
1278 5048 1349 5086 ne
1373 5038 1684 5102 graventur
1713 5034 1887 5088 corda

174 5123 356 5174 vestra
384 5120 450 5172 in
479 5119 719 5189 crapula
747 5123 805 5173 et
842 5119 1136 5173 ebrietate.

295 5210 429 5262 CAP.
467 5209 540 5260 II.
574 5237 642 5246 —-
679 5209 744 5262 Ut
767 5209 972 5262 malum
1001 5209 1279 5262 ebrietatis
1310 5212 1523 5263 omnino
1544 5213 1758 5264 vitetur.

242 5297 350 5366 (E41:
395 5297 600 5352 deerat.
643 5295 936 5362 Eutychia.
975 5313 1098 5366 pa.,
1131 5300 1309 5366 capite
1346 5300 1424 5366 9.)
1461 5299 1729 5368 Magnum
1764 5315 1878 5352 ma-

176 5384 287 5439 lum
339 5385 662 5449 ebrietatis,
739 5385 892 5438 unde
943 5386 1138 5439 omnia
1182 5386 1317 5439 vitia
1365 5387 1670 5456 pullulant,
1721 5388 1882 5441 Chri-

175 5474 371 5528 stianis
401 5473 593 5528 modis
619 5474 888 5527 omnibus
909 5489 1108 5527 cavere
1128 5474 1516 5544 praecipimus.
1551 5475 1658 5539 Qui
1694 5483 1882 5530 autem

175 5561 278 5616 hoc
309 5564 493 5616 vitare
553 5561 820 5629 noluerit,
857 5562 1467 5616 excommunicandum
1517 5579 1638 5616 esse
1686 5563 1880 5616 decre-

177 5649 378 5718 vimus,
408 5667 594 5721 usque
623 5650 694 5704 ad
725 5666 1040 5720 congruam
1073 5635 1558 5704 emendationem.

1919 4345 1960 4400 C
1999 4346 2127 4400 CAP.
2159 4346 2249 4399 III.
2285 4377 2354 4385 —
2394 4346 2550 4410 Quod
2587 4348 2825 4414 episcopi
2869 4349 2919 4398 et
2963 4361 3148 4399 eorum
3175 4347 3419 4400 ministri
3467 4347 3700 4416 crapula

2347 4422 2397 4470 et
2426 4417 2681 4470 ebrietate
2710 4432 2815 4469 non
2845 4417 3075 4469 debeant
3104 4419 3352 4481 gravari.

2069 4523 2178 4592 (Em
2207 4523 2402 4577 decret.
2452 4524 2711 4592 ejusdem,
2755 4525 2932 4590 capite
2967 4521 3039 4590 9.)
3085 4522 3345 4592 Episcopi
3374 4526 3432 4574 et
3462 4521 3558 4576 Dei
3591 4519 3699 4574 mi-

1999 4610 2163 4663 nistri
2213 4627 2330 4663 non
2363 4610 2573 4664 debent
2629 4610 3205 4663 commessationibus
3266 4615 3321 4662 et
3375 4609 3701 4662 vinolentiis

1998 4699 2172 4752 nimis
2219 4699 2572 4765 incumbere,
2629 4700 2726 4751 sed
2769 4699 3134 4752 considerent
3194 4697 3536 4751 sententiam
3591 4699 3699 4750 Do-

2000 4787 2141 4840 mini
2169 4787 2407 4840 dicentis
2438 4803 2450 4840 :
2511 4787 2796 4841 Attendite
2831 4804 2900 4840 ne
2934 4791 3242 4856 graventur
3289 4787 3462 4839 corda
3516 4790 3703 4838 vestra

1998 4875 2055 4929 in
2089 4877 2321 4945 crapula
2373 4881 2428 4929 et
2476 4877 2766 4931 ebrietate.
2831 4877 3113 4930 Moderata
3177 4875 3330 4929 enim
3388 4875 3579 4929 cibum
3648 4877 3705 4926 et

1998 4964 2380 5018 necessarium
2431 4969 2723 5033 sumptum
2765 4969 3014 5030 sumant,
3052 4968 3111 5017 ut
3153 4965 3316 5033 juxta
3346 4963 3700 5034 prostolum

1999 5052 2174 5106 sobrii
2203 5053 2337 5119 sint,
2372 5058 2430 5107 et
2459 5053 2644 5123 parati
2680 5054 2748 5107 ad
2784 5053 3077 5108 servitium
3118 5053 3367 5108 Domini.

2461 5178 2589 5232 CAP.
2625 5179 2710 5232 IV.
2738 5209 2804 5218 —
2837 5182 2911 5233 De
2931 5178 3118 5232 eadem
3156 5194 3232 5232 re.

2069 5305 2177 5367 (Ex
2208 5303 2427 5355 concilio
2486 5302 2771 5360 Cabillon..
2830 5305 3008 5370 capite
3049 5300 3156 5370 I0.)
3209 5300 3278 5353 Ut
3334 5298 3701 5354 sobrietatem

1999 5389 2323 5443 sacerdotes
2392 5395 2648 5456 teneant,
2699 5396 2755 5443 et
2808 5390 2955 5442 hanc
3028 5387 3356 5441 habendam
3429 5387 3698 5441 ﬁdelibus

1996 5477 2312 5546 praedicent
2343 5493 2356 5530 :
2391 5477 2488 5547 qui
2536 5492 2650 5530 non
2684 5481 2870 5546 potest
2905 5475 3080 5527 libere
3147 5474 3514 5528 sobrietatem
3546 5491 3697 5543 pra:-

1998 5563 2209 5629 dicare,
2245 5564 2342 5634 qui
2375 5581 2434 5618 se
2485 5581 2642 5617 mero
2692 5580 2874 5633 usque
2905 5564 2974 5616 ad
3023 5563 3431 5616 alienationem
3487 5564 3695 5616 mentis

1919 5653 1961 5705 D
1999 5651 2332 5721 ingurgitat.
2377 5653 2496 5706 Hoc
2529 5658 2587 5705 et
2631 5652 2702 5705 de
2734 5651 3325 5717 commessationibus,
3373 5657 3431 5705 et
3481 5650 3701 5706 ceteris
