4380 6432
128 47 2351 97 πει-ᾛῷ

708 488 804 539 891
1773 480 2175 535 BURCHARDI
2215 478 2746 535 WORMACIENSIS
2784 477 3119 533 EPISCOPI.

4108 478 4225 530 892

706 605 963 675 pestibus
1036 602 1105 656 ad
1163 599 1623 669 gastrimargiam
1700 598 2136 670 pertinentibus,
2205 598 2399 651 obser-
2434 600 2477 652 Α
2516 596 2764 664 conjuge
2795 610 2915 661 sua,
2958 598 3015 647 et
3034 594 3192 663 prole
3222 595 3356 647 velit
3385 594 3680 648 vobiscum
3720 593 3965 665 spiritali
4003 594 4225 666 gaudio

704 692 954 746 vandum
988 695 1090 744 est.

1178 777 1307 830 CAP.
1352 776 1414 829 V.
1448 806 1515 814 —
1544 777 1621 828 De
1641 776 1824 829 eadem
1852 790 1929 828 re.

775 869 880 936 (Ea:
903 882 1094 921 canon.
1122 866 1504 935 apostolorum,
1534 864 1679 917 titul.
1714 865 1827 927 42.)
1883 863 2212 933 Episcopus,
2272 878 2401 933 pre-

702 957 912 1025 sbyter,
942 960 1043 1008 aut
1071 955 1342 1008 diaconus
1376 952 1513 1005 aleae
1540 957 1711 1022 atque
1752 952 2014 1005 ebrietati
2043 952 2401 1021 ldescmiens,

704 1049 805 1098 aut
835 1044 1074 1105 desinat,
1113 1046 1212 1095 aut
1249 1044 1398 1094 certe
1442 1039 1766 1093 damnetur.
1828 1040 2241 1102 Subdiaconus,
2308 1044 2405 1092 aut

709 1133 906 1193 lector,
937 1136 1035 1185 aut
1074 1135 1269 1183 cantor
1335 1127 1541 1181 similia
1590 1126 1819 1195 faciens,
1879 1134 1975 1181 aut
2025 1129 2265 1193 desinat,
2306 1132 2403 1181 aut

708 1220 1114 1274 communione
1144 1218 1414 1288 privetur.
1446 1212 1720 1269 Similiter
1748 1218 1920 1269 etiam
1962 1216 2155 1269 laicus.

1162 1307 1287 1360 CAP.
1321 1303 1406 1357 VI.
1437 1332 1508 1343 —
1541 1304 1620 1357 De
1649 1305 1832 1358 eadem
1863 1321 1939 1358 re.

780 1394 887 1465 (Ea:
938 1396 1136 1456 eodem,
1213 1395 1389 1461 capite
1434 1391 1547 1461 43.)
1596 1393 1650 1446 Si
1713 1393 1841 1463 quis
1906 1393 2229 1462 episcopus,
2305 1396 2404 1445 aut

707 1483 915 1554 aliquis
958 1483 1274 1548 ordinatus,
1314 1483 1373 1535 in
1424 1482 1841 1535 consuetudine
1907 1481 2163 1534 ebriosus
2209 1480 2400 1549 fuerit,

708 1577 807 1625 aut
835 1571 1078 1639 desinat,
1110 1577 1207 1625 aut
1234 1573 1574 1643 deponatur.

707 1679 835 1734 CAP.
858 1678 970 1732 VII.
992 1707 1065 1719 —
1090 1679 1286 1743 Quales
1309 1680 1541 1803 οοηυᾶυῗ
1562 1675 1899 1800 δαῗρνάοιιιγη
1936 1677 2109 1745 epulis
2147 1678 2401 1729 interesse

1463 1766 1487 1802 e
1525 1764 1622 1801 ean
1654 1786 1667 1799 .

1463 1764 1667 1802 θοραηῑ.

779 1835 886 1907 (Ea:
911 1835 1105 1890 decret.
1138 1837 1360 1891 Eusebii
1398 1853 1515 1906 pa.,
1556 1837 1732 1905 capite
1774 1835 1884 1904 {0.)
1919 1835 2155 1904 Oportet
2184 1833 2401 1904 episco-
2435 1874 2471 1926 Β

705 1940 846 1995 pum
893 1926 1200 1979 moderatis
1272 1926 1457 1997 epulis
1535 1930 1865 1979 contentum
1944 1940 2085 1989 esse,
2153 1938 2399 1993 suosque

706 2012 967 2066 convivas
998 2014 1066 2067 ad
1105 2015 1521 2069 comedendum
1572 2018 1627 2066 et
1656 2013 1966 2083 potandum
2009 2028 2124 2066 non
2169 2028 2397 2081 urgere,

706 2101 848 2171 quin
893 2102 1079 2172 potius
1112 2119 1339 2174 semper
1396 2103 1714 2155 sobrietatis
1744 2102 1999 2171 praebeat
2048 2100 2397 2170 exemplum.

706 2190 1127 2244 Removeantur
1152 2191 1223 2245 ab
1270 2191 1394 2260 ejus
1423 2189 1679 2244 convivio
1727 2193 1930 2241 cuncta
1960 2188 2268 2258 turpidinis
2309 2204 2403 2240 ar-

706 2283 999 2349 gumenta,
1032 2294 1148 2332 non
1204 2279 1425 2332 ludicra
1481 2278 1821 2349 spectacula,
1868 2292 1984 2329 non
2052 2281 2403 2330 acromatum

710 2366 1055 2437 vaniloquia,
1091 2384 1209 2421 non
1269 2367 1559 2421 fatuorum
1606 2366 1981 2435 stultiloquia,
2031 2381 2148 2418 non
2204 2365 2404 2418 scurri-

707 2454 852 2509 Iium
922 2454 1300 2509 admittantur
1353 2455 1659 2526 prtestigia.
1710 2454 1915 2507 Adsint
1973 2453 2283 2523 peregrini,
2347 2458 2404 2506 et

706 2558 1014 2612 pauperes,
1066 2547 1121 2597 et
1172 2544 1410 2608 debiles,
1471 2543 1571 2614 qui
1636 2543 1705 2594 de
1781 2541 2113 2595 sacerdotali
2206 2557 2403 2594 mensa

708 2630 999 2685 Christum
1054 2631 1453 2685 benedicentes
1521 2630 1980 2684 benedictionem
2059 2629 2398 2699 percipiant.

708 2719 997 2773 Recitetur
1048 2736 1205 2772 sacra
1287 2719 1474 2779 lectio,
1572 2719 1950 2788 subsequatur
2028 2718 2167 2771 vivae
2251 2719 2402 2770 vocis

706 2806 1041 2871 exhortatio,
1076 2812 1141 2859 ut
1175 2822 1291 2859 non
1336 2811 1558 2859 tantum
1592 2806 1875 2874 corporali
1917 2806 2062 2872 cibo,
2116 2805 2232 2858 imo
2280 2822 2405 2858 ver-

706 2895 791 2948 bis
830 2895 1099 2964 spiritalis
1149 2894 1421 2947 alimento
1480 2895 1843 2947 convivantes
1884 2910 1939 2946 se
1994 2894 2235 2947 refectos
2268 2910 2399 2962 gra-

702 2983 978 3050 tulentur,
1001 2986 1065 3036 ut
1086 2982 1146 3036 in
1167 2982 1433 3036 omnibus
1456 2982 1868 3036 honoriﬁcetur
1890 2983 2059 3049 Deus,
2082 2998 2187 3052 per
2209 2983 2401 3036 Jesum

707 3071 992 3125 Christum
1022 3071 1330 3125 Dominum
1372 3076 1652 3123 nostrum.

1148 3160 1278 3215 CAP.
1300 3160 1436 3213 VIII.
1461 3189 1529 3197 ~—-
1560 3161 1633 3212 De
1658 3158 1842 3211 eadem
1879 3173 1956 3211 re.

780 3248 890 3316 (Ea:
969 3248 1330 3316 paenitentiali
1415 3246 1661 3313 Theodo.)
1720 3246 1990 3300 Sacerdos
2063 3245 2304 3316 quilibet
2357 3247 2404 3300 si

707 3334 1029 3389 inebrietur
1066 3350 1169 3404 per
1221 3334 1631 3405 ignorantiam,
1683 3339 1903 3404 septem
1950 3334 2068 3387 dies
2111 3335 2401 3404 pmniteat,

707 3424 769 3478 in
817 3439 966 3494 pane
1024 3429 1081 3477 et
1137 3440 1320 3494 aqua;
1378 3424 1425 3476 si
1468 3440 1573 3493 per
1617 3421 2045 3492 negligentiam,
2120 3439 2187 3475 xv
2254 3422 2401 3489 dies;

709 3513 757 3565 si
778 3528 881 3582 per
910 3494 1305 3581 contemptum
1338 3527 1408 3565 x1.
1437 3512 1576 3564 dies.
1609 3511 1891 3564 Diaconus
1941 3512 2031 3563 vel
2069 3512 2401 3579 monachus,

709 3599 1024 3652 secundum
1054 3599 1335 3665 ordinem,
1371 3604 1430 3651 ut
1478 3598 1753 3667 scriptum
1807 3604 1914 3664 est,
1948 3614 2047 3651 seu
2083 3603 2140 3651 et
2194 3599 2405 3668 reliqui

707 3688 917 3755 clerici,
941 3692 999 3741 et
1029 3687 1277 3741 ministri
1300 3688 1461 3757 juxta
1511 3686 1795 3749 ordinem,
1830 3686 2047 3755 judicio
2096 3687 2403 3741 sacerdotis

705 3775 1040 3846 pceniteant.
1077 3774 1228 3829 Laici
1248 3775 1402 3829 velut
1428 3778 1557 3828 vota
1588 3790 1702 3828 non
1724 3774 1997 3827 habentes
2028 3774 2077 3827 si
2124 3775 2407 3829 inebrian-

707 3869 821 3931 tur,
866 3868 1185 3934 arguantur
1235 3880 1269 3917 a
1323 3863 1630 3927 sacerdote,
1692 3862 1846 3933 quod
1896 3863 2104 3916 ebriosi
2159 3880 2402 3933 regnum

710 3953 811 4007 Dei
852 3968 972 4006 non
1025 3952 1423 4022 possidebunt,
1473 3958 1532 4005 et
1578 3952 1846 4005 interitus
1900 3952 1973 4004 sit
2029 3952 2295 4019 ebrietas,
2350 3958 2407 4008 et

708 4041 1013 4110 compellat
1044 4056 1139 4091 eos
1173 4040 1469 4109 pmnitere.
1506 4039 1613 4104 Qui
1643 4039 1793 4110 cogit
1839 4039 2131 4094 hominem
2184 4046 2246 4094 ut
2309 4041 2403 4094 in-

709 4128 962 4182 ebrietur
982 4128 1353 4181 humanitatis
1404 4130 1603 4198 gratia,
1671 4129 1975 4183 accerrime
2034 4129 2401 4200 corripiatur,

710 4220 768 4269 et
834 4232 909 4270 vn
992 4216 1114 4269 dies
1178 4216 1486 4284 paeniteat;
1544 4217 1588 4268 si
1637 4234 1738 4287 per
1792 4222 2205 4287 contemptum,
2294 4235 2403 4272 xxx

709 4303 850 4357 dies.
887 4304 1086 4358 Nullus
1113 4303 1467 4357 Christianus
1497 4304 1670 4359 alium
1716 4305 2101 4359 Christianum
2151 4306 2281 4374 plus
2312 4306 2401 4359 bi-

710 4392 846 4483 bere
893 4398 1062 4483 cogat
1108 4409 1279 4483 quam
1304 4393 1833 4483 naturaeisufficiat.
1890 4393 2051 4457 Quod
2096 4393 2142 4483 si
2185 4394 2400 4461 fecerit,
2430 4430 2474 4483 Β

704 4479 870 4549 juxta
897 4480 955 4535 id
985 4482 1137 4552 quod
1168 4480 1228 4535 in
1260 4482 1640 4552 poenitentiali
1667 4482 1932 4549 habetur,
1965 4480 2259 4551 poeniteat.

1169 4569 1297 4624 CAP.
1334 4570 1419 4624 IX.
1451 4600 1520 4610 —-
1555 4573 1624 4625 De
1648 4569 1833 4623 eadem
1867 4584 1944 4622 re.

780 4657 893 4725 (Εω
914 4657 1077 4711 dictis
1113 4659 1400 4712 Fructuosi
1447 4660 1729 4727 episcopi.)
1760 4656 1819 4711 Si
1867 4656 1995 4727 quis
2033 4657 2406 4712 ecclesiastica

710 4746 982 4816 praeditus
1005 4746 1389 4811 ordinatione,
1451 4750 1551 4800 aut
1598 4745 1913 4799 monachus
1951 4751 2211 4815 repertus
2232 4748 2407 4801 fuerit

709 4834 990 4900 ebriosus,
1031 4834 1094 4887 in
1141 4850 1291 4905 pane
1340 4839 1396 4888 et
1445 4850 1598 4904 aqua
1644 4832 1827 4887 tribus
1865 4834 2139 4903 pceuiteat
2191 4836 2404 4889 mensi-

708 4922 831 4977 bus.

1182 5008 1311 5062 CAP.
1346 5009 1408 5062 X.
1430 5037 1501 5050 —-
1532 5008 1613 5061 De
1641 5009 1824 5063 eadem
1853 5025 1930 5064 re.

780 5098 890 5169 (Ea:
945 5096 1059 5151 dec.
1116 5098 1389 5164 Eutychia
1436 5113 1618 5167 papae,
1688 5100 1864 5167 capite
1922 5100 2031 5165 I3.)
2082 5098 2402 5154 Observan-

708 5184 845 5238 dum
879 5189 964 5238 est
991 5184 1171 5250 vobis,
1205 5187 1271 5237 ut
1330 5188 1386 5238 et
1441 5200 1539 5237 vos
1594 5185 1665 5239 ab
1714 5186 1990 5241 ebrietate
2047 5188 2404 5252 abstineatis,

708 5276 764 5325 et
794 5276 858 5326 ut
884 5272 1082 5343 plebes
1130 5270 1375 5326 sudditaa
1422 5271 1763 5341 abstineant,
1806 5273 2146 5344 praedicetis.
2189 5275 2254 5328 Et
2304 5290 2404 5328 ne-

710 5376 822 5430 que
850 5374 953 5430 per
975 5361 1241 5414 tabernas
1271 5360 1414 5414 eatis
1441 5360 1713 5427 bibendo,
1746 5366 1848 5415 aut
1891 5362 2271 5424 comedendo,
2312 5378 2406 5416 ne-

709 5462 821 5517 que
848 5448 1066 5516 domos,
1094 5454 1193 5503 aut
1219 5449 1371 5503 vicos
1400 5449 1732 5503 curiositate
1781 5450 2040 5520 qualibet
2067 5452 2402 5519 peragretis,

710 5549 898 5603 neque
926 5552 1055 5592 cum
1106 5537 1377 5603 fmminis,
1420 5542 1520 5591 aut
1548 5553 1676 5591 cum
1738 5538 2094 5608 quibuslibet
2146 5540 2406 5608 personis

709 5620 954 5688 impuris
1004 5623 1261 5677 convivia
1288 5625 1618 5691 exerceatis,
1653 5624 1766 5678 nisi
1820 5625 1968 5678 forte
1999 5626 2406 5695 paterfamilias

709 5706 956 5776 quilibet
990 5726 1093 5763 vos
1154 5711 1222 5764 ad
1278 5711 1515 5765 domum
1572 5730 1731 5767 suam
1770 5714 2116 5783 invitaverit,
2172 5720 2228 5768 et
2277 5731 2407 5769 cum

2514 684 2715 748 lmtari,
2743 687 2800 736 et
2849 683 3156 736 verborum
3204 690 3524 737 vestrorum
3568 684 3945 737 refectionem
3991 684 4222 754 accipe-

2514 790 2593 840 re,
2627 777 2681 825 et
2721 772 2881 824 vobis
2934 771 3299 825 refectionem
3346 773 3633 825 carnalem
3687 771 3982 825 charitalis
4028 771 4225 825 officio

2513 862 2798 915 exhibere.
2846 860 3081 929 Oportet
3110 860 3286 926 enim,
3316 866 3381 915 ut
3411 860 3456 914 si
3510 860 3742 930 quando
3780 860 4031 931 quilibet
4085 861 4228 914 ﬁde-

2511 949 2676 1015 lium,
2709 948 3034 1002 carnalibus
3079 964 3180 1000 vos
3210 947 3389 1002 reﬁcit
3444 948 3652 1019 epulis,
3685 963 3720 1001 a
3784 949 3946 1002 vobis
3994 948 4229 1003 reficia-

2511 1042 2605 1092 tur
2634 1037 2817 1107 epulis
2837 1036 3208 1106 spiritalibus.

2511 1144 2638 1199 CAP.
2674 1144 2760 1198 XI.
2795 1173 2864 1182 —
2920 1144 3024 1209 Qui
3049 1143 3227 1197 ebrius
3252 1143 3443 1209 fuerit,
3478 1146 3539 1197 ut
3577 1142 3709 1197 ordo
3747 1146 3980 1211 patitur,
4028 1146 4218 1212 paeni-

3292 1219 3421 1267 teat.

2580 1304 2689 1374 (Ex
2714 1304 2934 1357 concilio
2964 1304 3261 1369 Agathen.,
3294 1307 3471 1372 capite
3507 1304 3611 1371 l0.)
3640 1304 3838 1374 Itaque
3867 1319 4002 1357 eum
4044 1318 4227 1373 quem

2510 1391 2731 1444 ebrium
2760 1391 2931 1444 fuisse
2988 1391 3325 1457 constiterit,
3385 1396 3447 1445 ut
3480 1391 3618 1444 ordo
3672 1392 3907 1462 patitur,
3972 1397 4073 1445 aut
4123 1392 4227 1445 tri-

2508 1481 2665 1550 ginta
2694 1480 2916 1533 dierum
2966 1480 3155 1549 spacio
3205 1495 3239 1532 a
3280 1481 3688 1533 communione
3728 1480 4041 1533 statuimus
4085 1479 4232 1533 sub-

2508 1568 2876 1634 movendum,
2910 1572 3007 1621 aut
3036 1568 3316 1637 corporali
3369 1568 3625 1621 dandum
3668 1568 3967 1638 supplicio.

2510 1673 2636 1727 CAP.
2668 1674 2780 1727 XII.
2836 1701 2905 1713 —
2938 1673 3094 1739 Quod
3134 1676 3260 1726 vino
3293 1674 3558 1727 inebriari
3601 1688 3709 1727 non
3767 1675 3909 1731 licet.
3969 1672 4067 1727 sed
4127 1673 4227 1739 fu-

3164 1745 3419 1811 giendum
3458 1748 3550 1797 sit.

2582 1832 2691 1901 (Ea:
2728 1832 2888 1885 dictis
2922 1831 3184 1899 August)
3239 1834 3391 1901 Fuge
3431 1833 3627 1885 vinum
3683 1832 3840 1885 velut
3905 1846 4228 1897 venenum,

2512 1938 2582 1974 ne
2613 1922 2857 1974 ebrietas
2882 1928 3112 1991 superet
3142 1927 3217 1986 te,
3268 1922 3734 1991 expolialnmque
3787 1920 4102 1974 virtutibus
4171 1926 4232 1974 te

2510 2010 2729 2062 nudum
2754 2010 2980 2063 efficiat.
3012 2010 3216 2062 Vinum
3249 2011 3425 2073 enim,
3462 2015 3524 2063 ut
3552 2012 3745 2063 sancta
3791 2008 4091 2078 Scriptura
4130 2009 4231 2062 di-

2510 2098 2603 2162 cit,
2621 2103 2940 2167 apostatare
2956 2097 3271 2150 facitetiam
3288 2098 3591 2167 sapientes.
3607 2097 3852 2151 Attende
3884 2098 4000 2151 Noe
4028 2097 4230 2150 virum

2510 2187 2824 2256 sapientem
2854 2191 2911 2239 et
2940 2191 3220 2254 sanctum,
3254 2186 3545 2256 quomodo
3577 2201 3681 2256 per
3708 2185 4049 2239 ebrietatem
4114 2201 4229 2239 nu-

2511 2277 2672 2330 datus
2720 2282 2822 2343 est,
2868 2276 3176 2330 dormiens.
3225 2277 3463 2330 Attende
3510 2281 3567 2331 et
3627 2277 3771 2331 Loth
3810 2276 4228 2347 patriarcham,

2512 2366 2610 2435 qui
2645 2382 2745 2434 per
2776 2365 3110 2418 ebrietatem
3164 2365 3531 2435 impudenter
3567 2381 3626 2418 se
3654 2365 4020 2419 commiscuit
4070 2365 4229 2419 ﬁlia-

2510 2454 2636 2507 bus.
2674 2454 2812 2507 Ilinc
2842 2454 3039 2507 beatus
3079 2454 3317 2507 Basxlius
3366 2454 3502 2507 dicit
3537 2469 3550 2507 :
3602 2454 3759 2508 Multi
3789 2469 3895 2524 per
3938 2453 4151 2507 vinum
4198 2470 4233 2506 a

2512 2541 2867 2594 daemonibus
2900 2543 3047 2611 capti
3083 2547 3217 2596 sunt
3258 2558 3271 2595 :
3301 2558 3405 2595 nec
3444 2547 3531 2594 est
3571 2541 3726 2595 aliud
3774 2541 4022 2595 ebrietas
4044 2558 4229 2611 quam

2510 2629 3010 2682 manifestissimus
3058 2630 3303 2683 diemon.
3342 2631 3481 2684 Hinc
3520 2630 3803 2699 propheta
3849 2630 3969 2683 ait:
4022 2631 4233 2684 Forni-

2511 2718 2657 2769 catio
2690 2718 3011 2771 etebrietas
3070 2718 3256 2771 aufert
3303 2734 3420 2771 cor.
3471 2719 3725 2772 Ebrietas
3771 2718 3929 2772 enim
3984 2725 4231 2788 pertur-

2511 2805 2799 2859 bationem
2836 2806 3005 2875 parit,
3040 2806 3227 2875 gignit
3253 2806 3461 2859 mentis
3506 2806 3778 2873 furorem,
3820 2810 3877 2859 et
3922 2806 4232 2859 flammam

2512 2894 2745 2947 suscitat
2775 2894 3046 2947 libidinis.
3072 2896 3336 2964 Apostolo
3358 2899 3498 2947 teste
3534 2911 3546 2948 :
3609 2896 3795 2948 Nolite
3837 2894 4128 2949 inebriari
4153 2896 4236 2948 vi-

2512 2997 2610 3046 no,
2650 2981 2707 3034 in
2734 2998 2848 3052 quo
2893 2987 2979 3035 est
3018 2982 3255 3035 luxuria.
3306 2982 3362 3035 Si
3410 2982 3538 3053 quis
3586 2987 3778 3036 autem
3834 2987 4038 3035 contra
4103 2984 4234 3036 haec

2510 3070 2708 3123 fecerit
2750 3073 3072 3123 sanctorum
3120 3074 3347 3136 statuta,
3400 3071 3633 3140 dignam
3679 3086 3743 3124 ac
3789 3068 4031 3140 longam
4095 3077 4238 3141 agat

2434 3148 2474 3204 (ἶ
2512 3157 2959 3227 paenitentiam:
3017 3158 3153 3228 quia
3187 3174 3365 3212 unum
3422 3164 3604 3212 estex
3659 3158 3750 3213 his
3799 3159 4045 3229 peccatis
4096 3177 4235 3229 quae

2510 3246 2805 3300 hominem
2852 3262 2885 3299 a
2934 3263 3111 3316 regno
3161 3246 3261 3300 Dei
3326 3251 3616 3318 separant,
3669 3247 3894 3301 dicente
3960 3250 4236 3318 apostolo

2512 3336 2687 3389 Paulo
2719 3351 2732 3389 :
2769 3336 2961 3405 Neque
2993 3334 3200 3388 ebriosi
3234 3352 3477 3405 regnum
3515 3336 3615 3389 Dei
3647 3336 4044 3406 possidebunt.

2512 3422 2640 3475 CAP.
2672 3423 2809 3477 XIII.
2847 3424 2929 3475 De
2959 3424 3070 3474 illis
3101 3425 3198 3490 qui
3222 3438 3319 3491 per
3339 3423 3653 3477 ebrietatem
3679 3426 3939 3477 vomitum
3980 3426 4236 3490 faciunt.

2584 3511 2691 3577 (Ex
2720 3512 3080 3577 pmnitentiuli
3124 3512 3401 3581 Romano.)
3434 3511 3542 3575 Qui
3590 3527 3693 3581 per
3749 3512 4099 3567 ebrietatem
4139 3531 4238 3567 vo-

2511 3599 2717 3653 mitum
2769 3600 2921 3665 facit,
2958 3600 3004 3651 si
3064 3601 3361 3670 presbyter
3392 3606 3490 3653 aut
3528 3600 3803 3654 diaconus
3832 3606 3941 3667 est,
3983 3618 4057 3655 XL
4113 3604 4242 3656 dies

2509 3688 2799 3758 poeniteat.
2852 3687 2911 3742 Si
2940 3689 3253 3741 monachus
3304 3705 3408 3743 xxx
3463 3689 3585 3742 dies
3611 3689 3916 3758 posuiteat;
3975 3690 4026 3743 si
4114 3692 4242 3745 cle-

2510 3776 2684 3842 ricus,
2715 3792 2782 3829 xx
2803 3776 2956 3840 dies;
2989 3776 3034 3829 si
3064 3777 3258 3839 laicus,
3292 3793 3362 3830 xv
3401 3777 3544 3844 dies,

2951 3866 3076 3919 Cap.
3103 3866 3233 3919 XIV.
3263 3896 3331 3904 —
3371 3869 3443 3920 De
3472 3866 3655 3919 eadem
3684 3881 3761 3920 re.

2584 3954 2687 4014 (Ea:
2724 3955 3090 4021 plenitentiali
3154 3955 3308 4007 Beda:
3352 3955 3699 4023 presbyteri.)
3756 3952 3988 4020 Laicus,
4036 3955 4091 4008 si
4135 3973 4242 4026 per

2512 4040 2847 4094 ebrietatem
2909 4042 3186 4095 vomitum
3244 4042 3396 4111 facit,
3455 4049 3567 4096 tres
3611 4060 3644 4096 a
3693 4058 3886 4109 carne,
3942 4047 4003 4097 et
4072 4044 4237 4107 vino.

2512 4134 2568 4182 et
2597 4128 2834 4182 cervisia
2860 4130 3156 4184 abstineat.

2511 4218 2637 4271 CAP.
2668 4218 2771 4272 XV.
2802 4248 2870 4256 —
2906 4218 2983 4271 De
3012 4220 3124 4271 illis
3154 4220 3251 4286 qui
3279 4234 3373 4286 per
3410 4218 3719 4287 superbiam
3757 4220 3896 4272 alios
3919 4220 4235 4274 inebriant.

2584 4306 2692 4376 (Ea:
2718 4306 2940 4373 eodem.)
2985 4306 3040 4360 Si
3075 4308 3201 4377 quis
3232 4322 3333 4375 per
3362 4307 3683 4375 nequitiam
3712 4307 3893 4362 alium
3948 4307 4238 4376 inebriat,

2512 4393 2892 4464 quadraginta
2924 4396 3043 4447 dies
3071 4394 3358 4464 paeniteat.
3401 4393 3559 4457 Quod
3591 4394 3638 4447 si
3685 4394 3743 4449 in
3799 4398 4242 4452 consuetudine

2511 4482 2798 4549 habuerit,
2832 4482 3240 4535 communione
3271 4481 3548 4551 privetur,
3596 4482 3779 4536 donec
3819 4482 4000 4554 digne
4034 4488 4241 4555 poeni-

2511 4574 2649 4635 teat,
2681 4574 2737 4623 et
2764 4570 3223 4624 emendationem
3264 4569 3576 4641 promittat.

2726 4659 2859 4713 Cap.
2893 4659 3023 4712 XVI.
3055 4688 3125 4697 —
3158 4658 3311 4723 Quod
3346 4658 3616 4725 fugienda
3638 4660 3711 4713 sit
3744 4658 4002 4713 ebrietas.

2583 4749 2693 4811 (Ea:
2715 4747 2858 4800 decr.
2894 4747 3174 4802 Clementis
3204 4762 3315 4815 pap
3348 4787 3361 4810 ,
3384 4748 3561 4814 capite
3593 4746 3705 4816 35.)
3740 4746 4107 4803 Ebrietatem
4126 4766 4233 4820 op-

2513 4834 2647 4905 pido
2703 4834 3065 4904 prohibebat,
3098 4835 3401 4905 propheta,
3446 4839 3502 4887 et
3540 4834 3795 4888 ebriosos
3841 4850 4123 4905 corpore,
4183 4844 4241 4891 et

2513 4922 2707 4976 animo
2767 4928 3024 4975 mortuos
3076 4939 3196 4976 esse
3260 4922 3626 4993 praedicabat.
3703 4924 3781 4977 De
3847 4924 4075 4994 quibus
4132 4943 4240 4996 per

2513 5012 2841 5081 exemplum
2894 5012 3127 5065 aiebat:
3200 5012 3295 5066 Vas
3341 5011 3441 5082 qui
3516 5011 3867 5081 consurgitis
3926 5028 4114 5067 mane
4167 5016 4236 5067 ad

2512 5099 2846 5153 ebrietatem
2879 5101 3227 5167 sectandam,
3262 5103 3319 5153 et
3346 5099 3667 5168 potandum
3708 5115 3893 5169 usque
3921 5100 3993 5154 ad
4017 5115 4239 5173 vespe-

2514 5203 2659 5253 ram,
2683 5193 2746 5241 ut
2784 5188 2916 5241 vino
2964 5188 3233 5242 aestuetis.
3290 5188 3544 5257 Cithara,
3576 5192 3634 5241 et
3688 5188 3833 5257 lyra,
3889 5194 3951 5241 et
3999 5194 4240 5261 tympa-

2513 5292 2675 5341 num,
2708 5280 2766 5330 et
2789 5276 2950 5341 tibia,
2977 5281 3032 5329 et
3069 5277 3268 5330 vinum
3294 5275 3354 5329 in
3393 5276 3668 5331 conviviis
3711 5276 3936 5342 vestris,
3982 5283 4049 5331 et
4089 5296 4241 5349 opus

2515 5364 2743 5419 Domini
2773 5380 2890 5418 non
2926 5365 3231 5434 respicitis,
3264 5380 3367 5417 nec
3400 5380 3577 5435 opera
3618 5379 3899 5418 manuum
3930 5366 4067 5435 ejus
4096 5384 4242 5421 con-

2512 5452 2790 5506 sideratis.
2810 5453 2876 5505 Et
2890 5452 3097 5506 iterum
3120 5454 3241 5507 :Vze
3259 5454 3357 5522 qui
3375 5457 3640 5523 potentes
3656 5451 3791 5505 estis
3810 5452 3880 5505 ad
3900 5452 4241 5508 bibendum

2513 5540 2733 5606 vinum,
2774 5546 2831 5595 et
2859 5541 2965 5594 viri
2998 5542 3172 5595 fortes
3202 5541 3274 5594 ad
3317 5541 3668 5593 miscendam
3715 5540 4091 5608 ebrietatem,
4135 5542 4241 5613 qui

2512 5629 2833 5700 justifieatis
2861 5629 3106 5699 impium
3158 5629 3652 5705 prpgmnneribus,
3682 5633 3739 5681 et
3761 5628 4066 5697 justitiam
4092 5631 4241 5701 justi

2516 5717 2751 5771 aufertis
2782 5716 2853 5770 ab
2887 5733 2973 5770 eo.
3018 5718 3258 5787 Propter
3286 5717 3416 5781 hoc,
3476 5716 3623 5769 sicut
3654 5716 3894 5769 devorat
3950 5719 4241 5788 stipulam
