4380 6370
277 419 362 468 ςῐι3
1066 418 1537 477 DECRETORUM
1579 423 1767 477 LIBRI
1802 424 1909 479 XX.
1943 453 2011 462 -—
2044 422 2255 477 LIBER
2296 420 2595 476 DECIMUS
2633 420 2948 483 QUINTUS.

3658 425 3765 475 897i.

284 538 457 599 ingua
479 538 649 607 ignis,
685 543 739 591 et
779 541 931 591 calor
961 540 1206 595 flammae
1229 543 1432 607 exurit,
1465 543 1542 595 sic
1571 545 1730 598 radix
1760 536 1959 599 eorum
1992 551 2031 602 Α
2072 544 2260 599 Esaias
2287 544 2363 596 sic
2401 542 2605 612 arguit,
2645 543 2837 596 dicens
2866 560 2877 596 :
2911 544 3001 595 Vae
3038 542 3137 612 qui
3191 542 3528 612 consurgitis
3594 560 3763 597 mane

278 626 421 695 piasi
454 627 647 678 favilla
704 627 830 691 erit,
886 634 937 681 et
992 646 1226 697 germen
1267 648 1486 695 eorum,
1522 636 1582 683 ut
1634 634 1817 700 pulvis
1870 651 1963 686 as-

278 715 483 766 :endet.
519 715 867 783 Abjecerunt
899 718 1051 769 enim
1084 720 1267 786 legem
1322 720 1548 772 Domini
1591 722 1961 787 exercituum,

278 806 315 853 3t
347 802 646 871 eloquium
676 804 853 855 sancti
883 805 1045 857 Israel
1083 806 1638 876 blasphemaverunt.
1672 810 1801 861 Ideo
1843 810 1961 862 ira-

278 907 351 939 ,us
375 894 458 941 est
493 890 658 942 furor
700 892 928 943 Domini
960 893 1017 944 in
1049 896 1263 962 populo
1304 910 1425 957 suo,
1462 899 1516 947 et
1545 896 1793 949 extendit
1850 912 1965 948 ma-

278 992 400 1028 ium
426 993 591 1029 suam
631 994 804 1047 super
843 996 994 1043 eum,
1022 985 1076 1032 et
1113 982 1390 1050 percussit
1432 998 1584 1049 eum,
1644 984 1963 1036 conturbati

277 1068 393 1116 sunt
425 1075 671 1130 montes,
723 1073 778 1119 et
822 1068 970 1120 facta
1021 1074 1155 1120 sunt
1187 1070 1484 1123 morticina
1529 1087 1750 1138 eorum,
1801 1072 1964 1141 quasi

277 1158 477 1205 itercus
506 1154 565 1206 in
598 1154 785 1206 medio
832 1157 1169 1223 platearum.
1212 1158 1273 1208 In
1315 1158 1580 1211 omnibus
1609 1159 1696 1211 his
1737 1175 1852 1211 non
1882 1165 1965 1212 est

278 1240 535 1293 idversus
571 1241 732 1294 furor
762 1243 903 1310 ejus,
937 1244 1030 1295 sed
1059 1245 1241 1297 adhuc
1290 1261 1494 1297 manus
1537 1247 1657 1315 ejus
1715 1251 1958 1299 extensa.

603 1331 732 1384 CAP.
768 1333 923 1385 XVII.
958 1362 1025 1370 —
1055 1334 1195 1386 Item
1241 1333 1305 1384 de
1343 1334 1614 1386 ebrietate.

331 1416 596 1483 (Sanctus
642 1419 881 1472 Isidorus
928 1420 1061 1473 dicit
1091 1419 1128 1486 :)
1186 1421 1332 1473 Escae.
1402 1422 1714 1491 crapulam,
1796 1426 1964 1491 potus

278 1506 620 1570 slirietatem,
679 1511 970 1575 generant.
1020 1508 1268 1561 Ebrietas
1328 1514 1518 1561 autem
1574 1510 1963 1578 perturbatio-

278 1610 390 1645 iem
414 1594 606 1663 gignit
644 1595 872 1660 mentis,
905 1594 1158 1648 furorem
1189 1597 1393 1661 cordis,
1448 1597 1741 1652 flammam
1780 1598 1966 1651 libidi-

278 1681 365 1734 iis.
401 1681 664 1734 Ebrietas
714 1682 795 1735 ita
826 1688 1075 1736 mentem
1107 1684 1336 1750 alienat,
1372 1689 1432 1737 ut
1471 1686 1567 1737 ubi
1602 1686 1673 1739 sit
1728 1686 1961 1740 nesciat.

278 1771 415 1823 inde
448 1771 627 1823 etiam
690 1772 903 1824 malum
952 1788 1067 1824 non
1117 1773 1376 1837 sentitur,
1430 1774 1583 1843 quod
1631 1790 1732 1842 per
1784 1774 1960 1827 ebrie-

283 1864 435 1911 atem
474 1860 869 1913 committitur.
905 1861 1111 1914 Verum
1170 1866 1273 1925 est,
1306 1862 1455 1931 quod
1479 1862 1643 1931 juxta
1708 1863 1965 1932 prOphe-

282 1964 371 1999 am
402 1946 670 2001 dicitur:
730 1948 1049 2001 Fornicatio
1105 1954 1160 2002 et
1225 1950 1467 2002 ebrietas
1525 1949 1773 2003 auferret
1848 1967 1961 2004 cor.

278 2034 588 2088 ’ornicatio
642 2034 816 2099 enim,
875 2036 1019 2088 sicut
1079 2036 1156 2089 ait
1221 2037 1508 2101 Salomon,
1578 2037 1820 2091 infatuat
1876 2055 1963 2091 sa-

280 2124 538 2177 tientem.
604 2124 876 2189 Ebrietas,
934 2124 1080 2177 sicut
1128 2124 1188 2177 in
1234 2126 1374 2178 Loth
1426 2141 1620 2178 sensus
1682 2126 1963 2180 rationem

278 2213 531 2281 :aptivat.
582 2212 739 2265 Unde
785 2216 839 2263 et
900 2212 959 2265 in
988 2213 1309 2266 Proverbiis
1350 2230 1362 2267 :
1415 2216 1696 2282 Potentes,
1758 2215 1965 2285 inquit,

278 2301 359 2370 pii
392 2300 657 2353 iracundi
696 2305 848 2366 sunt,
882 2301 1075 2354 vinum
1110 2318 1223 2355 non
1256 2303 1473 2363 bibant,
1518 2318 1609 2367 ne,
1642 2319 1771 2355 cum
1809 2302 1969 2356 bibe-

278 2389 393 2451 ‘int,
452 2387 863 2441 obliviscantur
911 2389 1269 2459 sapientiam.
1355 2391 1647 2461 Plerisque
1706 2393 1828 2445 laus
1887 2397 1970 2445 est

278 2478 511 2528 nultum
543 2475 763 2543 bibere,
796 2481 851 2529 et
880 2494 993 2529 non
1033 2477 1324 2531 inebriari.
1383 2480 1634 2533 Audiant
1670 2479 1729 2532 hi
1771 2480 1968 2534 adver-

277 2582 391 2618 sum
414 2582 474 2618 se
509 2565 790 2618 dicentem
819 2566 1156 2635 prophetam
1191 2583 1203 2619 :
1240 2569 1330 2619 Vas
1376 2568 1474 2637 qui
1528 2572 1785 2637 potentes
1837 2571 1967 2621 estis

278 2654 330 2706 ad
382 2653 701 2706 bibendum
755 2654 974 2720 vinum,
1034 2659 1089 2707 et
1134 2655 1240 2708 viri
1279 2656 1451 2709 fortes
1492 2656 1559 2709 ad
1621 2656 1967 2710 miscendam

278 2740 624 2793 abrietatem.
651 2740 795 2793 Vino
822 2743 1002 2795 multo
1024 2742 1268 2809 deditos,
1292 2746 1347 2796 et
1372 2743 1663 2797 luxuriose
1695 2744 1964 2811 viventes,

2072 633 2141 685 ad
2197 631 2529 684 ebrietatem
2577 630 2922 695 sectandam,
2977 635 3033 682 et
3082 630 3399 699 potandum
3451 647 3630 701 usque
3696 632 3763 685 ad

2073 736 2384 789 vesperam,
2407 725 2471 772 ut.
2501 720 2631 772 vino
2672 719 2941 772 zestuetis.
2980 720 3053 771 De
3100 719 3326 783 talibus,
3370 723 3425 771 et
3477 720 3585 772 alio
3641 719 3762 771 loco

2073 808 2280 861 dicitur
2312 822 2325 860 :
2360 808 2449 859 Va)
2491 806 2613 870 tibi,
2667 805 2862 857 civitas
2914 805 3075 873 cujus
3133 822 3233 858 rex
3288 805 3515 874 juvenis
3571 811 3674 873 est,
3708 812 3765 860 et

2072 896 2233 964 cujus
2264 894 2549 964 principes
2581 910 2747 947 mane
2780 895 3094 946 comedent.
3134 894 3291 946 Multi
3331 894 3483 947 enim
3515 911 3548 948 a
3598 911 3763 948 mane

2072 982 2252 1053 usque
2284 983 2351 1035 ad
2392 982 2525 1034 solis
2554 982 2897 1046 occubitum,
2932 980 3192 1033 ebrietati
3222 986 3279 1034 et
3311 981 3462 1050 gulae
3503 982 3764 1051 volupta-

2070 1072 2221 1124 tibus
2274 1070 2544 1135 serviunt,
2584 1085 2688 1121 nec
2744 1069 3072 1137 intelligunt
3118 1085 3218 1121 cur
3283 1070 3401 1121 nati
3448 1076 3616 1123 sunt:
3668 1072 3763 1123 sed

2071 1158 2483 1211 consuetudine
2516 1156 2744 1209 beluina
2792 1157 3025 1222 detenti,
3072 1156 3310 1208 luxuriae
3361 1162 3580 1209 tantum
3645 1162 3767 1210 tota

2071 1246 2179 1311 die,
2207 1244 2502 1313 epulisque
2536 1243 2869 1295 inserviunt.
2912 1242 3131 1295 Clamat
3167 1244 3285 1296 Joel
3330 1244 3629 1312 propheta,
3676 1245 3765 1297 his

2072 1332 2172 1401 qui
2246 1331 2503 1383 ebrietati
2558 1332 2902 1395 deserviunt,
2957 1331 3192 1383 dicens:
3272 1332 3762 1400 Expergiscimini,

2072 1420 2235 1483 ebrii,
2267 1424 2323 1471 et
2353 1420 2501 1481 flete,
2533 1424 2587 1470 et
2616 1419 2849 1482 ululate,
2880 1435 3076 1471 omnes
3106 1418 3205 1488 qui
3248 1419 3438 1471 bibitis
3470 1420 3664 1471 vinum
3706 1419 3761 1471 in

2073 1508 2449 1562 dulcedinem.
2481 1507 2601 1569 Quo
2643 1506 2990 1571 testimonio,
3041 1522 3156 1559 non
3206 1507 3283 1560 ait
3333 1511 3578 1573 tantum,
3633 1508 3764 1560 Ilete

2074 1612 2272 1650 omnes
2303 1596 2402 1663 qui
2431 1595 2625 1648 bibitis
2656 1596 2876 1661 vinum,
2919 1598 2979 1648 ut
3010 1594 3205 1649 bibere
3255 1595 3490 1648 omnino
3530 1611 3646 1648 non
3690 1595 3765 1648 li-

2073 1689 2214 1748 ceat,
2249 1684 2344 1737 sed
2383 1683 2589 1753 adjecit
2632 1682 2693 1735 in
2733 1682 3109 1748 dulcedinem,
3145 1683 3299 1753 quod
3349 1683 3418 1737 ad
3461 1683 3767 1753 voluptuo-

2074 1789 2194 1825 sam
2252 1771 2518 1841 pertinet,
2553 1774 2609 1823 et
2654 1770 2956 1840 prodigam
2990 1770 3344 1824 elfusionem.
3384 1772 3521 1825 Nam
3582 1787 3762 1841 quan-

2073 1866 2194 1914 tum
2226 1860 2360 1912 satis
2392 1864 2476 1912 est
2515 1859 2835 1912 necessitati
2893 1859 3093 1912 edocet
3145 1858 3503 1912 Timotheum
3569 1858 3764 1911 bibere

2073 1949 2378 2018 Apostolus
2407 1947 2597 2000 dicens
2626 1964 2640 1999 :
2678 1946 2816 1999 Vino
2848 1946 3071 1999 modico
3105 1952 3283 1998 utere.
3318 1947 3441 1999 Non
3483 1946 3663 1999 solum
3697 1960 3765 1997 ex

2073 2037 2207 2089 vino
2258 2035 2615 2088 inebriantur
2644 2035 2926 2099 homines,
2973 2035 3067 2087 sed
3099 2035 3266 2087 etiam
3315 2051 3377 2087 ex
3410 2033 3630 2087 caztcris
3657 2050 3763 2103 po-

2074 2125 2235 2178 tandi
2266 2123 2593 2193 generibus,
2624 2139 2751 2193 qum
2780 2122 2933 2175 vario
2966 2123 3133 2176 modo
3177 2123 3571 2176 coniiciuntur.
3607 2122 3765 2175 Unde

2078 2218 2135 2267 et
2160 2212 2455 2276 Nazaraais,
2484 2212 2584 2282 qui
2610 2228 2667 2264 se
2690 2211 3117 2264 sanctiﬁcabant
3136 2211 3377 2264 Domino
3412 2214 3763 2280 praeceptum

2078 2306 2163 2355 est
2209 2301 2406 2353 vinum
2465 2304 2520 2352 et
2571 2300 2808 2353 siceram
2865 2316 2981 2352 non
3036 2299 3268 2352 bibere?
3326 2304 3563 2364 utraque
3610 2298 3765 2352 enim

2076 2394 2285 2442 statum
2318 2389 2525 2442 mentis
2556 2394 2833 2448 evertunt.
2898 2391 2954 2441 et
3005 2388 3256 2441 ebriosos
3286 2388 3515 2441 faciunt.
3580 2388 3767 2441 Luxu-

2078 2478 2222 2531 riam
2247 2478 2457 2547 quippe
2488 2477 2673 2529 carnis
2723 2483 2964 2547 utraque
2992 2478 3290 2547 aequaliter
3321 2477 3584 2545 gignunt.
3631 2476 3765 2539 Qui-

2080 2566 2209 2620 dam
2244 2567 2626 2633 continentes,
2659 2566 2805 2618 sicut
2836 2582 3041 2635 panem
3083 2581 3210 2617 cum
3252 2566 3504 2635 pondere
3568 2563 3763 2630 edunt,

2079 2656 2156 2708 ita
2189 2659 2243 2707 et
2293 2670 2500 2723 aquam
2548 2670 2677 2707 cum
2727 2669 2994 2707 mensura
3040 2659 3295 2715 sumunt,
3352 2656 3663 2705 asserentes
3694 2652 3766 2705 ad

2080 2741 2470 2797 castimoniam
2520 2743 2724 2810 carnis,
2773 2742 2946 2796 etiam
2994 2742 3394 2795 abstinentiam
3438 2740 3759 2793 convenire.

1531 2881 1704 2921 FINIS
1749 2882 1926 2921 LIBRI
1969 2880 2190 2919 DECIMI
2236 2880 2499 2926 QUARTI.

947 3125 1241 3198 INDEX
1297 3126 1980 3199 CAPITULORUM
2041 3125 2295 3197 LIBRI
2358 3124 2689 3197 DECIMI
2751 3122 3105 3209 QUINTI.

280 3268 395 3319 SAp.
434 3270 483 3319 I.
512 3265 775 3335 Episcopi
806 3265 1132 3336 impositam
1166 3284 1197 3320 a
1244 3268 1358 3320 Deo
1390 3268 1495 3321 sibi
1527 3284 1723 3322 curam
1752 3269 1813 3322 in
1861 3286 1967 3339 po-
2008 3271 2048 3323 Ο
2081 3270 2163 3321 19.
2202 3267 2457 3331 Qualiter
2479 3267 2823 3321 studendum
2865 3267 2936 3320 sit
2975 3266 3204 3336 regibus
3251 3266 3625 3330 sacerdotum,
3676 3264 3764 3316 vel

334 3354 489 3423 pulis
520 3353 792 3419 habeant,
834 3370 1153 3423 pauperum
1196 3370 1562 3423 oppressores
1608 3372 1724 3409 non
1760 3357 1964 3410 ferant.

279 3446 313 3494 ζ.
352 3445 427 3494 De
453 3442 568 3494 illis
590 3441 691 3511 qui
722 3443 781 3494 in
814 3442 1117 3511 episcopiis
1139 3444 1393 3511 prwdam
1425 3443 1682 3496 fecerint.

337 3534 386 3583 3.
424 3532 496 3583 Ut
528 3530 783 3599 episcopi
841 3535 1147 3599 potestates
1204 3531 1550 3585 admoneant
1580 3536 1640 3584 ut
1685 3546 1965 3601 pauperes

335 3635 455 3672 non
488 3618 844 3687 opprimant.

279 3709 315 3761 ι.
354 3709 432 3760 De
464 3707 669 3759 eadem
700 3722 782 3759 re.

282 3800 317 3847 ἱ.
375 3797 451 3848 De
494 3793 852 3846 secularibus

337 3881 850 3935 calumniantibus.

282 3976 317 4024 3.
358 3972 428 4025 Ut
456 3974 889 4039 contemptores
917 3986 1202 4023 canonum
1235 3970 1819 4026 excommunicentur.

281 4065 316 4113 7.
354 4062 428 4113 De
451 4058 995 4129 praevaricatoribus
1027 4058 1349 4112 divinarum
1379 4060 1590 4129 legum.

281 4151 317 4202 3.
354 4149 521 4213 Quod
570 4163 689 4201 non
719 4147 889 4201 liceat
932 4147 1285 4217 imperatori,
1332 4149 1420 4201 vel
1458 4148 1723 4219 cuiquam
1764 4153 1966 4219 poten-

336 4242 464 4291 tum
496 4236 719 4305 aliquid
764 4252 933 4306 agere
963 4241 1159 4289 contra
1206 4236 1461 4291 divinum
1505 4238 1861 4304 mandatum,
1913 4244 1969 4293 et

925 3793 1235 3847 Ecclesiam
1282 3794 1370 3846 vel
1431 3793 1701 3848 clericum
1749 3794 1965 3865 injuste

337 4326 495 4396 quod
549 4324 834 4395 judicium
877 4324 1153 4395 injustum
1204 4326 1360 4396 regio
1410 4331 1566 4381 metu
1616 4328 1965 4393 ordinatum,

337 4430 455 4467 non
486 4414 695 4465 valeat.

284 4516 316 4564 ι.
361 4512 432 4565 Ut
463 4525 641 4564 nemo
675 4512 875 4563 contra
903 4524 1146 4563 canones
1176 4525 1297 4563 esse
1328 4514 1659 4581 praesumat.

284 4610 351 4661 l0.
385 4609 464 4661 De
490 4608 867 4675 imperatoria
896 4607 1043 4677 lege.

284 4708 351 4758 lI.
389 4703 637 4768 Quando
681 4704 955 4757 canonica
996 4704 1367 4771 ventilentur,
1417 4704 1526 4759 nisi
1569 4705 1681 4760 sint
1714 4706 1964 4778 religiosi

338 4792 466 4844 laici
497 4808 616 4844 non
648 4791 935 4843 interSint.

302 4892 350 4941 2.
386 4889 457 4941 Ut
498 4886 629 4940 laici
662 4886 722 4938 in
752 4887 989 4955 synodo,
1023 4887 1132 4940 nisi
1177 4888 1395 4942 clericis
1442 4888 1800 4959 jubentibus,
1861 4890 1962 4943 do-

334 4992 463 5029 cere
489 4992 610 5028 non
637 4975 901 5027 audeant.

299 5074 348 5125 3.
386 5073 458 5125 Ut
489 5070 744 5141 populus
764 5070 1055 5124 docendus
1081 5072 1170 5137 sit,
1214 5088 1329 5125 non
1365 5074 1711 5143 sequendus.

299 5168 348 5219 4.
386 5168 465 5219 De
500 5166 600 5219 illo
624 5167 724 5236 qui
756 5172 953 5220 contra
982 5167 1273 5223 decretum
1304 5170 1558 5240 episcopi
1580 5170 1819 5224 venerit.

384 5264 789 5317 Admoneatur
847 5263 1180 5333 imperator,
1241 5270 1305 5320 ut
1358 5267 1678 5321 constitutis
1738 5271 1961 5338 aposto-

334 5352 458 5405 licze
500 5351 655 5405 sedis
691 5352 1064 5421 obtemperet.

298 5454 347 5502 6.
384 5447 685 5503 Generalis
715 5449 1028 5501 admonitio
1056 5466 1276 5518 regum.

294 5551 347 5599 7.
382 5547 511 5599 Alia
543 5545 862 5597 admonitio
896 5545 1241 5614 principum,

296 5646 345 5695 8.
380 5643 525 5694 Item
556 5640 884 5693 adhortatio
912 5641 1258 5710 principum.

2148 3358 2345 3426 populi
2376 3361 2607 3427 peccata
2636 3357 2847 3410 ulcisci.

2076 3448 2161 3499 20.
2200 3448 2275 3499 De
2308 3447 2505 3499 eadem
2536 3462 2617 3499 re.

2075 3536 2162 3587 21.
2196 3534 2357 3597 Quod
2402 3535 2709 3587 multorum
2764 3533 3017 3585 solamen
3067 3532 3162 3600 sit,
3211 3532 3258 3585 si
3306 3531 3614 3602 prudentes
3657 3531 3762 3584 viri

2147 3622 2376 3690 regibus
2396 3622 2743 3674 adhaereant.

2074 3712 2162 3763 22.
2198 3710 2265 3762 Ut
2292 3724 2491 3778 regum
2524 3708 2830 3761 adversarii
2858 3709 3441 3761 excommunicentur.

2076 3801 2162 3851 23.
2197 3799 2271 3851 De
2304 3798 2414 3850 illis
2446 3798 2543 3867 qui
2574 3796 2818 3867 principi
2850 3814 2967 3849 non
2993 3796 3334 3850 obedierint.

2075 3887 2161 3939 2i.
2197 3888 2274 3939 De
2309 3886 2420 3938 illis
2474 3885 2572 3955 qui
2604 3886 2663 3938 in
2706 3885 3041 3938 adversitate
3098 3885 3344 3954 proprias
3402 3882 3605 3954 gentis,
3666 3888 3763 3937 aut

2145 3974 2342 4044 patrias
2369 3974 2678 4043 culpabiles
2699 3973 3088 4027 inveniuntur.

2074 4067 2161 4117 25.
2192 4064 2261 4116 Ut
2292 4063 2482 4115 nullus
2538 4067 2851 4132 praesumat
2878 4062 3135 4132 principe
3158 4061 3380 4114 vivente
3434 4060 3609 4114 alium
3659 4059 3761 4112 eli-

2145 4167 2276 4220 gere
2308 4167 2521 4220 regem.

2075 4243 2161 4293 26.
2200 4241 2268 4295 Ut
2298 4256 2466 4293 nemo
2494 4238 2754 4292 intendat
2796 4239 2854 4292 in
2886 4239 3181 4292 interitum
3202 4236 3372 4307 regis.

2074 4331 2161 4381 27.
2198 4329 2271 4380 De
2301 4327 2565 4380 fidelibus
2594 4342 2820 4396 regum.

2072 4418 2160 4469 28.
2201 4416 2277 4467 De
2314 4430 2516 4484 regum
2544 4415 2761 4468 sobole.

2076 4506 2162 4556 29.
2198 4502 2360 4566 Quod
2418 4502 2699 4572 quidquid
2747 4504 3067 4555 commotus
3104 4499 3332 4553 animus
3383 4499 3596 4563 fecerit,
3656 4498 3763 4551 hoc

2141 4591 2362 4660 justum
2401 4593 2578 4659 putat.

2073 4680 2158 4732 30.
2208 4678 2367 4741 Quod
2426 4677 2551 4730 laici
2609 4676 2990 4746 presbyteros,
3051 4675 3150 4745 qui
3195 4674 3472 4728 Ecclesias
3527 4674 3760 4727 illorum

2145 4769 2355 4833 tenent,
2379 4766 2504 4830 fnon
2535 4765 2688 4818 aliud
2748 4780 2920 4835 quam
2966 4763 3222 4817 divinum
3280 4763 3533 4817 officium
3592 4778 3759 4831 agere

2144 4858 2367 4923 cogant.

2073 4945 2159 4996 3t.
2218 4944 2284 4996 Ut
2310 4940 2492 4995 Judaei
2514 4958 2687 5010 super
2706 4938 3057 4995 Christianos
3080 4955 3191 4992 non
3224 4944 3527 5009 ponantur.

2074 5034 2161 5085 32.
2206 5030 2367 5094 Quod
2424 5034 2616 5083 sancta
2657 5029 2899 5083 Ecclesia
2937 5045 3117 5082 unum
3176 5034 3397 5099 patrem
3459 5028 3660 5082 habeat
3703 5027 3763 5081 in

2144 5118 2314 5171 czelis.
3792 5160 3801 5167 .

2075 5209 2160 5261 33.
2216 5208 2293 5260 De
2319 5206 2414 5259 illo
2447 5205 2546 5277 qui
2603 5194 2707 5275 pro
2748 5205 2990 5259 catholia
3037 5204 3146 5259 Iide
3202 5203 3597 5257 tribulationes
3656 5216 3761 5271 pa-

2147 5293 2253 5347 titu
2264 5310 2306 5347 r.

2076 5383 2163 5435 34.
2218 5384 2294 5435 De
2327 5382 2665 5447 hazredibus,
2696 5382 2741 5434 si
2782 5382 2941 5450 jussa
2973 5378 3277 5445 gtestatoris
3326 5394 3437 5430 non
3494 5376 3763 5446 impleve-

2146 5470 2283 5534 rint,
2317 5474 2378 5523 ut
2408 5470 2709 5539 episcopus
2735 5469 3064 5537 adimpleat.

2077 5561 2162 5611 35.
2231 5559 2302 5611 Ut
2332 5558 2460 5611 laici
2491 5559 2749 5627 quamvis
2778 5554 3033 5624 religiosi
3062 5553 3437 5608 ecclesiastica
3484 5569 3599 5606 non
3644 5552 3757 5605 dis-

2150 5649 2385 5711 ponanL
