3944 6408
332 427 435 478 895
1423 424 1826 479 BURCHARDI
1871 422 2398 479 WORMACIENSIS
2435 422 2765 479 EPISCOPI.
3761 426 3887 476 89f;

321 550 408 601 36.
445 549 522 600 De
553 546 664 600 illis
695 546 795 616 qui
826 562 915 598 res
941 546 1199 600 Ecclesiae
1231 563 1261 598 a
1291 548 1522 615 regibus
1556 541 1802 617 petunt.

321 637 409 688 37.
446 636 519 689 De
549 651 640 702 eo,
675 635 719 686 si
751 635 1050 704 episcopus
1109 634 1575 700 ecclesiasticum,
1626 640 1681 688 et
1706 651 1895 688 comes
1939 652 2029 689 se-

393 724 582 776 culare
613 723 888 792 placitum
922 739 1036 776 una
1067 723 1159 776 die
1194 723 1566 777 condixerint.

2053 550 2097 601 A
2137 549 2223 603 41.
2269 550 2345 602 De
2377 548 2595 602 delictis
2625 565 2846 619 regum,
2893 564 2990 601 seu
3025 551 3319 618 exemplis.

2139 639 2225 690 42.
2261 638 2420 701 Quod
2443 638 2844 707 regeslegibus
2879 642 3199 692 teneantur.

2138 728 2226 779 43.
2267 729 2340 778 De
2372 726 2671 797 disciplina
2704 741 2906 794 regum
2931 725 2990 778 in
3023 725 3284 779 Ecclesia.

2138 815 2225 869 44.
2258 815 2371 869 Cur
2401 816 2545 868 Deus
2601 815 2746 867 alios
2791 815 2858 867 ad
2913 815 3259 880 libertatem,
3327 813 3466 867 alios
3526 819 3726 869 autem
3807 816 3886 868 ad

2209 903 2539 957 servitutem
2571 902 2944 957 discrevisset.

2599 990 2809 1044 Indicis
2845 989 3207 1058 capitulorum
3232 991 3375 1056 ﬁnis.

325 815 410 867 38.
449 813 525 864 De
561 812 792 881 regibus
819 811 961 864 bene
993 811 1341 882 regentibus.

325 903 412 954 39.
440 900 516 952 De
548 900 746 952 eadem
779 916 860 952 re.

323 989 412 1042 40.
457 988 535 1041 De
565 988 843 1058 patientia
873 1003 1094 1059 regum.

1661 1307 2504 1412 BURCHARDI

1328 1509 1955 1566 WORMACIENSIS
2015 1510 2421 1566 ECCLESIzE
2480 1511 2852 1567 EPISCOPI

523 1704 1526 1834 DECRETORUM
1667 1703 2111 1834 LIBER
2249 1704 2883 1836 DECIMUS
3023 1701 3651 1845 QUINTUS

1867 1934 1968 1999 DE
2017 1933 2302 2000 LAICIS.

805 2266 1291 2322 ARGUMENTUM
1334 2267 1539 2322 LIBRI.

396 2352 566 2408 Libro
617 2352 725 2408 hoc
776 2354 844 2409 de
922 2355 1081 2408 laicis
1139 2355 1329 2408 omnis
1386 2353 1730 2408 conditionis
1769 2351 2027 2407 tractatio

322 2440 664 2510 instituitur,
699 2447 816 2497 tam
845 2444 913 2498 de
944 2444 1012 2498 iis
1039 2444 1134 2514 qui
1167 2448 1444 2514 prazsunt,
1471 2448 1535 2498 ut
1564 2443 2024 2513 imperatoribus,

322 2520 577 2599 regibus,
609 2530 984 2602 principibus,
1032 2547 1204 2602 quam
1255 2531 1344 2585 his
1375 2531 1474 2602 qui
1523 2531 1729 2585 horum
1784 2530 2027 2602 imperio

325 2617 565 2688 subjecti
596 2624 746 2672 sunt.

327 2706 455 2760 CAP.
485 2707 526 2761 Ι.
563 2738 628 2747 -
661 2709 925 2777 Episcopi
973 2724 1091 2762 cum
1122 2710 1430 2776 impositam
1457 2724 1490 2762 a
1524 2710 1644 2761 'Deo
1695 2708 1804 2761 sibi
1843 2722 2030 2761 curam

396 2780 454 2829 in
475 2779 694 2902 ptopulis
746 2781 997 2841 habeant,
1049 2795 1350 2849 pauperum
1404 2794 1742 2849 oppressores
1785 2794 1890 2832 non
1940 2781 2030 2843 fe-

396 2864 498 2902 ran
531 2889 542 2901 .

395 2864 542 2902 rant.

398 2939 505 3007 (Ea:
543 2940 761 2993 concilio
787 2939 1025 2994 Toletan.
1060 2943 1111 3004 5,
1144 2941 1319 3008 capite
1359 2939 1467 3007 32.)
1503 2937 1764 3009 Episcopi
1789 2923 1855 2990 in
1906 2952 2033 3007 pro-

327 3025 586 3094 tegendis
614 3027 841 3096 populis
885 3043 948 3079 ac
1003 3027 1401 3087 defendendis.
1453 3027 1782 3097 impositam
1828 3043 1858 3078 a
1922 3027 2033 3078 Deo

327 3113 435 3166 sibi
465 3130 660 3168 curam
692 3131 806 3168 non
835 3115 1150 3185 ambigant.
1197 3117 1440 3186 Ideoque
1487 3117 1625 3169 dum
1673 3113 2036 3183 conspiciunt

323 3200 567 3271 judices,
604 3217 667 3254 ac
699 3207 961 3272 potentes
1007 3219 1328 3272 pauperum
1371 3219 1738 3274 oppressores
1770 3201 2032 3266 existere,

330 3288 490 3358 prius
521 3304 618 3341 eos
650 3289 990 3343 sacerdotali
1027 3291 1423 3344 admonitione
1464 3291 1812 3360 redarguant
1846 3306 1858 3342 :
1903 3294 1959 3343 ct
1989 3289 2036 3342 si

333 3380 1134 3481 iont‘i'f'pseqm.ffne“d?rf”
1173 3381 1748 3481 aliathe?atlzen}ur'
1800 3470 1822 3481 Δ
1945 3470 1954 3480 ,
2003 3472 2013 3481 ,
2147 3413 2276 3467 CAP.
2313 3377 2452 3467 VIIII.
2484 3441 2556 3453 —
2587 3413 2741 3477 Quod
2770 3428 2876 3465 non
2903 3413 3063 3464 liceat
3092 3413 3429 3478 imperatori,
3475 3411 3558 3464 vel
3590 3412 3862 3478 cuiquam

339 3465 464 3520 CAP.
489 3466 548 3518 ll.
581 3495 650 3505 —
680 3469 748 3520 De
772 3469 882 3520 illis
929 3470 1025 3536 qui
1069 3471 1127 3521 in
1156 3471 1442 3536 episcopiis
1487 3469 1732 3536 praedam
1787 3470 2034 3536 fecerint.
2088 3547 2105 3552 μ

2226 3489 2509 3551 potentum,
2583 3465 2795 3552 aliquid
2867 3498 3024 3548 agere
3093 3465 3281 3536 contra
3371 3465 3619 3534 divinum
3689 3465 3862 3534 ‘man-

411 3554 514 3623 (Ea:
539 3557 762 3608 concilio
793 3558 1084 3624 Carthag.,
1140 3560 1318 3625 capite
1360 3557 1436 3627 8.)
1467 3558 1536 3611 Ut
1578 3556 1624 3609 si
1652 3557 1780 3627 quis
1835 3572 2036 3627 quem-
2070 3547 2109 3602 Ο
2214 3547 2427 3609 datum.
2497 3547 2504 3551 ’
2668 3547 2706 3590 ὀ

335 3642 879 3714 libetexpoliaverit,
928 3651 984 3699 et
1028 3647 1375 3700 admonente
1415 3646 1687 3716 episcopo
1731 3661 1844 3699 non
1906 3645 2032 3699 red-
2217 3647 2326 3715 (Ea:
2391 3643 2534 3697 decr.
2596 3642 2837 3697 Adriani
2881 3656 3060 3710 papa,
3134 3642 3311 3709 capite
3367 3643 3475 3706 16.)
3537 3640 3661 3693 Non
3719 3639 3863 3693 licet

338 3731 571 3797 diderit,
599 3735 1145 3788 excommunicetur.
2148 3748 2282 3802 ergo
2309 3731 2666 3802 imperatori,
2724 3731 2809 3784 vel
2840 3730 3110 3799 cuiquam
3151 3729 3421 3798 pietatem
3479 3727 3859 3792 custodienti,

2147 3820 2364 3892 aliquid
2419 3823 2619 3874 contra
2665 3819 2935 3872 mandata
2979 3817 3292 3870 divinitatis
3340 3831 3714 3886 praesumere,
3752 3833 3861 3870 nec

758 3906 914 3978 pares
934 3906 1039 3964 non
1061 3906 1389 3979 opprimant.
1890 3906 1905 3908 ί
2148 3909 2464 3979 quidquam
2496 3925 2609 3979 quo
2659 3907 3010 3977 Evangelicis
3038 3906 3502 3976 propheticisque
3550 3919 3650 3957 seu
3713 3921 3859 3974 apo-

413 3997 522 4064 (Ea:
549 3998 768 4050 concilio
799 4000 1108 4063 Aurelian,
1144 4000 1317 4066 capite
1344 3997 1421 4067 4.)
1456 3999 1524 4051 Ut
1554 3997 1777 4068 judices
1807 4001 1904 4051 aut
1941 4014 2040 4066 po-
2149 3997 2360 4051 stolicis
2406 3997 2620 4067 regulis
2702 3995 2985 4064 obvietur,
3065 4010 3253 4064 agere.
3335 3994 3617 4063 Injustum
3694 3993 3859 4046 enim

338 4087 572 4137 testates
599 4084 699 4153 qui
750 4101 1032 4154 pauperes
1088 4085 1446 4154 opprimunt,
1501 4086 1547 4138 si
1614 4085 1949 4139 commoniti
2008 4101 2040 4138 a
2143 4085 2448 4155 judicium,
2480 4090 2535 4138 et
2576 4083 2845 4138 difﬁnitio
2878 4084 3108 4153 injusta,
3154 4082 3315 4152 regio
3345 4087 3520 4144 metu,
3551 4082 3639 4134 vel
3686 4083 3857 4152 jussu

338 4172 604 4242 pontiﬁce
647 4189 750 4225 suo
791 4188 908 4225 non
947 4174 1398 4240 emendaverint,
1449 4174 2036 4228 excommuniceutur.
2151 4173 2304 4244 quod
2385 4178 2586 4226 contra
2666 4172 3052 4242 evangelicam
3125 4175 3183 4224 et
3253 4170 3668 4241 propheticam,
3758 4174 3861 4224 aut

805 4261 930 4314 CAP.
966 4261 1052 4314 1V.
1084 4291 1151 4300 —-
1184 4264 1256 4315 De
1286 4262 1471 4316 eadem
1499 4279 1572 4316 re.
2149 4277 2182 4315 a
2226 4261 2506 4330 judicibus
2583 4260 2842 4314 ordinata
2891 4275 3006 4313 non
3062 4259 3288 4312 valeat:
3363 4274 3467 4312 nec
3531 4258 3858 4328 quidquam

416 4350 523 4411 (Em
543 4347 766 4402 concilio
797 4351 1064 4416 Mogunt.,
1124 4352 1300 4419 capite
1330 4352 1408 4420 8.)
1470 4352 1539 4404 Ut
1591 4351 1839 4422 episcopi
1872 4357 2040 4421 pote-
2151 4349 2514 4420 apostolicam
2565 4348 2906 4415 doctrinam,
2987 4348 3570 4416 constitutionemque
3645 4363 3857 4400 eorum

345 4441 547 4490 statem
581 4436 828 4490 habeant
879 4455 966 4491 res
998 4439 1403 4492 ecclesiasticas
1455 4439 1788 4510 prmvidere,
1840 4456 2039 4510 regere
2151 4439 2266 4492 sive
2299 4442 2624 4491 sanctorum
2660 4439 2891 4490 Patrum
2923 4441 3112 4490 actum
3145 4436 3318 4489 fuerit
3362 4437 3534 4489 stabit
3567 4451 3578 4488 :
3614 4439 3670 4487 et
3695 4436 3854 4505 quod

345 4529 402 4578 et
432 4526 774 4596 gubernare,
808 4531 978 4597 atque
1009 4527 1360 4597 dispensare,
1402 4530 1720 4583 secundum
1755 4545 2039 4582 canonum
2149 4527 2220 4581 ab
2252 4526 2584 4581 inﬁdelibus
2641 4528 2738 4578 aut
2769 4524 3052 4578 haereticis
3099 4524 3312 4578 factum
3365 4523 3556 4589 fuerit,
3607 4524 3853 4577 omnino

345 4615 764 4668 auctoritatem.
799 4616 1073 4669 Volumus
1103 4620 1167 4669 ut
1213 4616 1338 4670 laici
1370 4617 1426 4670 in
1463 4635 1664 4671 eorum
1716 4618 2039 4672 ministerio
2152 4614 2483 4676 cassabitur.

344 4702 612 4756 obediant
637 4704 916 4774 episcopis
946 4705 1015 4758 ad
1047 4705 1325 4774 regendas
1359 4707 1628 4760 Ecclesias
1677 4707 1794 4772 Dei,
1840 4706 2041 4760 viduas
2223 4703 2349 4756 CAP.
2375 4704 2458 4756 1X.
2482 4732 2550 4743 —
2582 4704 2648 4756 Ut
2674 4716 2824 4754 nemo
2852 4705 3039 4755 contra
3068 4715 3292 4754 canones
3319 4715 3428 4754 esse
3457 4704 3774 4768 praesumat.

2063 2266 2101 2319 Β
2140 2265 2553 2320 catholicorum
2600 2262 3024 2329 communione,
3095 2262 3203 2316 nisi
3262 2261 3434 2334 digne
3493 2261 3868 2334 pcenituerit,

2135 2358 2411 2408 arceatur.

2137 2444 2267 2498 CAP.
2291 2445 2379 2498 VI.
2415 2475 2482 2484 ——-
2511 2446 2577 2499 Ut
2607 2445 2987 2510 contemptores
3009 2457 3271 2496 canonum
3301 2442 3863 2494 excommunicentur.

2209 2536 2316 2599 (Em
2355 2533 2541 2586 concit.
2603 2532 2886 2598 Carthag.,
2920 2532 3095 2599 capite
3131 2533 3234 2594 15.)
3276 2529 3348 2582 Ut
3397 2527 3524 2582 laici
3583 2533 3867 2581 contem-

2136 2625 2325 2691 ptores
2368 2635 2654 2674 canonum
2703 2618 3273 2672 excommuniceutur
3314 2633 3326 2670 :
3373 2616 3563 2670 clerici
3626 2617 3864 2670 honore

2135 2710 2450 2779 priventur.

2209 2801 2336 2852 CAP.
2364 2799 2478 2852 VII.
2499 2827 2568 2837 —
2589 2800 2663 2851 De
2686 2795 3204 2866 prmuaricatoribus
3233 2794 3548 2847 divinarum
3577 2795 3783 2861 legum.

2210 2887 2320 2956 (Ea:
2369 2887 2557 2940 concit.
2606 2885 2757 2953 apud
2807 2883 3162 2949 Lauriacum,
3227 2884 3408 2950 capite
3469 2885 3575 2942 10.)
3617 2882 3674 2936 Si
3721 2882 3866 2952 quis

2139 2974 2402 3044 publicus
2434 2973 2643 3026 divina:
2697 2971 2838 3041 legis
2899 2971 3320 3041 praevaricator,
3354 2971 3440 3023 vel
3497 2985 3600 3040 pro
3659 2969 3862 3023 mani-

2141 3063 2298 3117 festis
2354 3060 2689 3114 criminibus
2747 3064 3075 3113 sanctorum
3129 3074 3414 3111 canonum
3478 3062 3863 3128 contemptor

2141 3155 2404 3221 repertus
2430 3149 2624 3212 fuerit,
2658 3164 2722 3201 ac
2752 3153 3078 3201 sanctorum
3135 3149 3368 3201 Patrum
3413 3146 3864 3200 constitutioni-

2143 3237 2247 3290 bus
2290 3237 2691 3301 contradictor,
2755 3240 2810 3289 et
2867 3235 2912 3288 si
2971 3235 3382 3289 monitionibus
3426 3234 3862 3304 episcopalibus

2147 3324 2547 3394 obtemperare
2579 3323 2884 3388 distulerit,
2919 3323 3458 3376 anathematizetur.

339 3837 466 3892 CAP.
504 3838 599 3893 III.
630 3868 701 3878 —
741 3842 808 3893 Ut
837 3842 1076 3908 episcopi
1123 3844 1413 3907 potestates
1443 3840 1768 3894 admoneant
1807 3843 1866 3892 ut
1888 3854 2035 3908 pau-

345 4795 401 4843 et
452 4790 735 4859 orphanos
792 4792 1202 4859 defendendos,
1233 4799 1289 4846 et
1317 4799 1380 4846 ut
1425 4795 1752 4848 obedientes
1797 4795 1912 4848 sint
1957 4796 2038 4847 eis
2073 4827 2113 4880 ι)

346 4877 414 4931 ad
448 4893 650 4930 eorum
707 4878 1192 4932 Christianitatem
1250 4883 1607 4948 servandam,
1668 4887 1724 4935 et
1789 4882 2044 4953 episcopi

348 4965 770 5018 consentientes
789 4966 1116 5031 comitibus,
1149 4973 1206 5021 et
1255 4969 1547 5037 judicibus
1580 4971 1650 5023 ad
1685 4971 1934 5038 justitias
1964 4970 2046 5023 fa-

349 5053 601 5118 ciendas,
635 5057 691 5106 et
719 5059 780 5106 ut
811 5054 1138 5108 nullatenus
1174 5073 1276 5126 per
1302 5057 1628 5127 aliquorum
1660 5059 2044 5122 mendacium,

347 5143 436 5196 vel
469 5142 674 5196 falsum
725 5143 1139 5209 testimonium,
1188 5161 1374 5216 neque
1436 5147 1772 5217 perjurium,
1806 5153 1902 5201 aut
1948 5164 2050 5219 per

349 5231 655 5302 praemium
682 5231 767 5284 lex
791 5232 946 5300 justa
977 5233 1036 5286 in
1066 5233 1260 5303 aliquo
1293 5235 1652 5303 depravetur.

351 5337 478 5391 CAP.
543 5336 604 5389 ν.
665 5366 734 5377 -
786 5340 861 5390 De
907 5339 1240 5391 secutoribus
1292 5340 1585 5392 Ecclesiam
1663 5339 1745 5393 vel
1798 5340 2051 5394 clericum

849 5409 1051 5475 injuste
1075 5410 1551 5462 calumniantibus.

427 5497 535 5559 (Ea:
555 5497 775 5548 concilio
802 5496 1098 5561 Agathen.,
1133 5500 1311 5564 capite
1347 5496 1456 5561 32.)
1485 5495 1538 5549 Si
1571 5496 1672 5565 qui
1705 5498 2050 5551 secularium

354 5596 459 5648 pro
489 5582 776 5634 calumnia
813 5584 1112 5636 Ecclesiam
1170 5588 1269 5636 aut
1307 5583 1575 5636 clericum
1635 5584 1874 5654 fatigare
1928 5591 2052 5639 ten-

357 5667 580 5732 taverit,
611 5673 668 5720 et
696 5670 907 5723 evictus
936 5671 1127 5735 fuerit,
1187 5672 1259 5724 ab
1319 5671 1576 5725 Ecclesia:
1629 5672 1944 5738 liminibus,
2001 5679 2056 5726 et

2225 4792 2344 4860 (Ea:
2405 4793 2588 4845 concil.
2647 4791 2852 4855 Tibur.,
2901 4792 3078 4858 capite
3122 4790 3226 4856 10.)
3287 4790 3357 4842 Ut
3411 4787 3850 4841 constitutiones

2158 4884 2358 4934 eontra
2403 4895 2650 4933 canones
2693 4885 2750 4933 et
2810 4879 3035 4932 decreta
3080 4879 3391 4948 praasulum
3441 4877 3858 4940 Romanorum,

2157 4971 2244 5024 vel
2272 4969 2452 5022 bonos
2480 4985 2666 5023 mores
2697 4968 2912 5021 nullius
2942 4967 3056 5020 sint
3084 4966 3380 5020 momenti.

2516 5058 2642 5111 CAP.
2671 5058 2732 5110 X.
2767 5086 2833 5094 —
2874 5059 2947 5110 De
2975 5057 3330 5124 imperatoria
3370 5056 3497 5119 lege.

2233 5145 2356 5212 (Ea)
2385 5143 2527 5198 deer.
2562 5146 2651 5198 Pii
2692 5159 2867 5213 papae,
2929 5145 3104 5212 capite
3169 5147 3246 5210 3.)
3298 5142 3405 5195 Lex
3445 5141 3861 5211 imperatorum

2161 5249 2276 5286 non
2305 5237 2389 5285 est
2421 5249 2591 5301 supra
2615 5233 2798 5301 legem
2833 5231 2952 5298 Dei,
2977 5233 3074 5285 sed
3107 5231 3326 5284 subtus.

2164 5340 2291 5394 CAP.
2326 5338 2414 5391 XI.
2459 5367 2528 5379 —
2577 5339 2802 5406 ()uanrto
2870 5340 3128 5390 canonica
3180 5337 3533 5403 ventilantur,
3586 5339 3700 5389 nisi
3755 5340 3866 5390 sint

2572 5408 2842 5473 religiosi,
2886 5411 3017 5460 laici
3040 5424 3146 5460 non
3179 5410 3450 5460 intersint.

2237 5498 2345 5567 (Ea:
2397 5497 2585 5549 concit.
2635 5495 2928 5559 Cabillon.,
2983 5498 3164 5563 capite
3206 5494 3280 5563 6.)
3340 5493 3578 5557 Quando
3632 5510 3698 5546 ea
3737 5511 3864 5564 quae

2166 5584 2442 5639 canonica
2502 5588 2635 5638 sunt
2688 5583 3058 5650 ventilentur,
3114 5583 3201 5635 vel
3273 5583 3504 5652 quando
3581 5585 3864 5651 regularis

2168 5673 2590 5738 examinantur,
2672 5688 2859 5741 neque
2907 5673 3131 5740 aliquos
3189 5672 3360 5725 laicos
3402 5671 3679 5724 interesse
3756 5671 3861 5726 nisi
