3944 6464
74 340 158 389 Stl?
853 333 1327 390 DECRETORUM
1373 335 1564 390 LlBRI
1601 335 1708 390 ΧΧ.
1752 364 1820 372 —-
1859 333 2076 389 LIBER
2119 335 2424 391 DECIMUS
2466 337 2782 398 QUINTUS.

3471 345 3574 397 898

72 459 348 528 religiosos
390 460 634 527 oportet,
686 460 744 510 et
770 455 882 510 nisi
927 457 1036 510 hos
1078 457 1499 526 tantummodo,
1551 455 1652 527 qui
1698 455 1758 508 in
1789 459 1830 508 Α
1872 455 2115 526 gratiam
2143 455 2386 510 sollicita
2434 463 2625 510 mente
2673 458 2916 526 custodi,
2970 459 3349 513 Christianam
3401 462 3575 514 tidem

75 547 284 616 propria
312 547 686 616 appellantur
718 562 984 615 persona.

73 637 183 688 CAP.
213 636 324 690 XII.
353 665 421 674 —
447 637 513 688 Ut
547 635 679 687 laici
699 637 756 687 in
785 635 1016 705 synodo,
1051 635 1163 687 nisi
1185 635 1392 688 clericis
1420 633 1758 704 jubentibus,

586 705 773 758 dooere
809 722 915 758 non
965 705 1222 757 audeant.

135 795 232 864 (Ex
257 795 448 848 concil.
501 795 786 862 Carthag.,
836 792 1187 862 capiteItS.)
1237 792 1386 846 Laici
1432 792 1490 845 in
1542 791 1759 862 synodo

75 883 430 951 praesentibus
488 883 729 947 clericis,
789 881 903 934 nisi
955 880 1097 951 ipsis
1152 880 1513 951 jubentibus,
1555 881 1760 934 docere

80 988 176 1024 non
204 971 474 1024 audeant.

107 1060 218 1113 CAP.
240 1061 302 1113 XI
317 1059 380 1112 ll.
423 1089 495 1099 —
528 1061 595 1113 Ut
609 1059 844 1128 populus
864 1060 939 1112 sit
964 1057 1250 1124 docendus,
1275 1073 1380 1111 non
1399 1057 1720 1126 sequendus.

139 1148 668 1216 [EmdecreLCelest
715 1163 894 1214 papae,
921 1148 1097 1214 capite
1152 1145 1266 1216 22.)
1328 1147 1624 1200 Doceudus
1678 1151 1763 1200 est

77 1239 316 1306 populus,
360 1252 476 1289 non
539 1235 901 1306 sequendus:
957 1251 1175 1304 nosque
1208 1233 1255 1286 si
1298 1234 1559 1288 nesciunt
1606 1235 1759 1304 quod

73 1327 236 1392 liccat,
276 1326 485 1397 quidve
517 1340 634 1377 non
679 1325 848 1377 liceat
872 1339 1264 1389 commonere,
1319 1339 1436 1376 non
1503 1323 1591 1376 his
1617 1340 1759 1375 con—

73 1430 277 1466 sensum
333 1413 594 1482 prazbere
663 1412 960 1465 debemus.
1020 1411 1290 1481 Quisquis
1332 1427 1463 1463 vero
1521 1417 1759 1464 conatus

71 1503 220 1556 fuerit
247 1509 470 1556 tentare
489 1499 802 1571 prohibita,
837 1499 1361 1553 sentietcensuram
1396 1501 1755 1553 canonicam.

124 1593 242 1646 Car.
271 1591 405 1645 XIV.
441 1619 506 1628 —-
571 1593 644 1644 De
675 1589 770 1643 illo
825 1591 921 1656 qui
962 1594 1152 1711 ctontra
1201 1588 1470 1641 decretum
1524 1590 1761 1658 episcopi

781 1674 968 1711 veneri
1002 1699 1014 1711 .

781 1674 1014 1713 venerit.

127 1731 355 1796 (Gregor.
384 1730 526 1784 dicit
559 1728 597 1800 :)
655 1729 712 1784 Si
769 1730 900 1800 quis
957 1729 1178 1784 venerit
1225 1733 1424 1784 contra
1462 1729 1753 1783 decretum
1789 1735 1829 1788 Β

71 1818 317 1888 episcopi,
352 1819 424 1872 ab
456 1818 702 1873 Ecclesia
724 1817 1044 1887 abjiciatur.

74 1908 181 1961 Car.
210 1907 311 1961 XV.
348 1937 419 1946 —-
449 1907 826 1961 Admoneatur
852 1908 1168 1974 imperator,
1195 1909 1256 1959 ut
1285 1907 1593 1960 constitutis
1631 1921 1759 1974 apo-

531 1979 731 2031 stolica
757 1977 901 2031 sedis
923 1979 1262 2044 obtemperet.

129 2050 236 2119 (Ea:
261 2049 460 2104 decret.
486 2050 747 2102 Anastas.
800 2056 1004 2116 papa.)
1056 2048 1199 2100 Illud
1232 2063 1365 2101 vero
1407 2046 1756 2117 peculiarius

72 2155 158 2207 pro
184 2153 376 2192 amore
423 2136 659 2206 imperii
703 2136 894 2203 vestri,
930 2140 986 2188 et
1015 2135 1370 2188 beatitudine
1415 2151 1590 2204 quam
1628 2151 1758 2188 con-

72 2226 209 2296 sequi
236 2227 450 2297 poterit
479 2241 746 2295 regnum,
794 2240 899 2293 pro
957 2224 1270 2292 apostolico
1317 2223 1504 2276 otticio
1544 2222 1754 2292 pra-di-

74 2330 259 2380 camus,
320 2320 382 2368 ut
437 2314 585 2367 sicut
636 2313 815 2379 decet,
869 2315 924 2365 et
981 2312 1224 2382 Spiritus
1281 2316 1508 2365 sanctus
1556 2311 1752 2378 dictat,

73 2404 278 2457 monitis
303 2403 522 2457 nostris
553 2401 879 2455 obedientia
907 2400 1252 2470 prtebeatur,
1289 2404 1351 2452 ut
1375 2399 1528 2453 bona
1557 2400 1756 2452 omnia

71 2498 226 2545 vestra
255 2492 583 2563 respublica
612 2494 1019 2560 consequatur,
1054 2489 1202 2542 sicut
1248 2488 1308 2541 in
1361 2488 1552 2540 Exodo
1611 2505 1754 2557 pro-

73 2579 307 2634 mittitur.
340 2579 398 2634 Si
432 2578 690 2632 audieris
710 2593 907 2630 vocem
963 2575 1194 2630 Domini
1253 2575 1350 2628 Dei
1394 2575 1564 2642 tui,et
1625 2592 1752 2645 qua:

75 2667 268 2733 placent
324 2668 533 2722 feceris
581 2682 771 2720 coram
843 2682 931 2731 eo,
995 2669 1051 2718 et
1105 2663 1392 2717 obedieris
1454 2665 1754 2733 praeceptis

74 2755 186 2820 ejus,
217 2761 269 2808 et
315 2754 660 2810 custodieris
692 2769 925 2808 omnem
974 2752 1256 2823 justitiam
1315 2751 1458 2821 ejus,
1521 2767 1750 2805 omnem

76 2841 437 2899 infirmitatem
472 2860 650 2913 quam
694 2842 1002 2911 importavi
1033 2841 1328 2911 {Egyptiis,
1385 2857 1498 2893 non
1537 2841 1752 2909 impor-

76 2931 180 2984 tabo
223 2933 279 2987 in
325 2940 404 2987 te.
468 2934 587 3002 Ego
645 2930 800 2984 enim
852 2946 979 2983 sum
1043 2929 1335 2996 Dominus,
1380 2929 1480 2998 qui
1534 2929 1752 2982 salvum

76 3018 190 3074 facio
219 3027 290 3076 te.
323 3023 390 3076 Et
432 3020 556 3074 illic
603 3019 813 3074 iterum
860 3019 999 3072 tuba
1039 3017 1437 3087 potentissima
1483 3017 1746 3072 canitur:
1786 3016 1825 3068 (Σ

81 3108 315 3177 Etnunc,
373 3109 573 3175 Israel,
633 3108 770 3178 quid
805 3107 1082 3160 Dominus
1128 3107 1274 3159 Deus
1326 3109 1459 3159 tuus
1501 3107 1752 3174 postulat

81 3202 172 3251 ate
198 3199 372 3268 aliud,
405 3214 585 3270 quam
617 3203 682 3251 ut.
736 3197 941 3251 timeas
991 3195 1304 3250 Dominum
1338 3196 1521 3248 Deum
1558 3199 1747 3260 tuum,

79 3291 120 3337 et
144 3288 386 3342 ambules
425 3287 489 3342 in
521 3286 788 3340 omnibus
818 3285 923 3338 viis
961 3285 1104 3356 ejus,
1169 3289 1227 3338 et
1278 3283 1483 3352 diligas
1535 3298 1668 3336 eum
1695 3285 1752 3334 et

75 3375 252 3429 servias
305 3377 558 3430 Domino
614 3375 727 3427 Deo
756 3379 855 3426 tuo
915 3389 984 3427 ex
1016 3377 1131 3426 toto
1187 3371 1357 3424 corde
1407 3375 1463 3424 et
1515 3386 1584 3423 ex
1629 3373 1751 3423 tota

75 3471 232 3517 mente
282 3467 419 3519 tua?
479 3462 712 3518 Custodi
774 3465 1059 3532 praacepta
1120 3453 1502 3514 Domini'Dei
1552 3457 1636 3511 tui
1694 3465 1752 3513 et

71 3547 298 3616 justitias,
323 3568 467 3622 quas
513 3567 620 3620 ego
665 3549 948 3603 mandabo
1002 3548 1130 3602 tibi.
1191 3549 1320 3602 Haec
1376 3563 1468 3602 me
1535 3562 1747 3618 sugge-

76 3645 260 3694 rentem
324 3638 712 3710 frequentius,
765 3655 878 3691 non
937 3641 1170 3708 spernat
1221 3636 1403 3706 pietas
1433 3642 1547 3698 tua,
1614 3642 1747 3688 ante

73 3729 228 3780 oculos
256 3727 478 3783 habens
513 3727 748 3782 Domini
779 3727 838 3779 in
872 3725 1178 3795 Evangelio
1207 3725 1382 3778 verba
1416 3739 1428 3776 :
1490 3722 1598 3787 Qui
1648 3740 1748 3776 vos

76 3814 218 3879 audit,
245 3833 332 3871 me
385 3816 568 3882 audit,
601 3820 659 3869 et
715 3815 818 3884 qui
860 3830 958 3867 vos
1017 3813 1258 3882 spernit,
1319 3827 1410 3866 me
1475 3811 1743 3880 spernit:

74 3907 115 3951 et
137 3904 224 3972 qui
248 3921 334 3959 me
365 3904 605 3975 spernit,
643 3903 863 3973 spernit
915 3918 1048 3956 eum
1082 3902 1182 3972 qui
1223 3918 1314 3955 me
1375 3899 1549 3953 misit.
1602 3900 1744 3954 Nam

54 3993 115 4040 -et
145 3995 428 4061 Apostolus
455 3991 767 4048 concinens
793 3989 1074 4045 Salvatori
1090 3994 1308 4051 nostro,
1341 3988 1420 4041 ita
1451 3987 1739 4058 loquitur:

73 4075 394 4150 Quapropter
427 4081 530 4152 qui
570 4081 693 4134 hinc
712 4079 947 4149 spernit,
1012 4095 1130 4132 non
1161 4077 1458 4132 hominem
1524 4079 1745 4146 spernit

74 4167 149 4218 sed
200 4169 391 4238 Deum,
452 4168 555 4240 qni
615 4167 773 4223 dedit
828 4167 1097 4237 spiritum
1159 4181 1328 4219 suum
1384 4169 1644 4218 sanctum
1683 4165 1744 4217 in

73 4253 224 4308 nobis.
297 4259 500 4312 Pectus
556 4255 880 4310 clementia:
965 4260 1183 4320 vestras,
1263 4252 1577 4306 sacrarium
1660 4256 1742 4306 est
1775 4296 1815 4349 Ο

74 4341 275 4404 publicae
344 4344 656 4411 felicitatis,
734 4349 797 4397 ut
870 4359 975 4413 per
1062 4341 1394 4396 instantiam
1474 4344 1739 4407 vestram,

72 4444 210 4494 quam
261 4435 414 4488 velut
466 4433 746 4488 vicarium
817 4431 1121 4504 praesidere
1174 4430 1348 4501 jussit
1402 4430 1464 4484 in
1553 4430 1738 4482 terris'

73 4522 391 4591 evangelicis,
451 4522 898 4592 apostolicisque
956 4519 1260 4591 praeceptis
1305 4535 1422 4573 non
1475 4518 1618 4572 dura
1645 4534 1740 4572 su-

61 4607 237 4668 perbia
291 4611 614 4678 resistatur,
647 4610 745 4664 sed
799 4625 902 4680 per
947 4609 1354 4674 obedientiam,
1411 4623 1540 4677 quae
1608 4610 1744 4661 sunt

73 4693 342 4765 salutifera,
375 4698 796 4769 compleantur.

249 4787 370 4842 Car.
403 4789 539 4843 XVI.
572 4817 642 4826 —
675 4786 952 4842 Generalis
981 4785 1280 4840 admonitio
1315 4797 1522 4850 regum.

129 4869 223 4937 (Ea:
251 4878 432 4943 regist.
467 4876 544 4930 ad
598 4875 954 4929 Adilbercum
1010 4890 1188 4940 regem
1245 4875 1596 4937 Francorum,
1647 4886 1736 4924 ca-

69 4959 160 5020 liite
200 4964 338 5033 264.)
416 4967 657 5034 Propter
725 4963 833 5017 hoc
894 4963 1258 5032 omnipotens
1335 4963 1483 5014 Deus
1555 4959 1738 5013 bonos

72 5059 292 5120 quosque
321 5053 385 5106 ad
427 5053 780 5124 populorum
839 5051 1122 5121 regimina
1174 5049 1456 5121 perducit,
1512 5051 1576 5101 ut
1634 5063 1737 5116 per

71 5146 147 5185 eos
186 5141 458 5202 omnibus,
515 5140 727 5211 quibus
783 5140 1005 5209 praelati
1090 5138 1326 5202 fuerint,
1406 5137 1556 5190 dona
1619 5151 1734 5188 suae

70 5227 324 5285 potestatis
397 5229 742 5300 impendat:
814 5227 968 5298 quod
1031 5228 1092 5281 in
1176 5227 1488 5296 Anglorum
1563 5228 1735 5293 gente

69 5307 246 5368 factum
297 5318 687 5388 cognovimus,
746 5316 839 5369 cui
898 5323 1084 5370 vestra
1139 5315 1325 5385 gloria
1373 5313 1582 5367 idcirco
1652 5315 1736 5364 est

69 5404 349 5473 Praposita,
381 5407 620 5460 ut'bona
647 5421 778 5476 quae
810 5405 967 5458 vobis
1015 5420 1282 5458 concessa
1339 5405 1491 5468 sunt,
1561 5398 1734 5454 etiam

60 5487 315 5560 subjecta,
346 5495 508 5548 vobis
538 5493 699 5564 genti
727 5509 977 5561 superno
996 5491 1274 5546 benelicio
1316 5493 1728 5544 restaurentur.

74 5568 125 5624 Et
147 5575 275 5647 ideo,
304 5582 551 5652 gloriose
583 5581 689 5647 tili,
741 5597 868 5635 eam
895 5597 1069 5652 quam
1112 5579 1383 5650 accepisti
1433 5577 1726 5642 divinitus,

1871 545 1930 596 in
1961 545 2192 614 populis
2240 545 2345 598 tibi
2395 546 2636 598 subditis
2665 552 2722 599 et
2752 547 3059 600 extendere
3089 547 3293 600 festina
3326 564 3339 600 :
3388 551 3576 602 zelum

1869 633 2228 686 rectitudinis
2277 639 2390 686 tua:
2445 633 2502 686 in
2537 650 2735 687 eorum
2803 635 3179 688 conversione
3229 636 3572 705 multiplica,

1871 720 2156 773 idolorum
2186 721 2372 773 cultus
2404 720 2733 791 insequens,
2780 722 3046 775 fanorum
3097 723 3338 776 aedilicia
3369 729 3574 777 everte.

1869 807 2242 861 Subditorum
2271 824 2459 861 mores
2484 809 2543 862 in
2585 825 2793 878 magna
2843 811 2966 864 vitm
3019 811 3312 865 mundicia
3378 812 3578 865 exhor—

1867 896 2062 962 tando,
2097 897 2382 964 terrendo,
2415 898 2771 967 corrigendo,
2795 902 2852 951 et
2895 898 3032 952 boui
3075 900 3265 969 operis
3319 901 3579 969 exempla

1868 985 2260 1051 monstrando,
2296 987 2621 1054 teditica,ut
2657 987 2821 1040 illum
2862 987 3270 1041 retributorem
3316 989 3577 1042 invenias

1867 1074 1926 1127 in
1946 1075 2108 1137 cmlo,
2141 1075 2299 1144 cujus
2329 1092 2542 1128 nomen
2570 1081 2740 1145 atque
2791 1077 3183 1145 cognitionem
3250 1078 3578 1132 dilataveris

1867 1161 1926 1214 in
1947 1168 2120 1217 terra.
2174 1165 2297 1232 Ipse
2330 1164 2485 1217 enim
2539 1169 2739 1216 vestrae
2797 1180 3026 1234 quoque
3084 1165 3283 1235 glorias
3334 1183 3572 1234 nomen,

1865 1250 2040 1302 etiam
2070 1251 2311 1319 posteris
2339 1251 2642 1319 gloriosius
2681 1251 2899 1318 reddet,
2950 1253 3110 1322 cujus
3151 1269 3249 1307 vos
3292 1254 3571 1308 honorem

1868 1339 2144 1407 quaeritis,
2199 1345 2256 1392 et
2303 1339 2601 1392 reservatis
2647 1340 2706 1392 in
2746 1340 3034 1409 gentibus.
3092 1341 3180 1395 Sic
3225 1343 3378 1395 enim
3429 1344 3574 1396 Con-

1866 1427 2150 1480 stantinus
2198 1430 2490 1498 quondam
2524 1429 2814 1496 piissimus
2861 1430 3198 1498 imperator,
3253 1431 3573 1484 Romanam

1869 1515 2140 1584 renipubs
2185 1532 2218 1568 a
2274 1516 2554 1585 perversis
2613 1516 2900 1569 idolorum
2976 1517 3224 1571 cultibus
3281 1534 3569 1586 revocans,

1866 1603 2250 1673 omnipotenti
2283 1606 2398 1657 Deo
2430 1609 2623 1656 nostro
2681 1606 2811 1658 lesu
2859 1605 3080 1659 Christo
3138 1622 3331 1660 secum
3378 1606 3576 1660 subdi-

1867 1691 1970 1758 dit,
2030 1707 2205 1762 seque
2281 1709 2412 1746 cum
2479 1691 2747 1760 subjectis
2815 1694 3046 1764 populis
3104 1699 3221 1748 tota
3299 1695 3371 1750 ad
3440 1712 3574 1750 eum

1869 1784 2058 1833 mente
2084 1781 2381 1833 convertit.
2445 1781 2602 1834 Unde
2657 1782 2870 1835 factum
2931 1787 3036 1847 est,
3081 1789 3146 1836 ut
3202 1783 3573 1854 antiquorum

1867 1867 2192 1938 principum
2223 1885 2436 1922 nomen
2466 1869 2583 1922 suis
2607 1869 2694 1922 vir
2742 1870 2838 1923 ille
2870 1870 3137 1924 laudibus
3201 1871 3475 1938 vinceret,
3504 1871 3576 1941 [et

1867 1960 2023 2009 tanto
2054 1956 2112 2010 in
2166 1957 2436 2026 Opinione
2489 1973 2866 2027 praecessores
2913 1975 3066 2026 suos,
3125 1964 3339 2029 quanto
3390 1965 3446 2015 et
3510 1959 3572 2014 in

1864 2043 2018 2097 bono
2050 2061 2224 2114 opere
2255 2051 2568 2114 superaret.
2601 2047 2665 2099 Et
2705 2063 2859 2099 nunc
2907 2046 3101 2117 itaque
3160 2055 3344 2102 vestra
3388 2048 3574 2117 gloria

1865 2133 2256 2203 cognitionem
2285 2133 2456 2188 unius
2507 2133 2623 2196 Dei,
2684 2135 2887 2201 Patris,
2927 2140 2983 2188 et
3037 2136 3183 2203 Filii,
3243 2141 3299 2190 et
3330 2137 3574 2206 Spiritus

1865 2222 2066 2286 sancti,
2097 2223 2323 2292 regibus
2350 2238 2415 2276 ac
2467 2221 2693 2291 populis
2727 2223 2961 2276 sibimet
3008 2223 3277 2293 subjectis
3343 2226 3574 2279 festinet

1864 2309 2187 2377 infundere,
2224 2316 2287 2364 ut
2332 2309 2600 2380 antiquos
2650 2312 2834 2380 gentis
2897 2329 3014 2366 sua:
3075 2329 3239 2382 reges
3292 2314 3573 2376 laudibus

1865 2414 1929 2450 ac
1969 2398 2189 2452 meritis
2239 2403 2540 2452 transeat:
2602 2405 2659 2452 et
2717 2402 2946 2469 quando
3008 2401 3066 2453 in
3128 2401 3399 2470 subjectis
3457 2401 3574 2456 suis

1865 2488 2038 2540 etiam
2081 2487 2268 2540 aliena
2315 2492 2547 2556 peccata
2578 2488 2900 2554 deterserit,
2925 2493 3082 2542 tanto
3116 2489 3292 2542 etiam
3322 2491 3390 2543 de
3438 2506 3573 2559 pec-

1865 2576 2003 2629 catis
2035 2576 2282 2646 propriis
2312 2581 2443 2629 ante
2475 2576 2890 2646 omnipotentis
2933 2577 3032 2630 Dei
3066 2578 3300 2632 terrible
3333 2595 3572 2632 examen

1865 2665 2118 2718 securior
2149 2666 2264 2719 fiat.
2303 2667 2584 2718 Praeterea
2614 2666 2758 2718 scire
2817 2670 3059 2720 vestram
3094 2666 3336 2735 gloriam
3399 2667 3569 2720 volu-

1865 2770 2013 2815 mus,
2044 2753 2180 2823 quia
2207 2755 2354 2806 sicut
2384 2753 2444 2805 in
2476 2753 2768 2822 Scriptura
2797 2770 2955 2806 sacra
2981 2771 3049 2807 ex
3100 2755 3284 2808 verbis
3340 2755 3570 2809 Domini

1867 2841 2281 2910 omnipotentis
2333 2839 2719 2910 agnoscimus,
2804 2842 3105 2910 praesentis
3177 2842 3375 2895 mundi
3446 2842 3569 2912 jam

1866 2928 2326 2998 terminusjuxta
2355 2934 2456 2991 est,
2494 2933 2548 2981 et
2579 2934 2910 2982 sanctorum
2959 2946 3200 2999 regnum
3259 2933 3566 2984 venturum

1864 3025 1968 3082 est,
2001 3018 2153 3086 quod
2185 3017 2341 3069 nullo
2371 3032 2625 3086 unquam
2675 3017 2881 3086 poterit
2933 3018 3046 3071 line
3106 3018 3280 3072 finiri.
3340 3023 3566 3089 Appro-

1860 3107 2181 3175 pinquante
2228 3109 2423 3158 autem
2476 3105 2673 3158 eodem
2709 3106 2906 3159 mundi
2932 3107 3202 3174 termino,
3239 3107 3421 3160 multa
3451 3106 3567 3161 im—

1865 3194 2087 3246 minent
2117 3210 2245 3263 quas
2297 3198 2462 3246 antea
2525 3209 2640 3246 non
2685 3195 2934 3261 fuerunt,
2995 3194 3257 3249 vidi-licet
3302 3195 3568 3249 immuta-

1861 3281 2049 3335 tiones
2076 3282 2240 3346 aeris,
2273 3287 2633 3352 terroresque
2667 3283 2735 3335 de
2767 3284 2930 3349 cmlo,
2987 3287 3042 3337 et
3072 3289 3273 3337 contra
3332 3285 3567 3337 ordina-

1861 3371 2078 3424 tionem
2180 3376 2508 3439 temporum
2601 3376 2989 3441 tempestates,
3085 3373 3254 3439 bella,
3365 3373 3564 3440 fames,

1861 3458 2223 3528 pestilentiae,
2289 3464 2647 3512 terraemotus
2677 3476 2778 3529 per
2820 3461 2965 3526 locu,
3027 3477 3156 3530 quae.
3211 3467 3402 3514 tamen
3450 3477 3567 3515 non

1860 3547 2054 3601 omnia
2086 3547 2294 3600 nostris
2326 3547 2524 3600 diebus
2557 3553 2796 3600 ventura
2825 3555 2976 3612 sunt,
3012 3549 3109 3602 sed
3153 3555 3282 3618 post
3341 3555 3566 3602 nostros

1859 3635 1978 3688 dies
2010 3635 2449 3704 subsequentur.
2479 3635 2583 3688 Vos
2612 3635 2807 3704 itaque
2848 3636 2891 3687 si
2924 3652 3036 3705 qua
3069 3652 3132 3690 ex
3182 3637 3273 3690 his
3334 3636 3564 3691 evenire

1855 3722 1918 3776 in
1976 3729 2126 3776 terra
2175 3727 2360 3776 vestra
2414 3723 2770 3792 cognoscitis,
2830 3725 2987 3776 nullo
3069 3725 3240 3778 modo
3309 3729 3560 3779 vestrum

1856 3812 2114 3865 animum
2161 3811 2507 3881 perturbetis
2542 3827 2554 3864 :
2582 3811 2716 3880 quia
2756 3811 2963 3865 idcirco
2999 3813 3121 3866 haec
3155 3813 3322 3883 signa
3350 3813 3418 3867 de
3447 3813 3563 3868 ﬁne

1854 3901 2031 3954 seculi
2062 3900 2512 3971 praemittuntur,
2550 3905 2610 3953 ut
2657 3900 2726 3954 de
2771 3899 3071 3954 animabus
3103 3903 3311 3955 nostris
3353 3903 3560 3956 debea-

1856 4004 1984 4041 mus
2043 4005 2163 4041 esse
2230 3987 2475 4054 solliciti,
2545 3987 2615 4041 de
2674 3989 2871 4041 mortis
2953 3989 3093 4042 hora
3170 3991 3436 4059 suspecti,
3508 3996 3564 4043 et

1858 4083 2096 4131 venturo
2139 4077 2340 4147 judicii
2396 4077 2457 4130 in
2511 4077 2675 4131 bonis
2724 4078 2942 4130 actibus
2999 4079 3369 4132 inveniantur
3437 4095 3562 4134 esse

1855 4165 2174 4236 praepositi.

2087 4253 2215 4307 Cap.
2239 4253 2393 4306 XVII.
2416 4283 2485 4292 —
2515 4255 2640 4308 Alia
2662 4253 2963 4307 admonitio
2991 4255 3327 4322 principum.

1927 4343 2038 4409 (Ea:
2087 4344 2273 4410 regist.
2335 4342 2410 4395 ad
2464 4343 2754 4396 Justinum
2822 4345 3136 4410 imperator.
3190 4343 3410 4407 Siciliae,
3467 4359 3557 4398 ca-

1847 4432 1964 4498 pite
1984 4431 2061 4500 2.)
2093 4429 2251 4494 Quod
2286 4429 2484 4499 lingua
2511 4430 2790 4499 loquitur,
2822 4435 3123 4482 attestatur
3163 4430 3510 4485 conscientia
3543 4448 3556 4486 :

1853 4519 1990 4588 quia
2010 4519 2230 4572 dudum
2263 4535 2357 4571 vos
2389 4522 2444 4571 et
2484 4518 2700 4571 nullius
2731 4517 3028 4586 dignitatis
3082 4518 3555 4588 occupationibus

1849 4606 2172 4676 implicatos
2231 4605 2474 4658 multum
2535 4603 2729 4671 dilexi,
2802 4605 3165 4674 multumque
3255 4613 3559 4660 veneratus

1851 4711 1998 4749 sum.
2037 4696 2163 4763 Ipsa
2218 4709 2468 4760 namque
2499 4691 2754 4745 incessus
2802 4692 2970 4748 vestri
3004 4693 3280 4746 modestia
3318 4693 3556 4765 quibus-

1850 4783 1982 4836 dam
2014 4782 2313 4836 conatibus
2369 4781 2649 4851 exigebat,
2690 4785 2751 4833 ut
2799 4780 2962 4849 diligi
3016 4780 3192 4834 etiam
3224 4798 3254 4835 a
3323 4783 3556 4836 nolente

1847 4871 2153 4924 debuisset.
2221 4871 2284 4923 Et
2328 4885 2457 4922 cum
2518 4886 2614 4922 vos
2659 4869 2878 4922 venisse
2910 4869 2980 4923 ad
3037 4870 3553 4926 administrandam

1850 4964 2158 5027 praeturam
2189 4957 2394 5010 Sicilize
2426 4956 2708 5023 audirem,
2767 4957 2926 5010 valde
2998 4959 3227 5027 gavisus
3295 4977 3464 5014 sum:
3501 4966 3559 5015 et

1847 5047 1984 5117 quia
2005 5046 2295 5116 quandam
2325 5045 2474 5098 inter
2517 5061 2612 5098 vos
2651 5051 2824 5115 atque
2882 5046 3289 5102 ecclesiasticos
3353 5049 3555 5103 simul-

1846 5135 2117 5188 tationem
2159 5134 2466 5202 subrepere
2515 5135 2789 5204 comperi,
2853 5135 3354 5190 vehementissime
3415 5152 3554 5190 con-

1845 5224 2102 5276 tristatus
2133 5238 2279 5275 sum.
2342 5222 2502 5276 Nunc
2551 5239 2683 5275 vero
2725 5223 2880 5292 quia,
2914 5229 2973 5277 et.
3028 5241 3123 5278 vos
3185 5223 3554 5279 administra-

1843 5310 2016 5365 tionis
2047 5327 2203 5377 cura,
2238 5315 2294 5364 et
2325 5327 2415 5364 me
2462 5310 2715 5364 studium
2752 5311 2924 5380 hujus
2958 5311 3252 5381 regiminis
3289 5316 3547 5381 occupat,

1843 5399 2151 5452 intantum
2187 5415 2289 5452 nos
2337 5406 2488 5452 recte
2547 5400 2788 5469 diligere
2843 5400 3168 5468 specialiter
3221 5416 3548 5468 possumus,

1841 5487 1901 5540 in
1957 5494 2239 5556 quantum
2316 5487 2677 5556 generalitati
2734 5485 2970 5540 minime
3027 5502 3316 5540 nocemus.
3391 5487 3548 5541 Unde

1844 5591 1947 5644 per
2003 5575 2462 5644 omnipotentem
2529 5574 2834 5630 Dominum
2885 5589 3047 5642 rogo,
3111 5574 3170 5628 in
3211 5573 3373 5644 cujus
3429 5579 3551 5629 tre-
