4380 6418
896 360 998 412 899

1975 351 2377 408 BURCHARDI
2423 347 2947 404 WORMACIENSIS
2984 347 3313 403 EPISCOPI.
4310 352 4365 402 9t

892 479 1101 532 mendo
1117 476 1336 549 judicio
1367 480 1698 530 nostrorum
1727 479 1957 530 actuum
2003 471 2248 544 posituri
2306 471 2582 525 rationem
2612 472 2658 526 Α
2697 470 2904 524 debeat
2931 469 3257 524 emendare.
3291 470 3404 524 Nec
3432 469 3588 523 enim
3609 468 4026 524 dissimulanda
4079 475 4223 524 sunt
4287 486 4363 540 qu

895 582 1114 630 sumus,
1137 570 1201 620 ut
1231 565 1354 635 ejus
1380 570 1705 635 respectum
1734 578 1958 633 semper
2004 561 2187 631 gloria
2224 565 2411 614 vestra
2458 565 2590 613 ante

894 656 1089 709 oculos
1118 654 1349 722 habeat,
1380 658 1437 707 et
1482 668 1778 723 nunquam
1806 650 2124 722 quodlibet,
2158 665 2222 702 ex
2272 665 2386 719 quo
2442 647 2594 701 inter

894 760 996 797 nos
1022 743 1108 797 vel
1159 757 1336 813 parva
1383 740 1657 795 dissensio
1707 738 2020 810 proveniat,
2083 736 2361 791 admittat.
2427 736 2594 790 Nulla

893 847 991 885 vos
1026 831 1181 884 lucra
1208 829 1281 884 ad
1328 828 1665 899 injustitiam
1711 826 2063 897 pertrahunt,
2116 825 2298 889 Quam
2348 823 2424 879 sit
2478 823 2594 876 vita

888 919 1079 973 brevis
1107 918 1362 989 aspicite,
1390 918 1457 971 ad
1491 932 1663 987 quem
1700 916 2045 986 quandoque
2081 913 2221 968 ituri
2259 914 2391 967 estis
2440 910 2592 982 judi-

891 1023 1041 1077 cem,
1071 1006 1171 1078 qui
1188 1004 1552 1077 judiciariam
1581 1009 1917 1074 potestatem
1939 1002 2159 1073 geritis,
2192 1002 2460 1072 cogitate.
2501 1000 2595 1054 So-

889 1096 1063 1150 lerter
1108 1110 1245 1163 ergo
1300 1092 1638 1147 intuendum
1669 1095 1755 1144 est
1811 1090 1965 1161 quod
2036 1094 2236 1143 cuncta
2289 1091 2444 1142 lucra
2501 1088 2595 1142 hic

892 1182 1293 1253 relinquimus,
1377 1185 1431 1234 et
1490 1181 1633 1233 solas
1709 1178 2228 1249 dispensativorum
2301 1178 2594 1231 lucrorum

890 1288 1079 1339 causa,
1108 1269 1401 1324 nobiscum
1439 1268 1509 1321 ad
1547 1268 1831 1337 judicium
1858 1268 2249 1339 deportamus.
2300 1267 2402 1320 Illa
2456 1281 2593 1334 ergo

889 1359 1055 1413 nobis
1110 1362 1243 1411 sunt
1285 1356 1585 1410 commoda
1644 1357 1973 1427 quaerenda,
2029 1372 2159 1427 quas
2225 1368 2592 1425 nequaquam

889 1464 1045 1500 mors
1074 1446 1304 1503 adimat.
1334 1446 1431 1499 sed
1466 1461 1735 1499 mansura
1775 1445 1837 1499 in
1886 1450 2231 1516 perpetuum
2296 1441 2594 1515 praesentis

886 1534 1016 1589 vita
1033 1533 1164 1589 ﬁnis
1195 1533 1475 1588 ostendat.

1065 1623 1195 1677 CAP.
1230 1622 1419 1677 XVIII.
1458 1652 1528 1662 —
1558 1622 1700 1675 Item
1725 1622 2036 1675 adhortatio
2070 1622 2403 1691 principum.

958 1714 1076 1779 (Ea:
1102 1728 1217 1778 reg.
1261 1711 1419 1778 Greg.
1467 1709 1541 1764 ad
1596 1711 1936 1766 Gennadium
1965 1712 2268 1764 Patricium
2321 1713 2373 1763 et
2412 1711 2590 1763 Exar-

886 1799 1063 1862 chum,
1096 1800 1274 1867 capite
1299 1798 1410 1867 73.)
1440 1797 1636 1852 Sinon
1667 1814 1731 1851 ex
1754 1798 1888 1851 iidei
1918 1798 2145 1867 merito,
2167 1802 2222 1851 et
2251 1797 2589 1853 Christianas

882 1884 1180 1955 religionis
1205 1885 1387 1955 gratia
1415 1889 1587 1938 tantae
1620 1884 1967 1939 excellentia:
1998 1890 2198 1939 vestras
2252 1884 2593 1938 bellicorum

887 1978 1119 2027 actuum
1170 1972 1525 2043 prosperitas
1570 1973 1839 2041 eveniret,
1884 1989 2000 2026 non
2058 1989 2418 2044 summopere
2483 1972 2591 2025 mi-

811 2102 817 2108 .
888 2062 1069 2115 randa
1122 2060 1370 2123 fuerant,
1425 2076 1556 2113 cum
1627 2061 1871 2113 sciamus
1927 2061 2049 2114 hinc
2108 2061 2282 2114 etiam
2344 2060 2593 2130 antiquis

886 2149 1173 2203 bellorum
1204 2148 1447 2202 ducibus
1505 2148 1676 2202 fuisse
1728 2165 2008 2203 concessa.
2056 2148 2164 2202 Sed
2194 2164 2325 2201 cum
2375 2148 2592 2202 futuras

889 2237 1005 2291 Deo
1026 2236 1304 2305 largiente
1345 2236 1607 2289 victorias
1635 2252 1751 2289 non
1778 2236 1991 2289 carnali
2048 2236 2428 2307 providentia,
2496 2238 2593 2291 sed

888 2324 1074 2395 magis
1105 2324 1461 2379 orationibus
1488 2324 1830 2394 prasvenitis,
1853 2324 1917 2378 tit
1956 2327 2021 2378 ut
2065 2324 2173 2378 hoc
2200 2325 2260 2378 in
2300 2332 2593 2395 stuporem

889 2414 1102 2480 veniat,
1139 2413 1293 2484 quod
1331 2413 1514 2484 gloria
1544 2419 1727 2467 vestra
1782 2429 1896 2466 non
1926 2418 2153 2467 terreno
2206 2414 2463 2480 consilio,
2496 2415 2593 2467 sed

893 2502 1012 2556 Deo
1044 2502 1291 2571 desuper
1317 2500 1593 2572 largiente
1626 2501 1893 2554 discedat.
1930 2501 2010 2554 Ibi
2066 2501 2219 2555 enim
2260 2501 2589 2555 meritorum

892 2594 1211 2644 vestrorum
1246 2590 1448 2659 loquax
1492 2606 1606 2642 non
1641 2589 1904 2642 discurrit
1925 2590 2140 2658 opinio,
2186 2606 2314 2659 quas
2346 2596 2398 2644 et
2447 2590 2594 2643 bella

893 2695 993 2732 vos
1046 2678 1379 2748 frequenter
1437 2683 1727 2747 appetere,
1774 2694 1892 2731 non
1943 2679 2223 2731 desiderio
2316 2679 2593 2732 fundendi

892 2767 1208 2837 sanguinis,
1241 2783 1332 2819 sec
1390 2766 1696 2820 dilatandie
1741 2782 1910 2819 causa
1952 2767 2301 2835 reipublicm,
2356 2767 2414 2819 in
2480 2783 2593 2837 qua

892 2855 1070 2909 Deum
1092 2855 1202 2907 coli
1236 2853 1637 2924 conspicimus,
1671 2855 2025 2925 loqueretur,
2072 2861 2353 2925 quatenus
2383 2855 2590 2911 Christi

888 2960 1101 2998 nomen
1132 2959 1235 3014 per
1291 2944 1545 2996 subditas
1586 2948 1804 3012 gentes,
1834 2943 1967 2997 fidei
2028 2944 2430 3013 prazdicatione
2486 2945 2594 2997 cir-

2702 558 2941 611 dicimus
2974 574 2987 613 :
3020 558 3154 629 quia
3178 557 3279 629 qui
3309 558 3613 612 emendare
3643 562 3830 627 potest
3883 562 3939 611 et
3967 558 4238 628 negligit,
4286 574 4357 627 pa

2701 646 2929 717 ticipem
2959 664 3016 700 se
3048 647 3246 717 procul
3276 646 3449 701 dubio
3494 645 3685 700 delicti
3727 646 4045 700 constituit.
4104 646 4358 700 Provide

2703 752 2837 805 ergo
2864 734 3071 789 animae
3109 740 3329 801 vestrae,
3366 735 3658 804 providete
3687 734 3992 804 nepotibus
4024 751 4173 805 quos
4202 736 4365 804 cupit

2703 839 2943 893 regnare
2969 823 3225 888 feliciter,
3253 823 3550 893 providete
3594 822 3916 892 provinciis,
3980 826 4037 876 et
4066 823 4357 893 priusque

2703 917 2924 967 creator
2955 916 3147 964 noster
3178 926 3413 964 manum
3443 926 3603 964 suam
3630 911 3699 965 ad
3755 910 4077 965 feriendum
4139 912 4366 964 excutis

2704 1000 2774 1055 de
2806 999 3156 1053 correctione
3189 998 3361 1068 hujus
3410 998 3637 1052 sceleris
3668 999 4081 1053 studiosissime
4137 1000 4363 1069 cogitat

2706 1105 2775 1142 ne
2806 1091 2965 1142 tanto
2996 1088 3361 1157 postmodum
3394 1088 3575 1140 acrius
3609 1086 3792 1154 feriat,
3832 1094 4046 1158 quanto
4080 1089 4260 1142 modo
4294 1089 4366 1141 dli

2703 1177 2817 1231 tius
2867 1181 2923 1229 et
2974 1178 3285 1230 clementer
3337 1180 3644 1245 exspectat.
3721 1176 3929 1230 Scitote
4016 1181 4221 1231 autem
4286 1194 4363 1245 qu

2706 1279 2979 1333 magnum
3021 1264 3135 1317 Deo
3166 1268 3360 1317 nostro
3391 1264 3734 1317 sacriﬁcium
3765 1263 4104 1334 placationis
4133 1266 4365 1319 oﬂ'ereti

2705 1352 2750 1405 si
2810 1352 2953 1405 tanti
3001 1351 3190 1405 labem
3243 1351 3532 1417 facinoris,
3582 1352 3651 1406 de
3700 1353 3901 1406 vestris
3959 1353 4130 1407 citius
4199 1353 4365 1407 finibi

2704 1440 3031 1510 amputatis.
3064 1441 3272 1494 Datum
3342 1440 3434 1495 die
3491 1456 3547 1507 x,
3630 1441 3868 1495 Kalend.
3960 1441 4123 1511 Julii,
4213 1440 4365 1495 indic

2705 1534 2929 1599 quarta.

3165 1618 3293 1673 CAP.
3322 1618 3424 1672 XX.
3448 1648 3517 1656 —
3537 1618 3618 1671 De
3643 1617 3829 1673 eadem
3856 1633 3932 1672 re.

2776 1707 2887 1776 (Ea:
2914 1723 3028 1775 reg.
3081 1708 3246 1774 Greg.
3287 1706 3361 1759 ad
3412 1705 3760 1760 Tendericum
3823 1722 3999 1773 regem
4043 1706 4366 1759 Francorui.

2704 1799 2879 1865 capite
2906 1795 3056 1866 273.)
3079 1795 3440 1849 Excellentim
3466 1802 3669 1849 vestrae
3708 1794 3903 1857 index-
3924 1794 4116 1848 cordis
4145 1795 4365 1865 epistol

2703 1891 2916 1954 quanta
2946 1885 3006 1938 in
3037 1884 3196 1937 vobis
3226 1885 3439 1952 fulgeat
3494 1900 3625 1938 cum
3675 1884 3835 1953 regia
3894 1887 4204 1955 potestate,
4279 1900 4365 1952 pn

2703 1973 2917 2038 dentia,
2942 1973 3020 2026 ita
3049 1972 3322 2026 luculenti
3370 1972 3534 2041 copia
3587 1972 3867 2025 sermonis
3912 1972 4168 2038 edocuit,
4223 1976 4290 2024 ut
4328 1972 4358 2023 d

2703 2061 2863 2114 bium
2893 2077 3011 2114 esse
3040 2077 3155 2114 non
3200 2062 3405 2126 valeat,
3438 2061 3721 2131 quidquid
3778 2059 4066 2114 laudabile
4122 2060 4200 2114 de
4256 2060 4362 2111 vob

2701 2149 2855 2203 fama
2885 2149 3217 2202 narraverit.
3252 2149 3319 2202 Et
3349 2149 3622 2219 quoniam
3653 2148 4110 2202 adhortationem
4153 2154 4366 2201 nostra:

2702 2238 2876 2307 regiis
2924 2238 3153 2306 animis,
3201 2253 3305 2307 per
3376 2237 3561 2291 laudis
3617 2238 4063 2307 praedicamenta
4130 2238 4365 2307 placuist

2701 2326 2986 2396 signastis,
3018 2331 3082 2380 ut
3106 2324 3387 2396 quidquid
3449 2325 3520 2379 ad
3575 2325 3672 2379 Dei
3704 2325 3882 2379 nostri
3938 2326 4188 2390 cultum,
4256 2326 4365 2395 qui.

2701 2415 2839 2485 quid
2864 2414 3241 2467 Ecclesiarum
3308 2414 3707 2479 reverentiam,
3765 2413 4049 2485 quidquid
4108 2413 4188 2467 ad
4239 2413 4365 2465 honi

2702 2520 2824 2557 rem
2855 2503 3141 2573 pertinere
3190 2502 3531 2571 cognoscitis
3578 2502 3955 2569 sacerdotum,
3988 2500 4249 2555 studiose
4310 2508 4365 2553 st.

2702 2593 2807 2658 tui,
2842 2596 2897 2645 et
2926 2592 3111 2645 velitis
3158 2592 3217 2644 in
3248 2591 3517 2644 omnibus
3564 2591 3871 2656 custodire,
3921 2591 4130 2644 iterata
4186 2606 4285 2643 vos
4314 2608 4365 2659 pe.

2702 2686 2948 2734 vestram
2987 2679 3307 2733 mercedem
3340 2680 3740 2733 adhortatione
3772 2679 4087 2749 pulsamus,
4159 2684 4223 2731 ut
4273 2695 4365 2729 eos

2700 2768 2926 2838 gregari
2958 2767 3234 2836 synodum
3258 2766 3526 2835 jubeatis,
3589 2771 3643 2819 et
3683 2766 3829 2819 sicut
3882 2765 4104 2819 dudum
4183 2767 4356 2833 scripe

2701 2872 2851 2922 mus,
2907 2854 3226 2924 corporalia
3305 2854 3696 2907 sacerdotibus
3742 2854 3897 2913 vitia,
3935 2859 3993 2907 et
4051 2853 4365 2923 Symoniac.

2700 2943 2930 2997 haeresis
2954 2943 3316 3013 pravitatem,
3340 2943 3601 2995 omnium
3628 2942 4031 3012 episcoporum
4064 2942 4365 2995 deﬁnities

887 3048 1018 3086 cum
1069 3048 1297 3102 quaque
1334 3031 1699 3086 discurreret.
1752 3032 1909 3086 Sicut
1946 3032 2099 3085 enim
2155 3033 2435 3086 exteriora
2490 3049 2588 3087 vos
2622 3029 2661 3084 C
2700 3032 2981 3099 damnari,
3013 3036 3182 3101 atque
3230 3048 3261 3083 a
3311 3031 3473 3101 regni
3507 3032 3681 3084 vestri
3712 3030 4003 3100 amputari
4033 3029 4280 3094 ﬁnibus,
4330 3031 4366 3082 is

886 3120 1168 3174 virtutum
1206 3135 1383 3190 Opera
1412 3119 1732 3173 eminentes
1763 3120 1824 3173 in
1866 3120 1969 3173 hac
2026 3122 2139 3173 vita
2186 3123 2539 3175 constituunt
2570 3137 2583 3175 :

887 3208 971 3263 ita
1000 3213 1057 3262 et
1084 3208 1447 3262 internorum
1502 3214 1863 3275 ornamenta,
1910 3224 1977 3261 ex
2007 3210 2173 3262 corde
2205 3210 2422 3263 mundo
2463 3226 2590 3280 pro-

890 3295 1168 3356 cedentia.
1203 3294 1262 3348 in
1303 3295 1493 3349 futura
1525 3295 1639 3349 vita
1677 3297 1988 3350 caelestium
2028 3297 2368 3367 gaudiorum
2421 3298 2592 3369 parti-

891 3384 1178 3453 cipatione
1208 3384 1545 3454 gloriﬁcant.

896 3488 1024 3543 Car.
1057 3489 1187 3543 XIX.
1232 3520 1293 3527 —
1322 3488 1563 3553 Qualiter
1600 3488 1923 3543 studendum
1951 3491 2027 3543 sit
2079 3489 2295 3554 regibus
2346 3491 2590 3546 sacerdo-

1283 3565 1394 3613 tum
1418 3561 1496 3612 vel
1512 3561 1703 3627 populi
1725 3566 1946 3627 peccata
1982 3561 2190 3614 ulcisci.

962 3648 1073 3712 (Ea:
1128 3662 1244 3714 reg.
1326 3647 1485 3711 Greg.
1544 3647 1617 3699 ad
1682 3649 2065 3701 Brunihildam
2115 3651 2359 3716 reginam
2418 3651 2593 3703 Fran-

884 3749 1088 3799 corum,
1144 3736 1319 3803 capite
1348 3734 1499 3803 272.)
1541 3735 1679 3789 Cum
1713 3736 1989 3805 scriptum
2019 3736 2107 3802 sit,
2145 3737 2371 3791 Justitia
2410 3739 2593 3791 elevat

887 3829 1141 3893 gentem,
1201 3823 1444 3876 miseros
1508 3829 1702 3877 autem
1757 3825 2003 3895 populos
2080 3825 2215 3879 facit
2271 3832 2590 3895 peccatum,

888 3915 1025 3964 tunc
1050 3925 1292 3979 regnum
1325 3910 1567 3964 stabiliri
1612 3911 1883 3978 creditur,
1942 3927 2072 3965 cum
2126 3912 2295 3982 culpa
2342 3929 2467 3983 quae
2497 3929 2590 3967 co-

891 3998 1201 4068 gnoscitur,
1223 3998 1391 4052 citius
1412 3999 1768 4053 emendatur.
1802 4000 2108 4054 Multorum
2137 4000 2317 4069 igitur
2367 4001 2440 4055 ad
2489 4018 2593 4055 nos

890 4085 1169 4138 relatione
1201 4084 1480 4155 pervenit,
1513 4086 1669 4156 quod
1686 4086 1875 4141 dicere
1899 4086 2021 4140 sine
2059 4088 2366 4141 afﬂictione
2407 4090 2592 4142 cordis

892 4172 1071 4225 nimia
1099 4189 1216 4226 non
1242 4174 1516 4239 valemus,
1541 4174 1622 4227 ita
1678 4175 1957 4244 quosdam
2007 4177 2328 4229 sacerdotes
2380 4177 2441 4230 in
2481 4178 2592 4231 illis

891 4260 1148 4331 partibus
1175 4261 1461 4332 impudice
1492 4278 1557 4315 ac
1586 4262 1855 4332 nequiter
1902 4263 2245 4329 conversari,
2296 4269 2359 4318 ut
2397 4270 2453 4319 et
2490 4283 2589 4319 au-

890 4348 1009 4402 dire
1041 4347 1205 4402 nobis
1254 4349 1653 4419 opprobrium,
1696 4353 1756 4402 et
1802 4349 2167 4404 lamentabile
2219 4352 2294 4405 sit
2360 4353 2590 4407 referre.

894 4437 973 4490 Ne
996 4453 1133 4506 ergo
1174 4442 1483 4507 postquam
1538 4436 1713 4505 hujus
1760 4439 2032 4507 nequitias
2084 4438 2374 4510 hucusque
2408 4458 2467 4494 se
2516 4446 2594 4495 te-

889 4520 1075 4576 tendit
1103 4520 1323 4591 opinio,
1365 4522 1554 4575 aliena
1584 4522 1829 4591 pravitas
1878 4534 1972 4577 aut
2020 4532 2273 4579 nostram
2315 4527 2591 4593 animam,

892 4615 993 4664 aut
1041 4615 1294 4663 vestrum
1349 4625 1595 4680 regnum
1651 4612 1864 4681 peccati
1906 4612 1995 4666 sui
2039 4615 2227 4683 jaculo
2280 4615 2466 4683 feriat,
2501 4631 2592 4667 ar—

890 4698 1094 4752 denter
1124 4698 1194 4751 ad
1242 4698 1367 4751 haec
1418 4698 1690 4751 debemus
1721 4701 2041 4755 ulciscenda
2092 4720 2453 4772 consurgere,
2522 4719 2594 4756 ne

890 4801 1207 4854 paucorum
1264 4785 1463 4852 fames,
1515 4788 1821 4842 multorum
1874 4807 1995 4843 esse
2079 4793 2257 4861 possit
2324 4792 2591 4861 perditio.

893 4875 1040 4928 Nam
1078 4890 1248 4928 causa
1275 4881 1406 4929 sunt
1435 4875 1615 4930 ruinae
1646 4878 1845 4947 populi
1893 4880 2215 4932 sacerdotes
2253 4881 2409 4933 mali.
2457 4881 2593 4943 Quis

893 4963 1049 5016 enim
1079 4978 1184 5032 pro
1224 4963 1427 5032 populi
1458 4967 1696 5033 peccatis
1755 4983 1813 5019 se
1866 4968 2209 5021 intercessor
2252 4969 2501 5037 objiciat,
2545 4969 2593 5022 si

893 5050 1151 5103 sacerdos
1173 5049 1273 5120 qui
1319 5067 1549 5106 exorare
1592 5053 1866 5107 debuerat
1922 5054 2187 5124 graviora
2233 5058 2594 5110 committat?

892 5136 997 5191 Sed
1028 5138 1303 5208 quoniam
1347 5155 1443 5193 eos
1494 5157 1740 5211 quorum
1793 5143 1917 5194 hinc
1973 5142 2186 5196 locutio
2231 5151 2316 5199 est
2345 5144 2589 5215 insequi,

891 5241 995 5279 nec
1022 5226 1345 5281 sollicitudo
1371 5227 1441 5280 ad
1472 5229 1922 5297 requisitiouem,
1956 5245 2060 5283 nec
2090 5232 2242 5284 zelus
2295 5234 2500 5286 excitat
2524 5234 2591 5287 ad

888 5313 1237 5368 vindictam:
1295 5315 1507 5384 scripta
1577 5317 1651 5369 ad
1719 5331 1823 5369 nos
1888 5322 2075 5371 vestra
2131 5320 2469 5388 discurrant,
2528 5327 2593 5375 ut

891 5418 1195 5471 personam
1226 5403 1274 5456 si
1318 5405 1626 5474 praecipitis
1673 5420 1805 5457 cum
1847 5412 2048 5459 vestrae
2099 5410 2448 5462 auctoritatis
2512 5429 2594 5464 as-

894 5506 1057 5544 sensu
1088 5491 1568 5559 transmittamus,
1626 5509 1759 5561 quas
1801 5509 1913 5547 una
1970 5511 2100 5549 cum
2148 5497 2276 5550 aliis
2322 5500 2591 5551 sacerdo-

894 5578 1044 5631 tibus
1071 5579 1198 5633 hasc
1217 5583 1277 5632 et
1301 5579 1583 5635 subtiliter
1613 5594 1892 5651 querere,
1929 5586 1985 5637 et
2038 5584 2355 5638 secundum
2412 5588 2587 5640 Deum

2693 3119 2874 3186 ciatis,
2902 3135 3005 3172 nec
3037 3120 3166 3188 plus
3216 3117 3331 3171 illis
3387 3134 3492 3188 per
3528 3119 3832 3188 pecuniam
3871 3117 4161 3183 obtinere,
4240 3135 4365 3188 quat

2695 3213 2980 3278 praecepta
3038 3206 3332 3260 Dominica
3391 3207 3732 3277 praecipiunt
3812 3207 4189 3277 permittatis.
4279 3209 4366 3260 Xa:

2697 3296 2835 3350 dum
2859 3294 3046 3348 omnis
3072 3294 3309 3348 avaritia
3336 3294 3625 3348 idolorum
3675 3296 3749 3348 sit
3803 3295 4067 3360 servitus,
4147 3294 4361 3365 quisqu;

2696 3384 2842 3437 hanc
2871 3383 2932 3436 in
2970 3382 3171 3436 dandis
3223 3383 3541 3436 honoribus
3591 3388 3648 3437 et
3697 3383 3943 3436 maxime
4011 3383 4349 3437 ecclesiasn.

2697 3472 3000 3541 vigilanter
3042 3487 3160 3525 non
3189 3477 3493 3541 praecavet,
3528 3471 3887 3525 inﬁdelitatis
3914 3471 4239 3541 perditioni
4284 3489 4357 3523 51::

2690 3559 2906 3629 jicitur,
2932 3560 3107 3613 etiam
3136 3560 3182 3612 si
3212 3565 3405 3613 tenere
3425 3560 3600 3613 ﬁdem
3631 3576 3804 3630 quam
3838 3559 4086 3629 negligit
4120 3560 4356 3613 videatur

2697 3649 2854 3701 Sicut
2876 3664 3012 3717 ergo
3034 3653 3231 3702 contra
3264 3648 3574 3701 exteriores
3600 3648 3812 3713 hostes,
3867 3647 3950 3701 ita
3999 3663 4250 3717 quoque
4282 3665 4354 3701 eu:

2698 3740 2786 3789 tra
2845 3736 3143 3789 interiores
3200 3736 3523 3789 animarum
3582 3736 3937 3789 adversarios
3996 3736 4237 3789 studete
4298 3753 4352 3787 θέε

2700 3823 2947 3889 solliciti,
2986 3829 3047 3876 ut
3077 3838 3180 3892 per
3218 3824 3325 3876 hoc
3360 3823 3509 3892 quod
3545 3823 3645 3875 Dei
3699 3822 3884 3876 nostri
3935 3821 4200 3877 inimicis
4236 3824 4345 3877 tide.’

2700 3917 2785 3965 ter
2809 3918 3183 3981 repugnatur,
3212 3917 3269 3965 et
3314 3912 3406 3965 hic
3436 3911 3681 3965 feliciter
3707 3911 3888 3981 ipsius
3928 3912 4299 3981 protectione
4328 3928 4348 3963 r

2700 4001 2905 4069 gnetis,
2942 4005 2998 4053 et
3022 4000 3093 4054 ad
3147 4007 3364 4054 interna
3392 4000 3760 4071 postmodum
3821 4000 4037 4071 gaudia
4096 4002 4230 4073 ejus
4277 4002 4343 4054 du:

2702 4089 2885 4157 gratia
2916 4089 3175 4143 veniatis.

2700 4180 2829 4233 Car.
2859 4178 2989 4231 XXI.
3014 4207 3080 4216 —
3111 4177 3263 4245 Quod
3292 4177 3582 4231 multorum
3611 4178 3845 4232 solamen
3877 4179 3972 4246 sit,
4014 4180 4071 4232 si
4118 4180 4339 4249 prudent

3197 4268 3307 4319 riri
3325 4267 3538 4334 regibus
3569 4266 3903 4320 adhaereant.

2777 4356 2888 4423 (Ea:
2928 4370 3051 4422 rege
3093 4356 3260 4421 Greg.
3307 4355 3381 4408 ad
3445 4356 3885 4423 Asclepiodotum
3936 4355 4257 4409 Patricium
4298 4362 4335 4406 Α

2701 4445 2862 4511 glor.,
2885 4446 3062 4511 capite
3090 4443 3239 4512 271.)
3262 4443 3575 4496 Prudentes
3607 4443 3780 4507 viros,
3820 4442 3968 4495 sicut
3987 4445 4156 4509 estis,
4196 4444 4334 4511 regit!

2701 4532 3012 4595 adhaerere,
3043 4532 3354 4584 multorum
3383 4530 3639 4584 solamen
3671 4536 3770 4583 est.
3809 4530 3953 4583 Nam
3978 4530 4131 4584 dum
4159 4540 4332 4601 priest:

2702 4620 2810 4681 sibi
2839 4620 3027 4672 locum
3084 4619 3153 4672 ad
3207 4620 3414 4672 animi?
3442 4620 3639 4672 datum
3684 4618 3997 4671 utilitatem
4058 4620 4330 4687 intelligar

2701 4714 2919 4762 certum
2953 4712 3053 4774 est,
3088 4708 3224 4777 quia
3265 4708 3544 4763 mercedis
3581 4723 3778 4761 causas
3807 4707 3922 4761 alia
3948 4707 4054 4761 ubi
4122 4710 4326 4764 invenir

2702 4814 2817 4850 non
2850 4803 3215 4866 prmponunt.

2702 4888 2829 4940 CAP.
2865 4886 3018 4941 XXII.
3054 4914 3115 4925 —
3155 4886 3220 4939 Ut
3263 4900 3450 4952 regum
3497 4884 3809 4937 adversarii
3854 4891 4322 4940 excommunicmn

2770 4975 2881 5042 (Ea:
2936 4976 3157 5027 concilio
3198 4974 3348 5042 apud
3399 4975 3751 5039 Lauriacum,
3792 4980 3974 5041 capite
4034 4979 4104 5030 l3
4139 4978 4155 5046 )
4189 4977 4238 5030 Si
4283 4986 4320 5040 qi

2700 5061 2969 5133 potestati
3019 5063 3193 5130 regite
3251 5077 3367 5115 non
3433 5066 3517 5114 est
3572 5061 3736 5131 juxta
3800 5063 4170 5129 Apostolum
4230 5076 4307 5115 ως

2704 5151 2836 5218 Deo,
2891 5150 3210 5203 contumaci
3240 5157 3294 5205 et
3349 5150 3545 5203 inﬂato
3607 5149 3813 5218 spiritu
3844 5154 4265 5205 contradicere.
4303 5158 4316 5193 ι

2700 5239 2984 5301 resistere,
3042 5238 3492 5307 praesumpserit,
3526 5243 3585 5291 et
3622 5238 3744 5306 ejus
3781 5238 3963 5306 justis
4016 5246 4087 5293 et
4127 5232 4314 5295 ratwm‘

2700 5326 2849 5379 libus
2876 5326 3134 5395 imperiis
3167 5326 3477 5378 secundum
3512 5326 3690 5378 Deum
3747 5330 3805 5377 et
3850 5330 4257 5382 auctoritatem
4296 5320 4312 5374 Ε

2700 5413 3075 5466 clesiasticam
3124 5413 3524 5482 obtemperare
3557 5413 3827 5479 noluerit,
3869 5416 4308 5470 anathemataeil

2771 5502 2898 5555 Car.
2933 5502 3115 5555 XXIII.
3149 5531 3216 5539 —
3248 5504 3322 5555 De
3348 5502 3463 5555 illis
3490 5503 3587 5569 qui
3608 5504 3863 5569 principi
3882 5519 4000 5557 non
4026 5504 4305 5559 Οὗτάιιγτηίς

2774 5589 2886 5658 (Ea:
2916 5590 3139 5644 concilio
3173 5590 3444 5659 Totetan.)
3476 5589 3539 5643 In
3570 5589 3719 5643 libro
3758 5604 3983 5659 regum
4026 5594 4233 5665 legitur
4256 5584 4304 5647 :0
