4380 6416
406 350 489 398 901
1194 346 1663 402 DECRETORUM
1708 347 1891 401 LIBRI
1927 348 2034 402 XX.
2070 377 2138 386 —-
2182 348 2390 402 LIBER
2430 344 2736 402 DECIMUS
2775 347 3087 410 QUINTUS.

3782 354 3883 402 90?.

398 485 503 522 non
533 467 816 522 obedierit
862 466 1129 538 principi,
1172 472 1357 522 morte
1397 467 1694 522 moriatur.
1735 471 1797 523 In
1842 469 2080 523 concilio
2113 472 2156 525 Α
2198 472 2254 524 et
2306 486 2457 523 nunc
2508 469 2587 522 ita
2631 485 2735 538 pro
2783 468 2953 522 unius
3012 470 3288 541 cujusque
3317 470 3564 524 utilitate
3612 472 3891 541 principis

396 560 582 611 autem
602 556 914 627 Agathensi
944 556 1276 626 praecipitur
1314 561 1378 610 ut
1406 557 1938 612 anathematizetur.

396 666 515 719 CAP.
550 664 728 718 XXIV.
755 692 823 700 ——
855 665 927 716 De
948 663 1057 716 illis
1089 664 1186 730 qui
1205 664 1263 715 in
1301 663 1631 716 adversitate
1652 666 1891 732 propriae
1911 665 2083 732 gentis

546 794 549 797 Α
706 740 802 786 aut
831 735 1031 801 patriae
1074 733 1369 800 culpabiles
1398 736 1762 787 inveniuntur.

461 822 566 892 (Ea:
590 820 808 889 eodem.)
842 819 1014 873 Nobis
1044 819 1222 889 igitur
1267 820 1414 873 ratio
1467 822 1749 890 persuasit
1796 822 2084 892 synodalia

394 910 711 973 decernere,
746 913 809 961 ut
855 908 1180 978 quicunque
1235 908 1514 961 laicorun
1564 909 1900 963 adversitate
1958 925 2087 979 pro-

392 998 526 1069 prias
576 996 784 1067 gentis,
832 1001 930 1050 aut
980 996 1203 1066 patriae,
1260 997 1349 1050 vel
1427 996 1599 1066 regia:
1650 998 1946 1067 potestatis
2015 986 2120 1051 ad.

391 1092 607 1141 exteras
638 1089 827 1154 partes
872 1100 931 1138 se
974 1084 1318 1138 conferendo
1362 1086 1563 1138 noxius
1609 1086 1783 1140 fuerit
1807 1086 1957 1140 ultra
1990 1102 2087 1139 re-

390 1179 603 1246 pertus,
635 1176 914 1243 perpetua
943 1172 1017 1226 sit
1070 1173 1655 1228 excommunicatione
1686 1174 2007 1242 damnatus,
2032 1176 2087 1227 et

389 1277 682 1332 nunquam
706 1261 790 1314 illi
810 1266 1021 1330 praeter
1048 1260 1108 1314 in
1135 1260 1335 1315 ultimo
1366 1262 1566 1315 mortis
1602 1278 1719 1316 sua:
1758 1262 2084 1316 communio

387 1350 692 1404 tribuatur.

390 1438 515 1491 CAP.
542 1438 688 1491 XXV.
720 1465 792 1477 —
812 1438 879 1491 Ut
894 1437 1075 1490 nullus
1094 1441 1391 1505 praesumat
1408 1440 1658 1507 principe
1676 1439 1885 1492 vivente
1917 1437 2085 1490 alium

1024 1509 1217 1573 eligere
1244 1524 1439 1575 regem.

457 1597 569 1665 (Em
615 1593 795 1648 eodem
848 1596 1067 1649 concilio
1127 1599 1181 1661 7,
1240 1598 1415 1664 capite
1475 1597 1585 1662 l7.)
1642 1596 1979 1666 Quanquam
2025 1594 2085 1648 in

382 1683 621 1737 concilio
651 1682 924 1738 anteriori
982 1682 1136 1754 quod
1194 1699 1375 1737 annos
1434 1684 1622 1753 primo
1686 1682 2085 1753 gloriosissimi

378 1770 660 1841 principis
692 1772 875 1825 nostri
904 1770 1164 1825 habitum
1220 1776 1324 1845 est,
1361 1772 1429 1826 de
1461 1772 1792 1841 hujusmodi
1817 1787 1877 1823 re
1906 1770 2084 1824 fuerit
2119 1758 2157 1809 Β

380 1860 756 1928 promulgata
803 1859 1131 1913 sententia:
1191 1864 1386 1913 tamen
1441 1860 1627 1928 placet
1675 1858 1879 1914 iterata
1925 1858 2089 1927 juxta

378 1946 541 2016 quod
574 1946 840 2000 convenit
870 1946 1172 2000 custodire.
1208 1948 1405 2016 Itaque
1447 1946 1597 2016 regis
1627 1945 1740 1999 vita
1772 1950 2085 2011 constante,

377 2035 580 2088 nullus
609 2035 719 2089 sibi
750 2034 943 2105 aliquo
993 2051 1183 2105 opere,
1232 2035 1320 2089 vel
1370 2033 1801 2099 deliberatione,
1859 2050 1958 2086 seu
1990 2050 2087 2086 cu-

367 2124 705 2193 juscunque
737 2123 1035 2193 dignitatis
1084 2123 1279 2185 laicus,
1329 2138 1431 2176 seu
1478 2122 1662 2192 gradu
1706 2121 2085 2192 episcopatus,

372 2209 748 2281 presbyterii,
773 2214 872 2263 aut
914 2209 1159 2263 diaconii
1186 2214 1568 2275 consecratus,
1632 2208 1935 2278 caaterique
1984 2211 2091 2262 cle-

371 2298 601 2352 ricatus
628 2297 831 2351 ofﬁciis
883 2297 1128 2363 deditus,
1204 2297 1464 2351 futurum
1519 2312 1713 2366 regem
1768 2296 2088 2364 provideat,

371 2390 589 2439 contra
615 2386 857 2439 viventis
896 2385 1047 2455 regis
1080 2384 1406 2451 utilitatem,
1441 2389 1496 2437 et
1525 2385 1716 2454 procul
1765 2384 1937 2437 dubio
1990 2401 2087 2437 vo-

368 2475 691 2541 luntatem,
741 2473 1156 2538 blandimento,
1218 2473 1304 2526 vel
1360 2473 1626 2526 suasione
1676 2489 1779 2541 per
1828 2473 2087 2525 eamdem

369 2578 569 2631 spem,
602 2566 702 2615 aut
731 2562 870 2614 alios
900 2561 958 2614 in
989 2578 1047 2614 se
1080 2561 1287 2627 trahat,
1321 2565 1419 2614 aut
1460 2560 1581 2630 ipse
1641 2560 1700 2612 in
1749 2560 1927 2613 alium
1993 2577 2091 2613 ac-

368 2652 664 2725 quiescat.
698 2651 968 2721 Iniquum
1018 2651 1172 2704 enim
1198 2656 1252 2703 et
1292 2650 1450 2703 valde
1488 2650 1800 2703 execrabile
1840 2667 1872 2703 a
1927 2650 2086 2704 Chri-

368 2741 591 2795 stianis
629 2740 798 2794 debet
825 2739 1045 2805 haberi,
1094 2739 1275 2793 futuri
1306 2738 1579 2808 temporis
1618 2738 1832 2791 illicitis
1862 2738 2087 2807 prospi-

366 2847 528 2895 cere,
569 2834 631 2883 et
663 2829 789 2883 vita!
821 2846 937 2882 sum
968 2828 1201 2898 ignaros
1222 2832 1462 2881 ventura
1494 2827 1814 2897 disponere.
1851 2828 2010 2890 Quod
2042 2827 2089 2879 si

370 2918 701 2988 quisquam
727 2918 846 2986 jam
878 2916 1010 2969 talia
1041 2916 1240 2985 iniqua
1292 2915 1699 2968 deliberatione
1755 2930 1885 2967 cum
1941 2932 2084 2984 quo-

364 3021 616 3075 cunque
651 3009 737 3057 est
782 3003 1105 3068 meditatus,
1140 3004 1247 3055 hoc
1278 3001 1385 3055 sibi
1415 3001 1639 3055 noverit
1660 3018 1780 3055 esse
1820 3001 2081 3055 sacerdo-
2119 3026 2158 3079 ρ

361 3093 474 3147 tali
508 3091 916 3146 moderatione
948 3106 1298 3156 concessum,
1357 3095 1419 3142 ut
1473 3089 1518 3142 si
1550 3088 1851 3143 venialiter
1880 3089 2084 3159 poscit,

362 3182 480 3235 hoc
514 3183 648 3233 sine
682 3195 844 3232 mora
897 3178 1197 3248 praesentis
1238 3176 1510 3248 principis
1567 3177 1803 3231 auribus
1865 3177 2095 3231 studeat

358 3268 705 3338 publicare.
741 3266 799 3321 Si
845 3271 1040 3320 autem
1088 3266 1345 3319 obtineat
1377 3272 1432 3319 et
1493 3264 1924 3319 deliberationis
1975 3281 2093 3318 sua:

358 3356 869 3420 machinamenta,
907 3354 1091 3408 noluit
1116 3354 1324 3421 dicere,
1355 3353 1604 3424 pessimo
1626 3355 1908 3424 plectatur
1950 3369 2094 3406 ana-

358 3448 668 3500 themate.

439 3533 589 3586 CAP.
625 3532 798 3586 XXVI.
836 3559 897 3571 —
925 3532 991 3583 Ut
1019 3545 1167 3583 nemo
1193 3528 1438 3582 intendat
1457 3527 1516 3582 in
1536 3531 1820 3582 interitum
1856 3530 2019 3595 regis.

434 3623 565 3687 (Ea:
600 3619 799 3685 eodem,
834 3619 1011 3685 capite
1039 3620 1146 3684 18.)
1179 3618 1300 3670 Jam
1333 3616 1570 3686 quidem
1630 3616 1689 3669 in
1737 3614 2094 3669 antecedenti

353 3706 700 3763 universali
731 3705 971 3776 synodo,
1020 3705 1187 3758 saluti
1250 3710 1578 3757 nostrorum
1604 3704 1927 3774 principum
1959 3720 2097 3756 con-

348 3802 479 3853 stat
504 3811 643 3850 esse
702 3793 1048 3860 consultum,
1078 3793 1174 3846 sed
1227 3792 1367 3846 libet
1404 3792 1609 3845 iterare
1653 3792 1799 3845 bene
1859 3791 2092 3857 sancite,

348 3891 414 3941 et
469 3885 669 3955 digna
722 3882 1055 3936 auctoritate
1132 3880 1359 3934 munire
1425 3880 1730 3934 salubriter
1813 3880 2093 3933 ordinata.

348 3974 646 4043 Ideoque
676 3974 1065 4024 contestamur
1092 3985 1283 4022 coram
1316 3969 1449 4033 Deo,
1485 3972 1541 4020 et
1569 3968 1727 4021 omni
1764 3967 1964 4022 ordine
2002 3984 2099 4021 an-

346 4064 678 4133 gelorum,
736 4073 930 4111 coram
984 4057 1397 4127 prophetarum
1452 4060 1625 4126 atque
1684 4056 2093 4127 apostolorum.

346 4152 447 4206 vel
481 4147 768 4204 omnium
800 4149 1117 4215 martyrum
1165 4144 1357 4209 choro,
1398 4160 1590 4197 coram
1630 4144 1785 4198 omni
1822 4144 2099 4198 catholica

343 4236 660 4299 Ecclesia,
695 4239 753 4287 et
779 4232 988 4287 Christi
1023 4248 1303 4286 annorum
1345 4238 1511 4295 cmtu,
1544 4236 1610 4285 ut
1634 4249 1803 4286 nemo
1835 4233 2097 4287 intendat

2194 559 2557 612 moderentur
2582 558 2943 624 discretione,
2976 558 3122 612 sicut
3162 575 3258 612 eos
3289 561 3642 629 prospexerit
3695 576 3890 613 neces-

2193 646 2370 698 sarios
2400 662 2521 699 esse
2550 646 2767 714 patriai.
2799 652 2855 699 et
2884 646 2962 698 sic
2986 646 3098 698 illis
3146 645 3509 717 impartiatur
3546 647 3890 717 benignitas,

2196 733 2335 786 utin
2379 734 2598 786 caeteris
2656 737 2881 787 maneat
2913 734 3113 803 gratia,
3170 739 3225 787 et
3274 739 3540 804 potestas,
3612 740 3892 804 quatenus

2194 820 2273 873 ita
2298 820 2492 874 omnia
2519 820 2580 873 in
2609 821 2776 875 rebus
2795 820 2948 890 juste
2979 821 3300 892 conquisita
3338 824 3651 889 lucrentur,
3689 828 3750 876 ut
3783 839 3890 892 po—

2196 908 2359 962 steris
2387 908 2772 979 relinquendi,
2804 910 2889 963 vel
2921 910 3128 980 quibus
3159 912 3423 965 voluntas
3451 927 3651 965 eorum
3692 912 3892 965 decre-

2195 996 2295 1060 vit,
2326 997 2672 1064 conferendi,
2723 1003 3038 1067 spontaneo
3080 998 3341 1051 fruantur
3388 998 3643 1052 arbitrio.
3713 997 3890 1050 Caste-

2194 1098 2345 1144 rum,
2369 1084 2415 1137 si
2445 1085 2692 1138 inﬁdelis
2722 1086 3027 1155 quisquam
3049 1085 3108 1138 in
3127 1087 3312 1155 capite
3344 1086 3523 1156 regio,
3548 1091 3644 1140 aut
3674 1084 3891 1139 inutilis

2194 1172 2256 1227 in
2288 1172 2457 1226 rebus
2488 1173 2805 1225 commissis
2854 1174 3151 1242 exstiterit,
3198 1174 3259 1226 in
3311 1174 3630 1228 clementiae
3691 1178 3890 1226 vestrae

2196 1276 2373 1313 manu
2401 1260 2691 1330 potestatis
2721 1268 2861 1313 nutu
2892 1265 3108 1314 constet
3163 1261 3494 1330 hujusmodi
3557 1260 3888 1313 moderatio.

2201 1350 2297 1401 Fas
2329 1353 2413 1402 est
2441 1348 2596 1401 enim
2651 1348 2953 1402 indubium
2998 1349 3279 1402 deducere
3319 1351 3413 1419 jus
3451 1349 3764 1419 potestatis,
3801 1347 3893 1400 cui

2196 1436 2453 1489 omnium
2474 1436 2813 1504 gubernatio
2846 1453 3093 1505 superno
3111 1442 3327 1489 constat
3348 1437 3608 1507 delegata
3651 1435 3888 1506 judicio.

2194 1525 2353 1588 Quod
2384 1525 2428 1576 si
2458 1530 2582 1594 post
2614 1525 2737 1595 ejus
2760 1525 3068 1578 discessum
3100 1525 3383 1595 quispiam
3413 1530 3670 1594 repertus
3718 1524 3892 1579 fuerit

2193 1615 2324 1667 vitae
2342 1612 2515 1666 fuisse
2544 1612 2810 1679 inﬁdelis,
2838 1612 3115 1683 quidquid
3145 1613 3409 1683 largitate
3431 1612 3609 1683 ipsius
3627 1612 3688 1665 in
3719 1613 3889 1666 rebus

2196 1701 2413 1766 habuit,
2443 1701 2774 1771 conquisitis
2806 1706 3013 1767 careat,
3044 1702 3495 1769 conﬁscandum,
3527 1705 3583 1755 et
3625 1700 3889 1755 ﬁdelibus

2198 1789 2582 1859 largiendum.

2523 1910 2651 1965 CAP.
2685 1910 2913 1965 XXVIII.
2955 1939 3023 1951 -η
3053 1912 3126 1964 De
3148 1926 3335 1977 regum
3361 1910 3552 1965 sobole.

2270 2035 2389 2101 (Eur:
2427 2034 2625 2099 eodem,
2658 2036 2831 2103 capite
2857 2032 3133 2103 l6.)Sicut
3154 2033 3454 2087 insolentia
3488 2035 3767 2087 malorum
3802 2049 3893 2087 re-

2198 2137 2336 2192 gum
2355 2122 2548 2176 odiosa
2576 2138 2799 2192 semper
2819 2126 2874 2175 et
2894 2122 3222 2175 execrabilis
3253 2122 3443 2175 existit
3463 2123 3729 2192 subjectis
3763 2138 3777 2175 :
3809 2122 3890 2175 ita

2198 2211 2483 2263 bonorum
2515 2211 2751 2279 provida
2788 2210 3001 2264 utilitas
3031 2210 3291 2263 amabilis
3344 2210 3587 2264 efﬁcitur
3638 2211 3887 2281 populis.

2199 2298 2471 2361 Quocirca
2546 2292 2687 2369 quis
2765 2297 2929 2361 ferat,
2989 2303 3088 2352 aut
3142 2299 3270 2369 quis
3345 2300 3520 2354 talem
3601 2303 3891 2353 errantem

2198 2386 2585 2440 Christianum
2613 2387 2821 2452 videat,
2851 2386 2950 2456 qui
2979 2388 3195 2456 regiam
3248 2386 3523 2453 sobolem,
3548 2392 3646 2441 aut
3703 2392 3890 2457 poste-

2196 2475 2423 2527 ritatem
2456 2476 2694 2527 conetur
2744 2475 3031 2543 expoliare
3065 2476 3254 2541 rebus,
3288 2479 3386 2527 aut
3434 2474 3661 2544 privare
3710 2474 3889 2544 digni.

2196 2562 2446 2616 tatibus?
2487 2562 2646 2625 Quod
2704 2562 2909 2616 deinde
2968 2578 3038 2614 ne
3094 2563 3211 2625 ﬁat,
3257 2563 3539 2632 generalis
3593 2567 3894 2633 promatur

2198 2649 2474 2719 principis
2506 2650 2635 2702 filiis
2662 2650 2944 2702 sententia
2981 2654 3194 2717 nostra,
3249 2650 3306 2702 id
3337 2655 3442 2709 est.
3489 2650 3557 2704 de
3596 2650 3891 2720 praesentis

2201 2736 2663 2790 excellentissimi
2692 2737 2961 2792 Cintilani
2994 2737 3143 2807 regis
3174 2739 3502 2807 posteritate
3524 2739 3734 2791 dentur
3766 2742 3895 2807 apta

2204 2841 2236 2878 a
2262 2824 2426 2877 nobis
2461 2826 2706 2889 decreta,
2742 2830 2806 2877 ut
2844 2841 2909 2877 ea
2939 2841 3067 2895 quae
3101 2825 3350 2894 synodus
3398 2826 3689 2894 praeterito
3740 2842 3890 2879 anno

2204 2913 2265 2966 in
2297 2913 2400 2965 hac
2431 2913 2675 2965 Ecclesia
2720 2914 2913 2966 habita
2969 2913 3285 2980 constituit,
3324 2915 3472 2967 circa
3526 2930 3757 2966 omnem
3786 2930 3888 2984 po-

2202 3001 2513 3054 steritatem
2544 3001 2666 3070 ejus
2696 3000 3032 3054 universitas
3070 3001 3231 3071 regni
3266 3001 3353 3054 sui
3418 3006 3731 3063 conservet,
3788 3002 3893 3055 hoc

2204 3093 2308 3156 est,
2343 3093 2401 3141 ut
2431 3089 2756 3157 praebeatur
2781 3088 2912 3141 ﬁliis
2942 3090 3064 3158 ejus
3087 3088 3312 3143 dilectio
3341 3089 3589 3159 benigna
3619 3094 3674 3143 et
3703 3089 3893 3157 ﬁrma,

2203 3180 2258 3229 et
2286 3176 2631 3243 tribuantur,
2671 3177 2770 3230 ubi
2808 3176 2919 3230 loci
2966 3177 3365 3247 opportunitas
3399 3177 3739 3240 exhibuerit,
3791 3177 3895 3230 de—

2200 3263 2575 3326 fensionesad
2590 3263 2940 3317 adminicula
2957 3265 3131 3333 justa,
3158 3280 3228 3317 ne
3249 3265 3317 3317 de
3338 3265 3509 3318 rebus
3536 3265 3685 3334 juste
3708 3264 3899 3335 profli-

2201 3353 2366 3424 gatis,
2401 3357 2498 3406 aut
2528 3358 2832 3423 parentum
2889 3353 3164 3423 dignitate
3229 3354 3567 3423 procuratis,
3599 3355 3688 3407 vel
3718 3356 3892 3424 largi-

2201 3446 2315 3494 tate
2342 3440 2668 3511 principum
2698 3446 2796 3493 aut
2831 3441 3067 3511 alicujus
3096 3442 3394 3511 impensis,
3431 3447 3529 3495 aut
3560 3442 3734 3496 etiam
3760 3459 3895 3512 pro-

2204 3529 2413 3600 pietate
2445 3528 2671 3593 debitis,
2711 3528 3048 3581 fraudentur
3079 3528 3334 3598 qualibet
3363 3528 3567 3582 insidia
3614 3529 3898 3583 callidita-

2204 3617 2296 3684 tis,
2329 3632 2468 3669 neve
2501 3633 2530 3668 a
2554 3632 2846 3685 quoquam
2895 3615 3142 3668 laedendi
3187 3632 3281 3668 eos
3328 3616 3694 3687 praebeantur
3725 3633 3901 3686 argu-

2203 3710 2394 3758 menta
2445 3703 2928 3756 machinationis:
2987 3703 3121 3772 quia
3162 3702 3402 3772 dignum
3450 3709 3555 3768 est,
3605 3710 3671 3757 ut
3735 3704 3897 3772 cujus

2203 3792 2482 3862 regimine
2508 3792 2786 3846 habemus
2835 3792 3217 3853 securitatem,
3272 3791 3396 3861 ejus
3446 3792 3766 3862 posteritati
3799 3794 3896 3847 de-

2204 3885 2355 3934 creto
2383 3880 2610 3934 concilii
2630 3879 3028 3949 impertiamus
3058 3878 3330 3950 quietem.

2206 4023 2333 4076 CAP.
2361 4021 2534 4076 XXIX.
2558 4051 2626 4061 —
2658 4021 2814 4087 Quod
2833 4020 3105 4088 quidquid
3124 4025 3412 4076 com-motus
3442 4023 3656 4076 animus
3684 4023 3896 4089 fecerit,

2790 4093 2884 4145 hoc
2908 4093 3119 4161 justum
3136 4096 3311 4159 putet.

2277 4214 2384 4285 (Ea:
2426 4230 2566 4281 rege.
2626 4215 2783 4283 Greg.
2844 4215 2918 4267 ad
2957 4216 3285 4270 Mauricium
3330 4217 3661 4281 Augustum,
3724 4220 3900 4285 capite

336 4328 409 4382 in
436 4323 773 4380 interitum
794 4321 960 4390 regis,
984 4336 1152 4374 nemo
1170 4320 1342 4373 vitam
1364 4319 1632 4389 principis
1654 4336 1791 4373 nece
1811 4324 2083 4386 attrectat,

2202 4302 2349 4371 213.)
2382 4302 2769 4372 Omnipotenti
2800 4303 2914 4355 Deo
2946 4319 3077 4356 reus
3108 4306 3210 4368 est,
3240 4303 3338 4372 qui
3389 4304 3751 4357 serenissimo
3795 4305 3898 4357 do-

338 4430 546 4469 nemo
575 4409 751 4479 regni
782 4425 914 4462 eum
935 4408 1335 4478 gubernaculis
1366 4406 1571 4476 privet,
1604 4423 1769 4460 nemo
1796 4407 2090 4478 tyrannica

332 4498 844 4576 praesumptione
874 4497 1092 4566 apicem
1116 4496 1279 4565 regni
1311 4496 1691 4564 sibiusurpet,
1732 4512 1901 4548 nemo
1944 4512 2086 4564 quo-

330 4591 502 4644 libet
541 4582 1021 4638 machinamento
1053 4583 1113 4635 in
1146 4582 1267 4651 ejus
1304 4581 1700 4635 adversitatem
1731 4582 1838 4634 sibi
1885 4582 2089 4651 conju-

331 4684 654 4731 ratorum
688 4686 922 4724 manum
954 4670 1212 4723 associet.
1241 4670 1404 4734 Quod
1432 4670 1477 4721 si
1506 4669 1563 4723 in
1588 4670 1857 4739 quopiam
1880 4671 2087 4723 horum

327 4767 700 4838 quisquam
752 4764 1081 4812 nostrorum
1150 4758 1454 4811 temerario
1508 4774 1647 4810 ausu
1706 4762 2089 4826 praesumptor

323 4848 692 4913 exstiterit,
726 4848 1090 4899 anathemate
1119 4845 1308 4899 divino
1354 4861 1673 4916 percussus,
1724 4845 1938 4914 absque
1970 4846 2086 4897 ullo

319 4936 627 4998 remedii
664 4936 807 5001 loco,
844 4934 1123 4987 habeatur
1151 4934 1562 4986 condemnatus
1604 4938 1818 4985 aeterno
1845 4931 2083 5001 judicio.

704 5041 831 5094 CAP.
879 5039 1078 5093 XXVII.
1114 5069 1179 5078 —
1204 5043 1276 5093 De
1304 5039 1551 5106 ﬁdelibus
1572 5054 1778 5105 regum.

408 5136 556 5207 (Ea:
596 5127 837 5196 eodem.)
873 5126 1119 5181 Proinde
1164 5127 1411 5180 decrevit
1456 5126 1762 5180 concilium
1806 5130 2083 5186 sanctum.

318 5238 573 5281 omnes
613 5216 723 5286 qui
770 5232 876 5286 pro
924 5214 1082 5269 ﬁdeli
1115 5214 1411 5284 obsequio,
1464 5219 1519 5267 et
1567 5215 1785 5268 sincero
1833 5214 2085 5282 servitio,

311 5305 801 5371 voluntatibus,
837 5303 921 5356 vel
948 5303 1121 5373 jussis
1160 5303 1457 5372 paruerint
1504 5302 1798 5373 principis,
1855 5307 2086 5371 totaque

312 5398 714 5459 intentione
775 5392 974 5444 salutis
1025 5392 1149 5460 ejus
1202 5390 1535 5456 custodiam,
1594 5391 1681 5445 vel
1732 5389 2086 5459 vigilantiam

309 5483 703 5549 habuerint
732 5479 917 5548 regni,
980 5495 1013 5532 a
1066 5477 1488 5531 successoribus
1547 5493 1651 5530 nec
1698 5494 1731 5530 a
1786 5477 2083 5546 dignitate,

312 5596 443 5637 nec
472 5594 515 5629 ιι
554 5568 753 5626 rebus
786 5566 1040 5637 pristinis
1087 5582 1257 5620 causa
1283 5564 1636 5635 repellantur
1680 5565 1927 5635 injuste:
1990 5565 2087 5618 sed

2205 4390 2358 4443 mino
2391 4390 2447 4442 in
2479 4406 2647 4443 omne
2682 4391 2831 4459 quod
2862 4391 2981 4460 agit
3011 4395 3067 4443 et
3112 4391 3366 4458 loquitur
3417 4406 3593 4460 purus
3630 4408 3747 4444 non
3791 4396 3895 4445 est.

2202 4478 2314 4547 Ego
2345 4483 2534 4531 autem
2569 4477 2835 4546 indignus
2867 4478 3092 4547 pietatis
3132 4484 3331 4530 vestrae
3362 4477 3630 4543 famulus,
3675 4478 3733 4531 in
3795 4479 3900 4532 hac

2200 4565 2563 4634 suggestione
2595 4580 2739 4629 mea,
2763 4580 2947 4633 neque
2979 4570 3038 4616 ut
3060 4566 3355 4633 episcopus
3388 4582 3571 4634 neque
3606 4570 3665 4618 ut
3706 4582 3899 4619 servus

2191 4654 2319 4721 jure
2375 4651 2703 4721 reipublicae
2757 4651 3007 4720 scdjure
3046 4651 3280 4721 privatm
3335 4653 3553 4721 loquor,
3633 4654 3768 4723 quia
3810 4671 3896 4707 se-

2198 4738 2497 4791 renissima
2555 4738 2807 4804 domine,
2895 4746 2952 4791 et
3026 4740 3124 4792 illo
3172 4739 3295 4808 jam
3378 4745 3637 4810 tempore
3721 4742 3902 4794 domi-

2199 4843 2305 4880 nus
2355 4843 2515 4880 meus
2556 4826 2729 4892 fuisti,
2785 4827 3011 4896 quando
3068 4827 3253 4881 adhuc
3303 4828 3573 4882 dominus
3638 4831 3897 4883 omnium

2199 4931 2312 4968 non
2340 4931 2481 4968 eras.
2532 4915 2631 4968 Illa
2687 4917 3134 4984 praepositorum
3192 4916 3517 4971 sollicitudo
3567 4918 3743 4983 utilis,
3796 4919 3892 4971 illa

2198 5009 2280 5056 est
2333 5003 2553 5057 cautela
2607 5003 2928 5069 laudabilis,
2992 5004 3053 5056 in
3112 5021 3224 5074 qua
3286 5010 3471 5059 totum
3552 5007 3698 5060 ratio
3748 5008 3888 5077 agit,

2198 5099 2255 5146 et
2283 5092 2440 5144 furor
2507 5091 2613 5145 sibi
2667 5091 2746 5144 nil
2800 5092 3066 5146 vindicat.
3118 5093 3535 5161 Bestringenda
3592 5110 3727 5164 ergo
3786 5096 3891 5148 sub

2196 5180 2418 5233 ratione
2474 5186 2724 5249 potestas
2771 5184 2985 5234 estnec
3042 5182 3352 5250 quidquam
3379 5181 3667 5251 agendum
3736 5183 3899 5251 prius

2198 5284 2367 5334 quam
2426 5268 2707 5321 concitata
2790 5269 2858 5323 ad
2913 5269 3384 5339 tranquillitatem
3455 5286 3616 5321 mens
3680 5270 3895 5324 redeat.

2197 5356 2335 5408 Nam
2369 5354 2768 5410 commotionis
2814 5361 3095 5425 tempore,
3137 5357 3358 5426 justum
3405 5361 3563 5426 putat
3614 5357 3699 5413 ira
3740 5359 3897 5429 quod

2196 5443 2411 5497 fecerit.
