3944 6454
253 342 356 393 903

1321 339 1723 395 BURCHARDI
1766 339 2297 397 WORMAGIENSIS
2335 340 2677 397 EPISCOPI.

3670 347 3772 400 904

252 465 379 517 CAP.
411 464 557 518 XXX.
584 492 654 501 —
684 461 841 527 Quod
866 463 995 536 laici
1022 462 1383 536 presbyteros,
1424 466 1521 531 qui
1548 465 1796 536 ecclesias
1824 464 1945 518 ilio-
1978 466 2024 518 A
2063 464 2379 520 oIfendunt.
2429 464 2882 519 Gubernationes
2928 464 2990 518 in
3028 464 3382 536 quotidianis
3432 466 3562 521 vitae
3617 484 3769 522 com-

322 550 443 587 rum
484 538 679 601 tenent,
702 548 809 587 non
839 533 995 586 aliud
1016 550 1181 601 quam
1204 534 1455 589 divinum
1492 534 1739 605 ofﬁcium
1773 538 1956 603 facere

320 610 619 745 Eglg'ailictis
664 675 836 742 Aug.)
868 674 1173 730 Admoneo
1204 691 1324 740 vos,
1358 674 1738 743 dilectissimi,
1772 677 1954 730 Deum

249 762 473 830 timere,
498 763 819 816 sacerdotes
850 764 1153 831 honorare,
1197 763 1503 818 reddentes
1550 763 1633 819 eis
1693 764 1953 819 debitum

249 852 585 919 sanctitatis,
617 857 678 906 ut
708 851 866 906 vobis
890 853 1295 921 adjuvantibus
1316 852 1425 923 ipsi
1448 853 1841 907 inconturbati
1866 871 1953 907 va-

246 941 402 996 leant
428 944 597 1011 atque
637 940 842 1007 securi,
898 941 1168 994 salutaria
1222 941 1557 1011 praedicare,
1594 946 1649 995 et
1693 944 1949 1010 regulam

250 1035 423 1101 atque
451 1030 709 1100 vigorem
743 1029 1188 1083 ecclesiasticum
1232 1045 1589 1095 conservare,
1636 1030 1717 1083 ita
1759 1031 1951 1084 clerici

247 1136 444 1174 omnes
474 1118 591 1172 suis
616 1119 944 1189 subjaceant
987 1118 1289 1189 episcopis,
1318 1124 1375 1172 et
1434 1118 1504 1172 ab
1560 1118 1673 1172 illis
1704 1118 1949 1172 docean-

247 1213 361 1262 tur.
394 1208 747 1278 Praeceptum
782 1206 995 1278 quippe
1027 1211 1113 1261 est
1142 1224 1172 1261 a
1203 1207 1447 1261 Domino
1482 1222 1495 1261 :
1539 1207 1778 1261 Reddite
1819 1223 1948 1278 quae

251 1302 383 1351 sunt
416 1296 670 1363 Caesaris,
699 1296 924 1363 Caesari,
958 1301 1015 1350 et
1039 1312 1167 1366 quas
1198 1301 1330 1349 sunt
1372 1295 1489 1361 Dei,
1535 1296 1670 1351 Deo.
1701 1297 1946 1364 Aposto-

242 1386 416 1440 licum
448 1372 800 1457 praeceptum
851 1384 1010 1439 vobis
1056 1385 1289 1450 mando,
1323 1389 1385 1438 ut
1427 1384 1619 1438 nullus
1676 1384 1947 1439 secularis

241 1475 511 1529 clericum
541 1475 602 1529 in
627 1491 795 1529 suum
834 1474 1044 1528 habeat
1073 1473 1437 1543 obsequium,
1486 1473 1582 1526 sed
1639 1473 1725 1526 illi
1783 1473 1945 1543 cujus

242 1564 601 1636 signaculum
628 1562 688 1617 in
718 1563 903 1633 capite
933 1561 1124 1629 habet,
1166 1566 1360 1615 mente
1408 1560 1690 1615 deserviat
1720 1566 1777 1615 et
1813 1577 1944 1615 cor-

240 1651 329 1717 de,
365 1652 638 1707 educatus
682 1651 739 1705 in
770 1650 858 1705 his
889 1666 1018 1721 quas
1043 1667 1073 1704 a
1106 1665 1208 1703 suo
1238 1649 1658 1720 praecipiuntur
1713 1648 1942 1720 episco-

239 1756 335 1811 po.
372 1739 712 1795 Detestabile
747 1743 832 1793 est
859 1738 1010 1792 enim
1059 1743 1114 1791 et
1141 1737 1406 1808 iniquum
1448 1753 1611 1808 Opus,
1641 1727 1942 1792 'clericum
1974 1749 2013 1804 Β

235 1828 297 1883 in
334 1829 494 1884 Judis
533 1827 801 1895 inveniri,
853 1832 952 1881 aut
980 1842 1110 1880 cum
1132 1824 1524 1895 accipitribus,
1550 1825 1639 1879 vel
1671 1826 1939 1880 venatio-

235 1916 406 1972 nibus
428 1917 636 1988 degere
664 1917 862 1984 vitam,
909 1914 1197 1985 tantisque
1229 1912 1467 1968 scenicis
1496 1914 1682 1968 causis
1712 1914 1939 1969 saucia-

235 2010 384 2069 tum,
411 2005 481 2061 ad
511 2004 903 2075 episcopatum
932 2007 1032 2056 aut
1052 2000 1496 2072 presbyterium,
1529 2003 1615 2056 vel
1650 2002 1935 2072 quibusli-

234 2092 333 2147 bet
360 2093 801 2148 sacerdotalibus
831 2089 1036 2145 ofiiciis
1093 2090 1381 2157 accedere,
1442 2106 1557 2143 non
1618 2090 1802 2158 bonis,
1836 2091 1933 2145 sed

234 2181 404 2235 malis
432 2180 582 2234 vitiis
620 2180 877 2250 plenum.
904 2177 1188 2248 Scriptum
1222 2194 1472 2249 namque
1527 2183 1614 2232 est
1644 2194 1657 2232 :
1693 2177 1801 2243 Qui
1855 2177 1937 2232 di-

234 2267 414 2338 ligitis
446 2267 777 2336 Dominum,
816 2266 967 2320 odite
1024 2268 1260 2320 malum.
1297 2267 1437 2321 Nam
1489 2271 1546 2320 et
1573 2266 1690 2321 ~hoc
1741 2267 1933 2321 horta-

233 2371 366 2409 mur
405 2353 895 2411 Christianitatem
959 2358 1230 2420 vestram,
1288 2358 1350 2408 ut
1393 2356 1557 2426 juxta
1603 2360 1932 2409 sanctorum

233 2459 520 2497 canonum
566 2443 851 2507 instituta,
907 2459 1014 2497 nec
1069 2442 1333 2497 Ecclesiis
1373 2460 1400 2496 a
1462 2443 1622 2498 vobis
1677 2442 1932 2498 fundatis

234 2531 467 2587 aliunde
492 2532 724 2587 veniens
772 2531 1072 2602 presbyter
1114 2532 1475 2602 suscipiatur,
1522 2532 1632 2586 nisi
1665 2548 1698 2585 a
1733 2536 1931 2585 vestras

233 2619 494 2675 Ecclesia:
551 2619 725 2674 fuerit
776 2618 1045 2690 episcopo
1094 2624 1478 2686 consecratus,
1541 2624 1639 2673 aut
1702 2636 1769 2673 eo
1825 2635 1931 2690 per

231 2708 729 2765 commendatitias
768 2708 985 2762 litteras
1025 2707 1388 2779 suscipiatur.
1421 2708 1581 2762 Multi
1610 2702 1764 2762 enim
1798 2708 1931 2761 sibi-

232 2797 492 2869 metipsis
519 2798 839 2865 mendaces,
869 2797 1159 2852 multoties
1190 2798 1337 2852 servi
1369 2797 1706 2868 cujusquam
1732 2796 1929 2865 fugam

229 2887 591 2958 arripientes,
638 2885 891 2940 dominis
956 2885 1073 2941 suis
1132 2885 1470 2956 semetipsos
1528 2885 1691 2957 quasi
1729 2902 1927 2940 conse-

229 2983 417 3031 cratos
464 2976 827 3048 presbyteros
858 2976 1224 3042 annuntiant,
1259 2975 1396 3029 dum
1446 2990 1565 3028 non
1608 2974 1741 3028 sint.
1783 2974 1928 3027 Sunt

230 3072 423 3123 autem
458 3064 708 3119 ministri
747 3063 959 3119 diaboli
991 3068 1048 3118 et
1083 3080 1203 3117 non
1234 3062 1353 3130 Dei,
1388 3067 1444 3119 et
1472 3061 1571 3133 qui
1607 3079 1704 3116 eos
1753 3062 1927 3116 susci-

226 3154 389 3226 piant
418 3152 724 3208 similiter:
763 3152 898 3224 quia
935 3151 1213 3222 scriptum
1244 3160 1328 3206 est
1367 3168 1380 3205 :
1432 3151 1671 3206 Videbas
1712 3150 1921 3221 furem,

227 3247 283 3297 et
311 3258 440 3297 cum
472 3258 539 3295 eo
568 3241 854 3309 currebas,
877 3246 982 3294 etc.

228 3332 356 3385 CAP.
393 3331 567 3385 XXXI.
607 3358 667 3369 —
724 3331 790 3384 Ut
825 3328 1015 3382 Judaei
1060 3342 1225 3451 stuper
1281 3327 1619 3384 Christianos
1656 3344 1764 3383 non
1816 3345 1924 3399 po-

961 3414 1073 3451 nan
1102 3414 1184 3451 ur.

961 3414 1184 3452 nuntur.

296 3489 404 3553 (Ea:
434 3487 657 3541 concilio
686 3485 968 3553 Meldensi,
995 3486 1174 3549 capite
1203 3483 1282 3551 3.)
1326 3484 1404 3538 Ne
1437 3483 1616 3539 Judaei
1672 3483 1918 3538 admini-

224 3574 490 3628 stratorio
520 3590 625 3627 usu
657 3572 760 3626 sub
822 3572 1024 3626 ordine
1080 3571 1397 3626 villicorum
1448 3576 1620 3642 atque
1663 3576 1919 3627 actorum

226 3660 602 3716 Christianam
631 3660 905 3715 familiam
936 3676 1135 3732 regere
1181 3660 1447 3727 audeant,
1501 3676 1606 3714 nec
1636 3661 1719 3714 eis
1753 3661 1861 3714 hoc
1889 3677 1922 3715 a

222 3765 515 3821 quoquam
546 3749 670 3804 ﬁeri
701 3750 1087 3820 praecipiatur.
1128 3749 1185 3804 Si
1239 3749 1369 3820 quis
1405 3765 1538 3803 vero
1572 3754 1769 3803 contra
1798 3749 1919 3803 haec

221 3853 391 3909 agere
411 3839 860 3910 praesumpserit,
890 3838 935 3892 si
966 3838 1284 3909 episcopus,
1318 3838 1640 3909 presbyter,
1671 3842 1769 3892 aut
1805 3837 1921 3892 dia-

221 3941 401 3980 conus
425 3927 618 3994 fuerit,
660 3927 896 3998 proprio
929 3930 1356 3980 summoveatur
1409 3926 1587 3996 gradu
1625 3941 1637 3979 :
1688 3925 1736 3979 si
1784 3942 1918 3981 vero

221 4014 536 4068 monachus
565 4014 760 4082 fuerit,
800 4014 1210 4068 communione
1235 4013 1509 4084 privetur.
1550 4013 1826 4068 Similiter
1863 4018 1920 4069 et

218 4101 416 4157 laicus.
461 4104 525 4157 Et
575 4102 624 4157 si
673 4102 1159 4174 perseveraverint
1223 4101 1640 4169 inobedientes,
1686 4102 1919 4158 anathe-

220 4190 581 4247 matizentur.

218 4279 347 4333 CAP.
379 4279 575 4335 XXXII.
608 4309 678 4319 -—
702 4276 1074 4359 Quodsaucta
1104 4277 1344 4359 Ecclesia
1373 4292 1541 4332 unum
1569 4277 1789 4333 Patrem
1815 4279 1913 4333 ha-
1945 4304 1988 4359 υ

857 4350 977 4404 beat
1006 4352 1065 4403 in
1092 4350 1258 4403 caelis.

286 4439 395 4509 (Ea:
423 4440 646 4495 concilio
683 4438 968 4507 Cabillon.,
998 4439 1177 4508 capite
1201 4437 1308 4509 5i.)
1341 4437 1484 4503 Quia
1514 4454 1652 4509 ergo
1693 4443 1916 4494 constat

211 4524 271 4581 in
301 4528 543 4583 Ecclesia
584 4529 938 4584 diversarum
988 4527 1385 4582 conditionum
1451 4526 1715 4581 homines
1769 4544 1912 4595 esse,

215 4621 277 4670 ut
305 4624 437 4671 sunt
466 4617 705 4684 nobiles,
739 4623 797 4672 et
824 4616 1127 4688 ignobiles,
1164 4615 1331 4683 servi,
1377 4615 1587 4686 coloni,
1616 4615 1910 4686 inquilini,

214 4710 269 4758 et
295 4706 854 4776 caeteraliujusmodi
901 4705 1156 4773 nomina,
1188 4709 1431 4775 oportet,
1479 4708 1543 4759 ut
1583 4705 1913 4775 quicunque

213 4793 294 4847 eis
332 4794 555 4864 prmlati
601 4799 751 4861 sunt,
796 4792 1010 4859 clerici,
1057 4793 1172 4846 sive
1211 4793 1359 4860 laici,
1411 4792 1724 4847 clementer
1776 4808 1914 4863 erga

213 4887 558 4952 eos,agant,
606 4886 662 4935 et
719 4881 1160 4936 misericorditer
1207 4898 1304 4935 eos
1358 4885 1621 4947 tractent,
1680 4881 1795 4934 sive
1850 4882 1911 4935 in

212 4970 509 5040 exigendis
538 4970 610 5024 ab
635 4970 715 5023 eis
771 4970 1061 5041 operibus,
1112 4968 1228 5025 sive
1284 4969 1344 5023 in
1399 4969 1745 5040 accipiendis
1806 4969 1909 5023 tri-

204 5055 381 5123 butis,
416 5061 471 5110 et
515 5056 861 5128 quibusdam
919 5056 1147 5122 debitis,
1202 5057 1499 5127 sciantque
1548 5073 1644 5111 eos
1706 5056 1909 5111 fratres

208 5162 339 5200 suos
369 5161 511 5216 esse,
558 5150 616 5199 et
646 5161 826 5199 unum
882 5151 1103 5216 patrem
1161 5145 1371 5200 habere
1428 5146 1630 5213 Deum,
1682 5145 1775 5199 cui
1831 5145 1910 5199 sic

205 5236 499 5291 clamant:
533 5236 701 5289 Pater
745 5241 941 5290 noster
973 5235 1073 5306 qui
1122 5251 1179 5288 es
1237 5235 1296 5288 in
1338 5235 1511 5298 cmlis,
1568 5250 1746 5288 unam
1784 5250 1907 5288 ma-

204 5328 353 5378 trem
383 5328 634 5378 sanctam
676 5324 1003 5390 Ecclesiam,
1036 5340 1165 5394 qua:
1212 5340 1311 5377 eos
1359 5325 1702 5378 intemerato
1762 5322 1908 5376 sacri

205 5412 375 5466 fontis
408 5419 568 5467 utero
598 5412 800 5484 gignit.
864 5413 1177 5483 Disciplina
1227 5412 1407 5480 igitur
1445 5411 1526 5465 eis
1577 5411 1906 5464 misericor-

204 5500 456 5568 dissima,
514 5508 569 5555 et
616 5504 956 5572 gubernatio
1013 5507 1342 5573 opportuna
1402 5500 1731 5554 adhibenda
1799 5505 1901 5554 est.

205 5586 531 5657 Disciplina:
558 5588 619 5644 in
653 5591 955 5662 disciplina
992 5596 1049 5645 te
1092 5589 1356 5656 vivendo,
1394 5593 1687 5644 auctorem
1735 5604 1905 5643 suum

2066 553 2351 607 meatibus
2406 553 2779 624 prtelatorum
2837 553 3188 609 adminiculo
3269 555 3557 610 destitutae
3640 557 3769 611 fati-

2064 647 2247 696 scunt.

2065 748 2190 803 CAP.
2215 750 2446 804 XXXIII.
2467 779 2535 791 —
2549 752 2620 804 De
2640 751 2732 803 illo
2754 752 2851 819 qui
2866 766 2967 875 Ξ)ζο
2988 751 3253 805 catholica
3266 751 3375 820 fide
3392 753 3769 808 tribulationes

2791 836 2863 875 pa
2894 838 2911 874 ι
2939 837 3022 875 ur.

2787 836 3022 890 paritur.

2131 910 2240 978 (E1:
2268 910 2488 963 concilio
2529 909 2836 977 Carthagi.,
2885 913 3062 979 capite
3107 910 3216 980 43.)
3250 910 3636 965 Christianum
3669 928 3768 965 ca-

2058 995 2357 1063 tholicum,
2399 996 2501 1067 qui
2531 1013 2636 1066 pro
2667 998 2946 1051 catholica
2976 998 3109 1065 ﬁde,
3143 1002 3198 1052 et
3228 1015 3335 1068 pro
3375 999 3767 1054 ecclesiasticis

2058 1084 2251 1150 rebus,
2283 1090 2339 1138 et
2365 1085 2689 1139 Christiana
2726 1086 3008 1155 religione
3067 1086 3462 1140 tribulationes
3522 1088 3762 1157 patitur,

2057 1172 2217 1225 omni
2261 1172 2481 1227 honore
2512 1190 2545 1226 a
2593 1173 2983 1228 sacerdotibus
3012 1174 3435 1241 honorandum,
3491 1175 3665 1228 etiam
3705 1180 3766 1229 et

2057 1276 2159 1332 per
2178 1260 2487 1315 diaconum
2518 1261 2698 1315 victus
2727 1262 2779 1315 ei
2805 1262 3185 1317 ministretur.

2056 1367 2185 1422 CAP.
2210 1368 2432 1424 XXXIV.
2451 1399 2518 1407 -—
2536 1370 2614 1421 De
2634 1369 2956 1436 haerentibus,
2981 1374 3029 1423 si
3039 1369 3200 1438 jussu
3231 1371 3504 1424 testutoris
3528 1386 3635 1424 non
3662 1372 3763 1425 im-

2381 1440 2668 1508 pleverim,
2698 1444 2760 1493 ut
2792 1442 3071 1509 episcopus
3097 1441 3415 1508 adimpleat.

2124 1528 2232 1597 (Ea:
2261 1529 2482 1582 concilio
2543 1530 2814 1599 Mogunt,
2869 1531 3144 1598 capitel.)
3205 1528 3263 1583 Si
3319 1528 3575 1583 baeredes
3599 1529 3763 1599 jussa

2053 1616 2339 1670 testatoris
2370 1633 2484 1670 non
2518 1616 2979 1687 adimpleverint,
3024 1617 3095 1672 ab
3152 1617 3419 1688 episcopo
3450 1618 3560 1671 loci
3600 1618 3762 1672 illius

2052 1704 2241 1759 omnis
2269 1721 2380 1773 res,
2413 1722 2542 1776 quae
2570 1706 2660 1759 his
2690 1706 2885 1760 relicta
2904 1711 3005 1771 est,
3042 1707 3315 1761 canonice
3354 1706 3759 1774 interdicatur,

2051 1808 2181 1848 cum
2243 1793 2543 1859 fructibus,
2585 1794 2809 1848 casteris
2848 1794 3297 1864 .emolumentis,
3358 1801 3418 1850 ut
3472 1800 3605 1851 vota
3655 1795 3761 1850 de-

2046 1881 2226 1937 functi
2254 1883 2626 1953 impleantur.

2047 1988 2174 2043 CAP.
2202 1989 2400 2043 XXXV.
2438 2019 2500 2031 -—
2534 1991 2601 2044 Ut
2625 1990 2757 2043 laici
2800 1993 3048 2058 quamvis
3094 1991 3336 2058 religiosa
3387 1993 3761 2047 ecclesiastica

2669 2076 2775 2114 non
2805 2061 3116 2129 disponant.

2117 2147 2226 2216 (Ea:
2251 2148 2449 2216 eodem,
2509 2150 2688 2217 capite
2743 2152 2819 2215 5.)
2870 2148 3072 2214 Laicis,
3129 2148 3392 2220 quamvis
3441 2149 3754 2220 religiosis,

2040 2236 2200 2289 nullo
2231 2235 2399 2289 modo
2430 2235 2500 2289 de
2522 2234 2919 2289 ecclesiasticis
2949 2235 3315 2290 facultatibus
3361 2236 3581 2307 aliquid
3626 2237 3756 2292 dis-

2039 2323 2294 2392 ponendi
2337 2340 2592 2395 unquam
2622 2324 2967 2377 attribuatur
2994 2325 3250 2378 facultas.

2042 2411 2168 2465 CAP.
2191 2412 2406 2465 XXXVI.
2427 2440 2496 2452 —
2517 2414 2589 2465 De
2605 2413 2717 2466 illis
2740 2415 2837 2481 qui
2855 2426 2939 2465 res
2971 2412 3225 2466 Ecclesia
3247 2428 3279 2465 a
3299 2412 3518 2479 regibus
3534 2419 3747 2482 petunt.

2112 2502 2222 2566 (Ea:
2281 2500 2503 2553 concilio
2546 2500 2911 2566 Lugdunensi,
2945 2504 3123 2569 capite
3164 2499 3277 2569 ll.)
3301 2500 3408 2564 Qui
3440 2517 3528 2554 res
3560 2503 3749 2557 Eccle-

2038 2586 2134 2640 siae
2174 2590 2438 2657 petunta
2486 2586 2738 2656 regibus,
2774 2593 2831 2640 et
2882 2587 3187 2642 horrendas
3245 2588 3573 2658 cupiditatis
3628 2590 3749 2645 im-

2037 2676 2208 2745 pulsu
2237 2674 2532 2744 egentium
2554 2675 2933 2728 substantiam
2959 2676 3214 2745 rapiunt,
3261 2676 3422 2730 irrita
3486 2677 3749 2732 habean-

2040 2773 2134 2817 tur
2163 2779 2291 2833 quas
2323 2763 2607 2829 obtinent,
2642 2768 2698 2817 et
2727 2780 2760 2817 a
2788 2764 3195 2817 communione
3244 2765 3521 2831 Ecclesiae,
3581 2767 3751 2836 cujus

2035 2852 2368 2905 facultatem
2406 2850 2631 2904 auferre
2679 2850 2942 2920 cupiunt,
2987 2851 3381 2905 excludantur.

2035 2956 2164 3012 CAP.
2197 2957 2443 3011 XXXVII.
2476 2986 2541 2996 —
2568 2956 2649 3009 De
2692 2971 2769 3022 eo,
2805 2957 2856 3009 si
2904 2958 3182 3024 episcopus
3230 2958 3671 3025 ecclesiasticum,
3695 2963 3751 3012 et

2177 3042 2369 3092 comes,
2417 3028 2655 3081 scculare
2680 3028 2947 3094 placitum
2976 3042 3087 3080 una
3117 3028 3204 3080 die
3232 3027 3593 3080 condimerint.

2105 3116 2227 3184 (Ea:
2257 3116 2480 3170 concilio
2516 3115 2781 3179 Triburi.,
2804 3117 2891 3168 cui
2919 3116 3173 3180 interfuit
3229 3130 3328 3168 rem
3400 3116 3745 3184 Arnolphus,

2033 3206 2212 3272 capite
2239 3205 2315 3271 9.)
2339 3204 2479 3257 Cum
2514 3208 2706 3256 autem
2740 3201 3039 3272 episcopus
3079 3202 3383 3255 Ecclesiam
3420 3218 3452 3255 a
3492 3203 3746 3257 Domino

2034 3294 2150 3347 Deo
2200 3292 2307 3347 sibi
2348 3293 2708 3346 commissam
2760 3307 2982 3361 regens,
3042 3292 3435 3361 episcopatum
3491 3278 3744 3345 circum-

2032 3381 2222 3436 eundo
2279 3380 2611 3450 perrexerit,
2674 3383 2732 3434 et
2795 3379 3068 3450 placitum
3119 3378 3392 3433 canonice
3459 3382 3744 3433 constitu-

2029 3473 2156 3524 tum
2217 3468 2550 3535 decreverit,
2602 3469 3000 3538 populumque
3052 3467 3159 3520 sibi
3217 3467 3590 3521 commissum
3638 3469 3744 3523 illo

2029 3557 2378 3626 invitaverit,
2401 3562 2575 3628 atque
2609 3572 2800 3611 comes
2832 3556 3030 3611 eadem
3078 3556 3170 3610 die
3217 3556 3397 3610 sciens
3458 3556 3743 3626 placitum

2028 3646 2099 3701 ab
2130 3647 2395 3717 episcopo
2442 3645 2787 3713 condictum,
2829 3645 2916 3699 vel
2946 3645 3206 3698 nesciens
3259 3643 3533 3715 placitum
3602 3661 3742 3700 cum

2029 3737 2243 3805 populo
2270 3751 2375 3788 suo
2414 3733 2749 3800 condixerit,
2783 3738 2839 3787 et
2870 3734 3063 3787 hanno
3094 3733 3230 3787 illuc
3273 3732 3468 3786 venire
3516 3749 3741 3802 praece-

2027 3824 2198 3894 perit,
2239 3823 2512 3894 placitum
2540 3823 2764 3877 comitis
2810 3839 3009 3877 omnes
3059 3827 3430 3899 postponant,
3458 3826 3514 3876 et
3542 3839 3741 3877 comes

2026 3912 2169 3983 ipse,
2200 3912 2471 3983 idemque
2526 3912 2777 3982 populus
2806 3916 2933 3982 post
2964 3911 3296 3982 episcopum
3342 3911 3546 3964 festine
3609 3927 3739 3981 per-

2027 4006 2185 4072 gant,
2237 4000 2479 4054 scientes
2534 4017 2593 4053 se
2646 4016 2765 4054 non
2842 3999 2963 4053 illic
3022 3999 3293 4053 seditiosa
3365 4000 3739 4055 contentione

2028 4090 2341 4155 decertare,
2395 4088 2495 4143 sed
2548 4105 2651 4159 pro
2727 4088 2841 4143 ﬁde
2898 4088 3176 4142 catholica
3232 4088 3553 4157 invigilare,
3613 4104 3735 4143 non

2026 4177 2323 4231 cumulum
2368 4176 2737 4247 pecuniarum
2787 4176 2882 4230 sed
2926 4176 3148 4230 lucrum
3213 4191 3561 4246 congregare
3600 4175 3737 4228 ani-

2028 4281 2275 4320 marum.
2313 4265 2468 4319 Unde
2524 4266 2585 4318 in
2621 4267 2820 4319 eadem
2874 4264 3027 4318 beati
3081 4263 3390 4320 Clementis
3442 4263 3731 4334 epistola:

2027 4354 2309 4420 Vestrum,
2334 4351 2434 4423 qui
2465 4352 2756 4422 legatione
2788 4352 3016 4406 Domini
3043 4352 3376 4422 fungimini,
3405 4356 3489 4405 est
3521 4351 3733 4406 docere

2026 4442 2313 4512 populos:
2347 4457 2547 4495 eorum
2582 4457 2712 4495 vero
2761 4446 2866 4503 est,
2898 4440 3059 4495 vobis
3101 4440 3334 4494 obedire
3379 4439 3440 4493 in
3490 4441 3621 4494 Deo.
3661 4440 3733 4494 Et

2024 4531 2084 4584 in
2111 4529 2354 4600 epistola
2409 4529 2715 4584 Alexandri
2773 4545 2938 4600 papae
2992 4528 3303 4583 successori
3353 4527 3627 4582 Evaristi:
3664 4528 3731 4583 Si

2025 4619 2152 4689 quis
2178 4622 2370 4672 autem
2391 4617 2739 4687 legationem
2767 4622 3013 4672 vestram
3060 4617 3323 4687 impedit,
3368 4632 3485 4670 non
3524 4615 3723 4679 unius,

2023 4706 2121 4761 sed
2151 4707 2471 4761 multorum
2494 4706 2819 4775 profectum
2849 4706 3069 4759 avertit.
3106 4707 3172 4759 Et
3205 4704 3355 4758 sicut
3392 4704 3588 4758 multis
3620 4721 3729 4758 no-

2022 4799 2131 4863 cet,
2159 4796 2237 4848 ita
2266 4811 2299 4848 a
2326 4794 2522 4848 multis
2545 4798 2631 4847 est
2660 4794 2989 4864 arguendus
3024 4809 3036 4847 :
3062 4797 3118 4847 et
3149 4792 3281 4863 quia
3340 4791 3439 4846 Dei
3488 4808 3725 4847 causam

2020 4882 2262 4954 impedit
2291 4887 2350 4936 et
2385 4886 2597 4936 statum
2630 4881 2893 4936 Ecclesiae
2945 4881 3267 4947 conturbat,
3300 4880 3429 4935 ideo
3480 4896 3514 4933 a
3567 4879 3724 4934 limi-

2020 4972 2187 5027 nibus
2217 4972 2338 5042 ejus
2376 4976 2656 5025 arceatur.
2690 4971 3055 5041 Quapropter
3091 4970 3288 5023 nullus
3335 4984 3549 5035 comes,
3589 4969 3727 5022 nul-

2019 5060 2223 5131 Iusque
2248 5060 2453 5131 judex,
2486 5060 2679 5113 nullus
2711 5060 2947 5113 omnino
2978 5058 3041 5112 in
3070 5058 3358 5124 clericatu,
3413 5059 3500 5111 vel
3557 5074 3729 5113 secu-

2019 5147 2125 5201 lari
2155 5146 2350 5200 habitu
2386 5146 2748 5212 constitutus,
2816 5145 3103 5216 legatione
3163 5144 3566 5216 episcoporum
3610 5144 3727 5198 im-

2018 5235 2231 5306 pediat,
2263 5235 2353 5288 vel
2401 5235 2742 5288 conturbare
2790 5239 3119 5305 praesumat.
3168 5235 3239 5288 Ut
3280 5238 3475 5288 autem
3522 5233 3731 5287 unani-

2018 5324 2187 5378 mitas
2235 5328 2291 5377 et
2320 5323 2624 5377 concordia
2672 5322 2745 5376 sit
2805 5323 2958 5376 inter
3000 5323 3301 5393 episcopos
3353 5326 3412 5376 et
3462 5319 3725 5390 comites,

2017 5412 2250 5482 placuit,
2287 5416 2347 5464 ut
2375 5411 2420 5464 si
2455 5412 2584 5482 quis
2624 5411 2926 5481 episcopus
2966 5411 3123 5464 domi
3166 5410 3418 5463 residens
3475 5426 3726 5463 conven-

2017 5506 2142 5554 tum
2168 5500 2371 5571 populi
2397 5516 2516 5554 esse
2538 5500 2800 5563 voluerit,
2865 5503 2922 5553 et
2960 5516 3173 5565 comes,
3230 5499 3609 5552 nihilominus
3663 5499 3727 5552 in

2016 5589 2145 5660 ipsa
2227 5589 2423 5644 eadem
2503 5588 2595 5643 die
2651 5588 2927 5658 placitum
3024 5588 3364 5656 condixerit,
3457 5588 3722 5642 etfectum
