3944 6402
75 369 178 419 905

890 363 1361 419 DECRETORUM
1408 364 1589 420 LIBRI
1631 364 1732 418 XX.
1775 395 1843 406 —
1885 365 2095 421 LIBER
2137 364 2439 420 DECIMUS
2477 365 2797 430 QUINTUS.

3498 370 3601 424 906

73 484 338 539 obtineat
368 484 471 556 qui
500 484 665 557 prior
711 485 1083 541 indicaverat.
1143 486 1308 541 Salva
1358 492 1552 542 tamen
1594 487 1791 558 digni—
1821 490 1863 542 A
1906 488 2148 557 alicujus
2197 503 2260 540 ex
2291 503 2545 557 paupere
2582 486 2786 540 divites
2816 486 2970 553 facit,
3006 491 3064 542 et
3096 488 3252 559 quod
3292 490 3458 560 juxta
3504 507 3605 561 po-

73 579 214 640 tate,
248 579 307 627 et
336 580 621 645 potestate
651 574 926 646 episcopi.

220 663 350 716 CAP.
386 663 661 717 XXXVIII.
698 694 767 702 —
799 665 877 717 De
900 664 1118 731 regibus
1153 664 1280 718 bene
1316 663 1645 729 regentibus.

150 750 262 819 (Em
310 751 477 805 dictis
532 752 591 807 S.
648 752 869 821 Isidor.)
923 752 1068 816 Quia
1123 753 1277 805 intra
1328 754 1584 806 secutum
1644 753 1791 807 bene

74 840 767 909 temporaliterimperat,
799 841 921 893 sine
950 841 1065 894 line
1089 841 1147 894 in
1176 847 1521 912 perpetuum
1567 848 1789 911 regnat,

75 933 135 980 et
167 928 236 980 de
267 928 451 998 gloria
481 929 657 982 seculi
688 929 879 998 hujus,
915 929 984 983 ad
1007 935 1280 983 aeternam
1304 935 1617 984 transmeat
1665 931 1791 1000 glo-

76 1017 248 1069 riam.
277 1016 389 1081 Qui
420 1033 555 1070 vero
584 1033 758 1088 prave
806 1034 1053 1087 regnum
1080 1024 1362 1084 exercent,
1413 1024 1539 1088 post
1578 1024 1792 1072 vestem

78 1104 420 1172 fulgentem,
463 1111 521 1158 et
548 1105 772 1159 lumina
818 1105 1174 1176 lapillorum,
1225 1106 1367 1160 nudi
1413 1112 1470 1161 et
1508 1106 1702 1160 miseri
1721 1107 1791 1161 ad

76 1192 306 1246 inferna
336 1194 647 1264 torquendi
694 1195 1047 1249 descendunt
1078 1210 1297 1265 regesa
1353 1202 1502 1250 recte
1568 1195 1792 1265 agendo

76 1281 265 1334 vocati
298 1288 455 1348 sunt,
485 1282 733 1353 ideoque
763 1288 912 1337 recte
934 1283 1198 1337 faciendo
1218 1284 1367 1353 regis
1394 1299 1608 1336 nomen
1638 1289 1793 1337 tene-

79 1375 197 1436 tur,
223 1370 519 1440 peccando
550 1371 851 1427 amittitur.
886 1373 1027 1425 Nam
1050 1376 1106 1425 et
1120 1372 1271 1425 viros
1293 1378 1516 1425 sanctos
1547 1372 1790 1442 proinde

78 1475 243 1529 reges
266 1459 463 1513 vocari
492 1460 553 1513 in
599 1460 772 1514 sacris
805 1461 1068 1531 eloquiis,
1120 1476 1188 1513 eo
1221 1461 1373 1530 quod
1402 1465 1554 1513 recte
1594 1464 1787 1530 agant,

77 1564 399 1619 sensusque
439 1549 700 1619 proprios
739 1550 884 1603 bene
914 1553 1138 1620 regant,
1168 1554 1225 1603 et
1277 1553 1465 1602 motus
1496 1548 1586 1602 his
1646 1548 1789 1602 resi-

76 1644 295 1690 stentes
326 1637 436 1691 sibi
464 1638 798 1691 rationabili
831 1639 1174 1693 discretione
1217 1641 1583 1706 componant.
1619 1638 1788 1691 Recte

74 1725 255 1795 igitur
281 1725 365 1779 illi
388 1741 552 1795 reges
581 1732 874 1793 vocantur,
909 1726 1010 1797 qui
1038 1732 1156 1779 tam
1195 1726 1551 1795 semetipsos,
1612 1741 1784 1795 quam

73 1815 368 1884 subjectos
416 1814 562 1869 bene
615 1816 866 1885 regendo
926 1814 1258 1869 moditicare
1292 1820 1594 1867 noverunt.
1643 1814 1785 1878 Qui-

74 1903 210 1957 dam
236 1904 429 1973 ipsum
467 1920 673 1957 nomen
698 1904 1013 1974 regiminis,
1045 1905 1114 1958 ad
1146 1904 1563 1957 immanitatem
1604 1908 1787 1956 trans-

75 1998 313 2046 vertunt
354 1993 746 2047 crudelitatis:
799 1994 1052 2064 dumque
1084 1993 1154 2047 ad
1201 1993 1429 2046 culmen
1494 1992 1789 2062 potestatis

76 2081 365 2145 venerint,
412 2082 471 2135 in
526 2081 870 2151 apostasiam
922 2082 1114 2135 statim
1164 2081 1456 2147 labuntur,
1513 2085 1789 2150 tantoque

74 2186 130 2224 se
162 2175 402 2224 tumore
437 2170 649 2224 mentis
703 2171 1004 2236 extollunt,
1050 2174 1114 2224 ut
1143 2174 1378 2223 cunctos
1414 2169 1673 2223 subditos
1728 2168 1789 2221 in

75 2257 160 2311 sui
190 2256 631 2327 comparatione
662 2257 998 2327 despiciant,
1033 2272 1246 2328 eosque
1277 2256 1487 2327 quibus
1544 2271 1789 2326 praeesse

74 2345 346 2415 contigit,
378 2362 497 2399 non
527 2352 861 2415 agnoscant.
894 2346 1113 2411 Quibus
1142 2361 1393 2415 congrue
1443 2361 1545 2415 per
1604 2345 1787 2398 Eccle-

75 2438 290 2489 siasten
351 2434 605 2488 dicitur:
673 2435 882 2489 Ducem
930 2439 986 2488 te
1040 2433 1330 2499 constitui,
1389 2433 1511 2486 noli
1570 2432 1784 2487 extolli.

78 2525 224 2578 Dum
267 2522 477 2577 mundi
527 2539 689 2593 reges
749 2539 807 2575 se
846 2521 1066 2576 casteria
1097 2521 1465 2576 sublimiores
1511 2522 1785 2589 sentiunt,

78 2614 357 2667 mortales
388 2618 585 2666 tamen
614 2628 672 2665 se
717 2628 841 2665 esse
868 2616 1214 2681 cognoscant
1247 2626 1392 2665 :nec
1447 2610 1611 2681 regni
1660 2612 1789 2681 glo-

78 2703 243 2767 riam,
275 2700 382 2771 qui
412 2701 472 2754 in
502 2701 693 2755 seculo
725 2700 1127 2768 sublimantur,
1180 2702 1477 2769 aspiciant,
1516 2699 1612 2752 sed
1645 2714 1788 2768 opus

78 2792 225 2861 quod
264 2805 466 2844 secum
498 2789 569 2843 ad
599 2790 813 2843 inferos
844 2789 1171 2860 deportant,
1218 2788 1538 2842 intendant.
1572 2787 1628 2842 Si
1649 2803 1787 2857 ergo

78 2879 363 2933 carebunt
382 2878 557 2947 hujus
587 2877 860 2948 temporis
889 2877 1093 2948 gloria,
1118 2877 1213 2930 illa
1272 2882 1467 2946 agant,
1492 2891 1621 2946 quas
1659 2878 1790 2945 post

77 2967 249 3021 finem
279 2967 411 3019 sine
460 2966 576 3020 ﬁne
615 2966 964 3036 possideant.
1018 2966 1166 3019 Dum
1220 2965 1529 3035 Apostolus
1592 2962 1786 3016 dicat:

1902 582 2164 631 testatem
2200 595 2233 631 a
2283 576 2511 645 populis
2545 580 2885 646 extorquere
2929 581 3174 645 poterat,
3247 594 3398 649 saepe
3430 580 3603 634 mise-

1901 666 2161 719 ricordiae
2230 664 2533 717 clementia
2591 665 2784 718 donat.
2847 664 3013 719 Dedit
3054 666 3203 719 Deus
3243 667 3605 738 principibus

1901 754 2268 823 praesulatum
2321 768 2423 823 pro
2454 752 2734 821 regimine
2764 753 3110 822 populorum
3156 770 3169 808 :
3210 759 3268 809 et
3340 756 3451 809 illis
3509 774 3607 811 eos

1901 857 2141 911 praeesse
2171 841 2372 907 voluit,
2416 856 2546 893 cum
2606 840 2815 910 quibus
2865 856 2979 894 una
3032 846 3115 895 est
3162 842 3244 896 eis
3308 846 3603 913 nascendi,

1900 929 2296 1000 moriendique
2323 928 2596 983 conditio.
2631 929 2903 982 Prodesse
2931 945 3069 999 ergo
3128 931 3300 986 debet
3378 936 3606 1004 populis

1899 1017 2274 1087 principatus,
2323 1033 2438 1071 non
2474 1032 2699 1083 nocere,
2758 1033 2864 1070 nec
2906 1017 3256 1074 dominando
3319 1038 3602 1091 premere,

1899 1106 1995 1160 sed
2027 1106 2534 1159 condescendendo
2567 1106 2892 1172 consulere;
2923 1111 2984 1159 ut
3027 1123 3156 1161 vere
3188 1108 3262 1163 sit
3305 1110 3444 1165 utile
3500 1112 3606 1167 hoc

1898 1194 2197 1264 potestatis
2228 1194 2476 1265 insigne,
2526 1196 2584 1248 et
2612 1194 2831 1248 donum
2866 1195 2963 1248 Dei
3008 1212 3113 1265 pro
3160 1197 3405 1253 tuitione
3439 1204 3605 1255 utan-

1898 1287 1991 1336 tur
2013 1283 2405 1337 membrorum
2437 1282 2665 1339 Christi.
2708 1283 2959 1337 Membra
2987 1284 3143 1338 enim
3186 1286 3419 1357 Christi,
3462 1289 3605 1345 ﬁde-

1896 1372 1977 1425 les
2010 1378 2143 1426 sunt
2172 1372 2373 1443 populi
2404 1389 2417 1427 :
2455 1390 2598 1444 quos
2647 1372 2785 1427 dum
2827 1389 2894 1426 ea
2933 1377 3208 1443 potestate
3247 1391 3422 1445 quam
3459 1378 3604 1432 acci-

1898 1461 2087 1532 piunt,
2119 1462 2333 1532 optime
2365 1468 2593 1532 regunt,
2628 1461 2840 1515 bonam
2897 1462 3097 1531 utique
3155 1463 3605 1521 vicissitudinem

1898 1550 2014 1603 Deo
2043 1549 2306 1620 largitori
2349 1550 2679 1603 restituunt.
2737 1551 2926 1604 Bonus
2953 1565 3049 1603 rex
3080 1550 3298 1605 facilius
3328 1554 3397 1605 ad
3432 1553 3604 1623 justi-

1897 1636 2037 1690 tiam
2067 1655 2099 1691 a
2129 1638 2335 1691 delicto
2370 1638 2708 1707 regreditur,
2738 1654 2912 1708 quam
2970 1638 3039 1691 de
3072 1639 3296 1709 justitia
3353 1642 3423 1694 ad
3457 1642 3605 1696 deli-

1898 1731 2055 1779 ctum
2106 1726 2492 1780 transfertur:
2559 1727 2629 1780 Ut
2669 1726 2896 1780 noveris
2949 1727 3057 1780 hoc
3103 1744 3224 1782 esse
3265 1745 3480 1797 casum,
3535 1731 3605 1784 il-

1897 1814 1997 1868 lud
2028 1815 2405 1885 propositum.
2442 1817 2505 1868 In
2536 1816 2832 1886 proposito
2882 1815 3006 1885 ejus
3054 1832 3174 1870 esse
3224 1817 3414 1888 debet,
3454 1836 3606 1874 nun-

1898 1920 2071 1974 quam
2104 1905 2297 1974 egredi
2328 1921 2359 1957 a
2406 1904 2644 1959 veritate
2680 1920 2693 1958 :
2731 1904 2882 1975 quod
2939 1904 2986 1957 si
3017 1922 3151 1959 casu
3195 1906 3443 1962 titubare
3468 1924 3605 1962 con-

1897 1992 2112 2063 tigerit,
2139 2009 2274 2047 mox
2298 2008 2617 2063 resurgere.

2254 2082 2380 2135 CAP.
2412 2081 2518 2135 XL.
2554 2111 2622 2119 —
2642 2083 2716 2134 De
2732 2082 3007 2150 patientia
3038 2097 3245 2149 regum.

1967 2172 2088 2235 (Ea:
2146 2170 2308 2224 dictis
2340 2170 2629 2239 ejusdem.)
2684 2171 3031 2241 Plerumque
3080 2172 3349 2242 princeps
3396 2174 3607 2243 justus,

1897 2260 2068 2313 etiam
2100 2259 2387 2313 malorum
2417 2275 2640 2313 errores
2672 2258 3035 2312 dissimulare
3080 2262 3256 2314 novit.
3292 2262 3414 2315 Non
3451 2266 3607 2334 quod

1897 2348 2189 2418 iniquitati
2220 2363 2421 2401 eorum
2482 2347 2829 2413 consentiat,
2877 2348 2977 2402 sed
3025 2349 3178 2419 quod
3211 2355 3412 2419 aptum
3460 2356 3607 2405 tem-

1894 2453 2002 2508 pus
2034 2435 2404 2489 correctionis
2454 2441 2724 2505 expectet,
2783 2437 3016 2505 quando
3066 2453 3268 2490 eorum
3299 2438 3456 2506 vitia,
3520 2440 3608 2494 vel

1898 2523 2203 2578 emendare
2232 2523 2437 2588 valeat,
2472 2523 2551 2575 vel
2590 2522 2817 2591 punire.
2862 2523 3020 2577 Multi
3071 2524 3342 2579 adversus
3393 2526 3607 2596 princi-

1895 2628 1995 2683 pes
2042 2611 2456 2681 conjuratiouis
2502 2610 2743 2664 crimine
2803 2610 3176 2681 deteguntur,
3228 2615 3325 2668 sed
3367 2616 3608 2684 probare

1896 2700 2090 2754 volens
2132 2701 2278 2753 Deus
2303 2700 2667 2753 clementiam
2698 2699 3051 2770 principum,
3086 2701 3213 2755 illos
3260 2704 3408 2757 male
3449 2705 3605 2775 cogi-

1896 2791 2016 2841 tare
2051 2786 2348 2858 permittit,
2401 2786 2539 2840 istos
2587 2802 2706 2840 non
2757 2787 2984 2841 deserit.
3038 2790 3116 2843 De
3166 2790 3400 2846 illorum
3432 2794 3605 2861 malo,

1898 2876 2044 2930 bene
2077 2876 2196 2929 istis
2246 2875 2425 2929 facit:
2487 2874 2625 2929 dum
2671 2876 2868 2945 culpas
2917 2892 3059 2947 quas
3108 2877 3191 2931 illi
3255 2886 3452 2949 agunt,
3513 2881 3608 2936 isti

1899 2966 2043 3019 mira
2070 2964 2350 3035 patientia
2378 2964 2706 3035 indulgent.
2741 2965 3000 3019 Reddere
3033 2966 3250 3021 malum
3284 2985 3388 3038 pro
3430 2970 3605 3037 malo,

76 3055 194 3108 Non
218 3060 310 3108 est
338 3057 613 3123 potestas,
662 3053 827 3107 nisia
863 3054 999 3107 Deo.
1050 3052 1350 3116 Quomodo
1396 3067 1498 3122 per
1546 3050 1788 3121 prophe-
1827 3058 1867 3114 C
1898 3053 2229 3109 vicissitudo
2273 3057 2357 3107 est
2404 3053 2667 3123 justitiae.
2722 3053 2831 3108 Sed
2874 3054 2974 3124 qui
3022 3055 3383 3111 clementiam
3446 3058 3610 3113 addit

72 3150 183 3197 tam
214 3144 287 3197 de
326 3142 672 3212 quibusdam
714 3140 1094 3211 potestatibus
1136 3140 1381 3194 dicitur:
1426 3139 1538 3209 Ipsi
1586 3154 1784 3207 regna-

75 3238 300 3299 verunt,
343 3230 447 3284 sed
499 3246 615 3284 non
671 3246 737 3283 ex
785 3230 918 3283 me?
968 3228 1141 3293 Quasi
1200 3228 1460 3282 diceret:
1513 3228 1634 3281 Non
1693 3241 1784 3279 me

75 3321 354 3392 propitio,
415 3319 613 3384 etiam,
674 3319 768 3372 sed
825 3334 916 3372 me
974 3319 1141 3372 irato.
1185 3317 1345 3372 Unde
1400 3315 1642 3370 inferius
1684 3331 1787 3385 per

77 3412 324 3465 eundem
360 3407 707 3478 Prophetam
738 3407 873 3461 dicit
905 3423 917 3460 :
960 3406 1134 3475 Dabo,
1163 3405 1374 3476 inquit,
1422 3404 1524 3458 tibi
1588 3418 1785 3473 regem

76 3498 130 3551 in
155 3498 354 3552 furore
398 3512 549 3550 meo.
583 3496 706 3560 Quo
737 3495 1095 3549 manifestius
1124 3496 1329 3563 elucet,
1370 3493 1600 3556 bonam,
1662 3508 1788 3545 ma-

77 3586 305 3659 lamque
334 3588 677 3657 potestatem
704 3600 737 3637 a
769 3585 885 3638 Deo
917 3582 1170 3637 ordinari
1201 3598 1216 3636 :
1257 3583 1354 3635 sed
1395 3582 1608 3635 bonam
1649 3596 1788 3650 pro-

78 3676 266 3746 pitius,
306 3675 524 3728 malum
563 3673 760 3726 iratus.
808 3674 992 3742 Reges
1021 3672 1253 3742 quando
1282 3669 1418 3723 boni
1472 3674 1624 3733 sunt,
1668 3684 1789 3720 mu-

80 3765 227 3819 neris
258 3779 389 3817 esse
420 3762 525 3816 Dei
557 3761 827 3832 :quaudo
864 3776 999 3814 vero
1033 3760 1191 3825 mali,
1251 3758 1482 3813 sceleris
1525 3774 1644 3811 esse
1695 3773 1791 3827 po-

81 3854 215 3923 puli.
249 3851 587 3908 Secundum
628 3849 899 3903 meritum
934 3849 1091 3902 enim
1135 3847 1413 3917 plebium,
1465 3845 1789 3916 disponitur

83 3942 187 3995 vita
235 3946 558 4003 rectorum,
640 3942 879 3991 testante
936 3936 1090 3991 Job:
1150 3935 1258 4000 Qui
1340 3950 1582 4006 regnare
1656 3933 1792 3987 facit

78 4030 461 4099 bypocritam,
492 4032 728 4098 propter
750 4031 984 4096 peccata
1026 4025 1246 4095 populi,
1290 4023 1570 4078 irascente
1634 4023 1790 4076 enim

82 4119 185 4173 Deo
209 4120 391 4173 talem
424 4122 708 4171 rectorem
752 4114 954 4185 populi
994 4113 1334 4183 suscipiunt,
1389 4113 1621 4183 qualem
1686 4128 1791 4182 pro

80 4213 301 4277 peccato
335 4209 656 4260 merentur.
692 4204 1118 4273 Nonnunquam
1151 4218 1255 4272 pro
1328 4200 1549 4255 malitia
1584 4200 1787 4270 plebis,

82 4295 248 4349 etiam
305 4310 478 4365 reges
538 4297 855 4353 mutantur,
907 4296 964 4345 et
993 4290 1093 4361 qui
1129 4294 1259 4345 ante
1286 4289 1630 4344 videbantur
1670 4305 1790 4343 esse

84 4382 231 4448 boni,
267 4388 507 4453 accepto
539 4397 718 4451 regno
750 4380 898 4434 ﬁunt
922 4380 1129 4449 iniqui.

472 4470 600 4523 CAP.
648 4470 859 4522 XXXIX.
886 4497 954 4508 —
985 4471 1058 4521 De
1096 4467 1281 4521 eadem
1319 4482 1397 4520 re.

149 4560 253 4629 (Ea:
284 4560 453 4614 dictis
480 4557 754 4627 ejusdem.)
786 4556 894 4621 Qui
924 4562 1077 4610 recte
1110 4555 1293 4610 utitur
1328 4555 1495 4625 regni
1545 4556 1789 4625 potesta-

85 4652 134 4699 te
164 4649 241 4701 ita
280 4665 340 4702 se
365 4650 639 4717 praestare
683 4646 953 4700 omnibus
994 4644 1181 4711 debet,
1229 4649 1295 4698 ut
1337 4648 1553 4715 quanto
1612 4643 1793 4713 magis

86 4734 315 4791 honoris
346 4734 686 4790 celsitudine
734 4735 927 4801 claret,
972 4738 1135 4788 tanto
1185 4734 1493 4803 semetipso
1540 4737 1792 4786 mentem

88 4824 347 4879 bumiliet
396 4839 725 4895 proponens
754 4822 862 4877 sibi
917 4823 1246 4892 exemplum
1290 4822 1632 4875 humilitatis
1692 4821 1795 4874 Da-

89 4913 195 4978 vid,
225 4914 367 4984 quid
412 4913 482 4967 de
523 4912 640 4965 suis
692 4910 913 4966 meritis
946 4926 1066 4964 non
1093 4911 1323 4974 tumuit,
1355 4911 1453 4964 sed
1496 4909 1796 4963 humiliter

89 5017 203 5054 sese
251 5002 552 5072 dejiciens,
600 5000 785 5055 dixit:
844 4999 979 5053 Vilis
1025 4998 1309 5065 incedam,
1346 5004 1401 5052 et
1432 4998 1557 5051 vilis
1623 5013 1796 5067 appa-

90 5090 215 5143 rebo
248 5096 380 5144 ante
429 5091 633 5155 Deum,
684 5088 785 5159 qui
837 5086 1013 5158 elegit
1064 5102 1176 5142 me.
1240 5085 1349 5150 Qui
1406 5091 1555 5139 recte
1611 5086 1795 5139 utitur

90 5179 244 5247 regni
274 5184 585 5248 potestate,
607 5177 852 5231 formam
880 5175 1144 5246 justitiaa,
1194 5175 1357 5229 factis
1381 5174 1584 5245 magis,
1619 5190 1793 5244 quam

94 5266 265 5319 verbis
313 5266 594 5321 instituet.
659 5265 771 5321 Iste
834 5264 997 5318 nulla
1057 5263 1442 5333 prosperitate
1527 5262 1792 5331 erigitur,

90 5355 239 5408 nulla
269 5355 635 5416 adversitate,
690 5353 979 5408 turbatur.
1039 5351 1496 5407 Non‘innititur
1546 5350 1795 5422 propriis
1849 5422 1862 5435 .

92 5441 316 5508 viribus,
344 5460 451 5498 nec
477 5460 509 5496 a
542 5442 783 5495 Domino
836 5441 1064 5496 recedet
1088 5455 1185 5494 cor
1241 5440 1384 5510 ejus.
1420 5439 1603 5509 Regni
1631 5439 1793 5493 fasti-

94 5530 262 5599 gium,
296 5532 503 5586 humili
550 5530 817 5602 prasidet
846 5530 1061 5585 animo.
1098 5530 1223 5583 Non
1254 5544 1384 5583 eum
1409 5528 1649 5582 delectat
1689 5527 1797 5582 ini-

96 5620 295 5691 quitas,
321 5636 442 5676 non
474 5619 799 5674 inflammat
818 5617 1134 5689 cupiditas:
1186 5614 1309 5670 sine
1362 5613 1796 5671 defraudatione

452 5727 733 5790 PA'I‘ROL.
786 5724 961 5789 CXL.

1890 3142 2151 3215 justitiee,
2184 3157 2301 3195 non
2349 3142 2565 3195 malum
2612 3157 2716 3211 pro
2757 3142 2908 3195 malo
2940 3143 3184 3213 culpatis
3238 3145 3445 3213 reddit,
3508 3148 3608 3203 sed

1894 3232 2112 3286 bonum
2141 3247 2245 3302 pro
2280 3231 2429 3284 malo
2459 3229 2692 3284 otfensis
2723 3229 3001 3301 impertit.
3100 3258 3110 3271 -

2039 3320 2168 3373 CAP.
2212 3319 2339 3372 XLI.
2373 3348 2442 3357 —
2472 3321 2546 3372 De
2585 3318 2798 3373 delictis
2828 3335 3015 3387 regum
3054 3335 3147 3374 seu
3183 3323 3463 3391 exemplis.

1968 3410 2076 3476 (Ea:
2123 3407 2287 3460 dictis
2310 3406 2593 3475 ejusdem.)
2628 3406 2866 3461 Difficile
2897 3411 2983 3461 est
3023 3407 3343 3479 principem
3386 3412 3611 3482 regredi

1896 3494 1966 3548 ad
2001 3493 2226 3559 melius,
2283 3493 2330 3546 si
2367 3492 2518 3547 vitiis
2569 3493 2747 3548 fuerit
2786 3493 3134 3563 implicatus.
3186 3498 3395 3568 Populi
3453 3500 3611 3555 enim

1894 3585 2215 3652 peccantes,
2239 3580 2494 3651 judicem
2521 3586 2810 3635 metuunt.
2854 3582 3037 3653 Reges
3069 3588 3283 3651 autem,
3326 3587 3436 3641 nisi
3484 3589 3608 3642 solo

1900 3670 1999 3726 Dei
2029 3669 2258 3737 timore,
2319 3673 2593 3739 metuque
2652 3670 2934 3739 gehennae
2993 3678 3389 3741 coerceantur,
3442 3676 3607 3731 liberi

1898 3761 1959 3815 in
1991 3774 2244 3829 praeceps
2290 3762 2598 3828 proruunt,
2633 3762 2689 3812 et
2737 3774 2842 3828 per
2871 3759 3188 3829 abruptum
3234 3761 3507 3834 licentia,
3554 3765 3613 3820 in

1898 3864 2069 3903 omne
2098 3846 2318 3901 facinus
2346 3846 2617 3901 vitiorum
2667 3846 2961 3902 labuntur.
2996 3848 3221 3913 Quanto
3282 3851 3527 3924 quisque
3554 3854 3613 3909 in

1899 3934 2185 4006 superiori
2211 3934 2555 3989 constitutus
2577 3940 2661 3989 est
2691 3936 2837 4003 loco,
2870 3941 3030 3991 tanto
3055 3938 3113 3992 in
3137 3940 3343 4010 majori
3375 3958 3614 3997 conver-

1900 4029 2061 4078 satur
2088 4024 2367 4096 periculo,
2400 4027 2457 4079 et
2486 4029 2702 4096 quanto
2732 4024 3055 4096 splendoris
3094 4026 3311 4083 honore
3369 4030 3614 4104 quisque

1902 4113 2107 4167 celsior
2139 4119 2243 4181 est,
2303 4118 2489 4180 tanto,
2526 4113 2574 4167 si
2626 4113 2944 4185 delinquat,
2990 4120 3222 4185 peccato
3271 4118 3459 4189 major
3506 4126 3610 4177 est.

1906 4203 2173 4256 Potentes
2230 4202 2405 4268 enim,
2470 4206 2738 4272 potenter
2789 4206 3079 4257 tormenta
3137 4204 3453 4275 patiuntur.
3513 4208 3615 4264 Cui

1905 4289 2060 4344 enim
2086 4290 2217 4359 plus
2247 4290 2648 4356 committitur,
2709 4290 2839 4360 plus
2889 4290 2958 4343 ab
2995 4306 3062 4345 eo
3114 4293 3381 4364 exigitur,
3439 4296 3614 4351 etiam

1906 4395 2037 4433 cum
2087 4395 2357 4432 mensura
2407 4394 2731 4450 poenarum.
2795 4380 2980 4448 Reges
3023 4380 3196 4435 vitam
3253 4382 3613 4439 subditorum

1902 4467 2068 4521 facile
2101 4467 2380 4537 exemplis
2421 4466 2557 4534 suis,
2590 4468 2679 4520 vel
2740 4467 3044 4531 aediﬁcant,
3100 4469 3190 4522 vel
3252 4471 3610 4529 subvertunt.

1904 4556 2037 4610 Ideo
2069 4556 2390 4625 principem
2445 4570 2562 4608 non
2601 4559 2826 4624 oportet
2855 4554 3215 4626 delinquere,
3266 4573 3339 4612 ne
3368 4559 3613 4616 formam

1903 4643 2177 4713 peccandi
2208 4642 2377 4696 faciat
2408 4641 2624 4711 peccati
2663 4643 2787 4711 ejus
2831 4641 3118 4712 impunita
3162 4644 3411 4701 licentia.
3470 4649 3613 4704 Nam

1904 4747 2000 4785 rex
2032 4736 2089 4785 et
2111 4730 2208 4802 qui
2267 4730 2382 4783 ruit
2436 4730 2499 4784 in
2551 4729 2723 4796 vitiis,
2756 4730 2867 4784 cito
2890 4730 3039 4784 viam
3092 4733 3340 4787 ostendit
3379 4738 3610 4791 erroris.

1900 4820 2059 4875 Sicut
2085 4818 2298 4889 legitur
2334 4818 2403 4871 de
2436 4817 2801 4884 Hieroboam,
2834 4817 2934 4889 qui
2963 4820 3240 4889 peccavit,
3292 4827 3347 4876 et
3376 4839 3613 4894 peccare

1901 4908 2035 4962 fecit
2063 4906 2257 4960 Israel.
2290 4906 2446 4959 lllius
2486 4911 2681 4960 autem
2712 4906 3036 4974 ascribitur,
3085 4909 3359 4981 quicquid
3423 4930 3614 4970 exem-

1901 4996 1999 5066 plo
2031 4994 2154 5065 ejus
2184 5011 2217 5048 a
2261 4994 2503 5047 subditis
2553 4999 2941 5065 perpetratur.
3001 4997 3157 5052 Sicut
3196 5002 3460 5056 nonnulli
3517 5005 3613 5058 bo-

1903 5099 2110 5137 norum
2136 5081 2464 5152 principum
2510 5083 2622 5136 Deo
2674 5084 2883 5153 placita
2940 5084 3085 5139 facta
3151 5094 3490 5158 sequuntur,
3537 5092 3617 5146 ita

1904 5170 2067 5224 facile
2100 5170 2269 5223 multi
2301 5186 2477 5239 prava
2503 5186 2702 5224 eorum
2736 5173 3001 5243 exempla
3031 5179 3362 5230 sectantur:
3434 5178 3614 5246 pleri-

1906 5274 2017 5329 que
2047 5263 2240 5312 autem
2269 5257 2422 5329 apud
2448 5258 2681 5329 iniquos
2712 5260 3002 5331 principes
3043 5262 3378 5317 necessitate
3428 5265 3616 5333 magis

1907 5363 2080 5418 quam
2114 5352 2245 5402 voto
2277 5348 2413 5401 mali
2452 5348 2721 5416 existunt,
2757 5349 2896 5403 dum
2928 5349 3185 5421 imperiis
3233 5367 3436 5405 eorum
3484 5355 3617 5408 obo-

1909 5435 2093 5490 diunt.
2140 5436 2414 5490 Nonnulli
2446 5441 2659 5502 autem,
2688 5437 2831 5490 sicut
2861 5437 3112 5507 prompti
3152 5444 3283 5493 sunt
3318 5441 3481 5512 sequi
3530 5458 3617 5498 re-

1909 5540 2007 5594 ges
2036 5524 2097 5578 in
2121 5524 2355 5592 malum,
2387 5524 2468 5578 sic
2495 5524 2647 5594 pigri
2670 5531 2803 5579 sunt
2830 5525 3047 5579 imitari
3086 5525 3217 5581 illos
3271 5527 3332 5582 in
3369 5528 3609 5587 bonum.

1909 5614 2069 5683 Saepe
2091 5613 2245 5667 unde
2277 5612 2414 5666 mali
2472 5628 2634 5683 reges
2663 5617 2923 5683 peccant,
2972 5612 3105 5667 inde
3130 5613 3267 5669 boni
3297 5615 3616 5685 justilican-

3216 5728 3299 5785 29
