3944 6416
316 364 419 416 907

1416 357 1819 414 BURCHABDI
1857 356 2391 415 WORMACIENSIS
2429 355 2760 412 EPISCOPI.

3743 359 3882 410 908

311 500 449 549 tur:
509 482 646 537 dum
699 478 1150 551 praecedentium
1204 477 1574 549 cupiditatem
1625 485 1681 535 et
1747 481 2022 535 malitiam
2056 483 2101 535 A
2139 478 2470 551 principalis
2491 478 2770 549 imponat,
2815 482 2872 532 et
2905 483 2967 532 ut
3007 478 3152 535 bene
3183 477 3463 533 rationem
3514 485 3890 534 mereantur

315 570 630 641 corrigunt.
671 569 813 622 Nam
865 583 927 621 re
982 584 1115 621 vera
1169 567 1415 636 peccatis
1454 584 1658 623 eorum
1704 569 2029 624 communi-

314 663 466 725 cant,
506 657 550 710 si
595 656 745 726 quod
789 655 875 709 illi
919 656 1304 725 diripuerunt,
1350 656 1443 710 isti
1492 662 1798 712 retentant.
1854 657 2030 727 Cujus

262 802 273 815 ι
313 750 611 818 peccatum
643 745 885 815 quisque
922 744 1200 814 sequitur,
1252 760 1481 799 necesse
1513 751 1599 800 est
1628 750 1692 800 ut
1734 746 1855 816 ejus
1902 762 2030 815 pm-

318 850 455 889 nam
511 837 801 903 sequatur.
864 832 1060 903 Neque
1099 832 1252 885 enim
1317 832 1426 886 erit
1479 833 1668 904 impar
1723 833 2028 904 supplicio,

318 924 480 993 cujus
503 937 696 976 errore
724 920 967 991 quisque
998 936 1102 990 par
1131 925 1237 988 est,
1266 936 1331 973 ac
1369 920 1531 974 vitio.

497 1010 626 1065 CAP.
657 1009 816 1063 XLII.
854 1037 929 1049 —
958 1008 1110 1077 Quod
1142 1025 1291 1077 reges
1314 1010 1518 1076 legibus
1539 1013 1840 1064 teneantur.

392 1099 514 1167 (E1:
537 1097 699 1152 dictis
738 1097 1024 1166 ejusdem.)
1052 1098 1278 1151 Justum
1301 1102 1407 1163 est,
1443 1097 1761 1167 principem
1807 1097 2032 1168 legibus

321 1187 722 1255 obtemperare
769 1185 903 1238 suis.
945 1186 1104 1239 Tunc
1138 1186 1293 1239 enim
1318 1186 1451 1254 jura
1489 1202 1591 1239 sua
1630 1187 1702 1240 ab
1764 1187 2033 1241 omnibus

322 1274 696 1329 custodienda
725 1273 1029 1339 existimet,
1063 1274 1293 1343 quando
1330 1279 1389 1327 et
1432 1275 1556 1344 ipse
1596 1274 1712 1328 illis
1768 1290 2032 1329 reveren-

323 1362 465 1417 tiam
486 1363 725 1434 prtebet.
767 1361 1063 1432 Principes
1101 1360 1323 1431 legibus
1363 1362 1546 1416 teneri
1578 1362 1715 1428 suis,
1748 1379 1820 1416 ne
1867 1364 1928 1417 in
1975 1381 2033 1418 se

323 1468 491 1524 posse
550 1452 825 1506 damnare
876 1452 1026 1520 jura,
1082 1466 1212 1521 quae
1264 1450 1325 1504 in
1365 1450 1606 1506 subditis
1659 1452 2059 1507 constituunt.‘

323 1541 485 1595 Justa
511 1539 664 1593 enim
697 1539 850 1591 vocis
899 1554 1096 1591 eorum
1151 1539 1479 1605 auctoritas,
1523 1540 1568 1592 si
1600 1540 1752 1610 quod
1807 1540 2035 1611 populis

325 1627 659 1698 prohibent,
708 1628 816 1681 sibi
848 1626 1019 1681 licere
1073 1643 1186 1681 non
1218 1628 1534 1697 patiantur.
1587 1628 1701 1683 Sub
1738 1628 2036 1698 religionis

328 1715 631 1785 disciplina
658 1715 832 1769 seculi
863 1719 1173 1785 potestates
1198 1715 1467 1785 subjecta:
1514 1722 1665 1770 sunt.
1710 1717 1777 1770 Et
1831 1732 2034 1787 quam-

326 1804 411 1858 vis
441 1804 691 1858 culmine
723 1803 885 1875 regni
925 1804 1041 1857 sint
1090 1804 1345 1873 praediti,
1376 1804 1604 1859 vinculo
1660 1809 1856 1859 tamen
1910 1804 2040 1858 ﬁdei

328 1898 602 1947 tenentur
628 1892 866 1955 astricti,
898 1901 963 1945 ut
1003 1892 1175 1947 ﬁdem
1226 1891 1431 1946 Christi
1464 1893 1584 1947 suis
1622 1893 1845 1963 legibus
1883 1908 2040 1963 prae-

331 1982 543 2048 dicent,
580 1986 638 2035 et
682 1981 866 2051 ipsam
912 1979 1045 2035 fidei
1084 1979 1520 2050 pazdicationem
1570 1981 1827 2036 moribus
1876 1979 2040 2034 bonis

334 2074 693 2124 conservent.

440 2158 566 2212 CAP.
596 2158 783 2213 XLIII.
816 2187 885 2196 —
919 2158 997 2210 De
1029 2156 1326 2225 disciplina
1354 2172 1541 2223 regum
1576 2159 1633 2210 in
1664 2158 1923 2212 Ecclesia.

420 2249 529 2312 (Ea:
553 2246 715 2300 dictis
745 2246 1032 2315 ejusdem.)
1065 2247 1357 2316 Principes
1385 2247 1579 2299 smculi
1619 2262 2037 2317 nonnunquam

331 2331 484 2387 intra
540 2333 843 2386 Ecclesiam
901 2333 1200 2403 potestatis
1254 2333 1476 2403 adepta:
1517 2333 1770 2386 culmina
1819 2337 2038 2400 tenent,

335 2427 397 2475 ut
424 2436 523 2490 per
570 2421 814 2475 eandem
865 2426 1234 2490 potestatem,
1288 2420 1649 2490 disciplinam
1698 2420 2038 2473 ecclesiasti-

335 2525 459 2563 cam
508 2508 791 2563 muniant.
847 2510 1131 2564 Cazterum
1179 2509 1333 2562 intra
1380 2508 1685 2563 Ecclesiam
1726 2513 2038 2579 potestates

335 2598 670 2651 necessariae
693 2613 811 2651 non
841 2602 1052 2663 essent,
1084 2597 1193 2651 nisi
1227 2601 1288 2651 ut
1317 2597 1467 2667 quod
1501 2613 1617 2650 non
1651 2598 1926 2668 praevalet
1951 2614 2038 2652 sa-

332 2686 533 2740 cerdos
596 2685 844 2751 efficere,
900 2701 1005 2756 per
1056 2686 1331 2740 doctrinm
1379 2701 1727 2739 sermonem.
1782 2690 2036 2756 potestas

333 2775 443 2829 hoc
491 2774 755 2844 imperet,
811 2790 916 2844 per
972 2774 1290 2845 disciplinas
1360 2779 1662 2834 terrorem,
1724 2774 1883 2844 Saepe
1935 2790 2039 2845 per

334 2879 575 2934 regnum
637 2870 956 2930 terrenum,
1016 2865 1243 2918 caeleste
1281 2879 1523 2934 regnum
1555 2863 1800 2933 proficit,
1837 2868 1899 2917 ut
1938 2863 2038 2933 qui

331 2952 484 3006 intra
516 2952 816 3006 Ecclesiam
876 2950 1049 3022 positi
1104 2956 1303 3006 contra
1361 2952 1533 3006 ﬁdem
1563 2959 1618 3005 et
1672 2951 2034 3022 disciplinam

335 3039 594 3095 Ecclesiae
658 3044 863 3109 agunt,

335 3128 636 3200 ipsamque
691 3128 1052 3199 disciplinam
1115 3145 1289 3200 quam
1342 3128 1598 3183 Ecclesia:
1640 3128 1854 3182 utilitas
1883 3145 2037 3183 exer-

335 3231 463 3270 cere
498 3230 615 3269 non
649 3215 940 3287 praevalet,
992 3215 1306 3270 cervicibus
1351 3215 1733 3285 superborum
1785 3219 2042 3285 potestas

2137 568 2347 623 virtute
2404 567 2704 637 potestatis
2760 566 3077 638 impertiat.
3120 566 3475 637 Cognoscant
3554 569 3885 639 principes

2140 658 2335 720 seculi,
2396 657 2511 710 Deo
2578 656 2784 710 debere
2838 656 3080 710 reddere
3137 673 3196 709 se
3253 656 3557 718 rationem,
3609 663 3890 727 propter

2140 745 2442 801 Ecclesiam
2484 760 2655 815 quam
2690 761 2722 798 a
2751 745 3273 799 Christotuendam
3320 745 3656 816 suscipiunt.
3703 747 3881 800 Nam

2140 833 2256 887 sive
2285 839 2564 902 augeatur
2591 848 2700 902 pax
2754 836 2810 886 et
2839 833 3140 902 disciplina
3189 835 3447 887 Ecclesia
3497 849 3602 904 per
3648 830 3887 887 ﬁdeles

2140 922 2447 993 principes,
2481 922 2598 974 sive
2645 923 2915 988 solvatur,
2944 921 3040 975 ille
3067 922 3138 976 ab
3182 923 3261 975 eis
3292 922 3579 977 rationem
3645 922 3881 992 exigit,

2140 1010 2241 1082 qui
2258 1025 2458 1064 eorum
2490 1010 2758 1081 potestati
2790 1026 2952 1063 suam
2997 1010 3303 1064 Ecclesiam
3348 1010 3608 1065 credidit.

2141 1117 2268 1171 CAP.
2297 1115 2480 1171 XLIII.
2504 1144 2577 1157 -
2597 1116 2705 1172 Cur
2735 1119 2876 1170 Deus
2904 1117 3044 1169 alios
3062 1115 3135 1169 ad
3165 1116 3483 1181 libertatem,
3502 1116 3639 1170 alios
3667 1120 3889 1169 autem

2585 1187 2660 1240 ad
2689 1190 3003 1240 servitutem
3033 1188 3392 1241 discrevisset.

2215 1276 2363 1343 (Item
2399 1275 2687 1345 ejusdem.)
2733 1277 2974 1345 Propter
3027 1280 3321 1345 peccatum
3366 1275 3541 1346 primi
3592 1275 3889 1329 hominis

2110 1410 2115 1417 .
2143 1365 2396 1419 humano
2426 1365 2623 1433 generi
2655 1380 2822 1434 poena
2850 1364 3124 1418 divinitus
3176 1364 3337 1418 illata
3366 1368 3452 1417 est
3503 1363 3702 1430 servis,
3778 1362 3891 1416 ita.

2146 1457 2210 1506 ut
2240 1452 2452 1522 quibus
2477 1451 2680 1521 aspicit
2710 1468 2826 1505 non
2864 1467 3120 1522 congrue
3155 1452 3502 1518 libertatem,
3550 1451 3638 1505 his
3676 1451 3894 1505 mise—

2145 1538 2665 1609 ricordiusirroget
2693 1540 3026 1594 servitutem
3058 1557 3071 1594 :
3102 1544 3158 1594 et
3202 1540 3335 1595 licet
3396 1557 3502 1610 per
3553 1545 3890 1610 peccatum

2145 1627 2416 1681 humanas
2446 1629 2707 1698 originis,
2738 1638 2932 1681 tamen
2963 1644 3165 1699 aequus
3226 1630 3370 1683 Deus
3404 1629 3530 1682 ideo
3577 1628 3888 1682 discrevit

2149 1715 2483 1769 hominibus
2527 1716 2722 1781 vitam,
2755 1717 2896 1768 alios
2942 1732 3136 1770 servos
3183 1717 3553 1783 constituens,
3587 1717 3735 1770 alios
3762 1716 3886 1769 do-

2151 1804 2337 1858 minos
2369 1808 2471 1857 :ut
2503 1803 2732 1858 licentia
2766 1804 2913 1858 male
2957 1805 3168 1874 agendi
3200 1822 3516 1873 servorum,
3571 1808 3890 1874 potestate

2150 1891 2573 1947 dominantium
2604 1891 3004 1963 restringatur.
3049 1894 3188 1947 Nam
3231 1894 3276 1946 si
3316 1910 3514 1947 omnes
3543 1893 3665 1947 sine
3699 1898 3884 1947 metu

2148 1981 2408 2046 fuissent,
2443 1980 2572 2051 quis
2598 1986 2765 2047 esset,
2797 1981 2898 2050 qui
2949 1997 2977 2034 a
3025 1982 3193 2034 malis
3239 1981 3572 2052 quempiam
3621 1981 3884 2035 cohibe-

2150 2069 2274 2124 ret?
2302 2068 2440 2122 Inde
2491 2073 2546 2122 et
2576 2068 2643 2122 in
2685 2068 2956 2138 gentibus
3000 2068 3308 2140 principes,
3360 2077 3640 2140 regesque
3692 2070 3884 2123 electi

2148 2162 2305 2227 sunt,
2354 2162 2417 2210 ut
2452 2162 2670 2211 terrore
2719 2173 2820 2210 suo
2870 2158 3116 2227 populos
3181 2174 3215 2211 a
3281 2158 3431 2211 malo
3504 2164 3881 2223 coercerent,

2148 2250 2318 2316 atque
2361 2245 2429 2300 ad
2484 2250 2634 2300 recte
2665 2245 2971 2299 vivendum
3021 2245 3243 2315 legibus
3290 2247 3622 2300 subderent.
3662 2246 3879 2310 Quan-

2147 2339 2272 2389 tum
2323 2334 2392 2388 ad
2437 2349 2620 2405 pmnte
2670 2334 2972 2401 rationem,
3001 2349 3118 2387 non
3163 2339 3247 2388 est
3278 2350 3654 2405 personarum
3700 2351 3878 2388 acce-

2147 2424 2267 2495 ptio
2284 2424 2436 2494 apud
2471 2425 2671 2489 Deum,
2704 2423 2804 2494 qui
2845 2423 3047 2477 mundi
3075 2423 3248 2492 elegit
3294 2423 3574 2492 ignobilia
3618 2428 3675 2477 et
3721 2440 3878 2478 con-

2147 2512 2510 2583 temptibilia,
2537 2517 2592 2565 et
2614 2528 2742 2582 quas
2769 2528 2886 2565 non
2949 2516 3103 2577 sunt,
3159 2515 3223 2565 ut
3271 2527 3336 2565 ea
3393 2528 3521 2582 qum
3571 2518 3726 2578 sunt,
3761 2513 3876 2567 de-

2149 2606 2413 2663 strueret.
2446 2617 2518 2654 ne
2565 2600 2843 2671 glorietur
2891 2600 3081 2654 omnis
3125 2616 3275 2665 caro,
3318 2600 3427 2654 hoc
3456 2604 3557 2667 est,
3610 2602 3873 2654 carnalis

2148 2691 2406 2759 potentia
2435 2706 2628 2743 coram
2669 2689 2787 2743 illo.
2823 2689 2975 2743 Unus
3006 2687 3161 2742 enim
3202 2688 3499 2757 Dominus,
3551 2690 3874 2757 aequaliter

2148 2781 2206 2832 et
2230 2777 2480 2832 dominis
2509 2777 2618 2831 fert
2646 2778 2974 2831 consultum
3005 2780 3062 2830 et
3110 2774 3306 2830 servis.
3342 2776 3537 2829 Melior
3574 2781 3659 2829 est
3716 2775 3873 2829 sub-

2143 2867 2294 2936 jecta
2323 2867 2586 2933 servitus,
2618 2882 2790 2936 quam
2826 2866 2977 2920 elata
3010 2865 3260 2919 libertas.
3315 2865 3475 2919 Multi
3505 2864 3659 2918 enim
3694 2865 3871 2919 inve-

2148 2954 2390 3009 niuntur
2419 2956 2534 3009 Deo
2564 2953 2741 3008 libere
2773 2954 3078 3007 servientes
3112 2953 3217 3007 sub
3254 2952 3504 3007 dominis
3558 2953 3871 3009 constituti

949 3039 1142 3110 rigore
1226 3040 1554 3111 principum
1648 3044 2036 3107 conterantur,
2080 3036 2121 3091 C
2149 3039 2471 3110 ﬂagitiosis,
2502 3040 2603 3111 qui
2637 3045 2694 3094 et.
2725 3039 2967 3110 subjecti
2996 3044 3129 3093 sunt
3156 3039 3271 3093 illis
3325 3055 3582 3109 corpore,
3625 3040 3870 3109 praelati

2150 3133 2345 3184 tamen
2375 3134 2512 3183 sunt
2532 3136 2745 3184 mente.

1622 3317 1797 3358 FINIS
1842 3318 2020 3358 LIBRI
2060 3317 2287 3357 DBCIII
2333 3316 2587 3363 QUINTI.

1005 3512 1303 3585 INDEX
1378 3510 2071 3585 CAPITULORUM
2150 3509 2406 3582 LIBRI
2484 3507 2818 3581 DECIMI
2882 3508 3179 3581 SEXTI.

335 3648 463 3703 CAP.
516 3651 565 3703 1.
615 3650 690 3703 De
747 3649 1065 3703 rectoribus
1122 3648 1522 3713 Ecclesiarum,
1579 3664 1648 3703 ne
1711 3647 2039 3719 pracipites

406 3736 520 3791 sint
546 3737 605 3791 in
645 3736 928 3791 dictandis
961 3736 1277 3791 sententiis.

332 3826 393 3879 2.
437 3825 506 3879 Ut
533 3829 767 3880 comites
801 3830 857 3881 et
880 3825 1104 3896 judices
1145 3841 1249 3897 pro
1277 3824 1497 3896 judicio
1543 3841 1787 3880 munera
1814 3841 1931 3880 non
1951 3840 2039 3879 ac-

405 3913 641 3982 cipiant.

334 4002 391 4055 3.
430 4003 504 4056 De
534 4001 649 4055 illis
683 4001 783 4073 qui
805 4002 1021 4056 crimen
1064 4001 1396 4071 objecerint,
1426 4006 1482 4056 et
1509 4017 1711 4057 verum
1760 4017 1876 4056 non
1909 4017 2039 4073 pro-

405 4090 686 4144 baverint.

334 4177 385 4231 4.
415 4177 621 4243 Quales
654 4178 725 4232 ad
756 4176 1152 4231 testimonium
1184 4177 1448 4232 accedere
1478 4177 1741 4232 debeant.

333 4269 383 4321 5.
419 4268 498 4321 Ne
530 4267 804 4322 innocens
823 4266 1075 4338 pernicie
1104 4266 1491 4321 accusantium
1551 4266 1888 4320 maculetur.

333 4357 385 4411 6.
414 4357 483 4411 Ut
535 4357 727 4410 nullus
793 4355 1148 4412 describatur
1196 4371 1351 4422 reus,
1391 4355 1729 4426 priusquam
1798 4354 2035 4409 convin-

403 4448 582 4498 catur.

331 4536 383 4586 7.
420 4533 489 4587 Ut
514 4531 833 4603 presbyteri
889 4548 1024 4587 suos
1079 4530 1463 4603 parochianos
1494 4530 1554 4584 in
1607 4530 1824 4601 synodo
1871 4545 2036 4584 accu-

404 4636 525 4674 sare
552 4619 822 4675 debeant.

333 4709 384 4762 8.
419 4707 499 4761 De
524 4707 637 4762 illis
670 4708 772 4779 qui
815 4706 949 4761 victi
993 4707 1210 4762 fuerint
1238 4705 1460 4777 aliquos
1510 4704 1583 4759 ad
1623 4704 1831 4760 falsum
1878 4705 2038 4760 testi-

403 4795 665 4848 monium
697 4796 1011 4849 attraxisse.

331 4887 384 4940 9.
420 4884 491 4938 Ut
518 4899 608 4936 res
629 4882 814 4952 ﬁnita,
838 4881 1098 4937 refricari
1131 4897 1249 4936 non
1276 4880 1497 4936 debeat.

335 4974 420 5028 10.
453 4972 532 5025 De
558 4970 671 5024 illis
702 4971 803 5042 qui
833 4988 865 5024 a
889 4969 1315 5041 suisjudicibus
1336 4968 1546 5040 pulsati
1576 4984 1695 5024 non
1725 4969 1960 5024 fuerint.

333 5065 420 5115 11.
452 5062 521 5115 Ut
555 5060 750 5113 nullus
781 5058 1012 5113 infamis
1056 5058 1392 5129 religiosum
1440 5058 1827 5115 Christianum
1871 5075 2034 5113 accu-

402 5165 526 5203 sare
556 5148 754 5219 possit.

332 5240 417 5294 12.
455 5237 531 5293 De
552 5236 694 5291 falso
721 5240 864 5291 teste
897 5235 1050 5305 quod
1092 5250 1211 5289 non
1242 5234 1446 5290 debeat
1484 5233 1806 5306 impunitus
1852 5231 2029 5287 abire.

335 5332 418 5385 l3.
451 5329 517 5384 Ut
547 5344 718 5383 nemo
745 5328 952 5382 absens
971 5326 1336 5397 dijudicetur.

332 5417 416 5472 14.
446 5418 525 5471 De
555 5417 757 5471 eadem
790 5432 871 5470 re.

333 5508 417 5561 l5.
445 5506 516 5560 Ut
545 5522 714 5561 nemo
747 5505 919 5559 simul
953 5504 1026 5559 sit
1050 5509 1363 5571 accusator,
1381 5504 1557 5574 judex
1587 5507 1645 5557 et
1673 5502 1852 5557 testis.

334 5595 421 5649 16.
451 5594 529 5650 De
554 5592 696 5650 falso
717 5594 1051 5650 testimonio
1086 5593 1237 5667 quod
1269 5593 1515 5665 capitale
1545 5591 1620 5647 sit
1649 5590 1890 5647 crimen.

2154 3652 2238 3701 17.
2270 3647 2342 3701 Ut
2378 3646 2506 3700 falsi
2536 3650 2709 3700 testes
2766 3662 2798 3699 a
2857 3645 3265 3700 communione
3297 3645 3409 3700 nisi
3457 3645 3861 3716 pmnituerint,

2218 3736 2335 3789 sint
2361 3733 2761 3788 submovendi.

2152 3826 2237 3878 18.
2284 3824 2355 3877 Ut
2400 3823 2574 3877 falsus
2603 3821 2766 3876 testis
2807 3826 2978 3886 prout
3021 3821 3240 3876 crimen
3264 3824 3356 3877 'est
3406 3821 3563 3894 quod
3589 3824 3866 3893 opposuit

2219 3911 2509 3982 puniatur.

2152 4002 2234 4054 19.
2271 4001 2347 4054 De
2386 3997 2674 4069 ingenuis,
2708 3997 2756 4052 si
2787 3998 2846 4052 in
2877 3997 3094 4068 synodo
3129 4004 3486 4054 accusantur.

2147 4089 2240 4142 20.
2284 4088 2349 4142 Ut
2379 4093 2552 4141 testes
2587 4087 2655 4141 ad
2683 4086 3079 4141 testimonium
3129 4103 3245 4143 non
3294 4087 3667 4159 recipiantur,
3712 4102 3861 4158 quos

2217 4182 2511 4230 accusator
2541 4192 2574 4229 a
2605 4175 2775 4229 domo
2806 4192 2909 4230 sua
2939 4176 3296 4246 produxerit.

2064 4284 2108 4338 ι)
2147 4267 2235 4320 21.
2290 4264 2356 4319 Ut
2384 4266 2578 4318 nullus
2605 4264 2843 4318 clericus
2873 4264 2945 4318 ad
2979 4263 3232 4334 judicem
3287 4262 3645 4331 secularcm,.
3674 4263 3856 4318 alium

2223 4353 2491 4407 clericum
2518 4368 2779 4406 accusare
2811 4356 3140 4423 pratsumat.

2148 4443 2237 4497 22.
2283 4443 2353 4496 Ut
2381 4441 2575 4495 nullcs
2618 4440 2791 4511 judex
2832 4440 3102 4494 secularis
3149 4439 3402 4511 aliquem
3441 4439 3857 4495 ecclesiastico-

2220 4547 2347 4584 rum
2377 4530 2721 4600 distringere
2751 4534 3082 4600 prmsumat.

2148 4621 2237 4675 23.
2273 4619 2342 4673 Ut
2366 4635 2566 4672 omnes
2596 4633 2781 4672 causae
2813 4633 2914 4687 per
2967 4616 3371 4671 auctoritatem
3409 4615 3664 4671 veritatis
3709 4633 3848 4672 ven-

2218 4705 2451 4760 tilandze
2481 4705 2614 4758 sint.

2148 4795 2235 4849 24.
2271 4795 2347 4848 De
2376 4792 2599 4848 clericis
2622 4792 2683 4846 in
2710 4792 2852 4847 falso
2881 4791 3210 4846 testimonio
3237 4790 3530 4846 convictis.

2146 4886 2234 4938 25.
2270 4884 2351 4937 De
2374 4881 2691 4953 judicibus.

2144 4975 2233 5026 26.
2270 4973 2347 5028 De
2370 4970 2562 5041 pravis
2576 4968 2886 5041 judicibus.

2144 5063 2229 5114 27.
2264 5062 2342 5115 De
2371 5058 2628 5113 verbosis
2651 5057 2945 5128 judicibus
2966 5061 3023 5110 et
3043 5056 3227 5112 elatis.

2144 5151 2231 5202 28.
2265 5148 2343 5202 De
2374 5147 2617 5218 praemio
2648 5145 3156 5200 remunerationis.

2144 5239 2232 5291 29.
2264 5237 2341 5290 De
2372 5235 2810 5306 oppressoribus
2841 5249 3182 5306 pauperum.

2146 5328 2233 5380 30.
2270 5325 2534 5394 Utjudex
2565 5340 2683 5378 non
2713 5324 2895 5394 prius,
2930 5322 3123 5376 obviet
3167 5338 3269 5377 sua
3300 5321 3586 5376 sententia
3612 5320 3839 5392 litigan-

2093 5418 2105 5432 ‘
2214 5412 2388 5481 tibus,
2420 5412 2674 5483 quandiu
2704 5412 2828 5483 ipse
2856 5410 3072 5466 habent
3090 5411 3306 5482 aliquid
3337 5410 3494 5483 quod
3519 5414 3841 5481 proponant

2214 5502 2277 5557 in
2306 5502 2647 5574 quaestione.
