  <div class='ocr_page' id='page_1' title='image "/cluster/home/n/w/nwhite01/storage/ocr_20150623/140-141/uc1.31175018559917/462.png"; bbox 0 0 3944 6400; ppageno 0'>
   <div class='ocr_carea' id='block_1_1' title="bbox 14 375 3548 434">
    <p class='ocr_par' dir='ltr' id='par_1_1' title="bbox 14 375 3548 434">
     <span class='ocr_line' id='line_1_1' title="bbox 14 375 3548 434; baseline 0.001 -8"><span class='ocrx_word' id='word_1_1' title='bbox 14 382 114 431; x_wconf 60' lang='lat'>909</span> <span class='ocrx_word' id='word_1_2' title='bbox 841 377 1318 434; x_wconf 80' lang='lat' dir='ltr'>DECRETORUM</span> <span class='ocrx_word' id='word_1_3' title='bbox 1368 379 1553 434; x_wconf 79' lang='lat' dir='ltr'>LIBRI</span> <span class='ocrx_word' id='word_1_4' title='bbox 1594 379 1702 434; x_wconf 83' lang='lat' dir='ltr'>XX.</span> <span class='ocrx_word' id='word_1_5' title='bbox 1745 408 1813 420; x_wconf 83' lang='lat'>—-</span> <span class='ocrx_word' id='word_1_6' title='bbox 1856 378 2075 433; x_wconf 83' lang='lat' dir='ltr'>LIBER</span> <span class='ocrx_word' id='word_1_7' title='bbox 2114 375 2422 432; x_wconf 76' lang='lat' dir='ltr'>DECIMUS</span> <span class='ocrx_word' id='word_1_8' title='bbox 2460 375 2740 430; x_wconf 84' lang='lat' dir='ltr'>SEXTUS.</span> <span class='ocrx_word' id='word_1_9' title='bbox 3445 377 3548 429; x_wconf 84' lang='lat' dir='ltr'>9l0</span> 
     </span>
    </p>
   </div>
   <div class='ocr_carea' id='block_1_2' title="bbox 15 498 3548 572">
    <p class='ocr_par' dir='ltr' id='par_1_2' title="bbox 15 498 3548 572">
     <span class='ocr_line' id='line_1_2' title="bbox 15 498 3548 572; baseline 0 -19"><span class='ocrx_word' id='word_1_10' title='bbox 15 502 98 554; x_wconf 87' lang='lat' dir='ltr'>3t.</span> <span class='ocrx_word' id='word_1_11' title='bbox 141 500 217 554; x_wconf 87' lang='lat' dir='ltr'>Ut</span> <span class='ocrx_word' id='word_1_12' title='bbox 254 516 373 553; x_wconf 90' lang='lat' dir='ltr'>non</span> <span class='ocrx_word' id='word_1_13' title='bbox 415 500 590 555; x_wconf 91' lang='lat' dir='ltr'>iidem</span> <span class='ocrx_word' id='word_1_14' title='bbox 622 499 739 556; x_wconf 89' lang='lat' dir='ltr'>sint</span> <span class='ocrx_word' id='word_1_15' title='bbox 768 507 1126 556; x_wconf 81' lang='lat' dir='ltr'>accusatores</span> <span class='ocrx_word' id='word_1_16' title='bbox 1172 505 1228 555; x_wconf 88' lang='lat' dir='ltr'>et</span> <span class='ocrx_word' id='word_1_17' title='bbox 1271 500 1509 572; x_wconf 90' lang='lat' dir='ltr'>judices,</span> <span class='ocrx_word' id='word_1_18' title='bbox 1569 506 1624 557; x_wconf 87' lang='lat' dir='ltr'>et</span> <span class='ocrx_word' id='word_1_19' title='bbox 1656 506 1737 557; x_wconf 87' lang='lat' dir='ltr'>te-</span> <span class='ocrx_word' id='word_1_20' title='bbox 1767 505 1812 557; x_wconf 83' lang='lat' dir='ltr'><strong>A</strong></span> <span class='ocrx_word' id='word_1_21' title='bbox 1853 505 1937 557; x_wconf 81' lang='lat'>35.</span> <span class='ocrx_word' id='word_1_22' title='bbox 1979 504 2055 556; x_wconf 90' lang='lat' dir='ltr'>De</span> <span class='ocrx_word' id='word_1_23' title='bbox 2085 502 2196 555; x_wconf 86' lang='lat' dir='ltr'>illis</span> <span class='ocrx_word' id='word_1_24' title='bbox 2223 501 2464 555; x_wconf 86' lang='lat' dir='ltr'>testibus</span> <span class='ocrx_word' id='word_1_25' title='bbox 2497 500 2596 571; x_wconf 90' lang='lat' dir='ltr'>qui</span> <span class='ocrx_word' id='word_1_26' title='bbox 2642 500 2891 569; x_wconf 82' lang='lat' dir='ltr'>aliquem</span> <span class='ocrx_word' id='word_1_27' title='bbox 2940 515 3004 553; x_wconf 80' lang='lat' dir='ltr'>ex</span> <span class='ocrx_word' id='word_1_28' title='bbox 3033 514 3195 552; x_wconf 90' lang='lat' dir='ltr'>sacro</span> <span class='ocrx_word' id='word_1_29' title='bbox 3226 498 3429 553; x_wconf 84' lang='lat' dir='ltr'>ordine</span> <span class='ocrx_word' id='word_1_30' title='bbox 3459 516 3548 553; x_wconf 90' lang='lat' dir='ltr'>ac-</span> 
     </span>
    </p>
   </div>
   <div class='ocr_carea' id='block_1_3' title="bbox 86 590 525 644">
    <p class='ocr_par' dir='ltr' id='par_1_3' title="bbox 86 590 525 644">
     <span class='ocr_line' id='line_1_3' title="bbox 86 590 525 644; baseline 0.005 -3"><span class='ocrx_word' id='word_1_31' title='bbox 86 596 211 642; x_wconf 85' lang='lat' dir='ltr'>stes</span> <span class='ocrx_word' id='word_1_32' title='bbox 247 590 525 644; x_wconf 78' lang='lat' dir='ltr'>accusati.</span> 
     </span>
    </p>
   </div>
   <div class='ocr_carea' id='block_1_4' title="bbox 17 675 1739 748">
    <p class='ocr_par' dir='ltr' id='par_1_4' title="bbox 17 675 1739 748">
     <span class='ocr_line' id='line_1_4' title="bbox 17 675 1739 748; baseline -0.002 -17"><span class='ocrx_word' id='word_1_33' title='bbox 17 680 102 731; x_wconf 80' lang='lat'>32.</span> <span class='ocrx_word' id='word_1_34' title='bbox 159 680 235 732; x_wconf 87' lang='lat' dir='ltr'>Ut</span> <span class='ocrx_word' id='word_1_35' title='bbox 289 680 415 748; x_wconf 82' lang='lat' dir='ltr'>ejus</span> <span class='ocrx_word' id='word_1_36' title='bbox 465 679 883 732; x_wconf 86' lang='lat' dir='ltr'>accusationem</span> <span class='ocrx_word' id='word_1_37' title='bbox 917 678 1109 732; x_wconf 89' lang='lat' dir='ltr'>nullus</span> <span class='ocrx_word' id='word_1_38' title='bbox 1138 676 1300 732; x_wconf 87' lang='lat' dir='ltr'>facile</span> <span class='ocrx_word' id='word_1_39' title='bbox 1346 676 1607 748; x_wconf 87' lang='lat' dir='ltr'>accipiat,</span> <span class='ocrx_word' id='word_1_40' title='bbox 1642 675 1739 746; x_wconf 88' lang='lat' dir='ltr'>qui</span> 
     </span>
    </p>
   </div>
   <div class='ocr_carea' id='block_1_5' title="bbox 88 767 867 838">
    <p class='ocr_par' dir='ltr' id='par_1_5' title="bbox 88 767 867 838">
     <span class='ocr_line' id='line_1_5' title="bbox 88 767 867 838; baseline 0.003 -19"><span class='ocrx_word' id='word_1_41' title='bbox 88 767 269 821; x_wconf 81' lang='lat' dir='ltr'>facile</span> <span class='ocrx_word' id='word_1_42' title='bbox 299 768 508 838; x_wconf 80' lang='lat' dir='ltr'>litigat,</span> <span class='ocrx_word' id='word_1_43' title='bbox 534 773 591 822; x_wconf 92' lang='lat' dir='ltr'>et</span> <span class='ocrx_word' id='word_1_44' title='bbox 623 773 867 821; x_wconf 83' lang='lat' dir='ltr'>accusat.</span> 
     </span>
    </p>
   </div>
   <div class='ocr_carea' id='block_1_6' title="bbox 21 854 1741 927">
    <p class='ocr_par' dir='ltr' id='par_1_6' title="bbox 21 854 1741 927">
     <span class='ocr_line' id='line_1_6' title="bbox 21 854 1741 927; baseline -0.001 -20"><span class='ocrx_word' id='word_1_45' title='bbox 21 857 107 908; x_wconf 89' lang='lat'>33.</span> <span class='ocrx_word' id='word_1_46' title='bbox 186 856 267 908; x_wconf 93' lang='lat' dir='ltr'>Ut</span> <span class='ocrx_word' id='word_1_47' title='bbox 335 856 642 927; x_wconf 88' lang='lat' dir='ltr'>episcopus</span> <span class='ocrx_word' id='word_1_48' title='bbox 692 859 1050 910; x_wconf 86' lang='lat' dir='ltr'>accusatores</span> <span class='ocrx_word' id='word_1_49' title='bbox 1104 854 1349 909; x_wconf 87' lang='lat' dir='ltr'>fratrum</span> <span class='ocrx_word' id='word_1_50' title='bbox 1415 868 1741 907; x_wconf 84' lang='lat' dir='ltr'>excommu-</span> 
     </span>
    </p>
   </div>
   <div class='ocr_carea' id='block_1_7' title="bbox 95 944 283 997">
    <p class='ocr_par' dir='ltr' id='par_1_7' title="bbox 95 944 283 997">
     <span class='ocr_line' id='line_1_7' title="bbox 95 944 283 997; baseline 0 0"><span class='ocrx_word' id='word_1_51' title='bbox 95 944 283 997; x_wconf 86' lang='lat' dir='ltr'>nicet.</span> 
     </span>
    </p>
   </div>
   <div class='ocr_carea' id='block_1_8' title="bbox 25 1029 1744 1104">
    <p class='ocr_par' dir='ltr' id='par_1_8' title="bbox 25 1029 1744 1104">
     <span class='ocr_line' id='line_1_8' title="bbox 25 1029 1744 1104; baseline -0.002 -18"><span class='ocrx_word' id='word_1_52' title='bbox 25 1035 112 1086; x_wconf 71' lang='grc'>34.</span> <span class='ocrx_word' id='word_1_53' title='bbox 172 1034 262 1087; x_wconf 89' lang='lat' dir='ltr'>De</span> <span class='ocrx_word' id='word_1_54' title='bbox 299 1032 411 1087; x_wconf 91' lang='lat' dir='ltr'>illis</span> <span class='ocrx_word' id='word_1_55' title='bbox 439 1033 541 1104; x_wconf 90' lang='lat' dir='ltr'>qui</span> <span class='ocrx_word' id='word_1_56' title='bbox 569 1032 812 1087; x_wconf 88' lang='lat' dir='ltr'>convicti</span> <span class='ocrx_word' id='word_1_57' title='bbox 860 1032 1098 1098; x_wconf 85' lang='lat' dir='ltr'>fuerint,</span> <span class='ocrx_word' id='word_1_58' title='bbox 1144 1031 1418 1085; x_wconf 84' lang='lat' dir='ltr'>fratribus</span> <span class='ocrx_word' id='word_1_59' title='bbox 1464 1030 1607 1085; x_wconf 87' lang='lat' dir='ltr'>falsa</span> <span class='ocrx_word' id='word_1_60' title='bbox 1636 1029 1744 1084; x_wconf 88' lang='lat' dir='ltr'>cri-</span> 
     </span>
    </p>
   </div>
   <div class='ocr_carea' id='block_1_9' title="bbox 99 1122 601 1192">
    <p class='ocr_par' dir='ltr' id='par_1_9' title="bbox 99 1122 601 1192">
     <span class='ocr_line' id='line_1_9' title="bbox 99 1122 601 1192; baseline 0 -16"><span class='ocrx_word' id='word_1_61' title='bbox 99 1124 271 1176; x_wconf 88' lang='lat' dir='ltr'>mina</span> <span class='ocrx_word' id='word_1_62' title='bbox 302 1122 601 1192; x_wconf 87' lang='lat' dir='ltr'>objecisse.</span> 
     </span>
    </p>
   </div>
   <div class='ocr_carea' id='block_1_10' title="bbox 1920 588 3553 660">
    <p class='ocr_par' dir='ltr' id='par_1_10' title="bbox 1920 588 3553 660">
     <span class='ocr_line' id='line_1_10' title="bbox 1920 588 3553 660; baseline -0.002 -15"><span class='ocrx_word' id='word_1_63' title='bbox 1920 607 2116 645; x_wconf 89' lang='lat' dir='ltr'>cusare</span> <span class='ocrx_word' id='word_1_64' title='bbox 2148 594 2494 660; x_wconf 88' lang='lat' dir='ltr'>pertentant,</span> <span class='ocrx_word' id='word_1_65' title='bbox 2529 594 2585 642; x_wconf 89' lang='lat' dir='ltr'>et</span> <span class='ocrx_word' id='word_1_66' title='bbox 2613 594 2675 642; x_wconf 89' lang='lat' dir='ltr'>ut</span> <span class='ocrx_word' id='word_1_67' title='bbox 2729 589 2941 659; x_wconf 89' lang='lat' dir='ltr'>quique</span> <span class='ocrx_word' id='word_1_68' title='bbox 2989 588 3213 658; x_wconf 88' lang='lat' dir='ltr'>optimi,</span> <span class='ocrx_word' id='word_1_69' title='bbox 3248 594 3306 642; x_wconf 89' lang='lat' dir='ltr'>et</span> <span class='ocrx_word' id='word_1_70' title='bbox 3335 589 3553 642; x_wconf 78' lang='lat' dir='ltr'>fidelio-</span> 
     </span>
    </p>
   </div>
   <div class='ocr_carea' id='block_1_11' title="bbox 1921 679 2949 733">
    <p class='ocr_par' dir='ltr' id='par_1_11' title="bbox 1921 679 2949 733">
     <span class='ocr_line' id='line_1_11' title="bbox 1921 679 2949 733; baseline -0.004 0"><span class='ocrx_word' id='word_1_71' title='bbox 1921 696 2009 733; x_wconf 89' lang='lat' dir='ltr'>res</span> <span class='ocrx_word' id='word_1_72' title='bbox 2043 680 2102 732; x_wconf 89' lang='lat' dir='ltr'>in</span> <span class='ocrx_word' id='word_1_73' title='bbox 2134 679 2532 733; x_wconf 85' lang='lat' dir='ltr'>testimonium</span> <span class='ocrx_word' id='word_1_74' title='bbox 2564 684 2949 730; x_wconf 85' lang='lat' dir='ltr'>assumantur.</span> 
     </span>
    </p>
   </div>
   <div class='ocr_carea' id='block_1_12' title="bbox 1853 763 3551 821">
    <p class='ocr_par' dir='ltr' id='par_1_12' title="bbox 1853 763 3551 821">
     <span class='ocr_line' id='line_1_12' title="bbox 1853 763 3551 821; baseline -0.002 -1"><span class='ocrx_word' id='word_1_75' title='bbox 1853 768 1938 820; x_wconf 88' lang='grc'>36.</span> <span class='ocrx_word' id='word_1_76' title='bbox 1978 767 2046 821; x_wconf 92' lang='lat' dir='ltr'>Ut</span> <span class='ocrx_word' id='word_1_77' title='bbox 2075 766 2268 819; x_wconf 89' lang='lat' dir='ltr'>nullus</span> <span class='ocrx_word' id='word_1_78' title='bbox 2318 765 2590 820; x_wconf 89' lang='lat' dir='ltr'>secularis</span> <span class='ocrx_word' id='word_1_79' title='bbox 2646 764 2815 818; x_wconf 87' lang='lat' dir='ltr'>alicui</span> <span class='ocrx_word' id='word_1_80' title='bbox 2870 780 2935 818; x_wconf 79' lang='lat' dir='ltr'>ex</span> <span class='ocrx_word' id='word_1_81' title='bbox 2989 763 3142 817; x_wconf 91' lang='lat' dir='ltr'>clero</span> <span class='ocrx_word' id='word_1_82' title='bbox 3192 763 3307 817; x_wconf 86' lang='lat' dir='ltr'>vim</span> <span class='ocrx_word' id='word_1_83' title='bbox 3340 764 3551 817; x_wconf 82' lang='lat' dir='ltr'>inferre</span> 
     </span>
    </p>
   </div>
   <div class='ocr_carea' id='block_1_13' title="bbox 1923 858 2255 923">
    <p class='ocr_par' dir='ltr' id='par_1_13' title="bbox 1923 858 2255 923">
     <span class='ocr_line' id='line_1_13' title="bbox 1923 858 2255 923; baseline 0.006 -19"><span class='ocrx_word' id='word_1_84' title='bbox 1923 869 2111 923; x_wconf 50' lang='lat' dir='ltr'>praesa</span> <span class='ocrx_word' id='word_1_85' title='bbox 2121 858 2255 906; x_wconf 90' lang='lat' dir='ltr'>mat.</span> 
     </span>
    </p>
   </div>
   <div class='ocr_carea' id='block_1_14' title="bbox 1855 938 3552 1009">
    <p class='ocr_par' dir='ltr' id='par_1_14' title="bbox 1855 938 3552 1009">
     <span class='ocr_line' id='line_1_14' title="bbox 1855 938 3552 1009; baseline -0.003 -13"><span class='ocrx_word' id='word_1_86' title='bbox 1855 945 1943 996; x_wconf 87' lang='lat'>37.</span> <span class='ocrx_word' id='word_1_87' title='bbox 1974 941 2137 1005; x_wconf 88' lang='lat' dir='ltr'>Quod</span> <span class='ocrx_word' id='word_1_88' title='bbox 2168 940 2362 995; x_wconf 89' lang='lat' dir='ltr'>mariti</span> <span class='ocrx_word' id='word_1_89' title='bbox 2398 956 2607 995; x_wconf 75' lang='lat' dir='ltr'>uxores</span> <span class='ocrx_word' id='word_1_90' title='bbox 2637 955 2767 993; x_wconf 88' lang='lat' dir='ltr'>suas</span> <span class='ocrx_word' id='word_1_91' title='bbox 2798 955 2863 993; x_wconf 85' lang='lat' dir='ltr'>ex</span> <span class='ocrx_word' id='word_1_92' title='bbox 2913 938 3232 1009; x_wconf 87' lang='lat' dir='ltr'>suspicione</span> <span class='ocrx_word' id='word_1_93' title='bbox 3285 954 3552 994; x_wconf 86' lang='lat' dir='ltr'>accusare</span> 
     </span>
    </p>
   </div>
   <div class='ocr_carea' id='block_1_15' title="bbox 1927 1030 2166 1101">
    <p class='ocr_par' dir='ltr' id='par_1_15' title="bbox 1927 1030 2166 1101">
     <span class='ocr_line' id='line_1_15' title="bbox 1927 1030 2166 1101; baseline 0 -17"><span class='ocrx_word' id='word_1_94' title='bbox 1927 1030 2166 1101; x_wconf 86' lang='lat' dir='ltr'>possint.</span> 
     </span>
    </p>
   </div>
   <div class='ocr_carea' id='block_1_16' title="bbox 2325 1116 3090 1185">
    <p class='ocr_par' dir='ltr' id='par_1_16' title="bbox 2325 1116 3090 1185">
     <span class='ocr_line' id='line_1_16' title="bbox 2325 1116 3090 1185; baseline -0.003 -14"><span class='ocrx_word' id='word_1_95' title='bbox 2325 1117 2529 1171; x_wconf 84' lang='lat' dir='ltr'>Indicis</span> <span class='ocrx_word' id='word_1_96' title='bbox 2555 1116 2917 1185; x_wconf 78' lang='lat' dir='ltr'>capitulorum</span> <span class='ocrx_word' id='word_1_97' title='bbox 2942 1118 3090 1184; x_wconf 77' lang='lat' dir='ltr'>ﬁnis.</span> 
     </span>
    </p>
   </div>
   <div class='ocr_carea' id='block_1_17' title="bbox 1349 1404 2265 1509">
    <p class='ocr_par' dir='ltr' id='par_1_17' title="bbox 1349 1404 2265 1509">
     <span class='ocr_line' id='line_1_17' title="bbox 1349 1404 2265 1509; baseline 0 -4"><span class='ocrx_word' id='word_1_98' title='bbox 1349 1404 2265 1509; x_wconf 82' lang='lat' dir='ltr'>BURCHARDI</span> 
     </span>
    </p>
   </div>
   <div class='ocr_carea' id='block_1_18' title="bbox 1152 1586 2445 1645">
    <p class='ocr_par' dir='ltr' id='par_1_18' title="bbox 1152 1586 2445 1645">
     <span class='ocr_line' id='line_1_18' title="bbox 1152 1586 2445 1645; baseline -0.002 -3"><span class='ocrx_word' id='word_1_99' title='bbox 1152 1588 1497 1644; x_wconf 75' lang='lat' dir='ltr'>ECCLESLE</span> <span class='ocrx_word' id='word_1_100' title='bbox 1534 1588 1878 1645; x_wconf 79' lang='lat' dir='ltr'>WORMACI</span> <span class='ocrx_word' id='word_1_101' title='bbox 1889 1588 2073 1643; x_wconf 91' lang='lat' dir='ltr'>ENSIS</span> <span class='ocrx_word' id='word_1_102' title='bbox 2112 1586 2445 1642; x_wconf 87' lang='lat' dir='ltr'>EPISCOPI.</span> 
     </span>
    </p>
   </div>
   <div class='ocr_carea' id='block_1_19' title="bbox 87 1755 3505 1912">
    <p class='ocr_par' dir='ltr' id='par_1_19' title="bbox 87 1755 3505 1912">
     <span class='ocr_line' id='line_1_19' title="bbox 87 1755 3505 1912; baseline 0.001 -4"><span class='ocrx_word' id='word_1_103' title='bbox 87 1755 1251 1912; x_wconf 78' lang='lat' dir='ltr'>DECRETORUM</span> <span class='ocrx_word' id='word_1_104' title='bbox 1359 1760 1861 1910; x_wconf 81' lang='lat' dir='ltr'>LIBER</span> <span class='ocrx_word' id='word_1_105' title='bbox 1974 1755 2722 1910; x_wconf 84' lang='lat' dir='ltr'>DECIMUS</span> <span class='ocrx_word' id='word_1_106' title='bbox 2860 1755 3505 1910; x_wconf 85' lang='lat' dir='ltr'>SEXTUS</span> 
     </span>
    </p>
   </div>
   <div class='ocr_carea' id='block_1_20' title="bbox 1087 2032 2516 2098">
    <p class='ocr_par' dir='ltr' id='par_1_20' title="bbox 1087 2032 2516 2098">
     <span class='ocr_line' id='line_1_20' title="bbox 1087 2032 2516 2098; baseline -0.001 -2"><span class='ocrx_word' id='word_1_107' title='bbox 1087 2032 1188 2096; x_wconf 90' lang='lat' dir='ltr'>DE</span> <span class='ocrx_word' id='word_1_108' title='bbox 1234 2032 1895 2098; x_wconf 81' lang='lat' dir='ltr'>ACCUSATORIBUS</span> <span class='ocrx_word' id='word_1_109' title='bbox 1944 2032 2047 2096; x_wconf 90' lang='lat' dir='ltr'>ET</span> <span class='ocrx_word' id='word_1_110' title='bbox 2098 2032 2516 2097; x_wconf 84' lang='lat' dir='ltr'>TESTIBUS.</span> 
     </span>
    </p>
   </div>
   <div class='ocr_carea' id='block_1_21' title="bbox 538 2321 1262 2377">
    <p class='ocr_par' dir='ltr' id='par_1_21' title="bbox 538 2321 1262 2377">
     <span class='ocr_line' id='line_1_21' title="bbox 538 2321 1262 2377; baseline 0.001 -1"><span class='ocrx_word' id='word_1_111' title='bbox 538 2322 1023 2376; x_wconf 80' lang='lat' dir='ltr'>ARGUMENTUM</span> <span class='ocrx_word' id='word_1_112' title='bbox 1056 2321 1262 2377; x_wconf 82' lang='lat' dir='ltr'>LIBRI.</span> 
     </span>
    </p>
   </div>
   <div class='ocr_carea' id='block_1_22' title="bbox 106 2410 1753 2481">
    <p class='ocr_par' dir='ltr' id='par_1_22' title="bbox 106 2410 1753 2481">
     <span class='ocr_line' id='line_1_22' title="bbox 106 2410 1753 2481; baseline 0.001 -16"><span class='ocrx_word' id='word_1_113' title='bbox 106 2412 283 2465; x_wconf 79' lang='lat' dir='ltr'>Libro</span> <span class='ocrx_word' id='word_1_114' title='bbox 310 2412 422 2465; x_wconf 89' lang='lat' dir='ltr'>hoc</span> <span class='ocrx_word' id='word_1_115' title='bbox 456 2411 641 2481; x_wconf 88' lang='lat' dir='ltr'>qualis</span> <span class='ocrx_word' id='word_1_116' title='bbox 665 2410 859 2479; x_wconf 86' lang='lat' dir='ltr'>judex,</span> <span class='ocrx_word' id='word_1_117' title='bbox 914 2416 1287 2477; x_wconf 85' lang='lat' dir='ltr'>accusatores,</span> <span class='ocrx_word' id='word_1_118' title='bbox 1321 2415 1378 2466; x_wconf 90' lang='lat' dir='ltr'>et</span> <span class='ocrx_word' id='word_1_119' title='bbox 1424 2415 1599 2466; x_wconf 88' lang='lat' dir='ltr'>testes</span> <span class='ocrx_word' id='word_1_120' title='bbox 1632 2428 1753 2466; x_wconf 90' lang='lat' dir='ltr'>esse</span> 
     </span>
    </p>
   </div>
   <div class='ocr_carea' id='block_1_23' title="bbox 39 2499 1754 2571">
    <p class='ocr_par' dir='ltr' id='par_1_23' title="bbox 39 2499 1754 2571">
     <span class='ocr_line' id='line_1_23' title="bbox 39 2499 1754 2571; baseline 0.001 -19"><span class='ocrx_word' id='word_1_121' title='bbox 39 2499 311 2567; x_wconf 88' lang='lat' dir='ltr'>debeant,</span> <span class='ocrx_word' id='word_1_122' title='bbox 345 2500 606 2565; x_wconf 84' lang='lat' dir='ltr'>docetur,</span> <span class='ocrx_word' id='word_1_123' title='bbox 655 2515 901 2569; x_wconf 69' lang='lat' dir='ltr'>quaeque</span> <span class='ocrx_word' id='word_1_124' title='bbox 950 2500 1289 2569; x_wconf 85' lang='lat' dir='ltr'>poenitentia</span> <span class='ocrx_word' id='word_1_125' title='bbox 1345 2500 1416 2553; x_wconf 89' lang='lat' dir='ltr'>sit</span> <span class='ocrx_word' id='word_1_126' title='bbox 1460 2500 1754 2571; x_wconf 88' lang='lat' dir='ltr'>judicibus</span> 
     </span>
    </p>
   </div>
   <div class='ocr_carea' id='block_1_24' title="bbox 41 2586 1753 2659">
    <p class='ocr_par' dir='ltr' id='par_1_24' title="bbox 41 2586 1753 2659">
     <span class='ocr_line' id='line_1_24' title="bbox 41 2586 1753 2659; baseline 0.001 -19"><span class='ocrx_word' id='word_1_127' title='bbox 41 2588 134 2657; x_wconf 86' lang='lat' dir='ltr'>qui</span> <span class='ocrx_word' id='word_1_128' title='bbox 167 2588 239 2641; x_wconf 92' lang='lat' dir='ltr'>ad</span> <span class='ocrx_word' id='word_1_129' title='bbox 274 2588 526 2659; x_wconf 82' lang='lat' dir='ltr'>gratiam</span> <span class='ocrx_word' id='word_1_130' title='bbox 569 2586 846 2656; x_wconf 87' lang='lat' dir='ltr'>judicant,</span> <span class='ocrx_word' id='word_1_131' title='bbox 897 2587 1435 2657; x_wconf 85' lang='lat' dir='ltr'>calumniatoribus,</span> <span class='ocrx_word' id='word_1_132' title='bbox 1490 2594 1545 2643; x_wconf 85' lang='lat' dir='ltr'>et</span> <span class='ocrx_word' id='word_1_133' title='bbox 1594 2588 1753 2642; x_wconf 86' lang='lat' dir='ltr'>falsis</span> 
     </span>
    </p>
   </div>
   <div class='ocr_carea' id='block_1_25' title="bbox 44 2675 694 2746">
    <p class='ocr_par' dir='ltr' id='par_1_25' title="bbox 44 2675 694 2746">
     <span class='ocr_line' id='line_1_25' title="bbox 44 2675 694 2746; baseline 0.006 -20"><span class='ocrx_word' id='word_1_134' title='bbox 44 2676 280 2729; x_wconf 83' lang='lat' dir='ltr'>testibus</span> <span class='ocrx_word' id='word_1_135' title='bbox 314 2675 694 2746; x_wconf 86' lang='lat' dir='ltr'>injungenda.</span> 
     </span>
    </p>
   </div>
   <div class='ocr_carea' id='block_1_26' title="bbox 46 2763 1752 2834">
    <p class='ocr_par' dir='ltr' id='par_1_26' title="bbox 46 2763 1752 2834">
     <span class='ocr_line' id='line_1_26' title="bbox 46 2763 1752 2834; baseline 0.001 -16"><span class='ocrx_word' id='word_1_136' title='bbox 46 2764 165 2818; x_wconf 72' lang='lat' dir='ltr'>Cap.</span> <span class='ocrx_word' id='word_1_137' title='bbox 211 2766 256 2818; x_wconf 92' lang='grc' dir='ltr'><strong>Ι.</strong></span> <span class='ocrx_word' id='word_1_138' title='bbox 302 2794 376 2803; x_wconf 89' lang='lat'>-—</span> <span class='ocrx_word' id='word_1_139' title='bbox 424 2766 501 2817; x_wconf 91' lang='lat' dir='ltr'>Dc</span> <span class='ocrx_word' id='word_1_140' title='bbox 544 2763 839 2817; x_wconf 87' lang='lat' dir='ltr'>rectoribus</span> <span class='ocrx_word' id='word_1_141' title='bbox 877 2764 1262 2829; x_wconf 88' lang='lat' dir='ltr'>Ecclesiarum,</span> <span class='ocrx_word' id='word_1_142' title='bbox 1321 2780 1387 2818; x_wconf 84' lang='lat' dir='ltr'>ne</span> <span class='ocrx_word' id='word_1_143' title='bbox 1443 2766 1752 2834; x_wconf 73' lang='lat' dir='ltr'>praecipites</span> 
     </span>
    </p>
   </div>
   <div class='ocr_carea' id='block_1_27' title="bbox 486 2834 1332 2888">
    <p class='ocr_par' dir='ltr' id='par_1_27' title="bbox 486 2834 1332 2888">
     <span class='ocr_line' id='line_1_27' title="bbox 486 2834 1332 2888; baseline -0.001 -1"><span class='ocrx_word' id='word_1_144' title='bbox 486 2838 595 2887; x_wconf 87' lang='lat' dir='ltr'>sint</span> <span class='ocrx_word' id='word_1_145' title='bbox 628 2837 687 2887; x_wconf 88' lang='lat' dir='ltr'>in</span> <span class='ocrx_word' id='word_1_146' title='bbox 718 2834 995 2888; x_wconf 85' lang='lat' dir='ltr'>dictandis</span> <span class='ocrx_word' id='word_1_147' title='bbox 1035 2836 1332 2888; x_wconf 76' lang='lat' dir='ltr'>sententiis.</span> 
     </span>
    </p>
   </div>
   <div class='ocr_carea' id='block_1_28' title="bbox 113 2922 1751 2993">
    <p class='ocr_par' dir='ltr' id='par_1_28' title="bbox 113 2922 1751 2993">
     <span class='ocr_line' id='line_1_28' title="bbox 113 2922 1751 2993; baseline -0.001 -16"><span class='ocrx_word' id='word_1_148' title='bbox 113 2924 225 2991; x_wconf 75' lang='lat' dir='ltr'>(Ea;</span> <span class='ocrx_word' id='word_1_149' title='bbox 257 2923 428 2977; x_wconf 88' lang='lat' dir='ltr'>dictis</span> <span class='ocrx_word' id='word_1_150' title='bbox 460 2923 617 2990; x_wconf 86' lang='lat' dir='ltr'>Greg.</span> <span class='ocrx_word' id='word_1_151' title='bbox 647 2922 851 2993; x_wconf 75' lang='lat' dir='ltr'>papae.)</span> <span class='ocrx_word' id='word_1_152' title='bbox 882 2923 1261 2992; x_wconf 87' lang='lat' dir='ltr'>Summopere</span> <span class='ocrx_word' id='word_1_153' title='bbox 1284 2938 1605 2993; x_wconf 83' lang='lat' dir='ltr'>praecavere</span> <span class='ocrx_word' id='word_1_154' title='bbox 1650 2923 1751 2977; x_wconf 87' lang='lat' dir='ltr'>de-</span> 
     </span>
    </p>
   </div>
   <div class='ocr_carea' id='block_1_29' title="bbox 48 3011 1753 3082">
    <p class='ocr_par' dir='ltr' id='par_1_29' title="bbox 48 3011 1753 3082">
     <span class='ocr_line' id='line_1_29' title="bbox 48 3011 1753 3082; baseline 0 -18"><span class='ocrx_word' id='word_1_155' title='bbox 48 3011 178 3065; x_wconf 86' lang='lat' dir='ltr'>bent</span> <span class='ocrx_word' id='word_1_156' title='bbox 226 3018 484 3066; x_wconf 89' lang='lat' dir='ltr'>rectores</span> <span class='ocrx_word' id='word_1_157' title='bbox 544 3011 946 3077; x_wconf 87' lang='lat' dir='ltr'>Ecclesiarum,</span> <span class='ocrx_word' id='word_1_158' title='bbox 1007 3017 1065 3065; x_wconf 87' lang='lat' dir='ltr'>et</span> <span class='ocrx_word' id='word_1_159' title='bbox 1112 3011 1211 3081; x_wconf 91' lang='lat' dir='ltr'>qui</span> <span class='ocrx_word' id='word_1_160' title='bbox 1256 3012 1485 3080; x_wconf 89' lang='lat' dir='ltr'>publica</span> <span class='ocrx_word' id='word_1_161' title='bbox 1534 3011 1753 3082; x_wconf 88' lang='lat' dir='ltr'>judicia</span> 
     </span>
    </p>
   </div>
   <div class='ocr_carea' id='block_1_30' title="bbox 48 3099 1751 3167">
    <p class='ocr_par' dir='ltr' id='par_1_30' title="bbox 48 3099 1751 3167">
     <span class='ocr_line' id='line_1_30' title="bbox 48 3099 1751 3167; baseline 0.001 -15"><span class='ocrx_word' id='word_1_162' title='bbox 48 3107 334 3167; x_wconf 79' lang='lat' dir='ltr'>exercent,</span> <span class='ocrx_word' id='word_1_163' title='bbox 370 3105 434 3154; x_wconf 88' lang='lat' dir='ltr'>ut</span> <span class='ocrx_word' id='word_1_164' title='bbox 466 3099 526 3153; x_wconf 91' lang='lat' dir='ltr'>in</span> <span class='ocrx_word' id='word_1_165' title='bbox 556 3100 836 3154; x_wconf 89' lang='lat' dir='ltr'>dictandis</span> <span class='ocrx_word' id='word_1_166' title='bbox 888 3100 1188 3153; x_wconf 88' lang='lat' dir='ltr'>sententiis</span> <span class='ocrx_word' id='word_1_167' title='bbox 1220 3100 1572 3166; x_wconf 90' lang='lat' dir='ltr'>nullatenus,</span> <span class='ocrx_word' id='word_1_168' title='bbox 1606 3100 1751 3153; x_wconf 88' lang='lat' dir='ltr'>levi-</span> 
     </span>
    </p>
   </div>
   <div class='ocr_carea' id='block_1_31' title="bbox 51 3187 1753 3259">
    <p class='ocr_par' dir='ltr' id='par_1_31' title="bbox 51 3187 1753 3259">
     <span class='ocr_line' id='line_1_31' title="bbox 51 3187 1753 3259; baseline -0.001 -18"><span class='ocrx_word' id='word_1_169' title='bbox 51 3192 176 3255; x_wconf 84' lang='lat' dir='ltr'>tate,</span> <span class='ocrx_word' id='word_1_170' title='bbox 219 3195 326 3243; x_wconf 89' lang='lat' dir='ltr'>aut</span> <span class='ocrx_word' id='word_1_171' title='bbox 374 3190 567 3242; x_wconf 88' lang='lat' dir='ltr'>furore</span> <span class='ocrx_word' id='word_1_172' title='bbox 615 3189 791 3253; x_wconf 89' lang='lat' dir='ltr'>ducti,</span> <span class='ocrx_word' id='word_1_173' title='bbox 863 3188 979 3242; x_wconf 89' lang='lat' dir='ltr'>sint</span> <span class='ocrx_word' id='word_1_174' title='bbox 1024 3188 1370 3259; x_wconf 67' lang='lat' dir='ltr'>praecipites,</span> <span class='ocrx_word' id='word_1_175' title='bbox 1423 3189 1521 3243; x_wconf 90' lang='lat' dir='ltr'>sed</span> <span class='ocrx_word' id='word_1_176' title='bbox 1570 3187 1753 3241; x_wconf 88' lang='lat' dir='ltr'>causis</span> 
     </span>
    </p>
   </div>
   <div class='ocr_carea' id='block_1_32' title="bbox 49 3276 1754 3348">
    <p class='ocr_par' dir='ltr' id='par_1_32' title="bbox 49 3276 1754 3348">
     <span class='ocr_line' id='line_1_32' title="bbox 49 3276 1754 3348; baseline 0 -19"><span class='ocrx_word' id='word_1_177' title='bbox 49 3278 199 3345; x_wconf 90' lang='lat' dir='ltr'>prius</span> <span class='ocrx_word' id='word_1_178' title='bbox 233 3279 554 3348; x_wconf 81' lang='lat' dir='ltr'>diligenter</span> <span class='ocrx_word' id='word_1_179' title='bbox 586 3277 891 3345; x_wconf 84' lang='lat' dir='ltr'>ventilatis,</span> <span class='ocrx_word' id='word_1_180' title='bbox 925 3294 1056 3331; x_wconf 89' lang='lat' dir='ltr'>cum</span> <span class='ocrx_word' id='word_1_181' title='bbox 1095 3293 1186 3331; x_wconf 87' lang='lat' dir='ltr'>res</span> <span class='ocrx_word' id='word_1_182' title='bbox 1217 3294 1347 3348; x_wconf 66' lang='lat' dir='ltr'>qua:</span> <span class='ocrx_word' id='word_1_183' title='bbox 1380 3276 1754 3347; x_wconf 83' lang='lat' dir='ltr'>ignorabatur</span> 
     </span>
    </p>
   </div>
   <div class='ocr_carea' id='block_1_33' title="bbox 48 3365 1754 3434">
    <p class='ocr_par' dir='ltr' id='par_1_33' title="bbox 48 3365 1754 3434">
     <span class='ocr_line' id='line_1_33' title="bbox 48 3365 1754 3434; baseline -0.002 -15"><span class='ocrx_word' id='word_1_184' title='bbox 48 3367 291 3434; x_wconf 90' lang='lat' dir='ltr'>pleniter</span> <span class='ocrx_word' id='word_1_185' title='bbox 319 3368 395 3421; x_wconf 87' lang='lat' dir='ltr'>ad</span> <span class='ocrx_word' id='word_1_186' title='bbox 428 3366 693 3420; x_wconf 87' lang='lat' dir='ltr'>notitiam</span> <span class='ocrx_word' id='word_1_187' title='bbox 729 3366 971 3431; x_wconf 83' lang='lat' dir='ltr'>venerit,</span> <span class='ocrx_word' id='word_1_188' title='bbox 1017 3371 1155 3419; x_wconf 92' lang='lat' dir='ltr'>tunc</span> <span class='ocrx_word' id='word_1_189' title='bbox 1188 3365 1379 3418; x_wconf 84' lang='lat' dir='ltr'>divina</span> <span class='ocrx_word' id='word_1_190' title='bbox 1410 3370 1467 3418; x_wconf 88' lang='lat' dir='ltr'>et</span> <span class='ocrx_word' id='word_1_191' title='bbox 1497 3366 1754 3419; x_wconf 89' lang='lat' dir='ltr'>humana</span> 
     </span>
    </p>
   </div>
   <div class='ocr_carea' id='block_1_34' title="bbox 48 3454 1749 3525">
    <p class='ocr_par' dir='ltr' id='par_1_34' title="bbox 48 3454 1749 3525">
     <span class='ocr_line' id='line_1_34' title="bbox 48 3454 1749 3525; baseline -0.001 -17"><span class='ocrx_word' id='word_1_192' title='bbox 48 3456 134 3511; x_wconf 79' lang='lat' dir='ltr'>lex</span> <span class='ocrx_word' id='word_1_193' title='bbox 164 3458 515 3521; x_wconf 88' lang='lat' dir='ltr'>resolvatur,</span> <span class='ocrx_word' id='word_1_194' title='bbox 589 3460 646 3509; x_wconf 88' lang='lat' dir='ltr'>et</span> <span class='ocrx_word' id='word_1_195' title='bbox 677 3456 995 3509; x_wconf 89' lang='lat' dir='ltr'>secundum</span> <span class='ocrx_word' id='word_1_196' title='bbox 1046 3455 1201 3525; x_wconf 91' lang='lat' dir='ltr'>quod</span> <span class='ocrx_word' id='word_1_197' title='bbox 1250 3454 1326 3507; x_wconf 90' lang='lat' dir='ltr'>ibi</span> <span class='ocrx_word' id='word_1_198' title='bbox 1374 3454 1749 3508; x_wconf 89' lang='lat' dir='ltr'>constitutum</span> 
     </span>
    </p>
   </div>
   <div class='ocr_carea' id='block_1_35' title="bbox 49 3542 1751 3613">
    <p class='ocr_par' dir='ltr' id='par_1_35' title="bbox 49 3542 1751 3613">
     <span class='ocr_line' id='line_1_35' title="bbox 49 3542 1751 3613; baseline -0.001 -17"><span class='ocrx_word' id='word_1_199' title='bbox 49 3550 143 3611; x_wconf 88' lang='lat' dir='ltr'>est,</span> <span class='ocrx_word' id='word_1_200' title='bbox 177 3550 407 3600; x_wconf 88' lang='lat' dir='ltr'>remota</span> <span class='ocrx_word' id='word_1_201' title='bbox 438 3560 815 3613; x_wconf 87' lang='lat' dir='ltr'>personarum</span> <span class='ocrx_word' id='word_1_202' title='bbox 859 3544 1208 3613; x_wconf 86' lang='lat' dir='ltr'>acceptione,</span> <span class='ocrx_word' id='word_1_203' title='bbox 1242 3542 1531 3596; x_wconf 79' lang='lat' dir='ltr'>definitiva</span> <span class='ocrx_word' id='word_1_204' title='bbox 1559 3542 1751 3613; x_wconf 90' lang='lat' dir='ltr'>profe-</span> 
     </span>
    </p>
   </div>
   <div class='ocr_carea' id='block_1_36' title="bbox 48 3631 1754 3702">
    <p class='ocr_par' dir='ltr' id='par_1_36' title="bbox 48 3631 1754 3702">
     <span class='ocr_line' id='line_1_36' title="bbox 48 3631 1754 3702; baseline -0.001 -18"><span class='ocrx_word' id='word_1_205' title='bbox 48 3639 199 3687; x_wconf 86' lang='lat' dir='ltr'>ratur</span> <span class='ocrx_word' id='word_1_206' title='bbox 230 3634 539 3688; x_wconf 88' lang='lat' dir='ltr'>sententia.</span> <span class='ocrx_word' id='word_1_207' title='bbox 572 3634 714 3686; x_wconf 84' lang='lat' dir='ltr'>Hinc</span> <span class='ocrx_word' id='word_1_208' title='bbox 744 3637 828 3685; x_wconf 90' lang='lat' dir='ltr'>est</span> <span class='ocrx_word' id='word_1_209' title='bbox 856 3633 1007 3702; x_wconf 92' lang='lat' dir='ltr'>quod</span> <span class='ocrx_word' id='word_1_210' title='bbox 1056 3632 1231 3684; x_wconf 87' lang='lat' dir='ltr'>Moses</span> <span class='ocrx_word' id='word_1_211' title='bbox 1260 3633 1522 3701; x_wconf 86' lang='lat' dir='ltr'>querelas</span> <span class='ocrx_word' id='word_1_212' title='bbox 1553 3631 1754 3701; x_wconf 91' lang='lat' dir='ltr'>populi</span> 
     </span>
    </p>
   </div>
   <div class='ocr_carea' id='block_1_37' title="bbox 49 3720 1755 3794">
    <p class='ocr_par' dir='ltr' id='par_1_37' title="bbox 49 3720 1755 3794">
     <span class='ocr_line' id='line_1_37' title="bbox 49 3720 1755 3794; baseline 0 -21"><span class='ocrx_word' id='word_1_213' title='bbox 49 3738 269 3794; x_wconf 89' lang='lat' dir='ltr'>semper</span> <span class='ocrx_word' id='word_1_214' title='bbox 299 3722 377 3777; x_wconf 87' lang='lat' dir='ltr'>ad</span> <span class='ocrx_word' id='word_1_215' title='bbox 413 3722 744 3787; x_wconf 89' lang='lat' dir='ltr'>Dominum,</span> <span class='ocrx_word' id='word_1_216' title='bbox 777 3720 1213 3774; x_wconf 87' lang='lat' dir='ltr'>tabernaculum</span> <span class='ocrx_word' id='word_1_217' title='bbox 1255 3720 1571 3790; x_wconf 85' lang='lat' dir='ltr'>ingressus,</span> <span class='ocrx_word' id='word_1_218' title='bbox 1607 3720 1755 3773; x_wconf 87' lang='lat' dir='ltr'>refe-</span> 
     </span>
    </p>
   </div>
   <div class='ocr_carea' id='block_1_38' title="bbox 49 3807 1752 3881">
    <p class='ocr_par' dir='ltr' id='par_1_38' title="bbox 49 3807 1752 3881">
     <span class='ocr_line' id='line_1_38' title="bbox 49 3807 1752 3881; baseline -0.001 -18"><span class='ocrx_word' id='word_1_219' title='bbox 49 3812 221 3877; x_wconf 83' lang='lat' dir='ltr'>rebat,</span> <span class='ocrx_word' id='word_1_220' title='bbox 279 3816 344 3865; x_wconf 92' lang='lat' dir='ltr'>et</span> <span class='ocrx_word' id='word_1_221' title='bbox 385 3813 552 3881; x_wconf 86' lang='lat' dir='ltr'>juxta</span> <span class='ocrx_word' id='word_1_222' title='bbox 589 3810 742 3881; x_wconf 90' lang='lat' dir='ltr'>quod</span> <span class='ocrx_word' id='word_1_223' title='bbox 792 3809 1070 3863; x_wconf 91' lang='lat' dir='ltr'>Dominus</span> <span class='ocrx_word' id='word_1_224' title='bbox 1131 3807 1470 3879; x_wconf 80' lang='lat' dir='ltr'>imperabat,</span> <span class='ocrx_word' id='word_1_225' title='bbox 1531 3807 1752 3878; x_wconf 90' lang='lat' dir='ltr'>judicia</span> 
     </span>
    </p>
   </div>
   <div class='ocr_carea' id='block_1_39' title="bbox 49 3898 1755 3969">
    <p class='ocr_par' dir='ltr' id='par_1_39' title="bbox 49 3898 1755 3969">
     <span class='ocr_line' id='line_1_39' title="bbox 49 3898 1755 3969; baseline -0.001 -19"><span class='ocrx_word' id='word_1_226' title='bbox 49 3901 449 3969; x_wconf 84' lang='lat' dir='ltr'>proponebat:</span> <span class='ocrx_word' id='word_1_227' title='bbox 511 3899 789 3953; x_wconf 91' lang='lat' dir='ltr'>nimirum</span> <span class='ocrx_word' id='word_1_228' title='bbox 845 3914 953 3951; x_wconf 91' lang='lat' dir='ltr'>nos</span> <span class='ocrx_word' id='word_1_229' title='bbox 1004 3898 1332 3963; x_wconf 89' lang='lat' dir='ltr'>instituens,</span> <span class='ocrx_word' id='word_1_230' title='bbox 1392 3902 1458 3950; x_wconf 89' lang='lat' dir='ltr'>ut</span> <span class='ocrx_word' id='word_1_231' title='bbox 1510 3913 1626 3951; x_wconf 93' lang='lat' dir='ltr'>non</span> <span class='ocrx_word' id='word_1_232' title='bbox 1685 3911 1755 3950; x_wconf 78' lang='lat' dir='ltr'>ex</span> 
     </span>
    </p>
   </div>
   <div class='ocr_carea' id='block_1_40' title="bbox 52 3985 1755 4058">
    <p class='ocr_par' dir='ltr' id='par_1_40' title="bbox 52 3985 1755 4058">
     <span class='ocr_line' id='line_1_40' title="bbox 52 3985 1755 4058; baseline 0.001 -20"><span class='ocrx_word' id='word_1_233' title='bbox 52 3989 213 4042; x_wconf 84' lang='lat' dir='ltr'>corde</span> <span class='ocrx_word' id='word_1_234' title='bbox 246 3993 473 4055; x_wconf 87' lang='lat' dir='ltr'>nostro,</span> <span class='ocrx_word' id='word_1_235' title='bbox 522 3988 617 4041; x_wconf 91' lang='lat' dir='ltr'>sed</span> <span class='ocrx_word' id='word_1_236' title='bbox 669 4004 735 4040; x_wconf 84' lang='lat' dir='ltr'>ex</span> <span class='ocrx_word' id='word_1_237' title='bbox 766 3991 1055 4058; x_wconf 68' lang='lat' dir='ltr'>praecepto</span> <span class='ocrx_word' id='word_1_238' title='bbox 1080 3986 1293 4051; x_wconf 91' lang='lat' dir='ltr'>divino,</span> <span class='ocrx_word' id='word_1_239' title='bbox 1322 3985 1755 4040; x_wconf 84' lang='lat' dir='ltr'>condemnatio-</span> 
     </span>
    </p>
   </div>
   <div class='ocr_carea' id='block_1_41' title="bbox 55 4074 1499 4147">
    <p class='ocr_par' dir='ltr' id='par_1_41' title="bbox 55 4074 1499 4147">
     <span class='ocr_line' id='line_1_41' title="bbox 55 4074 1499 4147; baseline 0.001 -21"><span class='ocrx_word' id='word_1_240' title='bbox 55 4076 137 4128; x_wconf 88' lang='lat' dir='ltr'>uis</span> <span class='ocrx_word' id='word_1_241' title='bbox 164 4077 251 4130; x_wconf 81' lang='lat' dir='ltr'>vel</span> <span class='ocrx_word' id='word_1_242' title='bbox 287 4075 716 4147; x_wconf 83' lang='lat' dir='ltr'>justiﬁcationis</span> <span class='ocrx_word' id='word_1_243' title='bbox 748 4074 1091 4128; x_wconf 89' lang='lat' dir='ltr'>sententiam</span> <span class='ocrx_word' id='word_1_244' title='bbox 1123 4074 1499 4145; x_wconf 85' lang='lat' dir='ltr'>proferamus.</span> 
     </span>
    </p>
   </div>
   <div class='ocr_carea' id='block_1_42' title="bbox 58 4162 1755 4233">
    <p class='ocr_par' dir='ltr' id='par_1_42' title="bbox 58 4162 1755 4233">
     <span class='ocr_line' id='line_1_42' title="bbox 58 4162 1755 4233; baseline -0.001 -18"><span class='ocrx_word' id='word_1_245' title='bbox 58 4162 178 4218; x_wconf 78' lang='lat' dir='ltr'>CAP.</span> <span class='ocrx_word' id='word_1_246' title='bbox 213 4167 283 4220; x_wconf 88' lang='lat' dir='ltr'>ll.</span> <span class='ocrx_word' id='word_1_247' title='bbox 341 4194 414 4206; x_wconf 93' lang='lat'>—-</span> <span class='ocrx_word' id='word_1_248' title='bbox 446 4167 512 4220; x_wconf 97' lang='lat' dir='ltr'>Ut</span> <span class='ocrx_word' id='word_1_249' title='bbox 563 4167 775 4219; x_wconf 79' lang='lat' dir='ltr'>comites</span> <span class='ocrx_word' id='word_1_250' title='bbox 814 4169 864 4217; x_wconf 91' lang='lat' dir='ltr'>et</span> <span class='ocrx_word' id='word_1_251' title='bbox 898 4163 1113 4231; x_wconf 79' lang='lat' dir='ltr'>judices</span> <span class='ocrx_word' id='word_1_252' title='bbox 1159 4178 1262 4233; x_wconf 83' lang='lat' dir='ltr'>pro</span> <span class='ocrx_word' id='word_1_253' title='bbox 1285 4162 1500 4232; x_wconf 87' lang='lat' dir='ltr'>judicio</span> <span class='ocrx_word' id='word_1_254' title='bbox 1527 4176 1755 4215; x_wconf 84' lang='lat' dir='ltr'>munera</span> 
     </span>
    </p>
   </div>
   <div class='ocr_carea' id='block_1_43' title="bbox 691 4238 1123 4303">
    <p class='ocr_par' dir='ltr' id='par_1_43' title="bbox 691 4238 1123 4303">
     <span class='ocr_line' id='line_1_43' title="bbox 691 4238 1123 4303; baseline 0 -15"><span class='ocrx_word' id='word_1_255' title='bbox 691 4251 797 4288; x_wconf 89' lang='lat' dir='ltr'>non</span> <span class='ocrx_word' id='word_1_256' title='bbox 829 4238 1123 4303; x_wconf 81' lang='lat' dir='ltr'>accipiant.</span> 
     </span>
    </p>
   </div>
   <div class='ocr_carea' id='block_1_44' title="bbox 124 4320 1752 4391">
    <p class='ocr_par' dir='ltr' id='par_1_44' title="bbox 124 4320 1752 4391">
     <span class='ocr_line' id='line_1_44' title="bbox 124 4320 1752 4391; baseline -0.003 -14"><span class='ocrx_word' id='word_1_257' title='bbox 124 4324 231 4391; x_wconf 70' lang='lat' dir='ltr'>(Em</span> <span class='ocrx_word' id='word_1_258' title='bbox 256 4325 483 4379; x_wconf 88' lang='lat' dir='ltr'>concilio</span> <span class='ocrx_word' id='word_1_259' title='bbox 504 4322 803 4385; x_wconf 81' lang='lat' dir='ltr'>Cabillon.,</span> <span class='ocrx_word' id='word_1_260' title='bbox 838 4325 1014 4391; x_wconf 78' lang='lat' dir='ltr'>capite</span> <span class='ocrx_word' id='word_1_261' title='bbox 1050 4326 1109 4377; x_wconf 81' lang='lat' dir='ltr'>2t</span> <span class='ocrx_word' id='word_1_262' title='bbox 1126 4324 1159 4389; x_wconf 94' lang='lat'>.)</span> <span class='ocrx_word' id='word_1_263' title='bbox 1194 4320 1513 4376; x_wconf 87' lang='lat' dir='ltr'>Comitibus</span> <span class='ocrx_word' id='word_1_264' title='bbox 1536 4335 1671 4373; x_wconf 90' lang='lat' dir='ltr'>vero</span> <span class='ocrx_word' id='word_1_265' title='bbox 1698 4324 1752 4372; x_wconf 90' lang='lat' dir='ltr'>et</span> 
     </span>
    </p>
   </div>
   <div class='ocr_carea' id='block_1_45' title="bbox 52 4407 1752 4480">
    <p class='ocr_par' dir='ltr' id='par_1_45' title="bbox 52 4407 1752 4480">
     <span class='ocr_line' id='line_1_45' title="bbox 52 4407 1752 4480; baseline -0.001 -18"><span class='ocrx_word' id='word_1_266' title='bbox 52 4409 335 4477; x_wconf 88' lang='lat' dir='ltr'>judicibus</span> <span class='ocrx_word' id='word_1_267' title='bbox 386 4411 495 4464; x_wconf 90' lang='lat' dir='ltr'>hoc</span> <span class='ocrx_word' id='word_1_268' title='bbox 551 4426 915 4480; x_wconf 88' lang='lat' dir='ltr'>summopere</span> <span class='ocrx_word' id='word_1_269' title='bbox 960 4411 1278 4463; x_wconf 89' lang='lat' dir='ltr'>cavendum</span> <span class='ocrx_word' id='word_1_270' title='bbox 1328 4413 1432 4474; x_wconf 88' lang='lat' dir='ltr'>est,</span> <span class='ocrx_word' id='word_1_271' title='bbox 1490 4413 1557 4461; x_wconf 93' lang='lat' dir='ltr'>ut</span> <span class='ocrx_word' id='word_1_272' title='bbox 1600 4407 1752 4477; x_wconf 87' lang='lat' dir='ltr'>juste</span> 
     </span>
    </p>
   </div>
   <div class='ocr_carea' id='block_1_46' title="bbox 55 4498 1753 4569">
    <p class='ocr_par' dir='ltr' id='par_1_46' title="bbox 55 4498 1753 4569">
     <span class='ocr_line' id='line_1_46' title="bbox 55 4498 1753 4569; baseline -0.001 -19"><span class='ocrx_word' id='word_1_273' title='bbox 55 4498 324 4567; x_wconf 88' lang='lat' dir='ltr'>judicent,</span> <span class='ocrx_word' id='word_1_274' title='bbox 362 4506 419 4554; x_wconf 89' lang='lat' dir='ltr'>et</span> <span class='ocrx_word' id='word_1_275' title='bbox 450 4515 815 4569; x_wconf 89' lang='lat' dir='ltr'>nequaquam</span> <span class='ocrx_word' id='word_1_276' title='bbox 848 4498 908 4551; x_wconf 92' lang='lat' dir='ltr'>in</span> <span class='ocrx_word' id='word_1_277' title='bbox 944 4498 1165 4568; x_wconf 88' lang='lat' dir='ltr'>judicio</span> <span class='ocrx_word' id='word_1_278' title='bbox 1213 4513 1454 4550; x_wconf 89' lang='lat' dir='ltr'>munera</span> <span class='ocrx_word' id='word_1_279' title='bbox 1484 4513 1584 4549; x_wconf 90' lang='lat' dir='ltr'>seu</span> <span class='ocrx_word' id='word_1_280' title='bbox 1618 4512 1753 4566; x_wconf 84' lang='lat' dir='ltr'>per-</span> 
     </span>
    </p>
   </div>
   <div class='ocr_carea' id='block_1_47' title="bbox 60 4584 1751 4658">
    <p class='ocr_par' dir='ltr' id='par_1_47' title="bbox 60 4584 1751 4658">
     <span class='ocr_line' id='line_1_47' title="bbox 60 4584 1751 4658; baseline -0.001 -21"><span class='ocrx_word' id='word_1_281' title='bbox 60 4602 213 4641; x_wconf 86' lang='lat' dir='ltr'>sonas</span> <span class='ocrx_word' id='word_1_282' title='bbox 254 4588 562 4658; x_wconf 89' lang='lat' dir='ltr'>accipiant,</span> <span class='ocrx_word' id='word_1_283' title='bbox 603 4587 826 4641; x_wconf 90' lang='lat' dir='ltr'>dicente</span> <span class='ocrx_word' id='word_1_284' title='bbox 880 4586 1122 4640; x_wconf 91' lang='lat' dir='ltr'>Domino</span> <span class='ocrx_word' id='word_1_285' title='bbox 1154 4602 1166 4638; x_wconf 89' lang='lat'>:</span> <span class='ocrx_word' id='word_1_286' title='bbox 1193 4586 1317 4639; x_wconf 84' lang='lat' dir='ltr'>Non</span> <span class='ocrx_word' id='word_1_287' title='bbox 1349 4584 1589 4653; x_wconf 90' lang='lat' dir='ltr'>accipiat</span> <span class='ocrx_word' id='word_1_288' title='bbox 1619 4600 1751 4653; x_wconf 82' lang='lat' dir='ltr'>per-</span> 
     </span>
    </p>
   </div>
   <div class='ocr_carea' id='block_1_48' title="bbox 62 4672 1753 4745">
    <p class='ocr_par' dir='ltr' id='par_1_48' title="bbox 62 4672 1753 4745">
     <span class='ocr_line' id='line_1_48' title="bbox 62 4672 1753 4745; baseline -0.001 -18"><span class='ocrx_word' id='word_1_289' title='bbox 62 4691 248 4730; x_wconf 88' lang='lat' dir='ltr'>sonam</span> <span class='ocrx_word' id='word_1_290' title='bbox 282 4693 387 4731; x_wconf 90' lang='lat' dir='ltr'>nec</span> <span class='ocrx_word' id='word_1_291' title='bbox 419 4691 658 4730; x_wconf 90' lang='lat' dir='ltr'>munera</span> <span class='ocrx_word' id='word_1_292' title='bbox 693 4691 705 4728; x_wconf 90' lang='lat'><strong>:</strong></span> <span class='ocrx_word' id='word_1_293' title='bbox 760 4675 897 4745; x_wconf 90' lang='lat' dir='ltr'>quia</span> <span class='ocrx_word' id='word_1_294' title='bbox 942 4690 1182 4728; x_wconf 88' lang='lat' dir='ltr'>munera</span> <span class='ocrx_word' id='word_1_295' title='bbox 1234 4676 1520 4727; x_wconf 63' lang='lat' dir='ltr'>excaecant</span> <span class='ocrx_word' id='word_1_296' title='bbox 1558 4672 1753 4725; x_wconf 92' lang='lat' dir='ltr'>oculos</span> 
     </span>
    </p>
   </div>
   <div class='ocr_carea' id='block_1_49' title="bbox 62 4760 1754 4833">
    <p class='ocr_par' dir='ltr' id='par_1_49' title="bbox 62 4760 1754 4833">
     <span class='ocr_line' id='line_1_49' title="bbox 62 4760 1754 4833; baseline -0.001 -19"><span class='ocrx_word' id='word_1_297' title='bbox 62 4765 419 4832; x_wconf 87' lang='lat' dir='ltr'>sapientium,</span> <span class='ocrx_word' id='word_1_298' title='bbox 466 4770 524 4819; x_wconf 89' lang='lat' dir='ltr'>et</span> <span class='ocrx_word' id='word_1_299' title='bbox 573 4768 798 4818; x_wconf 88' lang='lat' dir='ltr'>mutant</span> <span class='ocrx_word' id='word_1_300' title='bbox 848 4765 1021 4818; x_wconf 86' lang='lat' dir='ltr'>verba</span> <span class='ocrx_word' id='word_1_301' title='bbox 1064 4765 1404 4833; x_wconf 85' lang='lat' dir='ltr'>justorum:</span> <span class='ocrx_word' id='word_1_302' title='bbox 1453 4760 1549 4815; x_wconf 92' lang='lat' dir='ltr'>sed</span> <span class='ocrx_word' id='word_1_303' title='bbox 1580 4761 1754 4814; x_wconf 87' lang='lat' dir='ltr'>mini-</span> 
     </span>
    </p>
   </div>
   <div class='ocr_carea' id='block_1_50' title="bbox 61 4849 1825 4938">
    <p class='ocr_par' dir='ltr' id='par_1_50' title="bbox 61 4849 1825 4938">
     <span class='ocr_line' id='line_1_50' title="bbox 61 4849 1825 4938; baseline 0.001 -36"><span class='ocrx_word' id='word_1_304' title='bbox 61 4856 214 4919; x_wconf 82' lang='lat' dir='ltr'>stros,</span> <span class='ocrx_word' id='word_1_305' title='bbox 276 4870 423 4924; x_wconf 89' lang='lat' dir='ltr'>quos</span> <span class='ocrx_word' id='word_1_306' title='bbox 472 4853 735 4918; x_wconf 87' lang='lat' dir='ltr'>vicarios,</span> <span class='ocrx_word' id='word_1_307' title='bbox 785 4856 840 4905; x_wconf 92' lang='lat' dir='ltr'>et</span> <span class='ocrx_word' id='word_1_308' title='bbox 891 4851 1252 4906; x_wconf 89' lang='lat' dir='ltr'>centenarios</span> <span class='ocrx_word' id='word_1_309' title='bbox 1296 4854 1519 4918; x_wconf 87' lang='lat' dir='ltr'>vocant,</span> <span class='ocrx_word' id='word_1_310' title='bbox 1565 4849 1752 4918; x_wconf 89' lang='lat' dir='ltr'>justos</span> <span class='ocrx_word' id='word_1_311' title='bbox 1785 4886 1825 4938; x_wconf 68' lang='grc' dir='ltr'><strong>Β</strong></span> 
     </span>
    </p>
   </div>
   <div class='ocr_carea' id='block_1_51' title="bbox 62 4938 1752 5008">
    <p class='ocr_par' dir='ltr' id='par_1_51' title="bbox 62 4938 1752 5008">
     <span class='ocr_line' id='line_1_51' title="bbox 62 4938 1752 5008; baseline -0.001 -16"><span class='ocrx_word' id='word_1_312' title='bbox 62 4940 257 4996; x_wconf 87' lang='lat' dir='ltr'>habere</span> <span class='ocrx_word' id='word_1_313' title='bbox 287 4943 518 5007; x_wconf 89' lang='lat' dir='ltr'>debent,</span> <span class='ocrx_word' id='word_1_314' title='bbox 546 4958 618 4996; x_wconf 91' lang='lat' dir='ltr'>ne</span> <span class='ocrx_word' id='word_1_315' title='bbox 656 4940 800 4995; x_wconf 89' lang='lat' dir='ltr'>forte</span> <span class='ocrx_word' id='word_1_316' title='bbox 842 4956 1045 4995; x_wconf 90' lang='lat' dir='ltr'>eorum</span> <span class='ocrx_word' id='word_1_317' title='bbox 1095 4940 1331 4994; x_wconf 87' lang='lat' dir='ltr'>avaritia</span> <span class='ocrx_word' id='word_1_318' title='bbox 1378 4944 1478 4992; x_wconf 90' lang='lat' dir='ltr'>aut</span> <span class='ocrx_word' id='word_1_319' title='bbox 1521 4938 1752 5008; x_wconf 90' lang='lat' dir='ltr'>rapaci-</span> 
     </span>
    </p>
   </div>
   <div class='ocr_carea' id='block_1_52' title="bbox 61 5027 1747 5101">
    <p class='ocr_par' dir='ltr' id='par_1_52' title="bbox 61 5027 1747 5101">
     <span class='ocr_line' id='line_1_52' title="bbox 61 5027 1747 5101; baseline 0 -22"><span class='ocrx_word' id='word_1_320' title='bbox 61 5032 167 5082; x_wconf 85' lang='lat' dir='ltr'>tate</span> <span class='ocrx_word' id='word_1_321' title='bbox 212 5032 459 5101; x_wconf 84' lang='lat' dir='ltr'>populus</span> <span class='ocrx_word' id='word_1_322' title='bbox 481 5035 769 5101; x_wconf 84' lang='lat' dir='ltr'>gravetur,</span> <span class='ocrx_word' id='word_1_323' title='bbox 805 5034 861 5083; x_wconf 90' lang='lat' dir='ltr'>et</span> <span class='ocrx_word' id='word_1_324' title='bbox 890 5028 1112 5083; x_wconf 88' lang='lat' dir='ltr'>amissis</span> <span class='ocrx_word' id='word_1_325' title='bbox 1134 5027 1497 5083; x_wconf 85' lang='lat' dir='ltr'>facultatibus</span> <span class='ocrx_word' id='word_1_326' title='bbox 1529 5028 1587 5079; x_wconf 89' lang='lat' dir='ltr'>in</span> <span class='ocrx_word' id='word_1_327' title='bbox 1606 5044 1747 5097; x_wconf 86' lang='lat' dir='ltr'>pau-</span> 
     </span>
    </p>
   </div>
   <div class='ocr_carea' id='block_1_53' title="bbox 64 5116 1752 5188">
    <p class='ocr_par' dir='ltr' id='par_1_53' title="bbox 64 5116 1752 5188">
     <span class='ocr_line' id='line_1_53' title="bbox 64 5116 1752 5188; baseline 0 -19"><span class='ocrx_word' id='word_1_328' title='bbox 64 5123 330 5184; x_wconf 88' lang='lat' dir='ltr'>pertatem</span> <span class='ocrx_word' id='word_1_329' title='bbox 390 5120 703 5188; x_wconf 77' lang='lat' dir='ltr'>redigatur.</span> <span class='ocrx_word' id='word_1_330' title='bbox 783 5120 975 5173; x_wconf 88' lang='lat' dir='ltr'>Testes</span> <span class='ocrx_word' id='word_1_331' title='bbox 1039 5134 1172 5172; x_wconf 88' lang='lat' dir='ltr'>vero</span> <span class='ocrx_word' id='word_1_332' title='bbox 1225 5116 1619 5187; x_wconf 84' lang='lat' dir='ltr'>probatissimi</span> <span class='ocrx_word' id='word_1_333' title='bbox 1695 5120 1752 5170; x_wconf 86' lang='lat' dir='ltr'>et</span> 
     </span>
    </p>
   </div>
   <div class='ocr_carea' id='block_1_54' title="bbox 65 5204 1814 5279">
    <p class='ocr_par' dir='ltr' id='par_1_54' title="bbox 65 5204 1814 5279">
     <span class='ocr_line' id='line_1_54' title="bbox 65 5204 1814 5279; baseline 0.001 -22"><span class='ocrx_word' id='word_1_334' title='bbox 65 5207 241 5273; x_wconf 84' lang='lat' dir='ltr'>pauci,</span> <span class='ocrx_word' id='word_1_335' title='bbox 272 5209 342 5263; x_wconf 84' lang='lat' dir='ltr'>de</span> <span class='ocrx_word' id='word_1_336' title='bbox 372 5209 636 5279; x_wconf 88' lang='lat' dir='ltr'>pluribus</span> <span class='ocrx_word' id='word_1_337' title='bbox 666 5224 788 5262; x_wconf 87' lang='lat' dir='ltr'>esse</span> <span class='ocrx_word' id='word_1_338' title='bbox 815 5208 1029 5262; x_wconf 88' lang='lat' dir='ltr'>debent</span> <span class='ocrx_word' id='word_1_339' title='bbox 1058 5207 1223 5273; x_wconf 86' lang='lat' dir='ltr'>tales,</span> <span class='ocrx_word' id='word_1_340' title='bbox 1255 5206 1324 5261; x_wconf 91' lang='lat' dir='ltr'>de</span> <span class='ocrx_word' id='word_1_341' title='bbox 1356 5221 1605 5275; x_wconf 89' lang='lat' dir='ltr'>quorum</span> <span class='ocrx_word' id='word_1_342' title='bbox 1636 5204 1751 5259; x_wconf 85' lang='lat' dir='ltr'>fide</span> <span class='ocrx_word' id='word_1_343' title='bbox 1808 5263 1814 5269; x_wconf 59' lang='grc'><em>,</em></span> 
     </span>
    </p>
   </div>
   <div class='ocr_carea' id='block_1_55' title="bbox 70 5291 1750 5363">
    <p class='ocr_par' dir='ltr' id='par_1_55' title="bbox 70 5291 1750 5363">
     <span class='ocr_line' id='line_1_55' title="bbox 70 5291 1750 5363; baseline -0.001 -19"><span class='ocrx_word' id='word_1_344' title='bbox 70 5308 173 5348; x_wconf 86' lang='lat' dir='ltr'>non</span> <span class='ocrx_word' id='word_1_345' title='bbox 222 5296 535 5351; x_wconf 84' lang='lat' dir='ltr'>dubitetur.</span> <span class='ocrx_word' id='word_1_346' title='bbox 593 5297 833 5351; x_wconf 81' lang='lat' dir='ltr'>Multum</span> <span class='ocrx_word' id='word_1_347' title='bbox 897 5299 1089 5348; x_wconf 83' lang='lat' dir='ltr'>autem</span> <span class='ocrx_word' id='word_1_348' title='bbox 1149 5308 1455 5363; x_wconf 82' lang='lat' dir='ltr'>pravorum</span> <span class='ocrx_word' id='word_1_349' title='bbox 1494 5291 1750 5357; x_wconf 87' lang='lat' dir='ltr'>testium,</span> 
     </span>
    </p>
   </div>
   <div class='ocr_carea' id='block_1_56' title="bbox 68 5381 1357 5454">
    <p class='ocr_par' dir='ltr' id='par_1_56' title="bbox 68 5381 1357 5454">
     <span class='ocr_line' id='line_1_56' title="bbox 68 5381 1357 5454; baseline 0.002 -22"><span class='ocrx_word' id='word_1_350' title='bbox 68 5383 361 5452; x_wconf 88' lang='lat' dir='ltr'>cupiditate</span> <span class='ocrx_word' id='word_1_351' title='bbox 391 5392 449 5440; x_wconf 89' lang='lat' dir='ltr'>et</span> <span class='ocrx_word' id='word_1_352' title='bbox 480 5385 726 5439; x_wconf 83' lang='lat' dir='ltr'>falsitate</span> <span class='ocrx_word' id='word_1_353' title='bbox 761 5383 1080 5454; x_wconf 86' lang='lat' dir='ltr'>respublica</span> <span class='ocrx_word' id='word_1_354' title='bbox 1116 5381 1357 5436; x_wconf 69' lang='lat' dir='ltr'>laeditur.</span> 
     </span>
    </p>
   </div>
   <div class='ocr_carea' id='block_1_57' title="bbox 72 5468 1756 5543">
    <p class='ocr_par' dir='ltr' id='par_1_57' title="bbox 72 5468 1756 5543">
     <span class='ocr_line' id='line_1_57' title="bbox 72 5468 1756 5543; baseline -0.001 -22"><span class='ocrx_word' id='word_1_355' title='bbox 72 5468 183 5526; x_wconf 71' lang='lat' dir='ltr'>CAP.</span> <span class='ocrx_word' id='word_1_356' title='bbox 217 5475 305 5528; x_wconf 85' lang='lat' dir='ltr'>llt.</span> <span class='ocrx_word' id='word_1_357' title='bbox 342 5505 410 5516; x_wconf 89' lang='lat'><strong><em>—</em></strong></span> <span class='ocrx_word' id='word_1_358' title='bbox 441 5477 517 5529; x_wconf 86' lang='lat' dir='ltr'>De</span> <span class='ocrx_word' id='word_1_359' title='bbox 546 5475 657 5528; x_wconf 87' lang='lat' dir='ltr'>illis</span> <span class='ocrx_word' id='word_1_360' title='bbox 687 5475 785 5543; x_wconf 86' lang='lat' dir='ltr'>qui</span> <span class='ocrx_word' id='word_1_361' title='bbox 806 5472 1345 5543; x_wconf 83' lang='lat' dir='ltr'>crimenobjecerint,</span> <span class='ocrx_word' id='word_1_362' title='bbox 1364 5473 1415 5523; x_wconf 89' lang='lat' dir='ltr'>et</span> <span class='ocrx_word' id='word_1_363' title='bbox 1433 5483 1617 5523; x_wconf 82' lang='lat' dir='ltr'>verum</span> <span class='ocrx_word' id='word_1_364' title='bbox 1648 5482 1756 5521; x_wconf 88' lang='lat' dir='ltr'>non</span> 
     </span>
    </p>
   </div>
   <div class='ocr_carea' id='block_1_58' title="bbox 736 5542 1108 5613">
    <p class='ocr_par' dir='ltr' id='par_1_58' title="bbox 736 5542 1108 5613">
     <span class='ocr_line' id='line_1_58' title="bbox 736 5542 1108 5613; baseline -0.003 -16"><span class='ocrx_word' id='word_1_365' title='bbox 736 5542 1108 5613; x_wconf 75' lang='lat' dir='ltr'>probaverim.</span> 
     </span>
    </p>
   </div>
   <div class='ocr_carea' id='block_1_59' title="bbox 137 5608 1754 5683">
    <p class='ocr_par' dir='ltr' id='par_1_59' title="bbox 137 5608 1754 5683">
     <span class='ocr_line' id='line_1_59' title="bbox 137 5608 1754 5683; baseline -0.004 -15"><span class='ocrx_word' id='word_1_366' title='bbox 137 5612 234 5680; x_wconf 76' lang='lat' dir='ltr'>(Ea:</span> <span class='ocrx_word' id='word_1_367' title='bbox 263 5619 485 5673; x_wconf 82' lang='lat' dir='ltr'>concilio</span> <span class='ocrx_word' id='word_1_368' title='bbox 518 5608 808 5682; x_wconf 83' lang='lat' dir='ltr'>Arausico,</span> <span class='ocrx_word' id='word_1_369' title='bbox 860 5616 1039 5683; x_wconf 87' lang='lat' dir='ltr'>capite</span> <span class='ocrx_word' id='word_1_370' title='bbox 1065 5612 1144 5681; x_wconf 80' lang='grc'>4.)</span> <span class='ocrx_word' id='word_1_371' title='bbox 1177 5612 1285 5676; x_wconf 86' lang='lat' dir='ltr'>Qui</span> <span class='ocrx_word' id='word_1_372' title='bbox 1332 5610 1550 5666; x_wconf 89' lang='lat' dir='ltr'>crimen</span> <span class='ocrx_word' id='word_1_373' title='bbox 1600 5608 1754 5679; x_wconf 84' lang='lat' dir='ltr'>obji-</span> 
     </span>
    </p>
   </div>
   <div class='ocr_carea' id='block_1_60' title="bbox 1782 2324 3564 2395">
    <p class='ocr_par' dir='ltr' id='par_1_60' title="bbox 1782 2324 3564 2395">
     <span class='ocr_line' id='line_1_60' title="bbox 1782 2324 3564 2395; baseline 0.001 -16"><span class='ocrx_word' id='word_1_374' title='bbox 1782 2325 1822 2379; x_wconf 90' lang='lat' dir='ltr'>B</span> <span class='ocrx_word' id='word_1_375' title='bbox 1863 2324 1952 2388; x_wconf 88' lang='lat' dir='ltr'>cit,</span> <span class='ocrx_word' id='word_1_376' title='bbox 1981 2325 2120 2379; x_wconf 88' lang='lat' dir='ltr'>sciat</span> <span class='ocrx_word' id='word_1_377' title='bbox 2151 2341 2210 2379; x_wconf 90' lang='lat' dir='ltr'>se</span> <span class='ocrx_word' id='word_1_378' title='bbox 2238 2324 2620 2395; x_wconf 88' lang='lat' dir='ltr'>probaturum</span> <span class='ocrx_word' id='word_1_379' title='bbox 2649 2342 2710 2380; x_wconf 93' lang='lat' dir='ltr'>re</span> <span class='ocrx_word' id='word_1_380' title='bbox 2741 2341 2893 2392; x_wconf 90' lang='lat' dir='ltr'>vera,</span> <span class='ocrx_word' id='word_1_381' title='bbox 2944 2329 3008 2379; x_wconf 91' lang='lat' dir='ltr'>ut</span> <span class='ocrx_word' id='word_1_382' title='bbox 3052 2325 3133 2380; x_wconf 91' lang='lat' dir='ltr'>ibi</span> <span class='ocrx_word' id='word_1_383' title='bbox 3166 2330 3335 2381; x_wconf 83' lang='lat' dir='ltr'>causa</span> <span class='ocrx_word' id='word_1_384' title='bbox 3364 2327 3564 2381; x_wconf 87' lang='lat' dir='ltr'>termi-</span> 
     </span>
    </p>
   </div>
   <div class='ocr_carea' id='block_1_61' title="bbox 1864 2413 3566 2485">
    <p class='ocr_par' dir='ltr' id='par_1_61' title="bbox 1864 2413 3566 2485">
     <span class='ocr_line' id='line_1_61' title="bbox 1864 2413 3566 2485; baseline 0.002 -18"><span class='ocrx_word' id='word_1_385' title='bbox 1864 2419 2053 2479; x_wconf 88' lang='lat' dir='ltr'>netur,</span> <span class='ocrx_word' id='word_1_386' title='bbox 2085 2413 2179 2467; x_wconf 86' lang='lat' dir='ltr'>ubi</span> <span class='ocrx_word' id='word_1_387' title='bbox 2212 2415 2428 2467; x_wconf 89' lang='lat' dir='ltr'>crimen</span> <span class='ocrx_word' id='word_1_388' title='bbox 2476 2414 2822 2479; x_wconf 83' lang='lat' dir='ltr'>admittitur,</span> <span class='ocrx_word' id='word_1_389' title='bbox 2854 2419 2917 2469; x_wconf 91' lang='lat' dir='ltr'>ut</span> <span class='ocrx_word' id='word_1_390' title='bbox 2962 2414 3060 2485; x_wconf 89' lang='lat' dir='ltr'>qui</span> <span class='ocrx_word' id='word_1_391' title='bbox 3094 2432 3208 2469; x_wconf 89' lang='lat' dir='ltr'>non</span> <span class='ocrx_word' id='word_1_392' title='bbox 3237 2417 3566 2485; x_wconf 84' lang='lat' dir='ltr'>probaverit</span> 
     </span>
    </p>
   </div>
   <div class='ocr_carea' id='block_1_62' title="bbox 1865 2503 3489 2575">
    <p class='ocr_par' dir='ltr' id='par_1_62' title="bbox 1865 2503 3489 2575">
     <span class='ocr_line' id='line_1_62' title="bbox 1865 2503 3489 2575; baseline 0.002 -21"><span class='ocrx_word' id='word_1_393' title='bbox 1865 2503 2016 2572; x_wconf 88' lang='lat' dir='ltr'>quod</span> <span class='ocrx_word' id='word_1_394' title='bbox 2045 2503 2272 2572; x_wconf 80' lang='lat' dir='ltr'>objecit,</span> <span class='ocrx_word' id='word_1_395' title='bbox 2305 2519 2536 2573; x_wconf 89' lang='lat' dir='ltr'>poenam</span> <span class='ocrx_word' id='word_1_396' title='bbox 2560 2519 2734 2574; x_wconf 91' lang='lat' dir='ltr'>quam</span> <span class='ocrx_word' id='word_1_397' title='bbox 2761 2503 3040 2569; x_wconf 89' lang='lat' dir='ltr'>intulerit,</span> <span class='ocrx_word' id='word_1_398' title='bbox 3072 2503 3191 2574; x_wconf 89' lang='lat' dir='ltr'>ipse</span> <span class='ocrx_word' id='word_1_399' title='bbox 3220 2505 3489 2575; x_wconf 90' lang='lat' dir='ltr'>patiatur.</span> 
     </span>
    </p>
   </div>
   <div class='ocr_carea' id='block_1_63' title="bbox 1864 2607 3489 2672">
    <p class='ocr_par' dir='ltr' id='par_1_63' title="bbox 1864 2607 3489 2672">
     <span class='ocr_line' id='line_1_63' title="bbox 1864 2607 3489 2672; baseline 0.002 -11"><span class='ocrx_word' id='word_1_400' title='bbox 1864 2607 1992 2661; x_wconf 79' lang='lat' dir='ltr'>CAP.</span> <span class='ocrx_word' id='word_1_401' title='bbox 2026 2608 2111 2661; x_wconf 92' lang='lat' dir='ltr'>IV.</span> <span class='ocrx_word' id='word_1_402' title='bbox 2147 2639 2212 2647; x_wconf 89' lang='lat'>—</span> <span class='ocrx_word' id='word_1_403' title='bbox 2243 2609 2435 2672; x_wconf 85' lang='lat' dir='ltr'>Quales</span> <span class='ocrx_word' id='word_1_404' title='bbox 2465 2610 2540 2662; x_wconf 84' lang='lat' dir='ltr'>ad</span> <span class='ocrx_word' id='word_1_405' title='bbox 2568 2611 2931 2663; x_wconf 82' lang='lat' dir='ltr'>testimonium</span> <span class='ocrx_word' id='word_1_406' title='bbox 2960 2610 3206 2664; x_wconf 83' lang='lat' dir='ltr'>accedere</span> <span class='ocrx_word' id='word_1_407' title='bbox 3244 2610 3489 2665; x_wconf 85' lang='lat' dir='ltr'>debeant.</span> 
     </span>
    </p>
   </div>
   <div class='ocr_carea' id='block_1_64' title="bbox 1934 2713 3562 2785">
    <p class='ocr_par' dir='ltr' id='par_1_64' title="bbox 1934 2713 3562 2785">
     <span class='ocr_line' id='line_1_64' title="bbox 1934 2713 3562 2785; baseline 0.004 -20"><span class='ocrx_word' id='word_1_408' title='bbox 1934 2713 2043 2779; x_wconf 70' lang='lat' dir='ltr'>(Ea:</span> <span class='ocrx_word' id='word_1_409' title='bbox 2073 2715 2300 2768; x_wconf 88' lang='lat' dir='ltr'>concilio</span> <span class='ocrx_word' id='word_1_410' title='bbox 2321 2714 2471 2782; x_wconf 83' lang='lat' dir='ltr'>apud</span> <span class='ocrx_word' id='word_1_411' title='bbox 2503 2714 2800 2768; x_wconf 84' lang='lat' dir='ltr'>Theodonis</span> <span class='ocrx_word' id='word_1_412' title='bbox 2829 2716 3019 2769; x_wconf 82' lang='lat' dir='ltr'>villam</span> <span class='ocrx_word' id='word_1_413' title='bbox 3039 2715 3243 2781; x_wconf 87' lang='lat' dir='ltr'>habito,</span> <span class='ocrx_word' id='word_1_414' title='bbox 3274 2717 3456 2785; x_wconf 82' lang='lat' dir='ltr'>capite</span> <span class='ocrx_word' id='word_1_415' title='bbox 3488 2718 3562 2785; x_wconf 92' lang='lat'>3.)</span> 
     </span>
    </p>
   </div>
   <div class='ocr_carea' id='block_1_65' title="bbox 1866 2799 3566 2870">
    <p class='ocr_par' dir='ltr' id='par_1_65' title="bbox 1866 2799 3566 2870">
     <span class='ocr_line' id='line_1_65' title="bbox 1866 2799 3566 2870; baseline 0.002 -18"><span class='ocrx_word' id='word_1_416' title='bbox 1866 2800 2199 2865; x_wconf 63' lang='lat' dir='ltr'>Homicidia,</span> <span class='ocrx_word' id='word_1_417' title='bbox 2243 2800 2509 2867; x_wconf 79' lang='lat' dir='ltr'>maleﬁci,</span> <span class='ocrx_word' id='word_1_418' title='bbox 2562 2799 2735 2867; x_wconf 88' lang='lat' dir='ltr'>fures,</span> <span class='ocrx_word' id='word_1_419' title='bbox 2773 2799 3060 2869; x_wconf 86' lang='lat' dir='ltr'>sacrilegi,</span> <span class='ocrx_word' id='word_1_420' title='bbox 3090 2806 3368 2870; x_wconf 86' lang='lat' dir='ltr'>raptores,</span> <span class='ocrx_word' id='word_1_421' title='bbox 3403 2818 3566 2855; x_wconf 90' lang='lat' dir='ltr'>vene-</span> 
     </span>
    </p>
   </div>
   <div class='ocr_carea' id='block_1_66' title="bbox 1861 2887 3561 2957">
    <p class='ocr_par' dir='ltr' id='par_1_66' title="bbox 1861 2887 3561 2957">
     <span class='ocr_line' id='line_1_66' title="bbox 1861 2887 3561 2957; baseline 0 -16"><span class='ocrx_word' id='word_1_422' title='bbox 1861 2887 1973 2954; x_wconf 78' lang='lat' dir='ltr'>fici,</span> <span class='ocrx_word' id='word_1_423' title='bbox 2008 2888 2268 2953; x_wconf 85' lang='lat' dir='ltr'>adulteri,</span> <span class='ocrx_word' id='word_1_424' title='bbox 2297 2893 2353 2941; x_wconf 91' lang='lat' dir='ltr'>et</span> <span class='ocrx_word' id='word_1_425' title='bbox 2384 2887 2482 2957; x_wconf 89' lang='lat' dir='ltr'>qui</span> <span class='ocrx_word' id='word_1_426' title='bbox 2528 2891 2758 2957; x_wconf 71' lang='lat' dir='ltr'>raptum</span> <span class='ocrx_word' id='word_1_427' title='bbox 2806 2887 3063 2953; x_wconf 91' lang='lat' dir='ltr'>fecerint,</span> <span class='ocrx_word' id='word_1_428' title='bbox 3118 2888 3207 2941; x_wconf 86' lang='lat' dir='ltr'>vel</span> <span class='ocrx_word' id='word_1_429' title='bbox 3234 2888 3439 2941; x_wconf 89' lang='lat' dir='ltr'>falsum</span> <span class='ocrx_word' id='word_1_430' title='bbox 3474 2893 3561 2942; x_wconf 87' lang='lat' dir='ltr'>te-</span> 
     </span>
    </p>
   </div>
   <div class='ocr_carea' id='block_1_67' title="bbox 1862 2974 3564 3045">
    <p class='ocr_par' dir='ltr' id='par_1_67' title="bbox 1862 2974 3564 3045">
     <span class='ocr_line' id='line_1_67' title="bbox 1862 2974 3564 3045; baseline 0.001 -17"><span class='ocrx_word' id='word_1_431' title='bbox 1862 2976 2199 3029; x_wconf 88' lang='lat' dir='ltr'>stimonium</span> <span class='ocrx_word' id='word_1_432' title='bbox 2232 2976 2499 3041; x_wconf 86' lang='lat' dir='ltr'>dixerint,</span> <span class='ocrx_word' id='word_1_433' title='bbox 2534 2991 2630 3028; x_wconf 90' lang='lat' dir='ltr'>seu</span> <span class='ocrx_word' id='word_1_434' title='bbox 2676 2974 2776 3045; x_wconf 92' lang='lat' dir='ltr'>qui</span> <span class='ocrx_word' id='word_1_435' title='bbox 2815 2974 2883 3028; x_wconf 86' lang='lat' dir='ltr'>ad</span> <span class='ocrx_word' id='word_1_436' title='bbox 2913 2974 3218 3043; x_wconf 86' lang='lat' dir='ltr'>sortilegos</span> <span class='ocrx_word' id='word_1_437' title='bbox 3251 2990 3564 3045; x_wconf 86' lang='lat' dir='ltr'>magosque</span> 
     </span>
    </p>
   </div>
   <div class='ocr_carea' id='block_1_68' title="bbox 1862 3063 3564 3131">
    <p class='ocr_par' dir='ltr' id='par_1_68' title="bbox 1862 3063 3564 3131">
     <span class='ocr_line' id='line_1_68' title="bbox 1862 3063 3564 3131; baseline 0.001 -14"><span class='ocrx_word' id='word_1_438' title='bbox 1862 3065 2237 3131; x_wconf 88' lang='lat' dir='ltr'>cucurrerint,</span> <span class='ocrx_word' id='word_1_439' title='bbox 2288 3065 2616 3117; x_wconf 90' lang='lat' dir='ltr'>nullatenus</span> <span class='ocrx_word' id='word_1_440' title='bbox 2646 3064 2717 3117; x_wconf 90' lang='lat' dir='ltr'>ad</span> <span class='ocrx_word' id='word_1_441' title='bbox 2771 3063 3216 3131; x_wconf 86' lang='lat' dir='ltr'>accusationem,</span> <span class='ocrx_word' id='word_1_442' title='bbox 3259 3063 3344 3118; x_wconf 89' lang='lat' dir='ltr'>vel</span> <span class='ocrx_word' id='word_1_443' title='bbox 3383 3064 3453 3117; x_wconf 88' lang='lat' dir='ltr'>ad</span> <span class='ocrx_word' id='word_1_444' title='bbox 3487 3069 3564 3118; x_wconf 84' lang='lat' dir='ltr'>te-</span> 
     </span>
    </p>
   </div>
   <div class='ocr_carea' id='block_1_69' title="bbox 1862 3151 2776 3207">
    <p class='ocr_par' dir='ltr' id='par_1_69' title="bbox 1862 3151 2776 3207">
     <span class='ocr_line' id='line_1_69' title="bbox 1862 3151 2776 3207; baseline 0 -2"><span class='ocrx_word' id='word_1_445' title='bbox 1862 3152 2199 3206; x_wconf 89' lang='lat' dir='ltr'>stimonium</span> <span class='ocrx_word' id='word_1_446' title='bbox 2226 3157 2395 3206; x_wconf 89' lang='lat' dir='ltr'>erunt</span> <span class='ocrx_word' id='word_1_447' title='bbox 2418 3151 2776 3207; x_wconf 88' lang='lat' dir='ltr'>admittendi.</span> 
     </span>
    </p>
   </div>
   <div class='ocr_carea' id='block_1_70' title="bbox 1864 3258 3568 3326">
    <p class='ocr_par' dir='ltr' id='par_1_70' title="bbox 1864 3258 3568 3326">
     <span class='ocr_line' id='line_1_70' title="bbox 1864 3258 3568 3326; baseline 0.002 -15"><span class='ocrx_word' id='word_1_448' title='bbox 1864 3258 1991 3312; x_wconf 78' lang='lat' dir='ltr'>CAP.</span> <span class='ocrx_word' id='word_1_449' title='bbox 2024 3258 2086 3312; x_wconf 87' lang='lat' dir='ltr'>V.</span> <span class='ocrx_word' id='word_1_450' title='bbox 2132 3287 2202 3297; x_wconf 89' lang='lat'>-—-</span> <span class='ocrx_word' id='word_1_451' title='bbox 2240 3259 2316 3314; x_wconf 92' lang='lat' dir='ltr'>Ne</span> <span class='ocrx_word' id='word_1_452' title='bbox 2370 3260 2621 3312; x_wconf 86' lang='lat' dir='ltr'>innocens</span> <span class='ocrx_word' id='word_1_453' title='bbox 2667 3259 2904 3326; x_wconf 84' lang='lat' dir='ltr'>pernicie</span> <span class='ocrx_word' id='word_1_454' title='bbox 2950 3261 3321 3312; x_wconf 86' lang='lat' dir='ltr'>accusantium</span> <span class='ocrx_word' id='word_1_455' title='bbox 3381 3262 3568 3314; x_wconf 77' lang='lat' dir='ltr'>macu-</span> 
     </span>
    </p>
   </div>
   <div class='ocr_carea' id='block_1_71' title="bbox 2639 3329 2798 3383">
    <p class='ocr_par' dir='ltr' id='par_1_71' title="bbox 2639 3329 2798 3383">
     <span class='ocr_line' id='line_1_71' title="bbox 2639 3329 2798 3383; baseline 0.006 -1"><span class='ocrx_word' id='word_1_456' title='bbox 2639 3329 2798 3383; x_wconf 85' lang='lat' dir='ltr'>letur.</span> 
     </span>
    </p>
   </div>
   <div class='ocr_carea' id='block_1_72' title="bbox 1934 3417 3568 3489">
    <p class='ocr_par' dir='ltr' id='par_1_72' title="bbox 1934 3417 3568 3489">
     <span class='ocr_line' id='line_1_72' title="bbox 1934 3417 3568 3489; baseline 0.001 -17"><span class='ocrx_word' id='word_1_457' title='bbox 1934 3417 2039 3488; x_wconf 73' lang='lat' dir='ltr'>(Ea</span> <span class='ocrx_word' id='word_1_458' title='bbox 2074 3418 2217 3472; x_wconf 89' lang='lat' dir='ltr'>decr.</span> <span class='ocrx_word' id='word_1_459' title='bbox 2252 3419 2444 3471; x_wconf 90' lang='lat' dir='ltr'>Felicis</span> <span class='ocrx_word' id='word_1_460' title='bbox 2489 3433 2667 3486; x_wconf 56' lang='lat' dir='ltr'>papa,</span> <span class='ocrx_word' id='word_1_461' title='bbox 2714 3420 2892 3486; x_wconf 86' lang='lat' dir='ltr'>capite</span> <span class='ocrx_word' id='word_1_462' title='bbox 2944 3420 3047 3484; x_wconf 78' lang='lat' dir='ltr'>t5.)</span> <span class='ocrx_word' id='word_1_463' title='bbox 3094 3418 3339 3489; x_wconf 85' lang='lat' dir='ltr'>Dignum</span> <span class='ocrx_word' id='word_1_464' title='bbox 3375 3424 3457 3473; x_wconf 88' lang='lat' dir='ltr'>est</span> <span class='ocrx_word' id='word_1_465' title='bbox 3505 3425 3568 3474; x_wconf 90' lang='lat' dir='ltr'>ut</span> 
     </span>
    </p>
   </div>
   <div class='ocr_carea' id='block_1_73' title="bbox 1862 3505 3565 3577">
    <p class='ocr_par' dir='ltr' id='par_1_73' title="bbox 1862 3505 3565 3577">
     <span class='ocr_line' id='line_1_73' title="bbox 1862 3505 3565 3577; baseline 0.002 -18"><span class='ocrx_word' id='word_1_466' title='bbox 1862 3505 1979 3559; x_wconf 87' lang='lat' dir='ltr'>vita</span> <span class='ocrx_word' id='word_1_467' title='bbox 2008 3506 2332 3560; x_wconf 85' lang='lat' dir='ltr'>innocentis</span> <span class='ocrx_word' id='word_1_468' title='bbox 2363 3522 2478 3559; x_wconf 91' lang='lat' dir='ltr'>non</span> <span class='ocrx_word' id='word_1_469' title='bbox 2512 3507 2831 3560; x_wconf 75' lang='lat' dir='ltr'>maculatur</span> <span class='ocrx_word' id='word_1_470' title='bbox 2860 3506 3113 3575; x_wconf 90' lang='lat' dir='ltr'>pernicie</span> <span class='ocrx_word' id='word_1_471' title='bbox 3146 3510 3565 3577; x_wconf 88' lang='lat' dir='ltr'>accusantium,</span> 
     </span>
    </p>
   </div>
   <div class='ocr_carea' id='block_1_74' title="bbox 1796 3593 3564 3664">
    <p class='ocr_par' dir='ltr' id='par_1_74' title="bbox 1796 3593 3564 3664">
     <span class='ocr_line' id='line_1_74' title="bbox 1796 3593 3564 3664; baseline 0.003 -18"><span class='ocrx_word' id='word_1_472' title='bbox 1796 3604 1835 3658; x_wconf 64' lang='grc' dir='ltr'>(ζ,</span> <span class='ocrx_word' id='word_1_473' title='bbox 1863 3594 2025 3659; x_wconf 91' lang='lat' dir='ltr'>adeo,</span> <span class='ocrx_word' id='word_1_474' title='bbox 2068 3599 2127 3646; x_wconf 91' lang='lat' dir='ltr'>ut</span> <span class='ocrx_word' id='word_1_475' title='bbox 2153 3593 2416 3664; x_wconf 89' lang='lat' dir='ltr'>quisquis</span> <span class='ocrx_word' id='word_1_476' title='bbox 2463 3609 2495 3647; x_wconf 91' lang='lat' dir='ltr'>a</span> <span class='ocrx_word' id='word_1_477' title='bbox 2548 3594 2807 3663; x_wconf 89' lang='lat' dir='ltr'>quolibet</span> <span class='ocrx_word' id='word_1_478' title='bbox 2851 3594 3212 3655; x_wconf 87' lang='lat' dir='ltr'>criminatur.</span> <span class='ocrx_word' id='word_1_479' title='bbox 3270 3613 3384 3650; x_wconf 92' lang='lat' dir='ltr'>non</span> <span class='ocrx_word' id='word_1_480' title='bbox 3434 3603 3564 3652; x_wconf 89' lang='lat' dir='ltr'>ante</span> 
     </span>
    </p>
   </div>
   <div class='ocr_carea' id='block_1_75' title="bbox 1867 3681 3562 3753">
    <p class='ocr_par' dir='ltr' id='par_1_75' title="bbox 1867 3681 3562 3753">
     <span class='ocr_line' id='line_1_75' title="bbox 1867 3681 3562 3753; baseline 0.001 -18"><span class='ocrx_word' id='word_1_481' title='bbox 1867 3687 2160 3736; x_wconf 88' lang='lat' dir='ltr'>accusatus</span> <span class='ocrx_word' id='word_1_482' title='bbox 2189 3681 2470 3751; x_wconf 90' lang='lat' dir='ltr'>supplicio</span> <span class='ocrx_word' id='word_1_483' title='bbox 2499 3681 2825 3750; x_wconf 83' lang='lat' dir='ltr'>deputetur,</span> <span class='ocrx_word' id='word_1_484' title='bbox 2863 3698 3035 3751; x_wconf 89' lang='lat' dir='ltr'>quam</span> <span class='ocrx_word' id='word_1_485' title='bbox 3093 3689 3387 3737; x_wconf 89' lang='lat' dir='ltr'>accusator</span> <span class='ocrx_word' id='word_1_486' title='bbox 3416 3700 3562 3753; x_wconf 68' lang='lat' dir='ltr'>pras-</span> 
     </span>
    </p>
   </div>
   <div class='ocr_carea' id='block_1_76' title="bbox 1865 3771 3566 3843">
    <p class='ocr_par' dir='ltr' id='par_1_76' title="bbox 1865 3771 3566 3843">
     <span class='ocr_line' id='line_1_76' title="bbox 1865 3771 3566 3843; baseline 0.001 -19"><span class='ocrx_word' id='word_1_487' title='bbox 1865 3776 2140 3829; x_wconf 86' lang='lat' dir='ltr'>sentetur.</span> <span class='ocrx_word' id='word_1_488' title='bbox 2172 3776 2345 3838; x_wconf 87' lang='lat' dir='ltr'>atque</span> <span class='ocrx_word' id='word_1_489' title='bbox 2375 3773 2438 3822; x_wconf 89' lang='lat' dir='ltr'>ut</span> <span class='ocrx_word' id='word_1_490' title='bbox 2487 3774 2544 3822; x_wconf 89' lang='lat' dir='ltr'>et</span> <span class='ocrx_word' id='word_1_491' title='bbox 2592 3785 2879 3823; x_wconf 90' lang='lat' dir='ltr'>canonum</span> <span class='ocrx_word' id='word_1_492' title='bbox 2911 3771 3192 3825; x_wconf 87' lang='lat' dir='ltr'>sententia</span> <span class='ocrx_word' id='word_1_493' title='bbox 3224 3772 3333 3825; x_wconf 89' lang='lat' dir='ltr'>erit</span> <span class='ocrx_word' id='word_1_494' title='bbox 3367 3774 3566 3843; x_wconf 84' lang='lat' dir='ltr'>exqui-</span> 
     </span>
    </p>
   </div>
   <div class='ocr_carea' id='block_1_77' title="bbox 1864 3857 3565 3929">
    <p class='ocr_par' dir='ltr' id='par_1_77' title="bbox 1864 3857 3565 3929">
     <span class='ocr_line' id='line_1_77' title="bbox 1864 3857 3565 3929; baseline 0.002 -17"><span class='ocrx_word' id='word_1_495' title='bbox 1864 3865 2022 3912; x_wconf 89' lang='lat' dir='ltr'>ratur</span> <span class='ocrx_word' id='word_1_496' title='bbox 2056 3875 2071 3912; x_wconf 86' lang='lat'><strong>:</strong></span> <span class='ocrx_word' id='word_1_497' title='bbox 2103 3865 2167 3912; x_wconf 92' lang='lat' dir='ltr'>ut</span> <span class='ocrx_word' id='word_1_498' title='bbox 2193 3858 2241 3910; x_wconf 90' lang='lat' dir='ltr'>si</span> <span class='ocrx_word' id='word_1_499' title='bbox 2266 3858 2502 3925; x_wconf 82' lang='lat' dir='ltr'>indigna</span> <span class='ocrx_word' id='word_1_500' title='bbox 2524 3857 2595 3910; x_wconf 88' lang='lat' dir='ltr'>ad</span> <span class='ocrx_word' id='word_1_501' title='bbox 2637 3859 3018 3913; x_wconf 89' lang='lat' dir='ltr'>accusandum</span> <span class='ocrx_word' id='word_1_502' title='bbox 3064 3875 3309 3929; x_wconf 87' lang='lat' dir='ltr'>persona</span> <span class='ocrx_word' id='word_1_503' title='bbox 3346 3860 3565 3915; x_wconf 89' lang='lat' dir='ltr'>inveni-</span> 
     </span>
    </p>
   </div>
   <div class='ocr_carea' id='block_1_78' title="bbox 1864 3946 3177 4017">
    <p class='ocr_par' dir='ltr' id='par_1_78' title="bbox 1864 3946 3177 4017">
     <span class='ocr_line' id='line_1_78' title="bbox 1864 3946 3177 4017; baseline 0.002 -18"><span class='ocrx_word' id='word_1_504' title='bbox 1864 3950 1980 4013; x_wconf 90' lang='lat' dir='ltr'>tur,</span> <span class='ocrx_word' id='word_1_505' title='bbox 2016 3946 2085 3999; x_wconf 91' lang='lat' dir='ltr'>ad</span> <span class='ocrx_word' id='word_1_506' title='bbox 2118 3948 2239 4015; x_wconf 87' lang='lat' dir='ltr'>ejus</span> <span class='ocrx_word' id='word_1_507' title='bbox 2268 3946 2689 3999; x_wconf 88' lang='lat' dir='ltr'>accusationem</span> <span class='ocrx_word' id='word_1_508' title='bbox 2722 3963 2837 4000; x_wconf 92' lang='lat' dir='ltr'>non</span> <span class='ocrx_word' id='word_1_509' title='bbox 2865 3947 3177 4017; x_wconf 89' lang='lat' dir='ltr'>judicetur.</span> 
     </span>
    </p>
   </div>
   <div class='ocr_carea' id='block_1_79' title="bbox 1867 4051 3567 4123">
    <p class='ocr_par' dir='ltr' id='par_1_79' title="bbox 1867 4051 3567 4123">
     <span class='ocr_line' id='line_1_79' title="bbox 1867 4051 3567 4123; baseline 0.001 -16"><span class='ocrx_word' id='word_1_510' title='bbox 1867 4053 1993 4108; x_wconf 82' lang='lat' dir='ltr'>CAP.</span> <span class='ocrx_word' id='word_1_511' title='bbox 2030 4052 2117 4105; x_wconf 89' lang='lat' dir='ltr'>VI.</span> <span class='ocrx_word' id='word_1_512' title='bbox 2150 4081 2219 4090; x_wconf 85' lang='lat'>-—</span> <span class='ocrx_word' id='word_1_513' title='bbox 2254 4052 2319 4105; x_wconf 92' lang='lat' dir='ltr'>Ut</span> <span class='ocrx_word' id='word_1_514' title='bbox 2348 4052 2531 4105; x_wconf 84' lang='lat' dir='ltr'>nullus</span> <span class='ocrx_word' id='word_1_515' title='bbox 2553 4051 2894 4105; x_wconf 80' lang='lat' dir='ltr'>describatur</span> <span class='ocrx_word' id='word_1_516' title='bbox 2920 4067 3070 4120; x_wconf 77' lang='lat' dir='ltr'>reus,</span> <span class='ocrx_word' id='word_1_517' title='bbox 3088 4056 3419 4123; x_wconf 86' lang='lat' dir='ltr'>priusquam</span> <span class='ocrx_word' id='word_1_518' title='bbox 3446 4070 3567 4109; x_wconf 85' lang='lat' dir='ltr'>con-</span> 
     </span>
    </p>
   </div>
   <div class='ocr_carea' id='block_1_80' title="bbox 2573 4128 2848 4176">
    <p class='ocr_par' dir='ltr' id='par_1_80' title="bbox 2573 4128 2848 4176">
     <span class='ocr_line' id='line_1_80' title="bbox 2573 4128 2848 4176; baseline 0 0"><span class='ocrx_word' id='word_1_519' title='bbox 2573 4128 2848 4176; x_wconf 81' lang='lat' dir='ltr'>vincatur.</span> 
     </span>
    </p>
   </div>
   <div class='ocr_carea' id='block_1_81' title="bbox 1937 4211 3569 4283">
    <p class='ocr_par' dir='ltr' id='par_1_81' title="bbox 1937 4211 3569 4283">
     <span class='ocr_line' id='line_1_81' title="bbox 1937 4211 3569 4283; baseline 0.002 -18"><span class='ocrx_word' id='word_1_520' title='bbox 1937 4213 2050 4281; x_wconf 76' lang='lat' dir='ltr'>(Ea:</span> <span class='ocrx_word' id='word_1_521' title='bbox 2076 4212 2219 4266; x_wconf 89' lang='lat' dir='ltr'>decr.</span> <span class='ocrx_word' id='word_1_522' title='bbox 2272 4211 2521 4265; x_wconf 75' lang='lat' dir='ltr'>Adriani</span> <span class='ocrx_word' id='word_1_523' title='bbox 2563 4227 2743 4280; x_wconf 75' lang='lat' dir='ltr'>papae,</span> <span class='ocrx_word' id='word_1_524' title='bbox 2777 4214 2955 4283; x_wconf 84' lang='lat' dir='ltr'>capite</span> <span class='ocrx_word' id='word_1_525' title='bbox 2991 4212 3068 4283; x_wconf 82' lang='lat'>2.)</span> <span class='ocrx_word' id='word_1_526' title='bbox 3088 4213 3267 4268; x_wconf 85' lang='lat' dir='ltr'>Judex</span> <span class='ocrx_word' id='word_1_527' title='bbox 3297 4213 3569 4269; x_wconf 85' lang='lat' dir='ltr'>crimino-</span> 
     </span>
    </p>
   </div>
   <div class='ocr_carea' id='block_1_82' title="bbox 1864 4300 3568 4372">
    <p class='ocr_par' dir='ltr' id='par_1_82' title="bbox 1864 4300 3568 4372">
     <span class='ocr_line' id='line_1_82' title="bbox 1864 4300 3568 4372; baseline 0.001 -17"><span class='ocrx_word' id='word_1_528' title='bbox 1864 4317 1992 4355; x_wconf 89' lang='lat' dir='ltr'>sum</span> <span class='ocrx_word' id='word_1_529' title='bbox 2018 4300 2349 4367; x_wconf 90' lang='lat' dir='ltr'>discutiens,</span> <span class='ocrx_word' id='word_1_530' title='bbox 2384 4315 2501 4354; x_wconf 91' lang='lat' dir='ltr'>non</span> <span class='ocrx_word' id='word_1_531' title='bbox 2532 4305 2663 4354; x_wconf 90' lang='lat' dir='ltr'>ante</span> <span class='ocrx_word' id='word_1_532' title='bbox 2694 4301 3036 4354; x_wconf 88' lang='lat' dir='ltr'>sententiam</span> <span class='ocrx_word' id='word_1_533' title='bbox 3092 4302 3345 4372; x_wconf 85' lang='lat' dir='ltr'>proferat</span> <span class='ocrx_word' id='word_1_534' title='bbox 3390 4302 3568 4357; x_wconf 77' lang='lat' dir='ltr'>finiti-</span> 
     </span>
    </p>
   </div>
   <div class='ocr_carea' id='block_1_83' title="bbox 1865 4387 3569 4459">
    <p class='ocr_par' dir='ltr' id='par_1_83' title="bbox 1865 4387 3569 4459">
     <span class='ocr_line' id='line_1_83' title="bbox 1865 4387 3569 4459; baseline 0.002 -19"><span class='ocrx_word' id='word_1_535' title='bbox 1865 4403 1992 4441; x_wconf 89' lang='lat' dir='ltr'>vam</span> <span class='ocrx_word' id='word_1_536' title='bbox 2028 4403 2199 4458; x_wconf 91' lang='lat' dir='ltr'>quam</span> <span class='ocrx_word' id='word_1_537' title='bbox 2228 4393 2328 4441; x_wconf 89' lang='lat' dir='ltr'>aut</span> <span class='ocrx_word' id='word_1_538' title='bbox 2354 4402 2485 4441; x_wconf 88' lang='lat' dir='ltr'>reus</span> <span class='ocrx_word' id='word_1_539' title='bbox 2510 4387 2632 4457; x_wconf 90' lang='lat' dir='ltr'>ipse</span> <span class='ocrx_word' id='word_1_540' title='bbox 2673 4388 3038 4454; x_wconf 80' lang='lat' dir='ltr'>confiteatur,</span> <span class='ocrx_word' id='word_1_541' title='bbox 3103 4394 3201 4442; x_wconf 90' lang='lat' dir='ltr'>aut</span> <span class='ocrx_word' id='word_1_542' title='bbox 3245 4405 3351 4459; x_wconf 90' lang='lat' dir='ltr'>per</span> <span class='ocrx_word' id='word_1_543' title='bbox 3397 4393 3569 4444; x_wconf 88' lang='lat' dir='ltr'>testes</span> 
     </span>
    </p>
   </div>
   <div class='ocr_carea' id='block_1_84' title="bbox 1864 4475 2515 4530">
    <p class='ocr_par' dir='ltr' id='par_1_84' title="bbox 1864 4475 2515 4530">
     <span class='ocr_line' id='line_1_84' title="bbox 1864 4475 2515 4530; baseline -0.005 0"><span class='ocrx_word' id='word_1_544' title='bbox 1864 4477 2100 4530; x_wconf 89' lang='lat' dir='ltr'>idoneos</span> <span class='ocrx_word' id='word_1_545' title='bbox 2127 4475 2515 4529; x_wconf 88' lang='lat' dir='ltr'>convincatur.</span> 
     </span>
    </p>
   </div>
   <div class='ocr_carea' id='block_1_85' title="bbox 1864 4563 3567 4633">
    <p class='ocr_par' dir='ltr' id='par_1_85' title="bbox 1864 4563 3567 4633">
     <span class='ocr_line' id='line_1_85' title="bbox 1864 4563 3567 4633; baseline 0.002 -16"><span class='ocrx_word' id='word_1_546' title='bbox 1864 4563 1993 4617; x_wconf 70' lang='lat' dir='ltr'>CAP.</span> <span class='ocrx_word' id='word_1_547' title='bbox 2030 4564 2143 4616; x_wconf 86' lang='lat' dir='ltr'>VII.</span> <span class='ocrx_word' id='word_1_548' title='bbox 2176 4592 2244 4601; x_wconf 94' lang='lat'>—</span> <span class='ocrx_word' id='word_1_549' title='bbox 2279 4565 2344 4617; x_wconf 86' lang='lat' dir='ltr'>Ut</span> <span class='ocrx_word' id='word_1_550' title='bbox 2368 4563 2677 4632; x_wconf 80' lang='lat' dir='ltr'>presbyteri</span> <span class='ocrx_word' id='word_1_551' title='bbox 2703 4578 2826 4616; x_wconf 90' lang='lat' dir='ltr'>suos</span> <span class='ocrx_word' id='word_1_552' title='bbox 2869 4566 3230 4633; x_wconf 84' lang='lat' dir='ltr'>parochianos</span> <span class='ocrx_word' id='word_1_553' title='bbox 3260 4566 3320 4619; x_wconf 88' lang='lat' dir='ltr'>in</span> <span class='ocrx_word' id='word_1_554' title='bbox 3362 4567 3567 4633; x_wconf 84' lang='lat' dir='ltr'>synodo</span> 
     </span>
    </p>
   </div>
   <div class='ocr_carea' id='block_1_86' title="bbox 2449 4634 2979 4689">
    <p class='ocr_par' dir='ltr' id='par_1_86' title="bbox 2449 4634 2979 4689">
     <span class='ocr_line' id='line_1_86' title="bbox 2449 4634 2979 4689; baseline 0.006 -3"><span class='ocrx_word' id='word_1_555' title='bbox 2449 4648 2702 4687; x_wconf 80' lang='lat' dir='ltr'>accusare</span> <span class='ocrx_word' id='word_1_556' title='bbox 2732 4634 2979 4689; x_wconf 81' lang='lat' dir='ltr'>debeant.</span> 
     </span>
    </p>
   </div>
   <div class='ocr_carea' id='block_1_87' title="bbox 1936 4721 3565 4791">
    <p class='ocr_par' dir='ltr' id='par_1_87' title="bbox 1936 4721 3565 4791">
     <span class='ocr_line' id='line_1_87' title="bbox 1936 4721 3565 4791; baseline 0.003 -15"><span class='ocrx_word' id='word_1_557' title='bbox 1936 4724 2044 4789; x_wconf 78' lang='lat' dir='ltr'>(Ea:</span> <span class='ocrx_word' id='word_1_558' title='bbox 2074 4722 2295 4777; x_wconf 86' lang='lat' dir='ltr'>concilio</span> <span class='ocrx_word' id='word_1_559' title='bbox 2322 4723 2585 4789; x_wconf 83' lang='lat' dir='ltr'>Mogunt.,</span> <span class='ocrx_word' id='word_1_560' title='bbox 2637 4724 2814 4790; x_wconf 87' lang='lat' dir='ltr'>capite</span> <span class='ocrx_word' id='word_1_561' title='bbox 2844 4721 2919 4791; x_wconf 87' lang='lat'>6.)</span> <span class='ocrx_word' id='word_1_562' title='bbox 2972 4723 3033 4776; x_wconf 90' lang='lat' dir='ltr'>In</span> <span class='ocrx_word' id='word_1_563' title='bbox 3077 4728 3277 4778; x_wconf 87' lang='lat' dir='ltr'>sancto</span> <span class='ocrx_word' id='word_1_564' title='bbox 3324 4725 3565 4781; x_wconf 89' lang='lat' dir='ltr'>concilio</span> 
     </span>
    </p>
   </div>
   <div class='ocr_carea' id='block_1_88' title="bbox 1865 4809 3565 4880">
    <p class='ocr_par' dir='ltr' id='par_1_88' title="bbox 1865 4809 3565 4880">
     <span class='ocr_line' id='line_1_88' title="bbox 1865 4809 3565 4880; baseline 0.002 -15"><span class='ocrx_word' id='word_1_565' title='bbox 1865 4810 2157 4865; x_wconf 89' lang='lat' dir='ltr'>decretum</span> <span class='ocrx_word' id='word_1_566' title='bbox 2189 4815 2292 4875; x_wconf 92' lang='lat' dir='ltr'>est,</span> <span class='ocrx_word' id='word_1_567' title='bbox 2334 4815 2399 4862; x_wconf 90' lang='lat' dir='ltr'>ut</span> <span class='ocrx_word' id='word_1_568' title='bbox 2444 4809 2764 4880; x_wconf 89' lang='lat' dir='ltr'>presbyteri</span> <span class='ocrx_word' id='word_1_569' title='bbox 2812 4826 2948 4864; x_wconf 88' lang='lat' dir='ltr'>suos</span> <span class='ocrx_word' id='word_1_570' title='bbox 2995 4811 3354 4880; x_wconf 83' lang='lat' dir='ltr'>plebesanos,</span> <span class='ocrx_word' id='word_1_571' title='bbox 3388 4818 3443 4867; x_wconf 87' lang='lat' dir='ltr'>et</span> <span class='ocrx_word' id='word_1_572' title='bbox 3473 4831 3565 4869; x_wconf 85' lang='lat' dir='ltr'>ac-</span> 
     </span>
    </p>
   </div>
   <div class='ocr_carea' id='block_1_89' title="bbox 1866 4898 3560 4974">
    <p class='ocr_par' dir='ltr' id='par_1_89' title="bbox 1866 4898 3560 4974">
     <span class='ocr_line' id='line_1_89' title="bbox 1866 4898 3560 4974; baseline 0.002 -21"><span class='ocrx_word' id='word_1_573' title='bbox 1866 4908 2087 4965; x_wconf 82' lang='lat' dir='ltr'>cusare‘,</span> <span class='ocrx_word' id='word_1_574' title='bbox 2119 4905 2175 4953; x_wconf 90' lang='lat' dir='ltr'>et</span> <span class='ocrx_word' id='word_1_575' title='bbox 2204 4898 2595 4952; x_wconf 85' lang='lat' dir='ltr'>testimoniare</span> <span class='ocrx_word' id='word_1_576' title='bbox 2643 4898 2885 4968; x_wconf 88' lang='lat' dir='ltr'>possint.</span> <span class='ocrx_word' id='word_1_577' title='bbox 2939 4899 2996 4954; x_wconf 90' lang='lat' dir='ltr'>Si</span> <span class='ocrx_word' id='word_1_578' title='bbox 3051 4907 3244 4957; x_wconf 90' lang='lat' dir='ltr'>autem</span> <span class='ocrx_word' id='word_1_579' title='bbox 3292 4903 3560 4974; x_wconf 85' lang='lat' dir='ltr'>neglexe-</span> 
     </span>
    </p>
   </div>
   <div class='ocr_carea' id='block_1_90' title="bbox 1863 4987 3063 5058">
    <p class='ocr_par' dir='ltr' id='par_1_90' title="bbox 1863 4987 3063 5058">
     <span class='ocr_line' id='line_1_90' title="bbox 1863 4987 3063 5058; baseline 0.001 -15"><span class='ocrx_word' id='word_1_580' title='bbox 1863 4989 1999 5056; x_wconf 89' lang='lat' dir='ltr'>rint,</span> <span class='ocrx_word' id='word_1_581' title='bbox 2029 4988 2118 5042; x_wconf 89' lang='lat' dir='ltr'>sui</span> <span class='ocrx_word' id='word_1_582' title='bbox 2148 4988 2359 5058; x_wconf 89' lang='lat' dir='ltr'>gradus</span> <span class='ocrx_word' id='word_1_583' title='bbox 2381 4987 2635 5057; x_wconf 87' lang='lat' dir='ltr'>periculo</span> <span class='ocrx_word' id='word_1_584' title='bbox 2664 4987 3063 5058; x_wconf 86' lang='lat' dir='ltr'>subjacebunt.</span> 
     </span>
    </p>
   </div>
   <div class='ocr_carea' id='block_1_91' title="bbox 1863 5093 3568 5164">
    <p class='ocr_par' dir='ltr' id='par_1_91' title="bbox 1863 5093 3568 5164">
     <span class='ocr_line' id='line_1_91' title="bbox 1863 5093 3568 5164; baseline 0.001 -15"><span class='ocrx_word' id='word_1_585' title='bbox 1863 5095 1993 5149; x_wconf 78' lang='lat' dir='ltr'>CAP.</span> <span class='ocrx_word' id='word_1_586' title='bbox 2057 5094 2201 5147; x_wconf 86' lang='lat' dir='ltr'>Vlll.</span> <span class='ocrx_word' id='word_1_587' title='bbox 2252 5096 2326 5146; x_wconf 87' lang='lat' dir='ltr'>De</span> <span class='ocrx_word' id='word_1_588' title='bbox 2380 5094 2492 5146; x_wconf 86' lang='lat' dir='ltr'>illis</span> <span class='ocrx_word' id='word_1_589' title='bbox 2550 5093 2647 5160; x_wconf 91' lang='lat' dir='ltr'>qui</span> <span class='ocrx_word' id='word_1_590' title='bbox 2699 5094 2928 5146; x_wconf 86' lang='lat' dir='ltr'>convicti</span> <span class='ocrx_word' id='word_1_591' title='bbox 2968 5095 3177 5159; x_wconf 81' lang='lat' dir='ltr'>fuerint</span> <span class='ocrx_word' id='word_1_592' title='bbox 3233 5097 3444 5164; x_wconf 83' lang='lat' dir='ltr'>aliquos</span> <span class='ocrx_word' id='word_1_593' title='bbox 3493 5096 3568 5150; x_wconf 83' lang='lat' dir='ltr'>ad</span> 
     </span>
    </p>
   </div>
   <div class='ocr_carea' id='block_1_92' title="bbox 2238 5165 3187 5229">
    <p class='ocr_par' dir='ltr' id='par_1_92' title="bbox 2238 5165 3187 5229">
     <span class='ocr_line' id='line_1_92' title="bbox 2238 5165 3187 5229; baseline 0.002 -13"><span class='ocrx_word' id='word_1_594' title='bbox 2238 5165 2443 5229; x_wconf 83' lang='lat' dir='ltr'>falsum</span> <span class='ocrx_word' id='word_1_595' title='bbox 2485 5166 2847 5217; x_wconf 84' lang='lat' dir='ltr'>testimonium</span> <span class='ocrx_word' id='word_1_596' title='bbox 2868 5168 3187 5219; x_wconf 70' lang='lat' dir='ltr'>attramisse.</span> 
     </span>
    </p>
   </div>
   <div class='ocr_carea' id='block_1_93' title="bbox 1935 5252 3566 5323">
    <p class='ocr_par' dir='ltr' id='par_1_93' title="bbox 1935 5252 3566 5323">
     <span class='ocr_line' id='line_1_93' title="bbox 1935 5252 3566 5323; baseline 0.001 -17"><span class='ocrx_word' id='word_1_597' title='bbox 1935 5253 2041 5319; x_wconf 74' lang='lat' dir='ltr'>(Em</span> <span class='ocrx_word' id='word_1_598' title='bbox 2070 5253 2292 5306; x_wconf 85' lang='lat' dir='ltr'>concilio</span> <span class='ocrx_word' id='word_1_599' title='bbox 2347 5255 2697 5320; x_wconf 73' lang='lat' dir='ltr'>Aquisgran.</span> <span class='ocrx_word' id='word_1_600' title='bbox 2736 5268 2857 5321; x_wconf 89' lang='lat' dir='ltr'>cap.</span> <span class='ocrx_word' id='word_1_601' title='bbox 2910 5252 2986 5323; x_wconf 90' lang='lat'>9.)</span> <span class='ocrx_word' id='word_1_602' title='bbox 3035 5252 3093 5306; x_wconf 94' lang='lat' dir='ltr'>Si</span> <span class='ocrx_word' id='word_1_603' title='bbox 3124 5253 3252 5323; x_wconf 87' lang='lat' dir='ltr'>quis</span> <span class='ocrx_word' id='word_1_604' title='bbox 3277 5252 3566 5307; x_wconf 89' lang='lat' dir='ltr'>convictus</span> 
     </span>
    </p>
   </div>
   <div class='ocr_carea' id='block_1_94' title="bbox 1863 5340 3565 5411">
    <p class='ocr_par' dir='ltr' id='par_1_94' title="bbox 1863 5340 3565 5411">
     <span class='ocr_line' id='line_1_94' title="bbox 1863 5340 3565 5411; baseline 0.001 -17"><span class='ocrx_word' id='word_1_605' title='bbox 1863 5340 2039 5394; x_wconf 89' lang='lat' dir='ltr'>fuerit</span> <span class='ocrx_word' id='word_1_606' title='bbox 2066 5341 2292 5411; x_wconf 88' lang='lat' dir='ltr'>aliquos</span> <span class='ocrx_word' id='word_1_607' title='bbox 2323 5340 2393 5393; x_wconf 92' lang='lat' dir='ltr'>ad</span> <span class='ocrx_word' id='word_1_608' title='bbox 2428 5340 2634 5394; x_wconf 87' lang='lat' dir='ltr'>falsum</span> <span class='ocrx_word' id='word_1_609' title='bbox 2667 5340 3083 5406; x_wconf 87' lang='lat' dir='ltr'>testimonium,</span> <span class='ocrx_word' id='word_1_610' title='bbox 3118 5344 3203 5394; x_wconf 89' lang='lat' dir='ltr'>vel</span> <span class='ocrx_word' id='word_1_611' title='bbox 3245 5342 3565 5411; x_wconf 87' lang='lat' dir='ltr'>perjurium</span> 
     </span>
    </p>
   </div>
   <div class='ocr_carea' id='block_1_95' title="bbox 1865 5428 3565 5499">
    <p class='ocr_par' dir='ltr' id='par_1_95' title="bbox 1865 5428 3565 5499">
     <span class='ocr_line' id='line_1_95' title="bbox 1865 5428 3565 5499; baseline 0.001 -16"><span class='ocrx_word' id='word_1_612' title='bbox 1865 5428 2181 5494; x_wconf 85' lang='lat' dir='ltr'>attraxisse,</span> <span class='ocrx_word' id='word_1_613' title='bbox 2232 5431 2330 5482; x_wconf 89' lang='lat' dir='ltr'>aut</span> <span class='ocrx_word' id='word_1_614' title='bbox 2360 5444 2462 5499; x_wconf 90' lang='lat' dir='ltr'>per</span> <span class='ocrx_word' id='word_1_615' title='bbox 2517 5444 2922 5499; x_wconf 88' lang='lat' dir='ltr'>quamcunque</span> <span class='ocrx_word' id='word_1_616' title='bbox 2969 5429 3399 5499; x_wconf 89' lang='lat' dir='ltr'>corruptionem</span> <span class='ocrx_word' id='word_1_617' title='bbox 3431 5431 3565 5485; x_wconf 89' lang='lat' dir='ltr'>soli-</span> 
     </span>
    </p>
   </div>
   <div class='ocr_carea' id='block_1_96' title="bbox 1864 5516 3561 5588">
    <p class='ocr_par' dir='ltr' id='par_1_96' title="bbox 1864 5516 3561 5588">
     <span class='ocr_line' id='line_1_96' title="bbox 1864 5516 3561 5588; baseline 0.001 -17"><span class='ocrx_word' id='word_1_618' title='bbox 1864 5518 2085 5584; x_wconf 88' lang='lat' dir='ltr'>citasse,</span> <span class='ocrx_word' id='word_1_619' title='bbox 2123 5516 2241 5588; x_wconf 89' lang='lat' dir='ltr'>ipse</span> <span class='ocrx_word' id='word_1_620' title='bbox 2300 5516 2533 5586; x_wconf 90' lang='lat' dir='ltr'>quidem</span> <span class='ocrx_word' id='word_1_621' title='bbox 2569 5532 2751 5588; x_wconf 88' lang='lat' dir='ltr'>usque</span> <span class='ocrx_word' id='word_1_622' title='bbox 2797 5516 2869 5570; x_wconf 89' lang='lat' dir='ltr'>ad</span> <span class='ocrx_word' id='word_1_623' title='bbox 2902 5517 3113 5570; x_wconf 83' lang='lat' dir='ltr'>exitum</span> <span class='ocrx_word' id='word_1_624' title='bbox 3149 5533 3263 5572; x_wconf 83' lang='lat' dir='ltr'>non</span> <span class='ocrx_word' id='word_1_625' title='bbox 3296 5534 3561 5573; x_wconf 89' lang='lat' dir='ltr'>commu-</span> 
     </span>
    </p>
   </div>
   <div class='ocr_carea' id='block_1_97' title="bbox 1864 5605 2034 5661">
    <p class='ocr_par' dir='ltr' id='par_1_97' title="bbox 1864 5605 2034 5661">
     <span class='ocr_line' id='line_1_97' title="bbox 1864 5605 2034 5661; baseline -0.012 0"><span class='ocrx_word' id='word_1_626' title='bbox 1864 5605 2034 5661; x_wconf 89' lang='lat' dir='ltr'>nicet.</span> 
     </span>
    </p>
   </div>
  </div>
