3944 6398
389 388 486 442 9H
1476 384 1874 440 BURCHARDI
1915 383 2453 442 WORMACIENSIS
2491 386 2821 442 EPISCOPI.

2110 512 2157 564 A
2195 509 2544 564 testimonia.
2569 512 2636 564 Et
2665 511 2794 564 ideo
2845 510 3111 564 similiter
3137 511 3308 566 debet
3359 512 3658 582 poenitere,
3705 518 3762 568 et
3793 530 3918 566 ex—

530 512 662 566 CAP.
691 512 774 565 IX.
816 540 884 550 —
917 512 985 566 Ut
1018 525 1100 565 res
1122 510 1291 580 ﬁnita
1315 511 1578 576 refricari
1603 525 1708 563 non
1729 510 1936 564 debeat.

461 600 570 670 (Ea:
615 601 838 654 concilio
887 601 1172 668 Mogunti,
1224 601 1419 668 capite.
1454 599 1531 667 7.)
1561 600 1635 652 De
1690 599 1780 651 his
1829 597 2083 652 crimini-

389 688 497 742 bus
556 690 625 743 de
683 688 893 758 quibus
959 689 1254 741 absolutus
1309 692 1395 740 est
1455 691 1772 756 accusatus,
1833 686 2085 741 refricari

387 778 671 830 accusatio
704 792 822 830 non
855 781 1060 846 potest.

390 883 520 937 CAP.
539 883 597 936 Χ.
618 912 688 921 -
713 885 787 935 De
801 883 912 935 illis
934 882 1200 950 quiasuis
1212 880 1496 949 judicibus
1505 881 1718 948 pulsati
1728 896 1832 934 non
1851 881 2078 946 fuerint.

461 973 569 1037 (Ea:
599 970 744 1022 decr.
791 969 1014 1023 Eusebii
1039 984 1217 1037 papa,
1269 971 1448 1037 capite
1477 969 1593 1038 20.)
1638 970 1901 1023 Pulsatus
1951 975 2083 1024 ante

389 1074 557 1111 suum
580 1058 833 1127 judicem
865 1073 1091 1110 causam
1125 1056 1295 1121 dicat,
1329 1061 1524 1110 etnon
1576 1061 1708 1111 ante
1736 1074 1902 1111 suum
1923 1058 2084 1128 judi-

388 1159 510 1196 cem
542 1143 820 1212 pulsatus,
852 1141 897 1193 si
925 1141 1172 1194 voluerit
1218 1145 1402 1194 taceat
1434 1157 1446 1195 :
1482 1145 1537 1194 et
1571 1146 1634 1195 ut
1663 1142 1908 1212 pulsato,
1937 1158 2081 1212 quo-

387 1230 496 1284 ties
526 1229 913 1300 appellaverit,
947 1228 1195 1282 inducias
1227 1228 1454 1282 dentur.

388 1319 516 1373 CAP.
547 1319 633 1372 XI.
665 1348 734 1358 —
766 1320 831 1372 Ut
855 1318 1036 1371 nullus
1075 1319 1304 1383 infamis
1352 1319 1666 1398 religiosum
1704 1317 2082 1375 Christianum

999 1403 1251 1441 accusare
1273 1395 1466 1456 possit.

458 1476 567 1547 (Ea:
597 1477 768 1532 decre.
801 1479 992 1532 Felicis
1019 1493 1200 1546 papa,
1222 1479 1398 1546 capite
1429 1477 1499 1548 7.)
1526 1476 1896 1531 Nulliinfami
1921 1481 1978 1530 et
1999 1493 2081 1530 sa-

385 1565 596 1635 crilego
625 1566 693 1620 de
711 1582 1053 1636 quocunque
1074 1565 1488 1635 negotioliceat
1513 1565 1859 1636 quandoque
1877 1565 2078 1619 adver-

383 1669 478 1706 sus
509 1654 841 1723 religiosum
863 1653 1272 1719 Christianum,
1316 1656 1577 1723 quamvis
1608 1654 1861 1720 humilis,
1898 1653 2080 1706 servi-

383 1741 567 1812 lisque
601 1758 846 1811 persona
881 1741 972 1806 sit,
1006 1741 1400 1794 testimonium
1434 1741 1623 1794 dicere
1657 1757 1670 1794 :
1705 1757 1810 1794 nec
1839 1741 1908 1794 de
1937 1757 2078 1811 qua-

382 1830 523 1884 libet
552 1846 630 1896 re,
655 1831 899 1896 actione,
946 1828 1321 1899 inscriptione
1353 1829 1740 1884 Christianum
1781 1829 2079 1899 impetere.

386 1936 515 1990 CAP.
543 1937 654 1990 XII.
680 1965 747 1976 —
781 1937 860 1988 De
887 1935 1030 2001 falso
1061 1933 1388 2057 testeéguod
1415 1949 1518 1988 non
1565 1933 1753 1987 debeat
1781 1935 2084 2004 impunitus

1150 2021 1183 2057 a
1223 2021 1320 2056 ire.

1150 2021 1320 2057 αοινθ.

455 2094 563 2163 (Ea:
593 2094 757 2148 dictis
792 2092 1080 2160 Augusti.)
1134 2093 1328 2145 Falsus
1377 2090 1559 2159 testis,
1609 2091 1747 2145 dicit
1791 2091 2082 2161 Salomon,

386 2198 500 2235 non
534 2183 642 2235 erit
678 2182 1016 2250 impunitus.
1050 2180 1158 2243 Qui
1205 2179 1412 2232 falsum
1443 2179 1835 2232 testimonium
1868 2180 2085 2250 profert

384 2275 584 2324 contra
638 2270 963 2339 proximum
1013 2284 1202 2334 suum,
1252 2268 1622 2337 extinguetur
1668 2269 1900 2322 lucerna
1957 2268 2083 2338 ejus

385 2357 444 2411 in
475 2357 567 2411 die
598 2357 823 2410 ultimo.
850 2357 954 2420 Qui
987 2365 1142 2411 metu
1179 2356 1483 2426 cujuslibet
1530 2356 1831 2426 potestatis
1869 2357 2080 2410 verita-

383 2451 502 2499 tem
563 2446 824 2511 occultat,
882 2445 1029 2498 iram
1083 2444 1182 2498 Dei
1231 2460 1404 2513 super
1455 2461 1514 2498 se
1569 2448 1882 2514 provocat:
1947 2444 2082 2515 quia

385 2534 570 2604 magis
633 2534 796 2588 timet
862 2533 1158 2588 hominem
1233 2549 1408 2604 quam
1501 2533 1702 2587 Deum.
1774 2533 2081 2588 Falsidicus

384 2622 543 2676 testis
591 2623 774 2675 tribus
823 2621 1082 2692 personis
1140 2626 1226 2674 est
1269 2620 1569 2674 obnoxius.
1634 2621 1888 2674 Primum
1941 2623 2077 2688 Deo,

383 2710 547 2780 cujus
589 2712 953 2781 praesentiam
1000 2711 1336 2764 contemnit.
1393 2709 1610 2763 Deinde
1653 2710 1852 2779 judici,
1906 2725 2078 2780 quem

383 2798 716 2852 mentiendo
764 2798 943 2865 fallit;
996 2803 1285 2867 postremo
1351 2797 1668 2863 innocenti,
1720 2814 1888 2867 quem
1936 2798 2077 2852 falso

380 2886 709 2940 testimonio
763 2887 936 2940 laedit.
993 2886 1051 2940 Si
1106 2885 1234 2939 falsi
1289 2889 1462 2939 testes
1519 2892 1884 2954 separantur,
1944 2901 2076 2939 mox

382 2977 686 3029 mendaces
715 2974 1110 3028 inveniuntur.
1144 2975 1394 3044 Uterque
1445 2989 1575 3027 reus
1607 2980 1712 3040 est,
1757 2979 1815 3028 et
1853 2975 1954 3044 qui
1982 2991 2078 3028 ve-

381 3064 610 3116 ritatem
659 3063 925 3128 occultat,
974 3066 1029 3115 et
1077 3061 1176 3132 qui
1229 3060 1592 3114 mendacium
1641 3061 1823 3115 dicit:
1857 3062 1993 3131 quia
2021 3065 2077 3115 et
2115 3077 2154 3131 ο

379 3151 476 3205 ille
507 3151 778 3221 prodesse
806 3166 920 3203 non
952 3149 1092 3216 vult,
1131 3154 1190 3203 et
1218 3149 1321 3203 iste
1352 3165 1554 3202 nocere
1596 3140 1902 3203 desiderat.
1934 3151 2074 3203 Bea-

380 3246 472 3294 tus
502 3240 664 3309 cujus
719 3239 1114 3293 testimonium
1162 3237 1222 3290 in
1275 3242 1582 3308 conspectu
1632 3237 1730 3291 Dei
1779 3238 2078 3308 probabile

381 3327 725 3382 invenietur.

603 3417 731 3469 CAP.
765 3415 904 3468 XIII.
930 3444 998 3453 --
1033 3415 1099 3468 Ut
1123 3429 1273 3468 nemo
1294 3413 1484 3468 absens
1507 3413 1859 3482 dijudicetur.

448 3503 558 3574 (Ea:
614 3504 773 3571 epist.
835 3503 1078 3571 Zepheri
1127 3517 1290 3571 papa:
1365 3503 1741 3557 Siciliensibus
1808 3506 2077 3573 episcopis

377 3592 593 3659 missa.)
623 3592 800 3644 Nemo
829 3590 1033 3644 absens
1055 3590 1348 3660 judicetur
1380 3605 1394 3647 :
1431 3590 1564 3660 quia
1595 3591 1865 3644 humanae
1898 3597 1953 3645 et
1984 3592 2075 3646 di-

379 3679 525 3733 vinae
563 3680 671 3733 hoc
717 3678 1026 3750 prohibent
1067 3679 1244 3748 leges.
1298 3679 1531 3732 Nullum
1567 3695 1817 3749 namque
1852 3696 2073 3748 eorum,

376 3767 433 3821 id
467 3773 571 3832 est,
605 3773 1002 3822 accusatorum
1034 3767 1319 3821 sententia
1340 3784 1457 3821 non
1486 3785 1519 3821 a
1567 3785 1670 3821 suo
1690 3769 1886 3838 judice
1927 3770 2076 3825 dicta

373 3855 725 3926 constringat
759 3871 772 3909 :
809 3855 946 3926 quia
977 3859 1035 3909 et
1064 3855 1242 3909 seculi
1272 3855 1428 3926 leges
1454 3854 1513 3909 id
1539 3855 1728 3926 ipsum
1756 3855 1884 3910 fieri
1925 3873 2074 3927 pras-

374 3944 616 4016 cipiunt.

815 4031 943 4086 CAP.
973 4031 1107 4085 XIV.
1141 4061 1211 4070 —
1234 4032 1315 4085 De
1340 4032 1525 4086 eadem
1553 4048 1632 4088 re.

446 4123 555 4187 (Em
594 4120 738 4174 decr.
775 4120 1023 4174 Adriani
1051 4134 1229 4189 papa,
1253 4123 1430 4189 capite
1467 4120 1544 4192 4.)
1575 4122 1822 4177 Caveant
1853 4123 2073 4194 judices

376 4209 654 4274 Ecclesiae,
691 4225 760 4262 ne
794 4208 1031 4261 absente
1070 4224 1138 4262 eo
1183 4209 1344 4278 cujus
1390 4225 1560 4263 causa
1598 4211 1910 4266 ventilatur
1938 4229 2070 4267 sen-

370 4297 610 4351 tentiam
643 4295 984 4367 proferant:
1019 4295 1156 4366 quia
1196 4295 1360 4350 irrita
1409 4296 1539 4364 erit,
1581 4297 1700 4351 imo
1735 4304 1792 4353 et
1839 4314 2068 4354 causam

369 4387 432 4440 in
461 4386 676 4456 synodo
704 4401 808 4456 pro
832 4384 978 4439 facto
1012 4384 1248 4438 dabunt.

368 4474 500 4530 CAP.
532 4475 640 4528 XV.
692 4503 763 4512 —
813 4475 878 4528 Ut
914 4488 1065 4526 nemo
1117 4473 1281 4597 stimtul
1327 4475 1401 4528 sit
1444 4477 1746 4542 accusator,
1791 4475 1968 4544 judea:
2018 4481 2069 4531 et

1155 4559 1212 4596 es
1238 4558 1303 4597 is.

1155 4558 1284 4598 estis
1291 4585 1303 4599 .

438 4633 556 4699 (Ea:
576 4635 734 4701 epist.
769 4631 1043 4686 Alemand.
1081 4647 1262 4700 papae,
1319 4634 1495 4700 capite
1541 4634 1622 4702 7.)
1671 4634 1847 4687 Nemo
1893 4633 2065 4689 simul

364 4722 436 4777 sit
462 4727 772 4788 accusator,
805 4721 961 4775 testis
993 4737 1055 4774 ac
1079 4721 1276 4790 judex,
1311 4721 1503 4774 nullus
1533 4737 1790 4792 unquam
1838 4738 2064 4792 prasu-

363 4815 485 4865 mat
504 4817 797 4864 accusator
817 4809 988 4863 simul
1008 4825 1148 4874 esse,
1175 4814 1232 4863 et
1247 4809 1443 4880 judex,
1469 4813 1524 4863 et
1545 4810 1704 4864 testis
1736 4825 1748 4863 :
1785 4811 2062 4880 quoniam

360 4901 422 4954 in
453 4900 612 4952 omni
645 4901 764 4952 loco
811 4898 1016 4968 judicii
1067 4902 1312 4967 quatuor
1361 4914 1636 4967 personas
1693 4893 1921 4953 necesse
1977 4904 2064 4954 est

361 5003 592 5056 semper
620 4987 842 5051 adesse,
876 4987 933 5040 id
965 4990 1068 5052 est,
1097 4985 1321 5054 judices
1349 4987 1577 5050 electos,
1607 4990 1660 5040 et
1682 4989 2060 5055 accusatores,

362 5082 533 5146 atque
554 5076 880 5130 defensores
901 5079 958 5128 et
979 5079 1172 5128 testes.

360 5185 488 5239 CAP.
522 5182 824 5237 XVI.—De
836 5182 978 5247 falso
1001 5181 1299 5233 testimonio
1331 5179 1476 5247 quod
1503 5180 1821 5248 capitalesit
1836 5182 2056 5234 crimen.

429 5270 550 5338 (Ea:
579 5271 800 5324 concilio
831 5268 1127 5335 Agathen.,
1169 5269 1347 5335 capite
1385 5265 1462 5337 8.)
1496 5267 1768 5321 Noverint
1792 5267 1919 5321 falsi
1940 5273 2061 5322 tes-

357 5364 466 5425 tes,
516 5359 671 5429 quod
719 5357 767 5410 si
810 5356 1018 5410 falsum
1089 5355 1485 5409 testimonium
1548 5355 1789 5425 capitale
1840 5357 2059 5411 crimen

357 5465 477 5502 non
507 5452 675 5512 esset,
722 5460 1091 5516 nequaquam
1125 5444 1404 5498 Dominus
1459 5443 1517 5497 in
1549 5443 1856 5514 Evangelio
1905 5445 2058 5500 inter

355 5533 701 5604 principalia
748 5533 988 5586 crimina
1039 5532 1144 5585 hoc
1202 5538 1656 5586 annnmerasset.
1706 5533 1801 5587 Ait
1851 5534 2053 5589 enim:

360 5621 438 5674 De
485 5621 654 5675 corde
703 5624 913 5675 exeunt
970 5620 1302 5688 homicidia,
1355 5618 1658 5687 adulteria,
1701 5619 1874 5689 furta,
1915 5620 2055 5674 falsa

3791 394 3917 444 912

2197 599 2610 652 communicari
2666 599 2840 652 falsus
2890 599 3065 664 testis,
3120 600 3267 654 sicut
3317 602 3560 669 adulter,
3594 609 3651 656 et
3689 603 3802 667 fur,
3852 607 3922 655 et

2195 687 2503 741 homicida.

2196 776 2326 831 CAP.
2360 777 2522 832 XVII.
2545 806 2614 815 —
2641 778 2707 831 Ut
2730 777 2866 842 falsi
2886 780 3038 830 testes
3062 793 3095 830 a
3116 779 3481 832 communione
3504 781 3614 833 nisi
3626 781 3920 848 paenitue-

2719 849 2833 900 rint
2864 851 2974 901 sint
3003 848 3375 903 submovendi.

2265 935 2386 1002 (Ea:
2431 937 2656 989 concilio
2705 935 3016 1003 Aureliam,
3070 939 3248 1005 capite
3291 939 3368 1007 5.)
3422 938 3614 991 Falsos
3658 941 3838 991 testes
3882 953 3922 990 a

2193 1022 2599 1077 communione
2629 1023 3008 1078 ecclesiastica
3057 1024 3500 1079 submovendas:
3559 1025 3671 1079 nisi
3701 1025 3920 1096 paeni—

2192 1112 2388 1166 tentiae
2417 1111 2802 1166 satisfactione
2832 1112 3076 1166 crimina
3104 1114 3352 1168 admissa
3383 1114 3670 1168 diluerint.

2194 1200 2322 1254 CAP.
2353 1200 2538 1254 XVIII.
2566 1230 2631 1238 —
2648 1201 2713 1254 Ut
2723 1201 2901 1267 falsus
2916 1202 3064 1253 testis
3084 1206 3244 1268 prout
3263 1204 3465 1255 crimen
3485 1202 3720 1272 estquod
3732 1217 3919 1271 oppo-

2830 1274 2942 1323 suit
2969 1273 3255 1339 puniatur.

2264 1360 2372 1424 (Ea:
2420 1358 2640 1412 concilio
2681 1358 3011 1423 Elibertan.,
3069 1361 3250 1426 capite
3330 1359 3438 1429 IO.)
3482 1361 3676 1413 Falsus
3734 1358 3918 1412 testis

2192 1451 2366 1516 prout
2395 1445 2610 1498 crimen
2646 1450 2730 1498 est
2775 1445 3176 1498 abstinebitur.
3235 1446 3292 1499 Si
3323 1453 3514 1500 tamen
3566 1463 3682 1500 non
3719 1448 3919 1500 fuerit

2192 1533 2396 1587 mortis
2427 1533 2581 1604 quod
2612 1533 2838 1600 objecit,
2887 1537 2942 1585 et
2988 1534 3313 1602 probaverit
3356 1536 3510 1606 quod
3562 1537 3660 1589 diu
3690 1535 3914 1596 tacuit,

2192 1620 2410 1675 biennii
2442 1628 2700 1692 tempore
2735 1620 3129 1674 abstinebitur.
3147 1622 3202 1675 Si
3227 1630 3419 1675 autem
3439 1623 3922 1693 nonprobaverit

2190 1709 2249 1764 in
2303 1716 2586 1764 conventu
2624 1710 2983 1776 clericorum,
3035 1710 3249 1780 placuit
3275 1727 3379 1781 per
3429 1711 3914 1782 quinquennium

2117 1798 2155 1852 Β
2195 1798 2482 1852 abstineri.

2263 1889 2392 1943 CAP.
2427 1887 2556 1942 XIX.
2588 1916 2659 1926 —
2691 1889 2762 1939 De
2783 1887 3049 1957 ingenuis,
3073 1890 3123 1941 si
3142 1889 3201 1940 in
3231 1887 3433 1954 synodo
3471 1893 3830 1941 accusantur.

2263 1976 2373 2040 (Ex
2403 1975 2626 2029 concilio
2679 1976 2945 2039 Triburi.,
2992 1977 3168 2044 capite
3202 1974 3310 2044 IO.)
3358 1975 3570 2028 Nobilis
3598 1975 3780 2029 homo
3815 1976 3912 2028 vel

2192 2061 2500 2131 ingenuus,
2553 2061 2600 2114 si
2646 2062 2705 2115 in
2751 2063 2969 2132 synodo
3017 2068 3332 2127 accusatur,
3361 2069 3418 2116 et
3467 2067 3821 2133 negaverit:
3860 2065 3910 2117 si

2193 2167 2326 2204 eum
2357 2150 2587 2204 ﬁdelem
2628 2137 2748 2203 esse
2780 2150 2984 2218 sciunt,
3019 2167 3147 2204 cum
3188 2152 3493 2205 duodecim
3524 2153 3802 2221 ingenuis
3847 2170 3911 2205 se

2191 2243 2491 2307 expurget.
2520 2238 2578 2292 Si
2607 2242 2776 2291 antea
2816 2237 3206 2308 deprehensus
3259 2239 3437 2293 fuerit
3487 2239 3548 2292 in
3587 2240 3769 2307 furto,
3803 2249 3911 2295 aut

2188 2323 2466 2394 perjurio,
2497 2326 2594 2377 aut
2641 2324 2778 2377 falso
2826 2326 3173 2392 testimonio,
3225 2325 3296 2379 ad
3346 2325 3746 2395 juramentum
3779 2344 3907 2381 non

2191 2411 2546 2477 admittatur,
2571 2411 2668 2465 sed
2699 2411 2843 2465 sicut
2875 2414 2973 2484 qui
3030 2415 3315 2484 ingenuus
3365 2431 3482 2468 non
3509 2419 3610 2475 est,
3644 2416 3905 2470 ferventi

2189 2515 2358 2570 aqua,
2391 2504 2491 2553 aut
2519 2500 2784 2555 candenti
2810 2501 2960 2554 ferro
2993 2517 3050 2554 se
3077 2506 3369 2572 expurget.

2189 2604 2316 2658 CAP.
2350 2605 2452 2658 XX.
2485 2633 2554 2644 —
2591 2605 2656 2658 Ut
2687 2609 2842 2658 testes
2869 2605 2942 2658 ad
2982 2608 3346 2659 testimonium
3373 2621 3479 2660 non
3525 2609 3899 2676 recipiantur,

2437 2691 2568 2742 quos
2597 2681 2877 2730 accusator
2906 2692 2939 2728 a
2966 2676 3122 2730 domo
3148 2693 3248 2730 sua
3282 2677 3630 2745 prodita-erit.

2260 2765 2365 2832 (Ea:
2404 2764 2584 2818 eodem
2621 2767 2798 2832 capite
2837 2765 2916 2834 5.)
2959 2767 3148 2818 Testes
3200 2765 3268 2818 ad
3335 2765 3736 2820 testimonium
3778 2783 3904 2821 non

2188 2851 2570 2904 admittendos
2600 2850 2699 2921 qui
2745 2867 2850 2904 nec
2888 2852 2956 2904 ad
2999 2851 3422 2904 accusationem
3473 2851 3698 2905 admitti
3744 2869 3902 2923 pree-

2187 2938 2335 3008 cepti
2390 2943 2541 3004 sunt,
2597 2939 2686 2991 vel
2735 2954 2880 3008 quos
2928 2939 3048 3008 ipse
3099 2944 3392 2992 accusator
3432 2939 3501 2992 de
3553 2939 3731 2992 domo
3792 2957 3902 2993 sua

2186 3026 2540 3097 produxerit.
2593 3027 2680 3080 Ad
2736 3026 3128 3079 testimonium
3184 3031 3375 3080 autem
3424 3026 3572 3080 infra
3607 3032 3900 3098 quatuor-

2187 3114 2370 3168 decim
2402 3114 2585 3167 mtatis
2619 3130 2815 3178 annos,
2849 3116 3043 3167 nullus
3073 3114 3428 3168 admittatur.

2188 3203 2318 3257 CAP.
2353 3203 2490 3258 XXI.
2529 3232 2593 3241 —
2626 3204 2692 3256 Ut
2724 3203 2905 3255 nullus
2950 3204 3172 3256 clericus
3205 3203 3280 3256 ad
3304 3203 3543 3271 judicem
3592 3206 3896 3259 secutorem

2507 3273 2680 3327 alium
2701 3274 2952 3326 clericum
2974 3288 3229 3327 accusare
3245 3280 3560 3342 praesumat.

2259 3361 2364 3424 (Ea:
2389 3363 2610 3415 concilio
2655 3359 2961 3427 Mariscen.,
2999 3364 3177 3430 capite
3206 3363 3279 3430 8.)
3320 3363 3389 3416 Ut
3415 3363 3608 3415 nullus
3644 3363 3896 3417 clericus

2185 3449 2257 3503 ad
2273 3449 2528 3518 judicem
2560 3451 2876 3502 secularem
2926 3449 3105 3503 alium
3146 3449 3416 3505 clericum
3447 3466 3736 3518 accusare,
3794 3457 3896 3506 aut

2184 3538 2254 3592 ad
2275 3553 2505 3591 causam
2534 3537 2835 3592 dicendum
2886 3539 3116 3592 trahere
3161 3554 3503 3609 quocunque
3542 3540 3712 3594 modo
3742 3557 3895 3611 pras-

2185 3631 2377 3680 sumat
2409 3643 2422 3681 :
2457 3627 2551 3679 sed
2584 3643 2754 3680 omne
2805 3627 3105 3696 negotium
3145 3627 3505 3693 clericorum,
3557 3633 3656 3681 aut
3680 3629 3740 3681 in
3775 3630 3896 3699 epi-

2185 3713 2343 3783 scopi
2381 3713 2490 3779 sui,
2525 3718 2623 3766 aut
2646 3713 3115 3784 presbyterorum
3143 3730 3270 3768 cum
3302 3715 3689 3768 archidiaconi
3733 3732 3891 3785 prae-

2184 3801 2368 3856 sentia
2398 3802 2649 3855 finiatur.
2679 3802 2839 3866 Quod
2882 3802 2927 3855 si
2977 3803 3335 3872 quiscunque
3367 3803 3605 3856 clericus
3637 3803 3749 3856 hoc
3779 3806 3891 3858 im-

2182 3891 2340 3961 plere
2379 3875 2686 3958 distulerit,
2737 3891 2784 3944 si
2833 3891 3035 3960 junior
3078 3891 3273 3960 fuerit,
3317 3907 3435 3946 una
3490 3893 3682 3946 minus
3701 3893 3774 3946 de
3807 3895 3892 3948 XL

2181 3979 2329 4034 ictus
2375 3980 2633 4049 accipiat.
2683 3980 2741 4035 Si
2789 3995 2923 4034 vero
2972 3981 3332 4049 honoratior,
3378 3981 3617 4052 triginta
3653 3981 3885 4036 dierum

2182 4068 2548 4123 conclusione
2578 4069 2874 4122 multetur.

2183 4157 2312 4212 CAP.
2345 4155 2504 4212 XXII.
2537 4187 2593 4196 -—-
2636 4159 2702 4212 Ut
2749 4156 2934 4212 nullus
2958 4157 3134 4224 judea:
3153 4158 3414 4212 secuturis
3458 4159 3696 4227 aliquem
3723 4161 3890 4214 eccle-

2517 4230 2859 4282 siasticarum
2889 4229 3218 4296 distringere
3240 4234 3558 4297 przsumat.

2253 4315 2363 4381 (Ea:
2401 4316 2624 4369 concilio
2651 4317 2973 4383 Parisiensi,
3005 4318 3181 4384 capite
3230 4313 3343 4384 IO.)
3369 4316 3440 4369 Ilt
3491 4315 3684 4370 nullus
3724 4317 3887 4388 judi-

2181 4415 2334 4469 cum,
2398 4419 2585 4473 neque
2661 4403 3079 4474 presbyterum,
3140 4419 3330 4474 neque
3387 4403 3713 4472 diaconum,
3791 4409 3888 4460 aut

2180 4491 2448 4548 clericum
2485 4493 2686 4557 ullum,
2716 4497 2814 4545 aut
2843 4492 3103 4561 juniores
3152 4491 3432 4558 Ecclesiae,
3467 4493 3588 4547 sine
3642 4493 3886 4548 scientia

2181 4579 2490 4650 pontiﬁcis,
2522 4596 2624 4649 per
2673 4596 2732 4633 se
2781 4580 3104 4650 distringat,
3160 4585 3260 4634 aut
3315 4581 3700 4636 condemnare
3740 4600 3885 4653 prae-

2179 4673 2387 4722 sumat.
2447 4668 2612 4732 Quod
2671 4669 2718 4721 si
2769 4668 2986 4733 fecerit,
3042 4669 3114 4722 ah
3164 4669 3411 4722 Ecclesia
3464 4669 3556 4724 cui
3604 4670 3882 4740 injuriam

2178 4755 2433 4825 irrogare
2499 4755 2870 4826 dignoscitur,
2946 4761 3061 4810 tam
3115 4756 3211 4809 diu
3268 4760 3677 4826 sequestratus,
3739 4776 3882 4830 quo-

2177 4859 2362 4914 usque
2396 4848 2616 4898 reatum
2649 4859 2816 4898 suum
2845 4849 3117 4914 agnoscat
3147 4849 3202 4898 et
3225 4845 3504 4899 emendet.

2177 4932 2304 4986 CAP.
2339 4932 2525 4985 XXIII.
2549 4961 2615 4972 ——
2652 4934 2718 4986 Ut
2747 4947 2922 4985 omnes
2952 4947 3126 4986 causa
3148 4948 3247 5001 per
3273 4936 3650 4988 auctoritatem
3669 4937 3876 4989 verita-

2730 5006 2799 5056 tis
2829 5004 3158 5057 ventilandz
3188 5007 3320 5057 sint.

2249 5092 2364 5156 (Em
2394 5091 2558 5146 dictis
2589 5095 2828 5159 August.
2863 5095 2922 5146 in
2952 5093 3075 5146 libr.
3109 5096 3180 5147 De
3209 5095 3432 5149 civitate
3466 5092 3616 5163 Dei.)
3663 5092 3876 5148 Omnes

2175 5197 2356 5235 causa
2387 5181 2656 5250 primitus
2688 5197 2790 5252 per
2819 5180 3218 5234 auctoritatem
3245 5181 3498 5236 veritatis
3526 5182 3874 5236 ventilanda:

2173 5274 2323 5324 sunt.
2357 5269 2574 5332 Quibus
2608 5269 2740 5334 sint,
2796 5269 2960 5337 cujus
2991 5269 3124 5331 sint,
3168 5270 3462 5339 quomodo
3497 5269 3630 5336 sint,
3673 5271 3874 5340 quales

2174 5356 2309 5422 sint,
2344 5357 2522 5410 doctae
2553 5363 2650 5411 aut
2702 5357 2968 5422 indoctae,
3022 5373 3231 5426 parvae,
3298 5374 3371 5411 an
3420 5373 3666 5427 magna,
3723 5365 3874 5412 nota:

2173 5444 2308 5514 sint,
2339 5451 2438 5498 aut
2465 5445 2698 5514 ignotae.
2737 5445 2917 5514 Longi
2957 5445 3235 5516 temporis
3275 5460 3348 5498 an
3377 5446 3558 5515 parvi,
3592 5451 3692 5500 aut
3722 5446 3869 5500 anti-

2173 5533 2273 5604 qui
2327 5533 2506 5587 hostis
2540 5533 2959 5588 consuetudine
3015 5538 3257 5604 reperta:
3308 5533 3442 5587 sint.
3495 5534 3623 5588 Haec
3677 5533 3871 5589 omnia

2165 5621 2341 5691 judex
2370 5635 2499 5676 cum
2532 5623 2860 5693 aequalitate
2892 5621 3219 5678 discernere
3248 5619 3439 5678 debet.
