3944 6402
55 363 150 415 9l3
873 361 1355 419 DECRETORUM
1398 367 1586 423 LIBRI
1623 370 1730 425 XX.
1771 399 1841 411 --
1882 371 2092 428 LIBER
2132 372 2439 429 DECIMUS
2476 374 2762 431 SEXTUS.

3461 383 3567 437 914

0 528 5 567 ί
52 487 173 541 CAP.
207 485 386 541 XXIV.
421 515 488 524 —
534 487 609 539 De
633 484 840 539 clericis
870 486 929 537 in
970 486 1115 551 falso
1146 488 1445 541 testimonio
1473 490 1750 543 convictis.
1791 492 1838 545 Α
1870 494 2093 546 tantum
2152 492 2469 546 commodis
2522 493 2797 563 cogitant,
2852 510 2967 548 non
3025 494 3093 548 de
3151 495 3381 551 futuris.
3441 499 3569 552 Vita

113 576 225 644 (Ea:
275 575 497 628 concilio
552 573 893 643 Epaonensi,
928 578 1104 643 capite
1130 574 1245 644 76.)
1303 576 1594 630 Statutum
1646 582 1751 643 est,

46 668 104 716 ut
165 664 215 715 si
267 663 396 733 quis
454 662 695 715 clericus
740 661 803 715 in
861 662 1003 715 falso
1066 663 1400 717 testimonio
1459 666 1753 720 convictus

12 750 238 825 fuerit,
277 767 407 803 reus
438 750 671 821 capitali
711 749 952 804 crimine
1001 758 1325 821 censeatur,
1358 757 1415 806 et
1444 753 1619 807 oflicii
1661 770 1751 809 or-

8 830 23 838 ’
47 839 179 894 dine
212 840 586 910 degredetur.

472 929 599 982 CAP.
635 928 785 981 XXV.
819 957 886 968 —
919 930 997 982 De
1016 929 1320 997 iudicibus.

114 1017 229 1084 (Ea:
275 1017 437 1071 dictis
468 1017 529 1070 S.
579 1016 804 1084 Isidor.)
852 1016 934 1070 Ad
981 1017 1255 1071 delictum
1306 1018 1555 1088 pertinet
1582 1020 1750 1089 prin-

0 1105 261 1175 fcipum,
314 1105 413 1175 qui
466 1120 674 1174 pravos
716 1104 940 1174 judices
994 1112 1194 1159 contra
1249 1108 1605 1162 voluntatem
1651 1109 1752 1163 Dei

40 1194 273 1264 populis
315 1193 582 1246 fidelibus
630 1193 991 1262 praeferunt:
1028 1195 1166 1248 Nam
1198 1196 1343 1250 sicut
1385 1198 1583 1265 populi
1616 1215 1750 1268 pec-

40 1290 235 1336 catum
285 1282 559 1335 delictum
592 1286 693 1349 est,
733 1284 966 1352 quando
998 1284 1287 1354 principes
1320 1286 1454 1338 mali
1488 1292 1639 1353 sunt,
1672 1287 1751 1340 sic

12 1370 321 1441 ,principis
373 1375 458 1423 est
511 1375 821 1440 peccatum,
871 1373 1104 1442 quando
1130 1373 1352 1442 judices
1400 1374 1585 1445 iniqui
1630 1376 1746 1429 exi-

40 1464 219 1512 stunt.
277 1461 464 1513 Bonus
508 1460 687 1528 judex
736 1459 884 1513 sicut
932 1477 1135 1514 nocere
1188 1462 1403 1515 civibus
1446 1464 1640 1529 nescit,
1672 1465 1749 1518 ita

38 1548 312 1617 prodesse
364 1547 634 1600 omnibus
668 1547 843 1600 novit.
877 1548 1018 1601 Aliis
1061 1550 1215 1602 enim
1248 1556 1477 1620 praestat
1508 1568 1749 1606 censura

30 1636 298 1706 justitiee,
335 1635 463 1688 aliis
494 1634 768 1689 bonitate.
818 1636 925 1699 Qui
953 1636 1171 1706 judicia
1201 1638 1326 1691 sine
1367 1655 1744 1707 personarum

1864 579 2019 633 enim
2066 581 2170 634 ista
2212 596 2514 651 vesperum
2561 582 2751 636 futura
2783 598 2916 635 vero
2948 599 3114 636 mane
3166 586 3461 655 accipitur.
3503 588 3566 641 Et

1860 667 2007 722 bene
2069 668 2151 722 ait
2203 669 2365 739 quasi
2412 668 2553 738 lupi,
2615 670 2751 740 quia
2800 671 3069 740 luporum
3134 688 3292 725 more
3362 680 3564 729 cuncta

1862 758 2165 828 diripiunt,
2200 764 2255 811 et
2284 758 2373 811 vix
2403 774 2583 828 pauca
2610 758 2964 828 pauperibus
2992 760 3380 832 derelinquat.

1992 846 2117 901 CAP.
2152 847 2350 902 XXVII.
2382 876 2454 887 —
2482 848 2561 901 De
2589 848 2824 901 verbosis
2840 848 3142 916 judicibus,
3176 855 3226 903 et
3253 852 3431 905 elatis.

1933 937 2049 1003 (Ea:
2071 936 2208 989 libro
2231 936 2476 1003 Ofﬁcior.
2502 938 2559 990 S.
2581 937 2801 1002 Isidor.)
2834 938 3061 990 Verbosi
3086 939 3309 1008 judices
3332 945 3388 992 et
3408 943 3561 1008 elati,

1862 1026 1926 1076 ut
1943 1024 2228 1093 sapientes
2251 1023 2561 1085 videantur,
2587 1040 2703 1076 non
2725 1024 3036 1078 discutiunt
3056 1041 3277 1093 causas,
3303 1028 3399 1081 sed
3422 1045 3568 1083 asse-

1862 1117 2016 1176 runt,
2049 1112 2241 1180 sicque
2264 1111 2829 1180 conturbeutjudicii
2854 1112 3135 1180 ordinem,
3161 1115 3296 1167 dum
3323 1132 3423 1169 suo
3449 1134 3561 1171 non

1860 1200 2339 1265 contentiofiicio,
2356 1201 2933 1269 alienapraasumunt,
2952 1201 3184 1271 quidam
3207 1203 3565 1273 dumjudica-

1858 1305 1919 1343 re
1936 1288 2575 1358 incipiuntirascuntur,
2602 1289 2903 1358 ipsamque
2921 1290 3123 1357 judicii
3147 1292 3561 1347 sententiamin

1858 1376 2143 1430 insaniam
2166 1381 2419 1441 vertunt,
2443 1376 2513 1429 de
2541 1377 2748 1446 quibus
2772 1383 2921 1431 recte
2947 1394 3048 1447 per
3061 1380 3403 1449 prophetam
3427 1383 3562 1436 dici-

1858 1470 1971 1533 tur,
2018 1466 2116 1535 qui
2146 1471 2487 1519 convertunt
2530 1466 2590 1518 in
2621 1466 2870 1520 furorem
2900 1468 3204 1536 judicium.
3241 1468 3348 1532 Qui
3380 1471 3561 1524 iratus

1851 1553 2090 1624 judicat,
2123 1552 2183 1606 in
2230 1554 2483 1606 furorem
2525 1553 2805 1621 judicium
2851 1558 3052 1619 mutat,
3087 1561 3142 1608 et
3181 1563 3313 1610 ante
3346 1558 3561 1627 profert

1857 1641 2202 1695 sententiam
2234 1658 2404 1712 quam
2439 1648 2729 1711 agnoscat.
2767 1643 2945 1695 Furor
2991 1643 3049 1696 in
3076 1644 3289 1713 judice,
3327 1645 3558 1700 investi-

34 1725 371 1796 acceptione
420 1724 674 1795 suscipit,
710 1740 827 1778 non
862 1724 1118 1779 infirmat
1149 1727 1455 1796 justitiam,
1491 1729 1743 1782 avaritiae
1786 1775 1826 1828 Β
1858 1729 2146 1799 gationem
2204 1730 2323 1783 veri
2372 1745 2485 1783 non
2521 1730 2667 1783 valet
2699 1729 2976 1800 attingere
3011 1747 3023 1784 :
3059 1731 3195 1801 quia
3242 1749 3405 1787 mens
3437 1735 3560 1804 ejus

34 1816 296 1881 ﬂamma,
350 1829 456 1867 nec
488 1813 678 1867 studet
714 1813 940 1867 auferre
972 1814 1157 1879 alteri,
1192 1816 1343 1884 quod
1390 1817 1582 1886 cupiat
1614 1818 1741 1872 sibi.

34 1904 175 1957 Boni
217 1902 471 1973 judices,
519 1902 802 1972 justitiam
835 1903 907 1955 ad
954 1904 1133 1957 solam
1169 1905 1542 1957 obtinendam
1593 1906 1745 1959 salu-

0 1996 153 2045 .tem
188 1998 473 2045 aaternam
520 1989 861 2060 suscipiunt,
913 2007 1017 2044 nec
1048 2008 1172 2045 eam
1209 1993 1542 2047 muneribus
1591 2010 1748 2047 ecce-

34 2081 150 2149 ptis
183 2078 569 2145 distribuunt,
621 2084 682 2132 ut
710 2079 845 2133 dum
880 2079 948 2132 de
973 2080 1131 2149 justo
1161 2080 1378 2149 judicio
1414 2083 1749 2151 temporalia

30 2170 163 2238 jura
199 2184 318 2221 non
363 2173 666 2237 appetunt,
714 2168 952 2237 praemio
986 2175 1199 2222 mterno
1245 2169 1518 2223 ditentur.
1554 2172 1749 2226 Omnis

36 2259 135 2329 qui
163 2259 325 2328 juste
368 2257 607 2327 judicat,
654 2263 923 2311 stateram
958 2257 1017 2311 in
1049 2274 1221 2311 manu
1254 2264 1454 2327 gestat,
1488 2259 1547 2313 in
1600 2264 1750 2313 utro-

36 2363 147 2417 que
202 2362 388 2417 penso
429 2346 714 2415 justitiam
765 2351 821 2400 et
869 2346 1324 2402 misericordiam
1373 2354 1564 2418 portat
1604 2365 1616 2403 :
1652 2350 1747 2403 sed

34 2454 139 2507 per
193 2435 481 2507 justitiam
528 2435 718 2489 reddit
761 2436 979 2506 peccati
1011 2436 1375 2499 sententiam,
1426 2454 1529 2507 per
1574 2437 1749 2492 mise-

34 2525 346 2580 ricordiam
401 2524 621 2594 peccati
669 2530 954 2594 temperat
1000 2540 1229 2594 poenam
1264 2543 1277 2579 :
1312 2530 1375 2579 ut
1403 2526 1511 2579 isto
1566 2526 1749 2580 libra-

0 2616 195 2669 'mine
223 2613 495 2685 quasdam
525 2629 629 2683 per
658 2614 989 2682 aequitatem
1020 2615 1287 2683 corrigat,
1321 2616 1585 2685 quaedam
1616 2631 1747 2669 vero

34 2722 140 2774 per
187 2703 624 2757 miserationem
654 2702 972 2772 indulgeat.
1008 2703 1170 2767 Quod
1205 2703 1304 2757 Dei
1324 2702 1540 2772 judicia
1570 2704 1747 2757 oculis

35 2794 155 2847 suis
202 2791 518 2863 praeponit,
553 2808 780 2863 semper
814 2792 1024 2846 timens
1068 2797 1437 2858 tremensque
1486 2792 1545 2846 in
1586 2792 1747 2846 omni

37 2881 280 2951 negotio
329 2880 686 2948 reformidat,
732 2897 804 2935 ne
846 2880 916 2934 de
944 2880 1183 2950 justitiea
1242 2881 1469 2935 tramite
1512 2880 1748 2935 deviens

39 2972 223 3037 cadat,
260 2972 318 3024 et
348 2968 500 3023 unde
531 2984 646 3022 non
681 2968 1051 3039 justiﬁcatur,
1083 2970 1216 3024 inde
1246 2970 1439 3041 potius
1481 2970 1748 3024 condem-

42 3066 231 3114 netur.
1501 3122 1507 3127 ,

349 3147 477 3201 CAP.
514 3146 690 3200 XXVI.
722 3175 794 3187 —
828 3149 901 3200 De
928 3148 1119 3215 pravis
1139 3147 1445 3215 judicibus.

114 3237 243 3302 (Ea:
279 3236 445 3289 dictis
494 3234 782 3301 ejusdem.)
830 3235 1129 3288 Neminem
1162 3235 1472 3288 stultorum
1514 3236 1602 3289 vel
1634 3235 1748 3289 im-

42 3324 360 3391 proborum
413 3328 674 3393 oportere
716 3323 963 3392 judicem
1025 3339 1163 3376 esse.
1199 3324 1339 3376 Nam
1384 3324 1591 3377 stultus
1650 3340 1753 3394 per

41 3412 334 3481 ignaviam
354 3411 584 3482 ignorat
605 3410 908 3480 justitiam,
932 3410 1230 3481 improbus
1251 3428 1356 3481 per
1377 3413 1749 3480 cupiditatem

41 3501 367 3570 corrumpit
416 3500 599 3569 ipsam
632 3515 807 3569 quam
857 3500 995 3553 dicit
1026 3501 1347 3555 veritatem.
1399 3501 1634 3555 Gravius
1662 3500 1746 3554 la-

40 3595 315 3644 cerantur
338 3604 622 3659 pauperes
649 3605 678 3641 e
711 3587 901 3657 pravis
926 3588 1241 3659 judicibus,
1278 3606 1453 3660 quam
1481 3606 1514 3644 a
1538 3605 1749 3643 cruen-

40 3679 283 3732 tissimis
332 3677 617 3731 hostibus.
670 3676 870 3730 Nullus
923 3677 1078 3731 enim
1108 3678 1305 3748 praedo
1360 3682 1477 3732 tam
1510 3678 1750 3748 cupidus

43 3769 102 3821 in
141 3766 370 3827 alienis,
406 3781 579 3835 quam
621 3765 797 3835 judex
848 3766 1084 3835 iniquus
1114 3766 1171 3820 in
1203 3766 1338 3820 suis.
1375 3767 1645 3821 Latrones
1691 3767 1751 3820 in

40 3855 283 3910 accessis
330 3853 590 3909 faucibus
623 3870 688 3907 ec
733 3854 1032 3908 latebrosis
1057 3855 1313 3925 jacentes
1360 3855 1599 3909 insidias
1642 3872 1751 3926 po-

0 4012 1 4017 ,
38 3948 190 3997 nunt
222 3960 236 3997 :
273 3941 370 3995 isti
404 3941 590 4011 palam
628 3942 957 4012 rapacitatis
987 3942 1222 3996 avaritia
1252 3942 1509 3997 saeviunt.
1551 3946 1749 3998 Hostes

42 4032 101 4085 in
158 4031 413 4085 aliorum
470 4029 813 4099 sanguinem
857 4034 1084 4084 tantum
1134 4030 1445 4085 intendunt
1487 4031 1749 4101 :judices

41 4120 205 4189 quasi
274 4118 660 4171 crudelissimi
725 4118 1020 4172 carniﬁces
1077 4118 1318 4185 civium,
1380 4121 1748 4191 oppressione

39 4225 139 4263 sua
196 4207 592 4276 subjectorum
635 4205 812 4259 vitam
867 4208 1229 4278 extinguunt.
1277 4208 1385 4272 Qui
1440 4208 1594 4262 enim
1647 4209 1745 4263 dc-

40 4300 271 4350 struant
324 4294 491 4348 multi
540 4299 673 4349 sunt
713 4311 726 4349 :
761 4296 875 4348 rari
922 4302 1053 4350 sunt
1094 4297 1190 4367 qui
1247 4298 1490 4367 populos
1550 4298 1829 4391 legum.D

40 4382 440 4438 moderamine
472 4387 689 4452 regant.
721 4385 1066 4455 Plerumque
1098 4390 1155 4439 et
1178 4385 1314 4438 boni
1337 4386 1561 4455 judices
1587 4392 1741 4451 sunt,

37 4474 135 4527 sed
189 4471 487 4525 ministros
534 4487 765 4541 rapaces
814 4472 1046 4539 habent,
1080 4473 1288 4527 horum
1320 4474 1528 4541 ﬁgura,
1580 4480 1643 4529 ut
1671 4476 1748 4529 ait

37 4562 303 4630 quidam,
339 4563 617 4629 tanquam
665 4560 823 4614 scilla
852 4560 1134 4631 pingitur,
1182 4566 1351 4633 atque
1382 4562 1744 4618 describitur.

34 4654 164 4720 Ipsa
214 4648 453 4718 quidem
505 4647 759 4703 humana
806 4650 1014 4721 specie,
1057 4651 1153 4705 sed
1202 4651 1483 4721 capitibus
1529 4651 1747 4706 caninis

34 4739 293 4792 accincta
349 4740 404 4789 et
452 4736 825 4791 circumdata.
870 4739 995 4793 Non
1042 4739 1211 4792 aliter
1239 4738 1583 4810 quibusdam
1638 4756 1748 4810 po-

37 4825 348 4879 testatibus
378 4824 603 4889 accidit,
636 4830 702 4878 ut
744 4825 1001 4896 ipsorum
1034 4827 1453 4882 humanitatem
1485 4827 1749 4881 immani—

37 4922 123 4969 tas
185 4913 524 4982 iniquorum
582 4914 871 4968 sociorum
932 4917 1256 4985 perturbet.
1314 4917 1475 4985 Saepe
1523 4916 1747 4986 judices

38 5003 220 5073 pravi,
251 5002 581 5072 cupiditatis
608 5018 796 5068 causa,
832 5008 929 5059 aut
958 5004 1251 5069 differunt,
1285 5010 1384 5060 aut
1410 5009 1751 5075 pervertunt

31 5091 276 5161 judicia,
317 5106 420 5144 nec
470 5090 681 5145 finiunt
725 5096 911 5162 coepta
956 5094 1205 5163 partium
1252 5094 1504 5163 negotia,
1538 5110 1751 5164 quous-

39 5197 153 5249 que
218 5178 511 5247 marsupia
580 5196 781 5235 eorum
850 5182 951 5250 qui
1017 5187 1325 5236 censentur
1391 5182 1744 5237 exhauriant.

42 5267 282 5333 Quando
316 5268 472 5321 enim
500 5268 783 5337 judicent,
814 5286 929 5323 non
973 5286 1171 5324 causas
1198 5270 1297 5324 sed
1336 5271 1483 5325 done
1519 5271 1749 5326 deside-

44 5362 189 5423 rant,
243 5361 301 5409 et
345 5356 495 5409 sicut
542 5357 903 5426 negligentes
935 5364 1069 5412 sunt
1124 5359 1181 5412 in
1217 5359 1569 5414 discussione
1609 5375 1750 5413 ceu-

44 5446 315 5511 santium,
349 5444 430 5498 sic
464 5444 525 5497 in
578 5461 778 5499 eorum
808 5446 1018 5501 damno
1047 5447 1277 5501 solliciti
1325 5453 1474 5502 sunt.
1524 5447 1751 5502 Iudices

46 5534 221 5605 pravi,
286 5535 456 5605 juxta
520 5535 821 5604 Prophette
860 5552 1075 5600 vocem,
1141 5536 1307 5607 quasi
1344 5536 1467 5607 lupi
1513 5552 1749 5606 vespere

50 5639 161 5677 non
193 5621 535 5693 relinquunt
578 5620 638 5675 in
671 5637 863 5689 mane,
910 5623 1021 5677 hoc
1045 5627 1151 5689 est,
1185 5622 1255 5678 de
1285 5623 1587 5695 presentis
1617 5623 1750 5678 vitae

1860 1817 2088 1871 turbata
2138 1818 2351 1885 furore,
2405 1817 2474 1871 ab
2522 1818 2934 1872 inscrutatione
2973 1820 3256 1873 alienatur
3294 1821 3553 1891 justitite.

1859 1906 2171 1961 Iracundus
2222 1907 2393 1976 judex
2419 1906 2623 1976 judicii
2669 1922 2906 1960 examen
2937 1909 3105 1977 plene
3156 1908 3413 1962 contueri
3444 1927 3559 1964 non

1859 1995 2007 2047 valet
2040 2011 2053 2048 :
2088 1993 2225 2064 quia
2280 1994 2521 2063 caligine
2584 1994 2791 2048 furoris
2844 2011 2961 2049 non
3005 1996 3175 2050 videt.
3227 1997 3331 2060 Qui
3363 2003 3556 2052 autem

1860 2082 2089 2153 repulso
2138 2083 2329 2136 furore
2378 2082 2629 2148 discutit,
2675 2083 2897 2136 facilius
2927 2083 2999 2137 ad
3046 2086 3427 2139 contuendam
3461 2103 3557 2140 ve-

1858 2172 2087 2225 ritatem
2140 2171 2345 2224 mentis
2405 2171 2710 2225 serenitate
2769 2172 3063 2241 consurgit
3102 2188 3115 2226 :
3151 2176 3206 2226 et
3262 2173 3381 2226 sine
3440 2174 3557 2227 ulla

1858 2260 2313 2331 perturbatione,
2348 2259 2419 2312 ad
2467 2259 2754 2330 aequitatis
2799 2259 3242 2330 intelligentiam
3274 2261 3553 2331 pervenit.

2034 2349 2161 2403 CAP.
2196 2348 2422 2402 XXVIII.
2460 2377 2518 2387 —
2556 2351 2623 2401 De
2647 2351 2871 2416 prwmio
2908 2352 3374 2405 remunerationis.

1928 2435 2037 2506 (Ea:
2061 2435 2290 2505 eodem.)
2323 2436 2429 2499 Qui
2480 2443 2634 2489 recte
2655 2436 2878 2505 judicat
2921 2442 2977 2490 et
3006 2437 3315 2507 praemium
3364 2453 3557 2491 remu-

1857 2525 2175 2579 nerationis
2205 2529 2483 2594 expectat,
2516 2524 2779 2578 fraudem
2811 2524 2869 2578 in
2904 2526 3020 2579 Deo
3052 2530 3346 2595 perpetrat
3377 2542 3391 2579 :
3424 2525 3562 2597 quia

1852 2612 2138 2683 justitiam
2188 2628 2364 2683 quam
2417 2612 2595 2681 gratis
2642 2611 2931 2683 impertiri
2988 2613 3179 2681 debet,
3227 2614 3558 2684 acceptione

1856 2700 2117 2772 pecunia:
2160 2700 2373 2755 vendit.
2410 2701 2563 2755 Bona
2608 2701 2755 2754 male
2786 2704 3052 2767 utuntur,
3085 2701 3223 2771 quia
3261 2702 3419 2771 juste
3451 2718 3556 2771 pro

1856 2789 2161 2859 temporali
2192 2790 2348 2843 lucro
2371 2788 2651 2858 judicent.
2699 2790 2863 2842 Tales
2888 2789 3104 2859 quippe
3139 2789 3210 2843 ad
3232 2828 3235 2829 ν
3260 2790 3555 2843 veritatem

1857 2894 1973 2932 non
2019 2878 2258 2949 justitiee
2313 2876 2591 2943 defensio,
2643 2877 2739 2929 sed
2769 2893 2931 2929 amor
2983 2876 3208 2947 praemii
3259 2883 3552 2946 provocet.

1859 2967 2076 3031 Quibus
2109 2966 2155 3019 si
2194 2982 2324 3034 spes
2371 2965 2595 3018 nummi
2639 2965 3015 3033 subtrahitur,
3068 2965 3366 3019 confestim
3396 2982 3429 3018 a
3453 2965 3556 3036 ju-

1779 3053 1818 3108 C
1857 3055 2025 3110 stitia
2090 3053 2442 3108 confessione
2495 3054 2790 3107 recedunt.
2860 3052 3127 3123 Acceptio
3177 3069 3552 3107 nummorum

1858 3142 2251 3212 praevaricatio
2296 3140 2551 3195 veritatis
2578 3146 2679 3195 est.
2718 3141 2877 3195 Unde
2908 3146 2962 3193 et
2988 3158 3090 3211 pro
3116 3142 3270 3211 justo
3299 3141 3506 3195 dicitur
3538 3156 3551 3194 :

1859 3232 1967 3295 Qui
2000 3231 2211 3284 excutit
2257 3246 2461 3283 manus
2492 3230 2563 3283 ab
2598 3230 2758 3283 omni
2794 3246 3052 3295 munere,
3089 3230 3193 3283 iste
3229 3230 3287 3283 in
3320 3229 3556 3283 excelsis

1859 3320 2096 3375 habitat.
2155 3318 2319 3374 Dives
2370 3318 2707 3372 muneribus
2754 3318 2865 3372 cito
2908 3319 3228 3389 corrumpit
3277 3318 3553 3388 judicem,

1859 3423 2080 3479 pauper
2134 3412 2328 3461 autem
2379 3407 2517 3461 dum
2573 3422 2691 3460 non
2740 3407 2913 3461 habet
2972 3407 3127 3477 quod
3176 3407 3396 3471 offerat,
3439 3421 3555 3458 non

1858 3497 2043 3551 solum
2072 3495 2261 3549 audiri
2306 3495 2715 3563 contemnitur,
2749 3495 2842 3548 sed
2876 3496 3048 3549 etiam
3095 3501 3152 3549 et
3177 3500 3377 3548 contra
3406 3492 3555 3546 veri-

1859 3591 2031 3640 tatem
2080 3584 2448 3655 opprimitur.
2497 3583 2619 3636 Cito
2669 3583 2910 3636 violatur
2949 3599 3088 3636 euro
3135 3582 3380 3652 justitia,
3427 3582 3556 3634 nul-

1860 3674 2088 3743 lamque
2149 3687 2282 3725 reus
2330 3670 2683 3740 pertimescit
2719 3671 2969 3739 culpam,
3030 3686 3203 3740 quem
3270 3669 3556 3722 redimere

1857 3760 2113 3815 nummis
2160 3758 2460 3813 existimat.
2496 3760 2626 3812 Plus
2672 3758 2825 3811 enim
2866 3758 3086 3811 obtinet
3137 3764 3388 3811 mentem
3422 3772 3555 3810 cen-

1856 3850 1999 3905 soris
2047 3864 2210 3902 amor
2238 3848 2404 3915 lucri,
2444 3863 2619 3917 quam
2673 3846 2913 3918 mquitas
2951 3846 3175 3916 judicii.
3234 3848 3367 3898 'l‘res
3399 3844 3555 3897 enim

1857 3942 1992 3993 sunt
2022 3953 2329 3992 munerum
2362 3936 2739 4006 acccptiones,
2792 3934 3001 4006 quibus
3053 3940 3251 3988 contra
3273 3934 3556 4004 justitiam

1857 4030 2108 4083 humana
2141 4027 2359 4080 vanitas
2411 4026 2639 4091 militet,
2689 4025 2748 4079 id
2784 4029 2887 4091 est,
2936 4025 3099 4078 favor
3142 4024 3554 4090 amicitiarum,

1858 4116 2109 4171 adulatio
2160 4114 2364 4177 laudis,
2408 4119 2465 4168 et
2511 4113 2826 4183 corporalis
2856 4112 3108 4182 acceptio
3141 4111 3415 4166 muneris.
3454 4112 3554 4165 Fa-

1856 4203 2019 4258 cilius
2052 4208 2243 4256 autem
2277 4202 2625 4273 pervertitur
2654 4202 2899 4268 animus,
2933 4202 3018 4255 rei
3049 4216 3325 4271 corporeo
3355 4216 3558 4255 mune-

1858 4308 1941 4358 re,
1994 4307 2167 4361 quem
2212 4290 2411 4361 gratiae
2462 4291 2763 4361 laudisque
2814 4290 3029 4344 favore.
3077 4290 3336 4353 Quatuor
3375 4290 3558 4343 modis

1851 4380 2134 4449 judicium
2167 4379 2487 4433 humanum
2527 4378 2879 4432 convertitur
2912 4394 2926 4432 :
2960 4378 3190 4442 timore,
3224 4376 3555 4446 cupiditate,

1858 4468 2010 4534 odio,
2043 4484 2259 4522 amore.
2294 4468 2542 4531 Timore,
2595 4467 2733 4521 dum
2766 4473 2923 4520 metu
2963 4466 3261 4536 potestatis
3290 4466 3553 4535 alicujus,

1856 4556 2153 4611 veritatem
2201 4555 2363 4626 loqui
2402 4554 2776 4625 pavescimus.
2828 4554 3169 4623 Cupiditate,
3224 4554 3361 4607 dum
3406 4569 3554 4623 prae-

1858 4645 1975 4699 mio
2003 4644 2260 4698 muneris
2293 4643 2533 4712 alicujus
2565 4641 3008 4711 corrumpimur.
3043 4640 3206 4707 Odio,
3243 4641 3378 4695 dum
3412 4657 3555 4695 con-

1856 4739 1943 4788 tra
1972 4732 2291 4804 quemlibet
2320 4729 2711 4784 adversarium
2747 4729 3037 4795 molimur,
3079 4729 3243 4796 cujus
3274 4728 3406 4783 odio
3443 4744 3558 4783 cor-

1857 4822 2202 4893 rumpimur.
2253 4822 2485 4885 Amore,
2536 4819 2673 4872 dum
2708 4817 2891 4872 amico
2923 4818 3009 4871 vel
3056 4818 3381 4889 pr0pinquo
3415 4834 3557 4889 pra-

1857 4916 2006 4966 stare
2058 4909 2478 4963 contendimus.
2526 4907 2620 4961 His
2673 4907 2828 4961 enim
2879 4912 3127 4978 quatuor
3172 4907 3356 4961 causis
3402 4923 3556 4979 saepe

1856 4997 2096 5069 aequitas
2120 4996 2385 5050 violatur.

2036 5085 2162 5145 CAP.
2196 5086 2373 5140 XXIX.
2405 5114 2475 5125 —
2506 5086 2587 5139 De
2617 5085 3025 5155 oppressoribus
3049 5101 3373 5155 pauperum.

1929 5175 2048 5245 (Ea:
2089 5174 2315 5244 eodem.)
2360 5176 2685 5245 Pauperum
2717 5190 3083 5245 oppressores
3128 5179 3265 5227 tunc
3295 5172 3557 5226 sentian-

1858 5270 1952 5320 tur
1980 5263 2230 5333 graviori
2272 5264 2431 5334 digni
2480 5279 2601 5317 esse
2639 5264 2942 5330 sententia,
2987 5263 3219 5332 quando
3250 5262 3558 5331 praevelue-

1859 5353 1975 5408 rint
2004 5352 2093 5406 bis
2124 5352 2333 5423 quibus
2367 5353 2615 5407 atrocius
2648 5367 2853 5406 nocere
2883 5350 3187 5404 voluerint.
3224 5350 3364 5403 Nam
3394 5352 3555 5403 tanto

1861 5442 1919 5496 in
1953 5442 2148 5496 futuro
2209 5443 2491 5513 supplicio
2539 5440 2961 5495 condemnandi
3005 5443 3153 5505 sunt,
3199 5442 3414 5508 quanto
3465 5437 3558 5491 hic

1859 5531 2063 5587 fortius
2093 5536 2294 5585 contra
2324 5531 2669 5586 miserorum
2701 5532 2872 5583 vitam
2905 5527 3268 5582 invaluerint.
3305 5526 3555 5582 Audiant

1853 5620 2077 5693 judices
2106 5624 2171 5675 et
2192 5620 2295 5692 qui
2319 5623 2576 5692 praesunt
2605 5619 2858 5691 populis,
2895 5617 3033 5690 quia
3074 5633 3181 5688 pro
3213 5615 3557 5687 temporali-
