3944 6396
386 380 491 430 915

1453 371 1860 429 BURCHARDI
1907 368 2436 425 WORMACIENSIS
2478 366 2807 424 EPISCOPI.

3785 374 3899 426 9I6

385 498 491 552 bus
523 496 803 552 molestiis
850 513 992 568 quas
1023 496 1287 568 plebibus
1332 496 1622 565 ingerunt,
1655 499 1872 547 aeterno
1903 493 2093 547 incen-
2121 493 2168 546 A
2206 496 2466 559 sumunt,
2507 490 2738 561 quibus,
2783 489 2922 544 dum
2969 489 3319 560 prosperitas
3371 492 3576 558 elucet,
3620 492 3918 562 jactanter

387 587 484 642 dio
530 587 957 653 cremabuntur,
990 573 1238 639 testante
1296 583 1534 637 Domino
1564 597 1670 652 per
1717 583 1918 635 Isaiam
1949 597 2087 652 pro-

387 676 623 746 phetam
660 692 674 730 :
707 677 892 730 Iratus
922 690 1072 741 sum,
1106 673 1317 745 inquit,
1348 687 1520 743 super
1557 672 1834 742 populum
1872 686 2086 732 meum,

388 768 446 819 et
477 765 610 818 dedi
640 779 735 817 eos
782 763 842 816 in
873 778 1050 817 manu
1080 767 1177 815 tua
1210 777 1225 815 :
1257 776 1373 814 non
1402 758 1646 830 posuisti
1677 759 1730 812 ei
1766 760 2091 813 misericor-

391 851 570 914 diam,
638 851 960 923 aggravasti
1018 851 1226 921 jugum
1291 854 1454 902 tuum
1519 847 1706 902 valde.
1781 849 2088 914 Descende,

389 941 451 996 in
500 941 733 1011 pulvere
764 941 916 1007 sede,
969 944 1113 1003 tace,
1169 943 1226 992 et
1263 937 1416 992 intra
1445 936 1507 990 in
1556 936 1840 991 tenebras.
1892 937 2093 990 Veniet

392 1045 566 1100 super
596 1034 648 1082 te
693 1030 910 1082 malum
938 1033 994 1081 et
1023 1027 1230 1098 paries,
1269 1029 1325 1079 et
1351 1025 1535 1078 irruet
1565 1040 1738 1095 super
1761 1030 1816 1078 te
1856 1030 2091 1096 repente

392 1118 625 1171 miseria
671 1133 845 1189 quam
891 1117 1090 1170 nescis.
1122 1113 1296 1183 Magis
1343 1113 1497 1166 mala
1530 1113 1871 1167 facientibus
1916 1129 2090 1184 quam

394 1207 546 1259 mala
590 1204 958 1276 patientibus,
992 1204 1184 1258 dolere
1232 1202 1527 1256 debemus.
1578 1201 1667 1255 Illi
1710 1202 1864 1255 enim
1919 1218 2093 1273 prava

394 1293 655 1347 faciendo
697 1293 755 1346 in
787 1294 1004 1346 malum
1051 1290 1399 1362 proﬁciunt:
1435 1289 1529 1342 isti
1577 1289 1848 1359 patiendo
1878 1305 1911 1342 a
1942 1289 2092 1342 malo

394 1380 782 1450 corriguntur.
817 1380 964 1432 Deus
992 1383 1186 1432 autem
1235 1393 1340 1447 per
1369 1378 1549 1431 malas
1579 1378 1905 1430 voluntates
1952 1376 2092 1429 alio-

394 1485 545 1537 rum,
578 1469 639 1521 in
688 1469 810 1521 aliis
862 1469 1041 1522 multa
1105 1470 1379 1537 operatur
1426 1465 1595 1519 bona.
1659 1465 2090 1534 Malignantium

393 1555 697 1610 hominum
727 1557 1012 1617 voluntas,
1048 1570 1419 1625 nequaquam
1459 1559 1654 1625 potest
1683 1553 1933 1624 impleri,
1981 1552 2094 1606 nisi

397 1646 544 1698 Deus
589 1644 813 1698 dederit
874 1649 1238 1715 potestatem.
1302 1643 1442 1697 Nam
1483 1643 1619 1696 dum
1658 1643 1946 1707 homines,
1980 1642 2093 1694 Deo

2198 580 2267 634 de
2299 579 2416 633 suis
2451 579 2667 632 meritis
2698 578 3040 648 gloriantur,
3075 584 3132 634 et
3160 580 3447 635 bonorum
3496 587 3666 652 atque
3712 584 3917 654 justo-

2198 683 2328 721 rum
2371 667 2778 722 afﬂictionibus
2838 667 3168 734 detrahunt,
3228 668 3485 740 dumque
3516 671 3597 724 eis
3662 672 3917 725 adversa

2199 758 2524 825 contigerit,
2559 774 2691 810 mox
2724 757 2792 810 ad
2815 758 3232 828 blasphemiam
3263 760 3740 828 pusillanimitate
3774 764 3944 828 ani-.

2201 846 2281 899 mi
2362 852 2795 899 convertuntur.
2864 845 3106 908 Quidam
3173 847 3520 917 simplicium
3583 850 3917 904 nescientes

2199 934 2681 1002 dispensationem
2728 933 2850 1000 Dei,
2897 935 2956 987 in
3017 935 3300 989 malorum
3334 937 3697 1005 provectibus
3743 955 3916 992 scan-

2200 1022 2543 1090 dalizentur,
2600 1022 2855 1076 dicentes
2905 1022 3070 1092 juxta
3119 1024 3463 1094 Prophetam
3509 1042 3521 1079 :
3565 1026 3752 1090 Quare
3816 1027 3919 1080 via

2199 1111 2513 1180 impiorum
2562 1113 2973 1181 prosperatur?
3023 1113 3172 1165 Bene
3211 1117 3295 1165 est
3325 1114 3592 1168 omnibus
3622 1116 3722 1186 qui
3757 1132 3916 1186 prae-

2199 1200 2544 1264 varicantur,
2607 1204 2661 1252 et
2703 1198 2899 1269 inique
2946 1206 3144 1268 agunt.
3197 1199 3305 1264 Qui
3355 1217 3491 1271 ergo
3542 1202 3649 1256 hoc
3677 1203 3914 1270 dicunt,

2202 1303 2320 1341 non
2368 1289 2670 1354 mirentur,
2720 1287 2874 1358 quod
2905 1303 3212 1357 pravorum
3253 1289 3558 1344 hominum
3602 1296 3918 1362 tempora-

2201 1376 2333 1436 lem,
2375 1381 2429 1429 et
2469 1377 2742 1429 caducam
2807 1376 3138 1430 felicitatem
3197 1377 3501 1446 aspiciunt,
3551 1379 3649 1431 sed
3722 1379 3934 1449 magis.

2202 1464 2515 1519 novissima
2575 1464 2775 1518 eorum
2827 1464 3148 1527 intendant,
3201 1470 3415 1535 quanta
3479 1466 3592 1520 illis
3622 1473 3754 1538 post
3803 1469 3922 1522 hoc

2203 1557 2416 1606 aeterna
2469 1551 2750 1622 supplicia
2817 1558 3238 1623 praeparentur,
3294 1554 3518 1607 dicente
3568 1555 3916 1624 propheta:

2204 1642 2424 1695 Ducent
2465 1639 2525 1694 in
2555 1640 2724 1694 bonis
2762 1640 2883 1695 dies
2925 1657 3080 1709 suos,
3113 1649 3171 1695 et
3203 1641 3392 1696 subito
3429 1643 3497 1697 ad
3544 1643 3774 1697 inferna
3804 1644 3920 1698 de-

393 1733 786 1803 permittente,
836 1735 1052 1787 malum
1096 1732 1251 1803 quod
1303 1731 1713 1801 concupiscunt
1766 1729 2092 1800 perﬁciunt,
2129 1766 2168 1820 B
2207 1729 2503 1783 scendunt.

394 1820 518 1891 ipse
585 1821 794 1876 dicitur
855 1822 1039 1875 facere
1091 1820 1191 1892 qui
1251 1820 1551 1890 permittit.
1622 1819 1760 1874 Inde
1808 1823 1893 1872 est
1940 1817 2094 1887 quod

398 1908 676 1979 scriptum
722 1915 806 1964 est
851 1925 955 1980 per
986 1910 1326 1980 prophetam
1365 1924 1377 1961 :
1411 1908 1469 1962 Si
1511 1907 1620 1960 erit
1667 1908 1905 1972 malum,
1939 1905 2095 1977 quod

399 1997 680 2052 Dominus
730 2013 848 2051 non
895 1999 1044 2052 fecit.
1082 1999 1489 2050 Verumtamen
1535 1995 1688 2066 quod
1720 1994 1904 2065 iniqui
1945 1995 2096 2048 mala

400 2091 679 2156 expetunt
744 2088 1062 2150 voluntate,
1130 2085 1344 2139 idcirco
1403 2085 1550 2138 Deus
1613 2083 1944 2153 perﬁciendi
2000 2083 2097 2138 dat

399 2178 741 2245 potestatem
798 2190 904 2244 per
953 2189 1116 2226 suam
1163 2173 1374 2227 bonam
1436 2171 1786 2224 voluntatem
1841 2171 1979 2241 quia
2024 2172 2094 2226 de

397 2267 595 2316 nostro
627 2263 778 2317 malo
808 2264 928 2334 ipse
960 2264 1142 2316 multa
1173 2266 1445 2331 operatur
1473 2260 1642 2314 bona.
1693 2260 1936 2323 Quidam
1965 2277 2096 2315 cum

402 2350 504 2405 Dei
565 2351 846 2404 voluntati
897 2350 1188 2411 resistunt,
1257 2347 1574 2401 nescientes
1626 2347 1926 2401 consilium
1997 2348 2096 2402 Dei

397 2437 632 2504 faciunt,
681 2438 835 2508 quod
866 2438 1129 2491 noverint
1157 2436 1236 2490 sic
1283 2438 1397 2490 Deo
1429 2436 1679 2506 subjecta
1727 2451 1845 2488 esse
1866 2437 2094 2503 “omnia,

399 2530 463 2578 ut
492 2531 550 2578 et
596 2526 705 2596 ipsi
737 2526 834 2596 qui
867 2525 990 2595 ejus
1037 2523 1397 2595 dispositioni
1426 2522 1689 2576 resistere
1722 2522 2094 2588 arbitrantur,

399 2613 522 2682 ejus
553 2612 833 2684 impleant
861 2613 1237 2666 voluntatem.
1267 2613 1577 2680 Propterea
1608 2609 1667 2663 in
1694 2610 1800 2664 hac
1828 2610 1943 2663 vita
1963 2610 2098 2664 boni

393 2699 729 2770 judicantur
756 2716 790 2753 a
820 2701 1005 2764 malis,
1055 2704 1118 2753 ut
1163 2700 1370 2753 iterum
1398 2699 1458 2752 in
1488 2698 1587 2752 illa
1621 2699 1734 2752 vita
1784 2698 1919 2751 mali
1941 2697 2097 2767 judi-

400 2793 599 2841 centur
637 2805 671 2842 a
699 2788 862 2842 bonis
895 2804 908 2842 :
945 2788 1058 2841 sive
1084 2791 1147 2841 ut
1177 2787 1346 2840 etiam
1380 2786 1455 2839 sit
1484 2785 1576 2841 hic
1606 2785 1770 2840 bonis
1807 2791 2096 2857 tempora-

400 2875 471 2930 lis
501 2875 757 2944 afﬂictio,
801 2880 857 2929 et
886 2875 1004 2929 illic
1030 2881 1245 2929 (eterna
1275 2874 1679 2928 remuneratio.
1720 2874 1933 2928 Idcirco
1965 2879 2100 2928 sunt

400 2963 705 3017 necessarii
738 2963 894 3028 mali,
931 2968 993 3017 ut
1023 2963 1250 3034 quoties
1288 2962 1426 3016 boni
1455 2962 1770 3028 offendunt,
1803 2963 2098 3033 ﬂagellen-

2207 1834 2332 1889 CAP.
2382 1834 2528 1888 XXX.
2572 1863 2640 1872 —
2673 1835 2740 1888 Ut
2775 1833 2953 1902 judea:
2981 1850 3088 1888 non
3111 1837 3265 1903 prius
3294 1837 3468 1890 obviet
3507 1852 3608 1890 sua
3637 1841 3918 1891 sententia

2275 1905 2640 1970 litigantibus,
2672 1905 2920 1972 quandiu
2944 1908 3055 1974 ipsi
3083 1906 3280 1960 habent
3300 1908 3516 1975 aliquid
3541 1908 3684 1976 quod
3701 1924 3915 1978 propo-

2273 1981 2410 2028 nant
2442 1977 2500 2028 in
2529 1979 2838 2044 quastione.

2277 2082 2389 2148 (Ea:
2418 2081 2560 2134 decr.
2595 2082 2867 2135 Eteuterii
2896 2096 3054 2150 papae
3096 2083 3326 2137 ecclesiis
3355 2099 3454 2151 per
3499 2085 3739 2140 Galliam
3791 2103 3916 2141 con-

2204 2171 2430 2233 stitutis,
2479 2169 2663 2237 capite
2711 2168 2786 2239 3.)
2821 2169 2934 2222 Nec
2977 2169 3337 2238 litigantibus
3372 2172 3549 2240 judex
3582 2173 3744 2242 prius
3771 2175 3920 2229 velit

2205 2274 2306 2312 sua
2355 2257 2638 2311 sententia
2666 2257 2912 2321 obviare,
2959 2258 3069 2311 nisi
3099 2259 3330 2328 quando
3362 2259 3471 2326 ipsi
3499 2261 3619 2331 jam
3659 2264 3917 2333 peractis

2207 2345 2473 2400 omnibus
2503 2345 2643 2398 nihil
2676 2345 2923 2399 habeant
2953 2345 3010 2398 in
3035 2347 3349 2417 quaestione
3379 2350 3528 2419 quod
3553 2357 3915 2420 proponant.

2209 2437 2274 2489 Et
2316 2434 2516 2489 tandiu
2567 2435 2714 2488 actio
2744 2436 3073 2501 ventiletur,
3107 2453 3406 2508 quousque
3447 2438 3531 2491 rei
3582 2440 3793 2493 veritas
3823 2458 3916 2495 re—

2204 2523 2479 2594 periatur.
2531 2525 2882 2594 Frequenter
2910 2524 3264 2593 interrogare
3305 2530 3550 2594 oportet,
3584 2543 3656 2580 ne
3687 2529 3918 2600 aliquid

2205 2613 2660 2682 praetermissum
2705 2612 2849 2666 forte
2897 2617 3216 2679 remaneat,
3253 2614 3404 2683 quod
3450 2615 3676 2668 adnecti
3708 2633 3920 2672 conve-

2205 2700 2346 2756 niat.
2381 2700 2630 2754 Induciae
2663 2701 2817 2754 enim
2852 2717 2967 2754 non
3000 2701 3220 2754 modice
3250 2702 3316 2755 ad
3361 2703 3738 2771 quaerendum
3774 2705 3919 2759 dan-

2207 2790 2295 2844 das
2325 2795 2476 2856 sunt,
2513 2805 2582 2842 ne
2612 2789 2830 2860 aliquid
2882 2805 3126 2860 propere
3159 2790 3249 2859 agi
3280 2806 3314 2843 a
3352 2807 3696 2862 quacunque
3741 2800 3916 2863 parte

2205 2878 2464 2932 videatur
2498 2895 2510 2932 :
2542 2878 2676 2949 quia
2709 2894 2811 2947 per
2849 2878 3278 2948 subreptionem
3312 2880 3490 2932 multa
3535 2883 3911 2948 pr0veniunt.

2207 2967 2356 3020 Nihil
2405 2973 2600 3020 tamen
2650 2966 2864 3036 absque
2918 2966 3196 3036 legitimo,
3231 2972 3287 3020 et
3313 2967 3520 3020 idoneo
3573 2976 3912 3024 accusatore

400 3056 496 3106 tur
527 3051 597 3105 ab
645 3052 778 3105 illis.
831 3053 972 3106 Hinc
999 3056 1085 3104 est
1123 3051 1278 3121 quod
1307 3053 1484 3104 Assur
1518 3050 1739 3120 virgam
1773 3051 1980 3104 furoris
2011 3051 2099 3104 sui
2133 3043 2172 3097 Ο
2209 3055 2326 3109 ﬁat.
2383 3055 2523 3109 Nam
2571 3059 2624 3108 et
2654 3054 2930 3108 Dominus
2983 3061 3179 3108 noster
3205 3055 3366 3108 Jesus
3391 3055 3646 3110 Christus
3697 3058 3911 3112 Iudam

402 3144 645 3193 testatur
675 3140 970 3193 Dominus.
1000 3139 1110 3194 Sed
1135 3138 1358 3210 quoties
1389 3139 1467 3192 ita
1497 3139 1582 3204 ﬁt,
1613 3140 1681 3192 de
1717 3140 1816 3192 Dei
1841 3139 2104 3209 indigna-

401 3228 557 3282 tione
606 3229 882 3297 procedit,
913 3233 974 3281 ut
1019 3229 1164 3281 Deus
1205 3243 1306 3298 per
1334 3227 1458 3280 illos
1497 3229 1555 3280 in
1588 3243 1682 3280 eos
1713 3228 1924 3294 saeviat,
1959 3243 2101 3298 quos

404 3316 747 3385 ﬁagellando
801 3316 1108 3369 emendare
1139 3316 1445 3370 desiderat.
1499 3316 1606 3370 Sed
1639 3316 1736 3369 ille
1784 3315 2102 3386 justissima

403 3405 718 3469 voluntate,
775 3404 858 3457 illi
903 3420 1036 3457 vero
1087 3421 1238 3474 saepe
1289 3405 1507 3458 crudeli
1554 3404 1876 3458 intentione
1910 3421 1922 3458 :
1956 3405 2102 3457 sicut

403 3509 508 3563 per
553 3494 895 3564 prophetam
937 3493 1145 3548 dicitur
1171 3493 1240 3547 de
1285 3493 1486 3546 eodem
1516 3495 1710 3548 Assur.
1754 3494 1878 3562 Ipse
1906 3498 2100 3546 autem

403 3597 518 3635 non
573 3581 671 3649 sic,
711 3582 808 3635 sed
844 3581 915 3635 ad
961 3581 1372 3635 conterendum
1422 3587 1688 3651 paratum
1718 3586 1801 3634 est
1830 3597 1928 3634 cor
1957 3581 2096 3650 ejus,

405 3675 653 3724 atrocem
687 3684 861 3740 super
907 3687 1005 3724 eos
1053 3670 1313 3724 divinum
1351 3668 1604 3724 furorem
1639 3675 1967 3735 venturum,
2002 3669 2102 3740 qui

404 3757 658 3812 existunt
707 3763 1120 3827 persecutores,
1174 3762 1226 3810 et
1259 3755 1494 3810 violenti
1540 3756 1827 3810 ﬁdelibus.
1883 3757 2099 3811 Conso-

404 3847 574 3900 lando
606 3846 760 3900 enim
810 3847 957 3900 Deus
982 3862 1116 3899 suos
1146 3846 1224 3899 ita
1249 3846 1509 3915 judicare
1539 3845 1848 3915 promittit.
1881 3845 2103 3900 Adver-

404 3951 498 3987 sus
544 3950 662 3998 eos,
697 3934 908 4002 inquit,
964 3933 1493 4003 quijudicaverunt
1540 3938 1618 4000 te,
1659 3949 1766 4003 ego
1806 3934 2097 4003 judicabo,

403 4026 462 4076 et
507 4021 707 4074 cibabo
753 4021 944 4074 hostes
974 4026 1104 4074 tuos
1148 4021 1414 4074 carnibus
1445 4021 1582 4084 suis,
1616 4026 1672 4074 et
1723 4021 1888 4092 quasi
1925 4022 2101 4074 mixto

406 4110 687 4178 sanguine
738 4125 839 4162 suo
889 4108 1348 4162 inebriabuntur.
1402 4109 1582 4164 Habet
1610 4109 1860 4179 aliquem
1906 4125 2098 4172 usum,

406 4203 462 4251 et
491 4198 777 4251 malorum
817 4197 1114 4267 iniquitas,
1159 4197 1311 4267 quod
1343 4197 1578 4251 dilectos
1615 4197 1734 4262 Dei,
1770 4198 1887 4250 suis
1919 4198 2100 4251 mori-

405 4286 512 4340 bus
556 4287 749 4352 laniat,
782 4301 847 4339 ac
875 4300 977 4356 per
1028 4286 1138 4339 hoc
1181 4285 1639 4374 vitaiimpiorum
1679 4285 1795 4374 sibi
1826 4287 2094 4356 deperit:
2140 4320 2180 4374 Β

397 4376 688 4446 justorum
719 4380 909 4428 autem
947 4374 1190 4444 deperit,
1223 4373 1322 4428 sed
1374 4373 1622 4444 proﬁcit,
1659 4373 1796 4428 dum
1840 4389 1938 4428 eos
1966 4375 2102 4428 mali

405 4479 509 4534 per
535 4462 920 4517 tribulationis
953 4461 1286 4516 exercitium
1317 4461 1389 4514 ad
1419 4466 1762 4531 praesentem
1793 4461 2100 4516 odiendam

402 4553 598 4617 vitam,
633 4557 690 4605 et
719 4552 974 4606 futuram
1004 4551 1443 4604 desiderandam
1485 4550 1773 4604 erudiunt.
1807 4551 2100 4606 Interdum

404 4641 560 4694 enim
610 4641 843 4710 prodest
890 4655 1285 4710 perversorum
1323 4638 1574 4709 pravitas
1635 4638 1870 4693 utilitati
1909 4640 2100 4708 justo-

405 4745 553 4794 rum,
607 4729 743 4782 dum
777 4745 872 4781 eos
902 4727 1125 4781 malitia
1151 4744 1254 4781 sua
1297 4727 1508 4793 erudit,
1543 4732 1598 4781 et
1624 4728 1690 4782 ad
1725 4743 1904 4798 regna
1930 4728 2100 4781 cmlo-

403 4833 534 4871 rum
583 4817 932 4887 requirenda
960 4817 1223 4870 molestia
1269 4817 1604 4885 temporalis
1651 4816 1914 4886 impellit.
1967 4819 2101 4872 Pro-

403 4905 572 4960 batur
602 4905 707 4958 hoc
738 4905 1018 4974 exemplis
1067 4905 1390 4958 Israelitica
1415 4904 1620 4974 plebis,
1653 4921 1782 4975 quas
1814 4910 1949 4959 tunc
1990 4906 2101 4959 du-

401 4993 522 5048 rius
577 4993 854 5063 agebatur
894 4993 956 5046 in
1019 4995 1278 5064 Egypto,
1341 4993 1570 5064 quando
1629 4995 1929 5063 oportebat
1975 5010 2099 5048 eam

401 5098 506 5153 per
552 5083 740 5135 Mosen
802 5081 869 5135 ad
903 5087 1118 5135 terram
1172 5080 1634 5150 repromissionis
1681 5081 1892 5148 vocari,
1945 5087 2003 5136 et
2035 5099 2101 5137 ex

404 5171 590 5236 malis,
625 5185 755 5240 quae
785 5169 844 5223 in
891 5171 1132 5240 Egypto
1177 5168 1506 5240 patiebatur
1543 5170 1904 5236 descendere,
1949 5176 1998 5223 et
2033 5171 2104 5225 ad

400 5259 746 5330 promissam
780 5258 1024 5328 patriam
1079 5256 1368 5311 festinare.
1418 5257 1609 5329 Iniqui
1656 5259 1793 5312 dum
1833 5263 2102 5312 constan-

401 5349 539 5403 tiam
563 5347 707 5418 justi
745 5346 804 5400 in
849 5346 1345 5415 persecutionibus
1387 5345 1505 5398 suis
1539 5345 1841 5415 aspiciunt,
1894 5347 2102 5400 mentis

403 5435 739 5489 confusione
805 5435 1121 5500 tabescunt,
1190 5439 1247 5488 et
1311 5434 1449 5488 dum
1504 5434 1740 5488 adversa
1791 5437 2100 5501 ostentant,

402 5538 510 5576 nec
534 5522 811 5589 .vincunt,
843 5524 1076 5577 tandem
1113 5523 1182 5576 de
1211 5539 1270 5576 se
1299 5522 1686 5593 perversitatis
1716 5522 1943 5576 insania
1966 5539 2104 5578 con-

405 5609 750 5666 funduntur.
805 5611 977 5666 Stulti
1005 5615 1206 5667 contra
1251 5611 1433 5665 bonos
1477 5609 1729 5665 studium
1759 5626 1987 5682 semper
2013 5628 2102 5666 as-

2208 3143 2395 3197 furem
2445 3158 2567 3196 esse
2627 3142 2841 3196 sciebat
2887 3158 2899 3195 :
2947 3143 3045 3196 sed
3094 3143 3230 3212 quia
3278 3160 3396 3196 non
3448 3152 3533 3197 est
3587 3154 3912 3212 accusatus,

2207 3232 2334 3286 ideo
2396 3247 2512 3284 non
2561 3236 2646 3285 est
2712 3231 2945 3300 ejectus,
2987 3237 3046 3285 et
3097 3232 3376 3303 quidquid
3419 3233 3569 3287 inter
3617 3238 3914 3304 apostolos

2209 3320 2347 3389 egit,
2381 3336 2486 3389 pro
2533 3320 2810 3390 dignitate
2843 3319 3148 3374 ministerii
3182 3326 3370 3374 ratum
3404 3323 3632 3377 mansit.
3686 3326 3833 3379 Nam
3867 3325 3914 3378 si

2209 3408 2364 3477 leges
2431 3408 2608 3461 seculi
2665 3414 3017 3461 accusatores
3083 3410 3405 3480 requirunt,
3458 3417 3673 3482 quanto
3721 3415 3915 3484 magis

2210 3495 2604 3550 ecclesiasticae
2635 3497 2896 3566 regulae?
2942 3498 3158 3550 Docent
3187 3499 3340 3551 enim
3368 3499 3679 3566 terrestria,
3715 3509 3775 3555 et
3807 3504 3913 3556 hu-

2209 3601 2381 3638 mana
2407 3601 2535 3654 quae
2567 3585 2681 3638 sint
2712 3585 3088 3638 ecclesiastica
3117 3591 3289 3657 atque
3312 3589 3583 3642 coelestia.
3702 3575 3706 3578 ﬁ

2210 3691 2340 3744 CAP.
2369 3691 2543 3744 XXXI.
2577 3722 2646 3730 —
2680 3692 2747 3745 Ut
2791 3707 2896 3744 non
2926 3691 3090 3744 iidem
3129 3695 3240 3746 sint
3269 3701 3625 3763 accusatores,
3677 3700 3727 3750 et
3750 3697 3915 3766 judi-

2705 3777 2787 3816 ces
2818 3769 2866 3816 et
2888 3767 3043 3816 testes
3074 3767 3123 3816 et
3149 3768 3411 3820 accusati.

2281 3849 2391 3918 (Ea:
2441 3849 2605 3903 dictis
2645 3850 2903 3904 Damasci
2946 3866 3126 3919 papae,
3160 3855 3334 3920 capite
3371 3852 3476 3922 19.)
3530 3854 3913 3910 Accusatores

2210 3953 2346 3990 vero
2379 3940 2434 3990 et
2461 3937 2678 4006 judices
2711 3953 2828 3990 non
2860 3937 3034 3991 iidem
3075 3938 3191 3992 sint
3223 3956 3235 3993 :
3267 3940 3367 3994 sed
3393 3957 3496 4010 per
3526 3959 3585 3995 se
3617 3949 3914 3997 accusato-
3934 3964 3944 3992 .ι

2211 4042 2319 4093 res,
2353 4042 2457 4096 per
2505 4042 2564 4079 se
2587 4025 2827 4095 judices,
2875 4043 2979 4096 per
3035 4043 3093 4079 se
3139 4031 3331 4094 testes,
3366 4045 3469 4099 per
3528 4046 3588 4084 se
3631 4033 3908 4098 accusati,

2212 4114 2608 4186 unusquisque
2637 4113 2698 4167 in
2724 4131 2826 4168 suo
2859 4115 3256 4168 ordinabiliter
3284 4117 3502 4171 ordine.
3539 4119 3680 4172 Nam
3711 4119 3910 4173 inscri-

2210 4203 2328 4273 ptio
2361 4203 2550 4274 prima
2580 4219 2806 4273 semper
2849 4203 2969 4268 ﬁat,
3006 4209 3068 4256 ut
3093 4205 3367 4258 talionem
3395 4207 3777 4261 calumniator
3820 4225 3909 4262 ac-

2212 4290 2405 4360 cipiat.
2458 4289 2602 4354 Quia
2647 4296 2778 4368 ante
2808 4290 3240 4360 inscriptionem
3272 4309 3441 4346 nemo
3483 4294 3655 4348 debet
3693 4296 3917 4366 judica-

2213 4380 2282 4443 ri,
2314 4378 2401 4431 vel
2435 4379 2716 4445 damnari,
2746 4395 2876 4432 cum
2909 4385 2964 4432 et
2995 4380 3190 4433 saeculi
3219 4381 3371 4450 leges
3405 4383 3526 4436 hinc
3550 4384 3750 4437 eadem
3786 4384 3914 4437 reti-

2212 4470 2404 4520 neant.
2445 4467 2521 4520 De
2572 4467 2782 4537 quibus
2820 4467 3087 4520 omnibus
3115 4484 3248 4521 vera
3288 4485 3516 4540 semper
3553 4470 3654 4524 ﬁat
3679 4471 3916 4542 aequali-

2212 4559 2318 4620 tas,
2371 4560 2657 4626 quatenus
2709 4555 3086 4609 accusationis
3120 4561 3175 4611 et
3205 4557 3432 4627 judicii,
3480 4575 3544 4612 ac
3596 4559 3914 4614 testimonii

2211 4644 2537 4698 mercedem
2571 4659 2674 4713 per
2701 4644 3000 4698 veritatem
3030 4649 3324 4715 gestorum
3366 4647 3638 4718 consequi
3664 4649 3909 4702 valeant.

2214 4750 2339 4804 CAP.
2385 4750 2586 4804 XXXII.
2622 4779 2690 4788 -—-
2725 4751 2789 4804 Ut
2818 4750 2938 4818 ejus
2969 4753 3365 4804 accusationem
3410 4753 3592 4806 nullus
3633 4754 3802 4818 facile
3833 4771 3912 4806 ac:-

2514 4821 2705 4888 cipiat,
2740 4823 2836 4888 qui
2865 4823 3032 4885 facile
3060 4823 3264 4887 litigat,
3294 4827 3344 4875 et
3372 4830 3610 4877 accusat.
3930 4867 3936 4894 λ

2285 4909 2406 4978 (Ea:
2453 4910 2673 4962 concilio
2714 4907 3094 4976 Wormacien.,
3149 4913 3326 4977 capite
3374 4912 3453 4977 2.)
3490 4911 3618 4980 Ejus
3667 4911 3769 4982 qui
3802 4891 3944 4966 fre-ﬂ

2213 5001 2456 5067 quenter
2502 4996 2713 5066 litigat,
2745 5001 2801 5049 et
2845 4995 2916 5049 ad
2955 4999 3336 5049 accusandum
3386 5003 3469 5050 est
3511 4999 3712 5066 facilis,
3754 5016 3911 5054 accu-

2214 5085 2494 5139 sationem
2530 5099 2698 5138 nemo
2731 5085 2944 5154 absque
2973 5085 3176 5154 grandi
3218 5085 3477 5140 examine
3509 5088 3769 5158 accipiat.

2212 5191 2342 5246 CAP.
2380 5191 2603 5246 XXXIII.
2649 5220 2719 5230 —
2750 5193 2817 5244 Ut
2843 5193 3122 5260 episcopus
3162 5198 3498 5248 accusatores
3525 5197 3770 5260 fratrum
3812 5213 3906 5252 em-

2879 5264 3242 5316 communicet.

2285 5349 2406 5419 (Ea:
2435 5349 2659 5402 concilio
2685 5349 2993 5412 Aureliam,
3019 5353 3196 5418 capite
3228 5351 3303 5422 ί.)
3329 5353 3398 5406 Ut
3422 5353 3722 5423 episcopus
3754 5371 3906 5410 accu-

2214 5441 2427 5491 satores
2475 5436 2716 5489 fratrum
2773 5438 3226 5492 excommunicet
3261 5445 3360 5494 :et
3399 5442 3445 5495 si
3476 5445 3905 5498 emendaverint

2213 5523 2456 5588 vitium,
2507 5523 2744 5594 recipiat
2801 5542 2899 5579 eos
2964 5527 3035 5580 ad
3099 5529 3584 5592 communionem,
3653 5547 3772 5586 non
3836 5530 3902 5585 ad

2213 5613 2451 5667 clerum.
