3944 6392
79 378 175 427 917
230 418 235 421 ,

863 376 1336 431 DECRETORUM
1382 365 1564 432 metu
1605 380 1709 433 xx.
1754 410 1821 419 —
1864 383 2067 436 LIBER
2116 384 2423 437 DECIMUS
2462 385 2825 440 SEPTIMUS.

3494 394 3596 444 9l8

72 500 183 553 CAP.
209 498 432 551 XXXIV.
458 500 614 551 —De
632 499 745 552 illis
762 514 856 567 qui
888 501 1119 551 convicti
1126 501 1338 563 fuerint
1349 501 1783 567 fratribus/alsa
1820 510 1863 561 A
1896 503 2022 558 CAP.
2043 506 2267 561 XXXVI.
2298 536 2365 544 —
2396 508 2461 560 Ut
2492 508 2675 560 nullus
2714 508 2992 560 saecularis
3021 509 3187 561 alicui
3223 525 3289 563 ea:
3320 512 3456 565 clero
3487 514 3596 565 vim

638 572 869 622 crimina
912 570 1189 636 objecisse.

133 658 246 725 (Ean
272 658 501 711 concilio
532 657 829 723 Agathen.,
868 660 1044 726 capite
1076 661 1148 717 6.)
1181 659 1307 727 Eos,
1357 659 1457 729 qui
1504 659 1774 714 fratribus

16 796 25 832 ἐ
72 746 178 797 suis
206 745 475 814 capitalia
505 746 750 797 criinina
783 746 1055 815 objecisse
1087 747 1331 800 convicti
1360 748 1596 814 fuerint,
1654 750 1773 818 pla-

71 836 175 888 cuit
207 851 389 904 usque
423 835 491 887 ad
522 836 741 887 exitum
774 851 889 887 non
936 836 1386 903 communicare,
1441 837 1550 891 nisi
1600 837 1776 907 digna

71 924 443 976 satisfactione
477 922 874 993 poenituerint.

69 1012 183 1064 Car.
216 1012 417 1067 XXX‘I.
442 1040 512 1051 —
536 1015 607 1064 De
628 1014 736 1064 illis
760 1012 1004 1077 testibus,
1036 1015 1132 1081 qui
1151 1013 1387 1080 aliquem
1408 1030 1475 1066 ea:
1503 1029 1657 1068 suc-ro
1695 1030 1777 1068 0r-

131 1084 248 1135 dine
303 1098 565 1135 accusare
609 1088 938 1150 pcrtentunt,
980 1089 1031 1136 et
1084 1090 1144 1135 ut
1196 1087 1396 1152 quique
1454 1087 1667 1153 optimi,
1726 1092 1776 1139 et

129 1154 394 1221 ﬁzleliores
428 1155 485 1205 in
508 1157 871 1207 testimonium
894 1160 1262 1207 assumantur.

131 1236 235 1298 (Ex
291 1236 519 1286 concilio
594 1234 897 1295 Matiscen.,
949 1237 1123 1301 capite
1173 1235 1249 1301 ὅ.)
1300 1233 1515 1286 Placuit
1574 1238 1771 1287 sancto

68 1323 379 1387 conventui,
416 1326 478 1373 ut
510 1327 681 1373 testes
714 1322 781 1373 ad
826 1321 1222 1375 testimonium
1274 1322 1580 1375 dicendum
1639 1338 1775 1391 pre-

18 1402 30 1429 ⁴
66 1410 135 1460 tio
161 1426 271 1461 non
321 1410 745 1474 conducuntur,
794 1414 851 1461 et
903 1414 968 1461 ut
1012 1408 1227 1479 quique
1261 1409 1487 1479 optimi,
1524 1414 1579 1461 et
1632 1409 1772 1461 lide-

68 1496 224 1550 liores
276 1497 337 1549 in
387 1496 786 1549 testimonium
845 1502 1231 1567 assumantur,
1286 1503 1349 1549 ut
1430 1498 1477 1549 is
1548 1504 1775 1549 contra-

69 1602 223 1653 quem
285 1584 686 1638 testimoniare
743 1584 973 1650 debent,
1044 1585 1260 1637 nullam
1320 1584 1401 1638 eis
1476 1585 1771 1638 infamiam

68 1675 235 1743 possit
289 1674 528 1729 inferre.
563 1677 621 1726 et
669 1677 731 1726 ut
781 1674 972 1726 nullus
1002 1673 1401 1727 testimonium
1448 1674 1616 1739 dicat,
1666 1673 1774 1728 nisi

62 1762 297 1830 jejunus.

2456 580 2661 641 inferre
2701 584 3018 646 praesumat.

1956 701 2071 764 (Ea:
2109 702 2331 754 concilio
2362 702 2513 770 apud
2562 702 2859 755 Theodonis
2909 703 3097 756 villam
3158 704 3362 771 habito,
3422 710 3599 774 capite

1887 792 1991 856 10.)
2024 790 2363 860 Quicunque
2404 791 2582 859 judex
2616 796 2713 843 aut
2743 791 3031 844 smcularis
3081 794 3428 863 presbytero,
3499 798 3598 847 aut

1883 878 2143 943 diacono,
2170 884 2269 931 aut
2332 879 2568 932 cuilibet
2625 895 2690 931 ex
2753 880 2923 945 clero,
2985 884 3082 932 aut
3137 881 3205 933 de
3269 881 3596 950 junioribus

1883 965 2098 1035 absque
2135 966 2423 1019 audientia
2466 967 2737 1037 episcopi,
2794 968 2879 1020 vel
2911 968 3322 1036 archidiaconi,
3374 970 3461 1023 vel
3502 986 3594 1023 ar-

1882 1054 2315 1124 chipresbyteri,
2367 1055 2637 1125 injuriam
2681 1056 2891 1110 inferre
2951 1059 3399 1128 praesumpserit,
3454 1074 3593 1111 ana-

1884 1143 2078 1195 thema
2107 1142 2404 1195 habeatur.

1884 1285 2014 1338 CAP.
2043 1284 2289 1337 XXXVII.
2311 1313 2375 1324 —
2397 1284 2549 1353 Quod
2580 1283 2772 1339 mariti
2794 1301 2993 1337 uxores
3013 1300 3141 1339 suas
3172 1301 3240 1339 ea:
3283 1290 3592 1355 suspicione

2479 1371 2737 1409 accusare
2758 1358 2988 1423 possint.

1954 1499 2064 1567 (Ex
2090 1499 2312 1550 concilio
2342 1499 2663 1562 Purisiensz',
2696 1500 2873 1566 capite
2894 1500 2961 1563 3.)
2996 1497 3207 1551 Maritis
3238 1514 3373 1551 sane
3412 1498 3588 1554 etiam

1883 1602 1947 1638 ex
2003 1585 2324 1654 suspicione
2381 1602 2583 1638 uxores
2625 1601 2886 1638 accusare
2945 1586 3291 1655 permissum
3344 1592 3444 1652 est,
3534 1592 3587 1642 et

1882 1673 1991 1743 ipsi
2024 1674 2151 1742 plus
2200 1674 2419 1727 caeteris
2450 1674 2518 1727 de
2550 1674 2850 1737 adulterio,
2883 1679 2940 1728 et
2986 1690 3249 1728 accusare
3319 1682 3586 1745 possunt,

1883 1768 1938 1813 et
1967 1760 2294 1814 defendere.

1358 1874 1533 1913 FINIS
1580 1874 1756 1913 LIBRI
1806 1874 2030 1913 DECIMI
2076 1873 2284 1914 SEXTI.

692 2127 985 2200 INDEX
1060 2128 1751 2201 CAPITULORUM
1829 2129 2083 2201 LIBRI
2164 2128 2495 2201 DECIMI
2552 2130 2961 2201 SEPTIMI.

12 2328 13 2343 ξ
65 2270 171 2324 CAP.
206 2273 253 2324 l.
295 2271 371 2323 De
403 2270 672 2329 muliere.
706 2286 835 2340 quae
865 2286 995 2324 cum
1057 2271 1282 2325 duobus
1315 2271 1587 2325 fratribus
1648 2273 1763 2326 for-
1802 2274 1838 2325 Β
1878 2277 1967 2327 22.
2006 2274 2081 2326 De
2113 2273 2315 2327 eadem
2347 2289 2429 2325 re.

122 2359 300 2412 nicala
324 2364 429 2412 est.

68 2449 107 2497 2.
142 2447 211 2498 De
245 2446 447 2499 eadem
483 2461 563 2499 re.

68 2537 108 2585 3.
138 2534 207 2586 De
239 2534 335 2587 illo
372 2534 475 2604 qui
510 2550 640 2587 cum
674 2534 896 2589 duabus
945 2536 1235 2590 sororibus
1283 2534 1597 2590 fornicatus
1654 2539 1756 2601 est,

12 2610 23 2627 ³
126 2640 363 2692 quarum
397 2640 516 2677 una
548 2639 693 2677 uxor
736 2624 939 2677 fuerat.

68 2710 109 2763 ~i.
146 2713 214 2765 De
243 2712 342 2765 illo
375 2711 479 2782 qui
516 2728 575 2765 se
626 2712 929 2782 ignorante
981 2728 1111 2766 cum
1165 2728 1362 2767 sorore
1412 2715 1604 2767 uxoris
1642 2730 1759 2767 sum

130 2800 431 2854 fornicatus
470 2805 576 2853 est.

72 2889 113 2938 ὅ.
138 2889 204 2941 De
234 2889 438 2941 eadem
469 2903 552 2940 re.

70 2978 112 3027 6.
146 2976 213 3029 De
244 2977 446 3030 eadem
478 2992 561 3029 re.

74 3069 110 3116 7.
142 3066 269 3117 Item
293 3066 363 3119 de
415 3065 538 3124 illo,
596 3062 698 3134 qui
752 3079 881 3117 cum
933 3063 1157 3118 duabus
1205 3064 1497 3119 sororibus
1554 3069 1763 3119 neutra

10 3212 23 3231 ὦ
128 3168 289 3206 uxore
329 3152 653 3207 fornicatus
682 3155 785 3206 est.

70 3243 111 3291 8.
144 3242 211 3295 De
236 3243 332 3295 illo
376 3242 618 3312 quicum
651 3240 869 3293 duabus
917 3239 1232 3307 sororibus,
1298 3256 1427 3294 cum
1498 3256 1758 3305 noverca,

128 3331 204 3383 vel
232 3346 362 3383 cum
393 3345 596 3382 sorore
629 3345 749 3395 sua,
773 3328 859 3381 vel
890 3344 1021 3381 cum
1082 3328 1280 3395 amita,
1315 3329 1401 3382 vel
1457 3331 1762 3381 matertera

128 3433 237 3481 sua,
291 3419 378 3470 vel
424 3432 563 3470 cum
622 3417 741 3469 lilia
797 3416 1008 3486 patrui,
1060 3417 1146 3469 vel
1175 3416 1442 3469 avunculi
1490 3416 1599 3482 sui,
1674 3417 1759 3469 vel

131 3521 247 3559 cum
274 3506 392 3559 ﬁlia
416 3506 639 3568 amitae,
673 3505 757 3558 vel
783 3509 1103 3557 matertera:
1135 3521 1274 3569 suae,
1302 3505 1387 3557 vel
1429 3521 1558 3558 cum
1593 3509 1761 3573 nepte

131 3610 240 3659 sua,
274 3596 359 3647 vel
393 3610 528 3647 cum
558 3598 891 3659 commatre,
928 3594 1015 3646 vel
1046 3609 1173 3645 cum
1233 3592 1410 3645 ﬁliola
1458 3609 1633 3663 quam
1696 3594 1765 3647 de

134 3682 279 3735 fonte
314 3681 591 3752 suscepit,
654 3682 739 3735 vel
773 3686 907 3735 ante
970 3681 1300 3751 episcopum
1330 3681 1535 3747 tenuit,
1589 3680 1767 3735 forni-

136 3778 281 3823 catus
312 3777 416 3825 est.

79 3859 119 3909 9.
157 3860 226 3911 De
255 3860 353 3913 illo
422 3858 526 3929 qui
568 3873 701 3911 cum
756 3862 1000 3911 matrem
1042 3856 1245 3911 habuit
1312 3873 1573 3924 uxorem,
1635 3873 1765 3911 cum

140 3947 363 4000 ﬁliastra
385 3947 703 4001 fornicatus
732 3946 925 4000 fuerit.

88 4034 153 4085 l0.
186 4036 255 4088 De
282 4037 483 4089 eadem
522 4051 605 4088 re.

87 4125 155 4175 ll.
186 4126 255 4177 De
280 4123 376 4179 illo
409 4124 511 4194 qui
542 4139 674 4177 cum
707 4138 957 4176 noverca
1003 4122 1309 4176 fornicatus
1343 4125 1444 4175 est.

87 4212 153 4261 l2.
182 4212 247 4264 De
276 4214 373 4266 illo
416 4212 520 4282 qui
550 4227 682 4265 cum
714 4211 953 4265 ﬁliastra
999 4211 1302 4281 ignorante
1356 4214 1536 4264 matre
1584 4210 1767 4263 forni-

144 4304 288 4353 catus
316 4306 420 4354 est.

90 4386 159 4436 l3.
190 4388 258 4440 De
307 4389 404 4442 illo
450 4387 554 4458 qui
604 4391 963 4457 stupraverat
1009 4386 1320 4457 quandam,
1362 4402 1537 4456 quum
1597 4386 1772 4439 frater

148 4473 256 4542 ejus
294 4481 489 4545 postea
524 4476 763 4529 duxerat
801 4492 1060 4530 uxorem.

10 4548 17 4583 ί
92 4560 161 4611 li.
198 4563 265 4616 De
294 4565 496 4617 eadem
528 4579 612 4618 re.

98 4650 165 4701 15.
196 4650 264 4704 De
294 4653 495 4707 eadem
525 4668 604 4706 re.

98 4738 168 4789 16.
202 4740 270 4792 De
335 4742 581 4795 muliere
608 4756 739 4794 cum
798 4756 913 4810 qua
954 4744 1012 4793 et
1044 4744 1223 4811 pater,
1285 4744 1341 4793 et
1389 4739 1543 4793 ﬁlius
1592 4738 1770 4793 forni-

156 4828 255 4878 cati
286 4835 436 4883 sunt.

100 4913 171 4962 l7.
202 4914 271 4966 De
310 4916 406 4969 illo
433 4917 534 4986 qui
564 4931 693 4968 cum
729 4930 905 4969 uxore
962 4915 1154 4969 fratris
1185 4915 1275 4968 sui
1316 4915 1631 4969 fornicatus
1667 4921 1767 4969 est.

102 5000 169 5051 l8.
206 5001 274 5055 De
302 5003 395 5057 illo
423 5005 523 5075 qui
559 5020 826 5074 sponsam
859 5002 964 5057 ﬁlii
994 5004 1081 5057 sui
1108 5004 1476 5074 oppresserit.

103 5088 173 5139 19.
198 5089 268 5142 De
300 5092 393 5145 illo
417 5093 517 5163 qui
550 5108 682 5146 cum
725 5108 918 5155 uxore,
956 5097 1157 5158 matre,
1194 5096 1250 5146 et
1298 5092 1537 5145 ﬁliastra
1605 5090 1781 5145 forni-

161 5181 303 5231 catus
331 5186 414 5234 est

104 5263 178 5314 20.
210 5265 280 5319 De
309 5268 404 5322 illo
432 5269 764 5339 conjugato,
808 5267 908 5337 qui
940 5283 1070 5321 cum
1101 5268 1220 5321 ﬁlia
1265 5270 1589 5320 matertera:
1641 5281 1781 5330 suae,

166 5355 242 5406 vel
270 5356 555 5421 avunculi,
606 5356 695 5409 vel
726 5356 942 5420 amitae,
986 5357 1072 5410 vel
1119 5355 1309 5425 patrui
1351 5354 1438 5408 sui
1474 5353 1785 5407 fornicatus

168 5440 339 5498 fuerit.

110 5526 184 5579 2t.
213 5529 280 5583 De
307 5536 464 5602 patre
513 5537 570 5587 et
598 5532 738 5597 tilio,
799 5530 869 5585 de
898 5532 1199 5590 avunculo.
1235 5534 1289 5585 et
1345 5530 1413 5584 de
1466 5534 1697 5599 nepote,
1738 5526 1785 5580 si

172 5632 287 5672 cum
321 5637 432 5675 una
460 5620 706 5675 muliere
733 5620 998 5674 fornicati
1037 5620 1273 5674 fuerint.

1872 2364 1954 2414 23.
1989 2363 2066 2415 De
2098 2360 2211 2415 illis
2244 2360 2344 2431 qui
2385 2360 2631 2414 infantes
2662 2377 2795 2414 suos
2850 2362 2980 2415 ideo
3013 2378 3042 2414 a
3074 2362 3358 2433 baptismo
3408 2363 3585 2417 susci-

1941 2451 2128 2520 piunt,
2166 2456 2226 2503 ut
2254 2454 2595 2518 separentur
2623 2464 2655 2501 a
2681 2450 3043 2520 conjugibus.

1870 2539 1958 2591 2i.
1994 2539 2069 2591 De
2096 2538 2296 2591 eadem
2325 2555 2399 2592 re.

1872 2630 1957 2679 235.
1994 2627 2071 2679 De
2104 2626 2304 2678 eadem
2338 2642 2419 2679 re.

1873 2718 1957 2768 26.
1984 2715 2065 2767 De
2103 2714 2301 2767 eadem
2330 2729 2409 2767 re.

1871 2806 1959 2856 27.
2002 2804 2080 2856 De
2122 2802 2479 2869 mulieribus,
2530 2818 2658 2873 quae
2711 2801 2907 2871 aliquo
2957 2801 3257 2855 molimine
3314 2802 3467 2856 inter
3522 2819 3581 2858 se

1941 2891 2313 2945 fornicantur.

1869 2980 1956 3032 28.
2005 2980 2079 3031 De
2112 2977 2666 3041 sanctimonialibus,
2701 2976 2746 3029 si
2790 2975 2941 3028 inter
2972 2991 3028 3028 se
3050 2976 3429 3032 fornicantur.

1872 3069 1956 3119 29.
1993 3067 2069 3119 De
2103 3066 2361 3131 muliere,
2396 3066 2441 3119 si
2471 3082 2599 3118 cum
2624 3067 2800 3118 altera
2829 3064 3107 3117 fornicata
3132 3064 3325 3119 fuerit.

1873 3157 1958 3209 30.
1996 3155 2071 3207 De
2105 3154 2215 3207 illis
2246 3154 2345 3223 qui
2376 3152 2844 3206 irrationabiliter
2877 3151 3083 3205 versati
3118 3156 3270 3206 sunt.

1872 3246 1957 3297 3t.
1994 3243 2070 3296 De
2105 3241 2306 3295 eadem
2332 3258 2410 3296 re.

1874 3334 1959 3385 32.
1997 3333 2071 3385 De
2098 3330 2210 3383 illis
2232 3332 2332 3400 qui
2364 3346 2495 3383 cum
2526 3329 2844 3399 pecudibus
2878 3328 3251 3381 fornicantur.

1874 3424 1959 3473 33.
1996 3421 2136 3473 Item
2169 3419 2238 3473 de
2277 3418 2715 3489 quadrupedum
2740 3417 3207 3471 fornicatoribus.

1875 3508 1959 3561 34.
2000 3509 2074 3559 De
2109 3507 2221 3559 illis
2242 3508 2341 3577 qui
2374 3507 2752 3572 fornicantur,
2783 3505 2927 3558 sicut
2955 3505 3283 3559 Sodomitas.

1876 3598 1961 3650 35.
2000 3597 2076 3649 De
2108 3595 2327 3647 clericis
2357 3596 2443 3647 vel
2482 3593 2775 3647 monachis
2830 3594 2877 3646 si
2924 3593 3143 3647 fuerint
3190 3592 3579 3648 masculorum

1948 3684 2332 3735 insectatores.

1879 3773 1963 3825 36.
2007 3772 2079 3824 De
2112 3771 2310 3822 eadem
2345 3785 2424 3822 re.

1879 3864 1964 3913 37.
2003 3861 2078 3913 De
2110 3858 2307 3910 eadem
2340 3874 2423 3910 re.

1880 3958 1964 4008 38.
1998 3956 2139 4007 Item
2174 3953 2243 4007 de
2270 3951 2684 4006 commixtione
2716 3952 3078 4007 animalium.

1880 4054 1965 4105 39.
2012 4051 2087 4103 De
2155 4048 2442 4120 episcopo,
2506 4049 2604 4119 qui
2656 4049 2969 4103 secundum
3022 4053 3287 4104 naturam
3335 4048 3578 4103 fornica-

1952 4144 2042 4192 tus
2068 4138 2260 4192 fuerit.

1878 4238 1967 4290 40.
2003 4237 2075 4288 De
2131 4234 2445 4301 sacerdote,
2503 4233 2601 4304 qni
2652 4251 2753 4305 per
2805 4234 3248 4305 turpiloquium,
3310 4238 3407 4288 aut
3480 4250 3583 4304 per

1950 4329 2317 4395 conspectum
2338 4323 2711 4377 libidinosum
2741 4324 2994 4393 pollutus
3031 4323 3222 4376 fuerit.

1881 4422 1967 4474 41.
2006 4423 2081 4475 De
2113 4421 2309 4474 eadem
2344 4436 2422 4472 re.

1882 4520 1969 4572 42.
2005 4520 2081 4573 De
2106 4517 2219 4570 illis
2280 4515 2381 4586 qui
2410 4532 2513 4586 per
2566 4515 2930 4570 illecebrosos
2985 4516 3277 4584 amplexus
3341 4513 3583 4568 feminas

1955 4608 2240 4677 polluunt.
3544 4608 3553 4611 ’

1881 4706 1970 4759 43.
2024 4704 2101 4757 De
2132 4701 2351 4756 clericis
2408 4701 2509 4772 qui
2569 4716 2671 4770 per
2726 4700 2906 4753 malas
2961 4700 3338 4770 cogitationes
3386 4715 3581 4753 semen

1953 4790 2278 4845 effuderint.

1880 4889 1967 4941 44.
1995 4887 2049 4941 Si
2079 4886 2287 4939 mulier
2317 4884 2521 4938 debeat
2552 4884 2806 4953 separari
2839 4900 2869 4937 a
2927 4882 3044 4937 viro
3077 4899 3199 4952 suo,
3248 4900 3373 4953 quae
3402 4882 3587 4937 ﬁlium

1955 4987 2122 5025 suum
2189 4986 2319 5023 casu
2351 4986 2455 5040 per
2512 4968 2918 5039 negligentiam
2952 4986 2985 5022 a
3039 4968 3191 5023 fonte
3240 4970 3584 5039 ﬁsusceperit.

1884 5069 1970 5123 45.
2002 5069 2078 5121 De
2117 5082 2205 5132 eo,
2267 5065 2369 5136 qui
2408 5064 2723 5135 spiritalem
2786 5065 2957 5119 habet
3005 5069 3378 5133 compatrem,
3428 5064 3592 5132 cujus

1960 5172 2101 5210 uxor
2151 5158 2470 5208 commater
2510 5170 2625 5208 non
2676 5160 2779 5219 est,
2814 5159 2870 5207 et
2920 5169 2988 5207 eo
3033 5151 3323 5219 defuncto,
3372 5150 3418 5203 si
3468 5150 3589 5219 ejus

1961 5245 2194 5298 viduam
2220 5243 2402 5314 possit
2432 5243 2639 5297 ducere
2670 5259 2928 5296 uxorem.

1890 5343 1979 5396 46.
2018 5343 2093 5395 De
2118 5357 2203 5408 eo,
2238 5341 2283 5394 si
2315 5341 2527 5412 aliquis
2574 5358 2693 5395 suae
2743 5339 3015 5411 spiritalis
3052 5335 3379 5391 commatris
3411 5333 3589 5388 ﬁliam

1963 5446 2205 5484 uxorem
2236 5430 2442 5485 ducere
2476 5431 2671 5502 possit.

1893 5530 1982 5582 47.
2017 5528 2095 5581 De
2124 5527 2397 5597 quodam,
2433 5527 2532 5598 qui
2589 5542 2751 5581 suam
2800 5525 3036 5579 ﬁliolam
3087 5521 3403 5595 spiritalem
3460 5537 3596 5575 con-

1968 5615 2266 5684 stupravit.
