3944 6402
342 364 445 415 919

1420 358 1828 416 BURCHARDI
1870 351 2402 418 WORMACIENSIS
2443 359 2775 419 EPISCOPI.

3751 362 3874 415 920

341 486 430 540 48.
466 484 542 538 De
580 482 833 554 quodam
885 480 1080 552 fratre,
1131 481 1230 552 qui
1259 480 1710 554 impugnabatur
1765 500 1798 538 a
1823 484 2026 556 spiritu
2066 488 2111 541 Α
2141 487 2227 541 53.
2262 486 2338 540 De
2369 485 2729 552 mulieribus,
2762 500 2892 556 quas
2944 487 3144 556 partus
3201 499 3338 539 suos
3394 485 3613 540 occulte
3666 484 3875 540 inter—

413 571 827 626 fornicationis.

342 661 432 715 49.
459 661 536 714 De
577 675 787 731 sponsa
831 657 1022 713 fratris
1077 657 1188 726 sui,
1237 659 1285 713 si
1322 659 1503 714 frater
1545 675 1673 715 eam
1725 660 2036 716 violaverit.

345 749 430 803 50.
474 747 660 819 Siqui
715 748 784 802 de
826 763 939 801 uno
987 747 1048 801 in
1101 747 1280 802 alium
1311 749 1682 820 transmigrat
1746 749 2044 820 episcopa-

415 842 561 904 tum,
617 842 672 892 et
717 836 1204 907 consanguineam
1262 854 1425 892 suam
1482 838 1773 910 polluerit,
1806 839 1897 893 vel
1937 839 2040 893 ali-

416 927 570 996 quod
595 926 813 979 crimen
842 925 1082 996 capitale
1111 926 1480 982 commiserit.

346 1014 429 1068 51.
493 1015 570 1068 De
603 1013 958 1082 mulieribus,
1023 1030 1149 1084 quae
1210 1015 1441 1069 absente
1496 1015 1701 1070 marito
1771 1031 2042 1088 concepe-

417 1103 554 1169 rint,
595 1108 652 1157 et
679 1101 881 1158 foetum
910 1103 1261 1157 sustulerint.

347 1194 434 1247 52.
469 1193 549 1246 De
600 1191 712 1245 illis
745 1191 1080 1247 mulieribus
1119 1208 1250 1263 quae
1282 1193 1432 1247 male
1488 1195 1792 1263 conceptos
1843 1208 2047 1247 necare

418 1279 762 1336 studuerint.

2219 572 2438 627 ﬁciunt.

2152 662 2238 716 54.
2274 663 2351 716 De
2373 661 2571 715 eadem
2592 677 2670 716 re.

2151 751 2238 803 55.
2273 751 2352 804 De
2383 750 2583 804 eadem
2615 766 2695 802 re.

2153 839 2239 894 56.
2268 839 2345 892 De
2373 838 2717 892 Sodomitico
2749 841 2997 906 peccato.

2154 930 2242 981 57.
2277 927 2353 980 De
2383 926 2497 980 illis
2527 927 2626 997 qui
2653 932 2990 995 conceptum
3033 925 3347 980 excutiunt.

2155 1017 2241 1070 58.
2277 1016 2355 1068 De
2387 1015 2497 1068 illis
2527 1014 2628 1085 qui
2660 1013 2906 1067 infantes
2936 1029 3069 1066 suos
3112 1013 3522 1085 oppresserint.

2156 1105 2243 1158 59.
2277 1104 2354 1156 De
2386 1107 2544 1173 patre
2575 1108 2629 1156 et
2659 1106 2860 1168 matre,
2894 1101 2994 1173 qui
3021 1101 3169 1156 ﬁlios
3207 1118 3338 1156 suos
3385 1103 3539 1174 apud
3570 1119 3630 1158 se
3690 1104 3884 1173 ζωοτ-

2226 1198 2354 1245 tuos
2385 1189 2727 1245 invenerint.

2157 1282 2242 1335 60.
2281 1282 2357 1333 De
2389 1278 2500 1332 illis
2530 1278 2760 1333 feminis
2781 1294 2910 1349 quae
2940 1277 3204 1332 abortum
3235 1277 3494 1334 fecerint.

1709 1385 1914 1441 Indicis
1957 1386 2318 1455 capitulorum
2350 1387 2490 1453 ﬁnis.

1599 1688 2604 1814 BURCHABDI

1345 1902 1754 1958 ECCLESIE
1809 1897 2440 1956 WORMACIENSIS
2499 1897 2877 1953 EPISCOPI

550 2086 1551 2219 DECRETORUM
1651 2086 2094 2217 LIBER
2202 2083 2836 2216 DECIMUS
2943 2083 3666 2216 SEPTIMUS

1719 2339 1821 2405 DE
1867 2336 2489 2405 FORNICATIONE.

835 2633 1316 2689 ARGUMENTUM
1370 2634 1573 2689 LIBRI.

426 2731 591 2786 Liber
638 2731 733 2785 hic
817 2730 1280 2796 fornicationem,
1367 2734 1423 2785 et
1495 2730 1776 2785 incestum
1843 2729 2052 2801 diversi

354 2821 580 2892 generis
641 2819 1058 2890 complectitur,
1113 2824 1168 2872 et
1220 2835 1349 2889 quae
1401 2819 1700 2886 correctio,
1761 2819 2049 2889 pmniten-

355 2910 547 2980 tiaque
605 2908 694 2976 iis,
752 2909 853 2980 qui
903 2909 991 2964 bis
1054 2908 1207 2963 vitiis
1255 2913 1390 2962 sunt
1428 2908 1692 2978 involuti,
1753 2909 2049 2976 debeatur,

356 2999 536 3052 docet.

357 3103 484 3159 CAP.
509 3105 551 3158 ἰ.
585 3133 651 3143 -
677 3106 749 3158 De
778 3104 1020 3170 muliere,
1066 3118 1185 3173 qua
1223 3118 1344 3158 cum
1370 3103 1576 3159 duobus
1626 3104 1906 3172 fratribus
1933 3106 2052 3171 for-

1046 3177 1232 3228 nicata
1263 3179 1358 3228 est.

427 3262 550 3333 (Em
577 3263 798 3319 concilio
827 3263 1145 3330 Neocwsar.,
1197 3266 1372 3332 capite
1391 3263 1481 3333 2.)
1525 3262 1724 3318 Mulier
1749 3263 1795 3316 si
1830 3263 2052 3318 duobus

355 3351 630 3406 fratribus
690 3351 966 3421 nupserit,
1019 3351 1320 3421 abjiciatur
1386 3368 1567 3423 usque
1615 3353 1684 3406 ad
1757 3359 2048 3407 mortem:

354 3445 751 3494 verumtamen
779 3440 841 3493 in
875 3439 1030 3494 exitu
1061 3446 1296 3510 propter
1327 3441 1798 3508 misericordiam,
1833 3442 1880 3495 si
1919 3459 2050 3512 pro-

356 3529 578 3583 miserit
642 3529 798 3598 quod
850 3528 998 3581 facta
1062 3528 1388 3595 incolumis,
1419 3530 1587 3599 hujus
1635 3531 2052 3601 conjunctionis

355 3617 582 3671 vincula
610 3617 898 3684 dissolvat,
951 3617 1200 3671 fructum
1245 3618 1597 3688 poenitentiae
1651 3625 2050 3690 consequatur,

355 3711 412 3760 et
441 3705 770 3760 communio
802 3705 855 3759 ei
906 3706 1271 3761 concedatur.
1324 3707 1480 3770 Quod
1523 3707 1568 3760 si
1627 3707 1898 3762 defecerit
1943 3709 2051 3774 vir,

355 3799 454 3849 aut
481 3795 692 3850 mulier
719 3795 780 3848 in
807 3793 1018 3848 talibus
1047 3794 1285 3864 nuptiis,
1317 3795 1564 3850 difficilis
1614 3797 1722 3850 erit
1766 3797 2053 3867 poeniten-

355 3883 436 3937 tia
466 3883 526 3937 in
565 3883 680 3936 vita
707 3883 1090 3954 permanenti.

820 3988 947 4042 CAP.
981 3988 1050 4041 Il.
1083 4017 1151 4029 -—
1188 3990 1262 4042 De
1301 3989 1485 4043 eadem
1515 4005 1591 4044 re.

430 4096 550 4166 (Ea:
569 4096 766 4151 decret.
805 4098 1039 4152 Martini
1081 4113 1260 4165 papa,
1291 4101 1468 4166 capite
1497 4099 1575 4166 9.)
1609 4099 1666 4154 Si
1699 4115 1812 4170 qua
1850 4101 2059 4156 mulier

359 4184 504 4238 duos
538 4185 758 4250 fratres,
800 4189 898 4238 aut
943 4185 990 4237 si
1031 4184 1160 4254 quis
1197 4185 1284 4237 vir
1313 4185 1453 4239 duas
1487 4201 1689 4240 uxores
1747 4187 1991 4254 duxerit,
2025 4205 2059 4242 a

359 4272 762 4326 communione
793 4278 1130 4343 separentur
1153 4289 1330 4344 usque
1352 4275 1422 4328 ad
1450 4279 1716 4330 mortem.
1745 4277 1810 4330 In
1851 4281 2056 4346 morte,

361 4377 464 4430 pro
497 4360 886 4414 misericordia
918 4361 1188 4415 viaticum
1221 4362 1521 4432 accipiant.

363 4467 490 4521 CAP.
527 4467 619 4521 ΙΙΙ.
651 4497 720 4507 --
750 4470 823 4522 De
848 4469 942 4522 illo
972 4469 1070 4536 qui
1096 4484 1215 4522 cum
1245 4469 1457 4524 duabus
1495 4471 1774 4525 sororibus
1807 4473 2056 4538 fornica-

683 4544 768 4592 tus
814 4544 910 4605 est,
945 4555 1179 4609 quarum
1212 4555 1320 4592 una
1347 4556 1490 4594 umor
1536 4544 1739 4607 fuerat.

435 4625 543 4694 (Em
571 4627 792 4680 concilio
816 4627 1132 4693 Aurelian.,
1165 4631 1342 4697 capite
1372 4628 1448 4697 6.)
1469 4629 1578 4692 Qui
1603 4628 1902 4684 dormierit
1929 4645 2061 4684 cum

361 4713 583 4767 duabus
625 4715 930 4779 sororibus,
968 4721 1026 4769 ct
1071 4731 1184 4769 una
1238 4732 1302 4769 ex
1350 4716 1466 4770 illis
1504 4721 1674 4772 antea
1725 4734 1865 4772 uxor
1929 4719 2059 4786 fuit,

362 4807 627 4855 neutram
659 4818 725 4855 ex
757 4803 894 4873 ipsis
925 4803 1132 4858 habeat
1165 4820 1178 4857 :
1215 4820 1318 4858 nec
1367 4804 1478 4874 ipsi
1507 4805 1755 4861 adulteri
1802 4823 2061 4879 unquam

361 4889 630 4960 conjugio
659 4891 1017 4960 copulentur.

363 4993 496 5048 CAP.
522 4993 607 5046 lV.
641 5021 710 5033 —-
763 4995 837 5048 De
882 4994 978 5047 illo
1004 4996 1102 5061 qui
1141 5009 1197 5048 se
1225 4997 1510 5061 ignorante
1533 5011 1650 5052 cum
1698 5012 1878 5052 sorore
1924 5014 2061 5054 umo-

861 5066 942 5117 ris
980 5079 1090 5118 suz
1131 5067 1436 5130 fornicatus
1465 5072 1566 5121 est.

434 5167 544 5242 (Ea:
573 5167 796 5224 concilio
831 5169 1071 5238 Tribur.,
1105 5186 1224 5240 cap.
1260 5173 1341 5240 8.)
1398 5173 1462 5226 In
1495 5173 1702 5227 lectum
1737 5173 1930 5227 mariti
1959 5173 2059 5228 ab-
2088 5191 2131 5244 ι)

362 5264 524 5314 sente
569 5273 742 5312 uxore
803 5274 962 5312 soror
997 5258 1101 5313 ivit
1160 5261 1395 5315 uxoris:
1438 5277 1613 5332 quam
1670 5262 1770 5315 ille
1823 5278 2061 5317 uxorem

362 5363 524 5402 suam
562 5351 794 5418 putans,
844 5347 1119 5401 dormivit
1165 5365 1294 5403 cum
1325 5365 1410 5403 ea.
1459 5349 1643 5418 Super
1699 5351 1806 5404 hoc
1877 5351 2062 5405 visum

361 5442 464 5503 est,
516 5435 564 5488 si
610 5435 732 5506 ipse
781 5451 884 5505 per
929 5435 1291 5490 securitatem
1321 5453 1514 5491 veram
1552 5437 1662 5492 hoc
1715 5439 2058 5507 probaverit,

363 5524 517 5594 quod
547 5523 758 5578 inscius
785 5525 987 5579 fecerit
1011 5525 1118 5579 hoc
1143 5526 1344 5589 scelus,
1385 5524 1784 5596 pmniteutiam
1827 5527 2060 5598 quidem

363 5626 494 5682 qua:
513 5609 625 5665 sibi
656 5611 905 5667 indicata
930 5612 1104 5667 fuerit
1140 5619 1292 5683 agat,
1327 5611 1649 5684 legitimum
1694 5629 1861 5669 suum
1925 5630 2062 5670 con-

2083 2635 2122 2688 B
2155 2633 2385 2704 juginm
2429 2633 2638 2688 habere
2693 2634 3108 2703 permittatur:
3157 2633 3318 2688 illam
3371 2633 3546 2707 digna
3621 2635 3887 2691 vindicta

2163 2722 2363 2793 afﬂigi,
2388 2725 2445 2776 et
2475 2721 2536 2776 in
2564 2725 2843 2776 aeternum
2877 2721 3141 2792 conjugio
3169 2722 3403 2792 privari.

2634 2811 2762 2865 CAP.
2788 2810 2850 2863 V.
2883 2840 2952 2849 —
2984 2813 3063 2865 De
3091 2811 3274 2864 eadem
3310 2825 3386 2864 re.

2235 2898 2344 2969 (Ea:
2369 2898 2569 2964 eodem,
2601 2901 2780 2970 capite
2809 2900 2885 2969 9.)
2913 2898 2967 2953 Si
3001 2898 3129 2969 quis
3167 2915 3298 2952 cum
3328 2899 3547 2953 duabus
3579 2901 3887 2955 sororibus

2163 2986 2473 3040 fornicatus
2501 2986 2698 3051 fuerit,
2746 2992 2804 3040 et
2847 3003 3009 3040 soror
3068 3003 3323 3041 sororem
3356 2987 3426 3041 ab
3457 2988 3660 3041 eodem
3705 2995 3888 3043 antea

2167 3079 2486 3143 stupratam
2517 3075 2786 3128 nescierit
2816 3077 2899 3128 vel
2951 3075 2995 3128 si
3045 3076 3166 3145 ipse
3216 3092 3475 3129 sororem
3512 3076 3636 3146 ejus
3695 3095 3882 3147 quam

2166 3168 2333 3216 antea
2383 3164 2663 3234 stupravit
2709 3179 2825 3217 non
2854 3163 3218 3231 intellexerit,
3269 3164 3318 3217 si
3361 3165 3535 3234 digne
3579 3167 3885 3234 paenitue-

2163 3250 2300 3316 rint,
2342 3250 2474 3304 etsi
2506 3267 2564 3304 se
2611 3252 2905 3306 continere
2954 3269 3070 3305 non
3127 3251 3428 3316 valuerint,
3488 3258 3618 3323 post
3682 3270 3880 3308 annos

2164 3344 2382 3410 septem
2409 3340 2676 3411 conjugia
2724 3340 2837 3393 illis
2903 3356 3018 3394 non
3077 3347 3379 3411 negentur.
3407 3341 3465 3395 Si
3516 3347 3708 3396 autem
3749 3359 3878 3397 non

2163 3427 2592 3498 ignoraverunt,
2645 3445 2826 3500 usque
2864 3429 2934 3483 ad
2989 3435 3231 3483 mortem
3261 3433 3311 3482 a'
3353 3430 3618 3501 conjugio
3688 3431 3874 3486 absti-

2163 3521 2358 3571 neant.
3573 3534 3575 3536 ·

2626 3605 2752 3659 CAP.
2777 3605 2862 3659 VI.
2897 3635 2966 3645 -—
3000 3608 3073 3660 De
3103 3605 3286 3660 eadem
3323 3621 3400 3660 re.

2237 3693 2342 3762 (Ea:
2367 3692 2569 3760 eodem,
2620 3696 2796 3762 capite
2834 3693 2936 3764 10.)
2973 3693 3030 3748 Si
3083 3694 3210 3764 quis
3240 3710 3370 3748 cum
3400 3695 3624 3749 duabus
3654 3697 3880 3751 sorori-

2165 3780 2270 3834 bus
2323 3781 2636 3835 fornicatus
2669 3782 2862 3848 fuerit,
2893 3783 2981 3836 vir
3022 3783 3223 3837 diebus
3253 3783 3383 3836 vitae
3413 3799 3529 3837 sum
3574 3785 3876 3855 poeniteat.

2166 3867 2339 3922 Soror
2370 3873 2561 3922 autem
2596 3885 2724 3939 qua:
2755 3870 2824 3923 de
2865 3869 2976 3923 alia
3021 3886 3212 3923 sorore
3261 3870 3518 3938 nescivit,
3575 3872 3877 3927 licentiam

2165 3955 2373 4010 habeat
2399 3956 2671 4010 nubendi.

2167 4062 2294 4118 CAP.
2329 4063 2441 4116 Vll.
2483 4092 2548 4102 —
2605 4064 2741 4116 Item
2773 4063 2839 4117 de
2889 4065 2983 4118 illo
3033 4066 3129 4132 qui
3164 4080 3286 4118 cum
3335 4065 3551 4120 duabus
3595 4069 3882 4122 sororibus

2590 4139 2786 4187 neutra
2812 4150 2980 4188 uxore
3008 4137 3312 4202 fornicatus
3341 4141 3439 4189 est.

2239 4220 2347 4291 (Ea:
2377 4220 2576 4288 eodem,
2608 4224 2784 4291 capite
2826 4222 2937 4291 lt.)
2965 4222 3240 4276 Similiter
3263 4229 3320 4276 et
3348 4223 3418 4276 de
3450 4222 3672 4278 duabus
3705 4241 3879 4278 soro-

2167 4309 2326 4362 ribus
2357 4309 2456 4378 qui
2505 4326 2632 4363 cum
2667 4326 2779 4363 una
2835 4311 2893 4363 in
2951 4310 3233 4364 adulterio
3291 4312 3525 4380 mansit,
3584 4318 3642 4365 et
3696 4313 3878 4366 aliam

2167 4398 2393 4468 publice
2448 4399 2689 4468 accepit,
2748 4415 2863 4451 non
2921 4399 3132 4452 habeat
3185 4399 3487 4453 mulierem
3550 4415 3734 4470 usque
3817 4400 3879 4453 in

2167 4486 2320 4540 diem
2352 4487 2552 4540 mortis
2582 4503 2719 4554 suae,
2765 4492 2822 4540 et
2851 4487 2949 4540 illa
3003 4502 3132 4557 quae
3165 4487 3421 4556 nescivit,
3475 4487 3715 4557 accipiat
3750 4505 3873 4542 ma-

2167 4575 2359 4628 ritum.

2171 4663 2298 4717 CAP.
2325 4663 2459 4716 Vlll.
2498 4693 2566 4702 ——
2592 4665 2664 4717 De
2705 4664 2799 4717 illo
2833 4665 2930 4731 qui
2980 4679 3100 4717 cum
3152 4663 3364 4717 duabus
3405 4664 3700 4728 sororibus,
3755 4680 3880 4719 cum

2239 4749 2485 4797 noverca,
2553 4735 2636 4788 vel
2682 4749 2802 4787 cum
2839 4749 3018 4788 sorore
3062 4749 3183 4798 sua,
3239 4735 3321 4787 vel
3366 4749 3485 4788 cum
3543 4738 3736 4802 amita,
3797 4735 3880 4788 υρι

2241 4810 2530 4858 matertera
2579 4819 2700 4866 sua,
2741 4805 2823 4858 vel
2879 4821 2998 4858 cum
3055 4805 3173 4870 ﬁlia
3227 4807 3438 4872 patrui,
3483 4807 3563 4859 vel
3613 4807 3879 4860 avunculi

2241 4878 2347 4934 sui.
2391 4876 2474 4928 vel
2528 4890 2647 4928 cum
2675 4877 2793 4942 ﬁlia
2823 4878 3027 4942 amitae,
3082 4876 3164 4928 vel
3215 4881 3517 4929 matertera?
3584 4891 3714 4941 suae,
3796 4875 3878 4928 vel

2242 4961 2359 4998 cum
2388 4950 2544 5012 nepte
2581 4961 2700 5011 sua,
2733 4947 2815 4998 vel
2853 4961 2971 4998 cum
3028 4951 3334 5012 commatre,
3384 4948 3468 4999 vel
3522 4962 3640 5000 cum
3702 4948 3878 5014 ﬁliola

2242 5031 2404 5085 quam
2435 5017 2500 5069 de
2544 5018 2694 5081 fonte
2743 5019 3002 5086 suscepit,
3062 5018 3300 5070 velante
3354 5019 3661 5086 episcopum
3704 5018 3878 5079 tenuit

2240 5090 2542 5152 fornicatus
2563 5089 2752 5152 fuerit.

2243 5173 2350 5243 (Ea:
2378 5175 2600 5227 concilio
2646 5176 2914 5242 Mogunt,
2962 5177 3140 5244 capite
3166 5174 3240 5246 3.)
3267 5174 3324 5228 Si
3379 5175 3508 5245 quis
3564 5175 3876 5228 fornicatus

2170 5261 2342 5315 fuerit
2395 5277 2525 5313 cum
2595 5261 2814 5315 duabus
2880 5263 3195 5331 sororibus,
3271 5263 3359 5316 vel
3443 5279 3573 5316 cum
3635 5277 3876 5316 noverca

2171 5366 2295 5414 sua,
2330 5349 2417 5402 vel
2475 5365 2603 5402 cum
2661 5365 2856 5403 sorore
2915 5367 3038 5416 sua,
3073 5352 3160 5405 vel
3222 5367 3352 5405 cum
3397 5352 3573 5405 amita
3620 5368 3743 5416 sua,
3787 5348 3874 5403 vel

2172 5454 2300 5492 cum
2363 5442 2666 5491 matertera
2719 5455 2842 5504 sua,
2901 5439 2989 5492 vel
3052 5455 3183 5493 cum
3233 5440 3350 5493 tilia
3406 5439 3595 5510 patrui
3649 5439 3758 5506 sui,
3819 5440 3873 5489 et

2172 5525 2442 5580 avunculi
2471 5526 2581 5590 sui,
2637 5527 2725 5579 vel
2755 5542 2887 5581 cum
2950 5528 3070 5580 ﬁlia
3101 5528 3290 5582 amitae
3345 5544 3484 5596 sum,
3515 5527 3630 5582 sive
3660 5532 3870 5581 mater-

2172 5620 2313 5670 terae
2343 5630 2476 5680 suae,
2510 5630 2640 5669 cum
2681 5620 2853 5688 nepte
2903 5633 3024 5683 sua,
3057 5617 3141 5671 vel
3197 5633 3328 5672 cum
3386 5622 3700 5672 commatre
3768 5631 3870 5669 sua
