3944 6396
132 389 226 439 921
930 383 1394 439 DECRETORUM
1438 384 1619 438 LIBRI
1658 385 1764 439 XX.
1807 414 1874 422 —
1915 384 2123 439 LIBER
2166 384 2472 439 DECIMUS
2510 384 2877 439 SEPTIMUS.

3544 386 3649 438 9'22

132 510 231 561 aut
260 504 443 560 ﬁliola
472 521 595 572 sua,
625 504 742 559 sive
773 520 947 576 quam
979 504 1049 559 de
1082 506 1237 559 fonte
1272 505 1541 575 suscepit,
1578 506 1665 559 vel
1696 510 1827 559 ante
1861 510 1903 561 A
1946 506 2076 560 Cu».
2108 507 2246 561 XIII.
2270 537 2338 547 —
2387 511 2456 562 De
2503 508 2595 561 illo
2624 508 2721 575 qui
2770 511 3120 576 stupraverat
3158 508 3452 577 quamdam
3483 524 3649 577 quam

134 595 468 665 episcopum
516 594 723 662 tenuit,
786 598 842 647 et
900 593 947 646 si
1003 610 1116 664 qua
1171 594 1380 647 mulier
1426 594 1601 647 simili
1661 595 1833 648 modo

137 684 416 737 fornicata
472 682 671 751 fuerit,
724 681 1006 735 abstineat
1059 698 1118 736 se
1174 683 1247 736 ab
1314 683 1578 753 ingressu
1634 684 1839 737 domus

141 773 239 827 Dei
268 788 507 832 annum.
570 778 625 825 et
669 771 870 825 eodem
900 787 1052 825 anno
1102 771 1213 824 nisi
1266 772 1567 825 dominicis
1601 777 1655 825 et
1684 772 1840 825 festis

142 861 341 915 diebus
401 860 770 914 solummodo
824 876 970 929 pane
1017 864 1071 913 et
1128 876 1277 929 aqua
1333 866 1391 914 et
1419 862 1535 914 sale
1594 866 1836 915 utatur:

144 966 297 1003 arma
323 966 443 1003 non
471 949 641 1016 ferat,
671 948 929 1001 osculum
963 948 1110 1002 nulli
1162 948 1437 1018 praebeat,
1499 948 1842 1002 sacriﬁcium

144 1038 254 1093 nisi
304 1054 411 1108 pro
454 1038 659 1091 viatico
720 1037 959 1092 minime
1000 1044 1209 1091 sumat.
1274 1036 1382 1091 Sex
1428 1037 1637 1091 deinde
1681 1037 1845 1091 annis

146 1127 508 1197 ingrediatur
545 1126 780 1197 quidem
829 1126 1065 1180 domum
1119 1125 1219 1180 Dei
1262 1141 1274 1180 :
1331 1126 1428 1179 sed
1468 1125 1757 1191 carnibus,
1791 1130 1848 1179 et

144 1216 298 1281 vino,
357 1232 421 1269 ac
473 1215 656 1269 siccra
705 1215 944 1269 minime
997 1220 1216 1279 utatur,
1272 1214 1385 1268 nisi
1424 1215 1582 1268 festis
1622 1214 1843 1268 diebus.

148 1306 223 1359 De
255 1305 429 1358 armis
460 1320 595 1358 vero
627 1310 683 1358 et
708 1303 936 1370 osculis,
970 1303 1086 1357 sive
1132 1302 1433 1369 sacriﬁcio,
1483 1304 1631 1357 sicut
1675 1319 1851 1373 supra

148 1394 421 1465 scriptum
472 1396 576 1447 est.
644 1394 848 1447 Postea
927 1408 1062 1446 vero
1134 1392 1357 1446 duobus
1405 1392 1571 1445 annis
1620 1392 1849 1463 quando

147 1498 312 1537 carne
342 1481 610 1547 vescitur,
643 1497 676 1535 a
733 1487 873 1550 potu
921 1480 1080 1534 omni
1120 1497 1235 1552 quo
1268 1480 1542 1534 inebriari
1572 1485 1761 1551 potest
1791 1496 1850 1534 se

146 1571 454 1626 contineat.
492 1572 555 1624 Et
588 1571 634 1624 si
662 1570 871 1624 biberit
900 1574 1124 1641 potum,
1173 1568 1409 1623 minime
1449 1585 1619 1623 carne
1669 1584 1855 1622 vesca-

143 1666 255 1727 tur,
289 1660 506 1730 absque
542 1658 852 1729 prmcipuis
895 1658 1056 1712 festis
1105 1658 1325 1712 diebus.
1380 1659 1455 1712 De
1501 1658 1678 1711 armis
1717 1673 1851 1711 vero

143 1749 230 1804 vel
261 1750 481 1813 osculo,
515 1752 572 1802 et
619 1746 916 1813 sacrificio,
969 1746 1205 1801 modum
1240 1750 1430 1800 teneat
1456 1747 1572 1816 jam
1609 1746 1845 1800 dictum.

146 1838 280 1892 Inde
328 1853 511 1908 usque
556 1836 628 1890 ad
676 1837 897 1890 obitum
949 1852 1143 1904 suum,
1194 1836 1305 1890 nisi
1354 1834 1642 1906 praedictis
1691 1835 1852 1888 festis

147 1925 347 1980 diebus
396 1940 629 1979 acarne
678 1924 1011 1979 abstineat:
1075 1931 1187 1979 tres
1238 1925 1409 1978 ferias
1455 1924 1745 1995 legitimas
1792 1923 1853 1977 in

149 2013 307 2067 omni
351 2014 737 2080 hebdomade,
788 2017 844 2067 et
886 2017 1004 2067 tres
1049 2014 1522 2084 quadragesimas
1582 2013 1641 2066 in
1692 2028 1846 2066 anno

148 2102 402 2173 legitime
453 2103 753 2157 custodiat.
800 2105 879 2157 De
933 2106 1109 2157 armis
1156 2119 1289 2157 vero
1345 2109 1407 2156 ut
1457 2102 1851 2173 supradictum

150 2197 251 2255 est,
289 2196 346 2245 et
372 2207 676 2261 nunquam
706 2190 1015 2261 aliquando
1071 2191 1338 2261 conjugio
1367 2191 1687 2260 copuletur.
1721 2191 1854 2245 Haec

148 2279 346 2333 eadem
422 2278 766 2349 pcenitentia
823 2278 1175 2349 imponenda
1228 2284 1313 2332 est
1392 2278 1702 2350 patricidis,
1760 2279 1847 2332 vel

148 2366 475 2435 fratricidis,
508 2368 595 2420 vel
624 2366 1084 2437 consanguineis,
1138 2382 1243 2420 nec
1274 2383 1391 2420 non
1427 2372 1478 2420 et
1511 2366 1611 2437 qui
1644 2370 1850 2436 sponte

148 2471 247 2526 per
317 2456 586 2510 fraudem
653 2459 710 2508 et
764 2455 1086 2519 avaritiam,
1177 2455 1477 2509 hominem
1552 2454 1853 2507 innoxium

150 2544 442 2610 occidunt,
475 2543 628 2615 quod
659 2543 1022 2598 morchidum
1050 2547 1269 2596 vocant.

152 2669 273 2724 CAP.
309 2670 399 2724 IX.
435 2698 505 2707 —
535 2670 609 2722 De
640 2668 730 2721 illo
762 2669 858 2736 qui
906 2682 1024 2721 cum
1050 2670 1278 2719 matrem
1326 2665 1575 2720 habuerit
1608 2680 1850 2731 umorem,

536 2754 656 2793 cum
684 2740 924 2808 ﬁliastra
950 2740 1257 2804 fornicatus
1282 2739 1473 2804 fuerit.

218 2866 325 2930 (Ea:
403 2861 605 2930 eodem,
664 2864 841 2931 capite
884 2861 969 2931 2.)
1017 2861 1074 2917 Si
1130 2861 1259 2932 quis
1315 2860 1547 2914 viduam
1608 2874 1853 2915 uxorem

154 2951 396 3019 duxerit,
433 2956 491 3005 et
540 2956 737 3022 postea
781 2967 911 3004 cum
965 2950 1204 3004 ﬁliastra
1252 2965 1353 3003 sua
1391 2949 1701 3003 fornicatus
1730 2948 1852 3002 fue-

155 3041 242 3106 rit,
284 3057 381 3093 seu
440 3055 571 3092 cum
622 3039 843 3092 duabus
897 3039 1184 3092 sororibus
1236 3037 1625 3098 concubuerit,
1669 3043 1769 3091 aut
1807 3037 1853 3090 si
1890 3076 1931 3131 C

157 3146 264 3198 qua
314 3129 547 3183 duobus
598 3126 872 3181 fratribus
922 3126 1202 3197 nupserit,
1260 3143 1355 3179 seu
1403 3142 1535 3180 cum
1583 3131 1747 3195 patre
1804 3130 1859 3179 et

159 3217 271 3272 ﬁlio
312 3217 598 3271 fornicata
647 3216 840 3281 fuerit,
892 3216 1032 3269 tales
1085 3215 1477 3285 copulationes
1524 3215 1857 3269 anathema-

159 3306 315 3360 tizari
344 3311 403 3360 et
433 3305 694 3375 disjungi
739 3303 1129 3375 praecipimus,
1183 3319 1287 3357 nec
1316 3319 1570 3374 unquam
1613 3304 1860 3372 amplius

161 3394 427 3466 conjugio
461 3393 742 3464 copulari,
787 3393 883 3447 sed
932 3393 1036 3447 sub
1078 3408 1285 3463 magna
1326 3392 1680 3445 districtione
1714 3391 1858 3445 ﬁeri.

640 3500 771 3554 CAP.
805 3500 864 3554 X.
897 3527 965 3539 —-
1000 3502 1073 3553 De
1101 3500 1284 3553 eadem
1319 3514 1397 3552 re.

230 3609 348 3673 (Ea:
396 3607 625 3661 concilio
664 3605 815 3675 apud
866 3607 1214 3669 Vermeriam,
1264 3608 1441 3673 capite
1486 3606 1596 3674 l0.)
1636 3604 1691 3659 Si
1735 3603 1864 3674 quis

166 3710 288 3749 cum
317 3696 563 3750 ﬁliastra
593 3710 695 3748 sua
729 3693 1044 3748 fornicatus
1092 3693 1284 3760 fuerit,
1336 3710 1439 3746 nec
1468 3698 1708 3746 matrem
1762 3709 1866 3747 nec

168 3784 335 3839 ﬁliam
364 3789 558 3855 potest
585 3784 796 3838 habere
829 3800 842 3837 :
904 3798 1008 3837 nec
1037 3782 1154 3847 illa,
1193 3798 1294 3835 nec
1334 3782 1427 3835 ille
1461 3782 1588 3835 aliis
1618 3798 1675 3835 se
1705 3787 1864 3852 pote-

171 3878 298 3927 runt
344 3873 702 3943 conjungere
773 3872 890 3925 ullo
944 3864 1198 3941 unquam
1262 3875 1543 3940 tempore.
1600 3873 1865 3924 Attamen

172 3977 304 4015 uxor
346 3962 497 4031 ejus,
550 3961 598 4013 si
642 3960 721 4013 ita
768 3958 1035 4023 voluerit,
1091 3962 1146 4012 et
1194 3957 1241 4011 si
1287 3974 1346 4011 se
1394 3956 1691 4011 continere
1748 3972 1866 4010 non

172 4055 369 4116 potest,
407 4050 455 4103 si
510 4054 886 4119 posteaquam
927 4046 1196 4117 cognovit
1237 4046 1394 4117 quod
1442 4062 1572 4099 cum
1618 4045 1737 4099 ﬁlia
1767 4062 1869 4099 sua

173 4138 251 4189 vir
278 4140 400 4207 ejus
433 4138 546 4191 fuit
572 4139 632 4191 in
688 4136 996 4203 adulterio,
1041 4136 1266 4190 carnale
1297 4134 1707 4188 commercium
1738 4150 1868 4188 cum

173 4240 234 4278 eo
259 4244 372 4280 non
403 4227 631 4291 habuit,
665 4226 712 4279 si
747 4227 867 4279 vult
893 4225 991 4279 alii
1020 4224 1237 4279 nubere
1272 4228 1478 4293 potest.

242 4351 360 4405 CAP.
392 4353 479 4405 XI.
514 4379 583 4391 —-
614 4350 697 4404 De
718 4350 810 4404 illo
841 4352 939 4418 qui
965 4364 1086 4402 cum
1122 4363 1347 4402 noverca
1371 4349 1678 4413 fornicatus
1703 4350 1798 4400 est.

243 4459 349 4524 (Ea:
388 4456 594 4522 eodem,
628 4458 805 4524 capite
844 4457 959 4525 2t.)
1009 4454 1065 4509 Si
1114 4454 1244 4525 quis
1293 4469 1423 4506 cum
1482 4468 1722 4506 noverca
1772 4468 1874 4505 sua

180 4543 490 4612 dormierit,
528 4550 731 4598 neuter
762 4549 1005 4615 possunt
1057 4543 1125 4597 ad
1157 4542 1493 4613 conjugium
1521 4540 1819 4611 pervenire
1856 4557 1869 4594 :

182 4633 269 4687 sed
313 4635 398 4687 vir
447 4635 572 4705 ejus
631 4638 818 4703 potest
872 4632 918 4686 si
970 4631 1095 4686 vult
1150 4631 1322 4685 aliam
1381 4630 1656 4699 accipere,
1712 4628 1758 4682 si
1817 4645 1875 4683 se

182 4723 465 4776 continere
526 4738 643 4776 non
698 4726 906 4791 potest,
960 4720 1228 4774 similiter
1297 4719 1397 4790 qui
1445 4734 1575 4772 cum
1635 4718 1868 4771 ﬁliastra

182 4826 292 4879 sua,
324 4812 410 4865 vel
444 4827 577 4865 cum
617 4826 815 4864 sorore
851 4810 1045 4863 uxoris
1094 4825 1211 4863 suae
1252 4808 1556 4863 dormierit
1586 4812 1732 4860 stare
1763 4823 1872 4877 po-

182 4902 300 4953 tcst.

184 5020 298 5074 CAP.
330 5024 439 5078 XII.
473 5052 550 5065 —
579 5023 662 5077 De
680 5023 771 5077 illo
802 5024 899 5093 qui
921 5037 1038 5075 cum
1069 5022 1325 5088 ﬁliastra,
1365 5020 1652 5087 ignorante
1680 5023 1873 5083 matre,

817 5094 1117 5160 fornicatus
1148 5097 1247 5146 est.

248 5197 349 5266 (Ea:
385 5201 589 5266 eodem,
648 5201 827 5269 capite
875 5198 957 5266 4.)
1019 5199 1076 5253 Si
1125 5197 1255 5269 quis
1285 5212 1415 5251 cum
1446 5200 1627 5249 matre
1657 5198 1712 5247 et
1760 5194 1881 5248 ﬁlia

185 5282 478 5343 fornicatus
505 5294 608 5355 est,
642 5288 948 5358 ignorante
1002 5290 1184 5340 matre
1237 5286 1305 5339 de
1361 5284 1498 5349 filia,
1550 5286 1607 5336 et
1646 5282 1761 5336 ﬁlia
1807 5282 1878 5336 de

188 5378 375 5443 matre,
407 5376 505 5430 ille
556 5391 858 5445 nunquam
908 5375 1153 5444 accipiat
1196 5389 1429 5427 uxorem
1465 5388 1478 5425 :
1510 5370 1624 5426 illa:
1666 5386 1799 5424 vero
1833 5369 1880 5423 si

191 5462 458 5517 voluerint
505 5464 795 5534 accipiant
848 5462 1101 5517 maritos.
1161 5462 1220 5517 Si
1277 5466 1469 5515 autem
1512 5461 1617 5512 hoc
1647 5457 1881 5511 scierint

191 5546 315 5617 ipsas
359 5552 636 5621 famine,
692 5552 907 5623 absque
978 5550 1201 5606 maritis
1259 5550 1321 5604 in
1370 5552 1715 5621 perpetuum
1765 5562 1882 5599 ma-

194 5646 368 5696 neant.

2265 580 2444 644 frater
2474 579 2591 646 ejus
2607 583 2798 647 postea
2821 578 3054 633 duxerat
3084 595 3323 632 umorem.

2020 683 2131 753 (Ea:
2177 684 2377 752 eodem,
2435 686 2611 753 capite
2659 684 2734 755 5.)
2789 684 2849 738 Si
2906 684 3079 738 homo
3136 684 3450 738 fornicatus
3480 684 3652 739 fuerit

1949 787 2078 824 cum
2113 772 2371 835 muliere,
2404 778 2458 824 et
2490 772 2663 824 frater
2717 771 2839 841 ejus
2883 772 3140 825 nesciens
3177 773 3437 827 eamdem
3471 774 3649 826 duxe-

1953 860 2021 912 rit
2053 875 2288 912 uxorem
2336 874 2347 911 :
2394 858 2566 910 frater
2597 875 2663 911 eo
2716 862 2869 930 quod
2901 860 3061 913 fratri
3091 860 3310 912 crimen
3363 861 3649 928 celaverit,

1952 948 2245 1017 pmniteat,
2284 952 2341 1001 et
2370 952 2499 1017 post
2528 948 2927 1018 paenitentiam
2972 949 3169 1003 nubat.
3225 949 3425 1003 Mulier
3461 955 3653 1003 autem

1954 1053 2135 1107 usque
2192 1036 2262 1091 ad
2314 1043 2559 1090 mortem
2628 1038 2924 1107 poeniteat,
2985 1041 3041 1091 et
3084 1037 3205 1091 sine
3250 1055 3350 1108 spe
3399 1036 3655 1108 conjugii

1957 1131 2205 1181 maneat.

2392 1252 2519 1305 CAP.
2555 1251 2682 1305 XIV.
2713 1281 2779 1288 —
2811 1254 2885 1305 De
2922 1250 3107 1304 eadem
3135 1268 3211 1305 re.

2030 1357 2148 1428 (Ea:
2180 1357 2380 1423 eodem,
2412 1359 2588 1426 capite
2617 1356 2697 1424 6.)
2730 1356 2786 1411 Si
2820 1356 2994 1410 frater
3021 1373 3151 1410 cum
3200 1356 3443 1411 muliere
3474 1356 3654 1412 forni-

1959 1452 2115 1502 catus
2160 1446 2352 1512 fuerit,
2400 1451 2457 1499 et
2508 1447 2682 1500 frater
2730 1445 2990 1499 nesciens
3027 1462 3157 1499 cum
3202 1446 3404 1500 eadem
3449 1462 3655 1500 concu-

1959 1537 2168 1601 buerit,
2199 1536 2405 1589 mulier
2460 1535 2663 1589 diebus
2700 1534 2828 1588 vitae
2875 1552 2991 1588 suae
3042 1535 3333 1605 paeniteat,
3377 1541 3511 1606 post
3550 1551 3661 1605 p03.

1960 1625 2265 1681 nitentiam
2297 1630 2507 1691 autem,
2544 1623 2719 1679 frater
2767 1624 3000 1694 ignarus
3046 1624 3275 1678 sceleris
3319 1624 3657 1695 conjugium

1960 1715 2200 1786 accipiat
2231 1714 2279 1768 si
2312 1715 2448 1767 vult.

2390 1820 2518 1875 CAP.
2549 1820 2655 1874 XV.
2692 1849 2757 1860 —
2791 1821 2869 1873 De
2908 1820 3091 1873 eadem
3116 1836 3192 1873 re.

2034 1928 2152 1998 (Ea:
2183 1928 2403 1981 concilio
2432 1928 2766 1992 Maliscensi,
2815 1928 2987 1995 capite
3036 1926 3107 1997 5.)
3152 1927 3293 1981 Item
3342 1925 3661 1981 indicatum

1962 2021 2046 2071 est
2097 2016 2406 2086 quemdam
2463 2020 2751 2084 stuprasse
2816 2014 3124 2085 quamdam
3171 2013 3447 2067 feminam
3488 2030 3659 2085 quam

1962 2111 2162 2176 postea
2191 2104 2367 2158 frater
2408 2103 2531 2172 ejus
2580 2102 2798 2173 accepit
2849 2119 3105 2156 uxorem.
3147 2104 3482 2157 Statuerunt
3529 2118 3657 2155 eum

1964 2195 2063 2266 qui
2095 2193 2399 2264 stupravit,
2433 2198 2488 2247 et
2518 2209 2551 2245 a
2581 2208 2638 2245 se
2670 2194 2988 2261 stupratam
3021 2191 3181 2245 fratri
3230 2192 3431 2245 celavit
3483 2206 3497 2243 :
3527 2191 3663 2262 quia

1964 2283 2278 2354 geminavit
2356 2286 2674 2352 peccatum,
2735 2279 3075 2352 poenitentia
3159 2278 3493 2333 districtiori
3572 2294 3662 2331 ca-

1964 2374 2313 2445 stigandum.
2376 2371 2723 2442 Conjugium
2792 2370 2905 2423 tale
2964 2368 3195 2421 dissolvi
3265 2372 3553 2438 Oportere,
3609 2370 3666 2419 et

1965 2461 2194 2515 mulieri
2224 2460 2458 2531 quidem
2493 2474 2789 2529 nunquam
2818 2457 2942 2511 dari
2989 2460 3332 2527 potestatem
3385 2454 3661 2509 nubendi.

1964 2549 2080 2603 Illis
2132 2554 2325 2601 autem
2375 2563 2480 2616 pro
2522 2545 2913 2599 misericordia
2954 2543 3293 2615 conjugium
3340 2541 3663 2611 indulgere,

1963 2638 2061 2692 sed
2090 2653 2221 2691 cum
2255 2635 2610 2707 poenitentia.

1964 2746 2092 2801 CAP.
2125 2746 2260 2801 XVI.
2292 2772 2365 2784 —
2410 2743 2489 2796 De
2512 2742 2735 2796 muliere
2782 2756 2901 2794 cum
2946 2754 3076 2807 qua,
3112 2742 3161 2792 et
3206 2742 3386 2807 pater,
3436 2741 3486 2790 et
3515 2734 3667 2805 ﬁlius

2596 2814 2866 2879 fornicati
2885 2815 3028 2865 sunt.

2036 2923 2153 2994 (Ea:
2184 2922 2402 2977 concilio
2437 2919 2679 2985 Tribur.,
2724 2920 2901 2986 capite
2953 2916 3022 2986 6.)
3056 2915 3300 2979 Quidam
3354 2912 3667 2967 fornicatus

1967 3018 2047 3067 est
2106 3027 2237 3065 cum
2286 3010 2532 3081 quadam
2594 3006 2855 3072 muliere,
2928 3010 3125 3075 postea
3183 3004 3336 3056 ﬁlius
3402 3000 3665 3053 nesciens

1970 3101 2147 3174 patris
2196 3101 2409 3153 factum
2457 3096 2738 3167 stupravit
2781 3095 3063 3148 eamdem.
3117 3091 3277 3155 Quod
3324 3106 3453 3143 cum
3506 3093 3668 3157 pater

1972 3192 2318 3254 rescisceret,
2351 3188 2418 3241 dc
2470 3203 2527 3239 se
2554 3185 2792 3255 ﬁlioque
2831 3183 3121 3237 confessus
3178 3184 3279 3233 est.
3333 3180 3666 3233 Statuerunt

1973 3281 2177 3336 melius
2210 3294 2353 3342 esse,
2385 3281 2448 3330 ut
2480 3276 2671 3330 taliter
2718 3274 2890 3343 lapsis
2920 3287 3051 3325 cum
3102 3271 3277 3340 digna
3333 3266 3671 3338 poenitentia

1973 3369 2229 3440 legitima
2261 3366 2670 3436 permittantur
2700 3362 2991 3432 conjugia,
3024 3376 3197 3431 quam
3227 3358 3369 3411 forte
3418 3354 3670 3409 deterius

1974 3459 2332 3528 delinquant.
2364 3452 2693 3509 Fornicaria
2752 3456 2944 3505 autem
2975 3449 3098 3503 sine
3146 3463 3243 3518 spe
3274 3444 3528 3515 conjugii
3555 3459 3671 3497 ma-

1972 3552 2124 3602 neat.

1976 3656 2102 3711 CAP.
2131 3652 2294 3707 XVII.
2322 3679 2390 3691 —
2421 3653 2496 3704 De
2538 3648 2631 3702 illo
2662 3647 2757 3715 qui
2785 3660 2903 3699 cum
2942 3658 3109 3698 uxore
3135 3642 3333 3709 fratris
3355 3640 3444 3694 sui
3486 3641 3671 3704 forni-

2682 3722 2834 3771 catus
2863 3721 2959 3769 est.

2049 3832 2153 3899 (Ea:
2200 3828 2401 3893 eodem,
2460 3826 2636 3894 capite
2682 3822 2789 3893 12.)
2841 3821 2899 3876 Si
2930 3819 3060 3891 quis
3111 3835 3239 3873 cum
3272 3833 3450 3871 uxore
3481 3815 3672 3870 fratris

1978 3919 2065 3973 sui
2098 3916 2414 3982 dormierit,
2463 3915 2686 3968 adulter
2747 3916 2803 3965 et
2854 3910 3075 3964 moecha
3122 3908 3321 3963 diebus
3368 3906 3498 3959 vitae
3558 3920 3676 3957 suae

1980 4008 2193 4077 absque
2221 4001 2488 4072 conjugio
2536 4002 2784 4053 maneat.
2821 3998 2919 4052 Ille
2955 4013 3088 4051 vero
3134 3996 3298 4066 cujus
3347 4008 3494 4048 uxor
3547 3992 3674 4057 fuit,

1981 4096 2027 4149 si
2058 4096 2198 4159 vult,
2232 4092 2401 4145 aliam
2443 4090 2746 4159 conjugem
2778 4086 3034 4157 accipiat.

1983 4184 2108 4239 CAP.
2144 4181 2328 4236 XVIII.
2357 4208 2417 4218 —
2458 4182 2532 4234 De
2563 4180 2656 4232 illo
2680 4179 2776 4245 qui
2800 4190 3053 4244 sponsam
3072 4174 3180 4242 ﬁlii
3208 4174 3296 4227 sui
3325 4170 3675 4241 oppresserit.

2056 4274 2176 4343 (Ea:
2197 4272 2396 4336 eodem,
2445 4272 2623 4337 capite
2685 4269 2797 4337 13.)
2841 4265 2897 4320 Si
2939 4265 3067 4335 quis
3119 4278 3384 4333 sponsam
3433 4260 3537 4313 ﬁlii
3592 4257 3681 4311 sui

1984 4359 2351 4432 oppresserit,
2382 4362 2437 4411 et
2460 4362 2655 4426 postea
2688 4354 2839 4407 ﬁlius
2886 4353 3009 4423 ejus
3038 4367 3163 4405 eam
3216 4348 3441 4403 duxerit
3473 4363 3486 4401 :
3518 4351 3683 4415 pater

1984 4449 2353 4521 postmodum
2404 4462 2518 4499 non
2576 4444 2781 4497 habeat
2835 4456 3092 4506 uxorem,
3142 4455 3243 4491 nec
3293 4437 3417 4506 ipsa
3474 4434 3683 4488 mulier

1984 4538 2200 4603 virum;
2261 4535 2436 4600 ﬁlius,
2498 4532 2598 4602 qui
2648 4530 2864 4584 facinus
2914 4526 3090 4597 patris
3147 4523 3453 4595 ignoravit,
3507 4522 3681 4576 aliam

1985 4625 2245 4696 accipiat.

1986 4750 2114 4803 CAP.
2149 4749 2274 4803 XIX.
2307 4774 2376 4788 —
2406 4748 2477 4799 De
2504 4743 2601 4799 illo
2632 4742 2727 4809 qui
2766 4755 2883 4793 cum
2924 4754 3115 4799 uxore,
3148 4742 3342 4797 matre,
3374 4741 3423 4790 et
3447 4737 3682 4805 ﬁliastra

2623 4814 2930 4880 fornicatus
2953 4816 3048 4863 est.

2060 4926 2170 4996 (Ea:
2221 4923 2441 4978 concilio
2498 4923 2763 4987 Mogunt.,
2824 4920 2999 4987 capite
3056 4916 3134 4983 6.)
3177 4915 3235 4970 Si
3280 4914 3407 4985 quis
3453 4912 3686 4966 viduam

1988 5029 2225 5067 uxorem
2256 5009 2503 5074 duxerit,
2551 5014 2606 5062 et
2637 5012 2835 5079 postea
2884 5023 3016 5059 cum
3063 5005 3302 5059 ﬁliastra
3360 5001 3531 5056 fuerit
3572 5001 3687 5054 for-

1987 5103 2229 5167 nicatus,
2280 5115 2381 5153 seu
2429 5114 2556 5152 cum
2625 5096 2847 5151 duabus
2913 5095 3206 5149 sororibus
3269 5096 3414 5148 :aut
3470 5089 3517 5142 si
3574 5104 3688 5159 qua

1986 5208 2116 5245 cum
2176 5188 2401 5243 duobus
2431 5186 2721 5251 fratribus,
2783 5201 2883 5238 seu
2935 5200 3063 5237 cum
3122 5186 3282 5253 patre
3336 5185 3391 5233 et
3439 5178 3558 5231 filio
3594 5193 3606 5230 :
3640 5178 3687 5230 si

1989 5281 2117 5351 quis
2146 5279 2399 5332 relictam
2435 5278 2644 5340 fratris,
2674 5275 2720 5328 si
2771 5275 2900 5344 quis
2942 5278 3193 5342 neptem,
3230 5274 3327 5321 aut
3360 5280 3686 5331 novercam,

1988 5374 2087 5423 aut
2113 5385 2344 5433 nurum,
2390 5373 2487 5420 aut
2536 5364 2961 5421 consobrinam,
3031 5365 3130 5411 aut
3180 5357 3354 5410 ﬁliam
3396 5354 3686 5417 avunculi,

1988 5464 2088 5512 aut
2118 5458 2241 5527 ejus
2270 5458 2547 5520 relictam,
2577 5459 2676 5507 aut
2725 5450 3049 5522 privignam
3101 5444 3392 5514 polluerit,
3437 5460 3531 5497 eos
3563 5442 3683 5496 dis-

1982 5546 2174 5617 jungi,
2220 5549 2275 5599 et
2306 5544 2543 5597 ulterius
2590 5554 2887 5610 nunquam
2918 5534 3189 5605 conjugio
3220 5532 3499 5603 cepulari,
3534 5548 3685 5602 pras-

1988 5650 2255 5706 cipimus.
