4592 6568
848 497 950 549 9'23

1926 497 2327 554 BURCIIARDI
2369 497 2896 557 WORMACIENSIS
2933 501 3265 558 EPISCOPI.

4294 508 4378 561 24

845 622 973 677 Car.
1007 624 1109 677 XX.
1141 651 1211 699 -_-
1240 625 1311 677 De
1340 623 1447 699 illo.
1482 622 1773 699 conjugato
1804 627 1899 691 qut
1917 639 2052 699 cum
2090 625 2205 699 ﬁlia
2247 628 2547 699 matertera;
2584 627 2629 680 Α
2657 629 2755 679 aut
2800 630 3033 697 propter
3086 624 3366 691 fraudem,
3417 625 3673 697 quandiu
3729 626 3881 682 vivat
3940 627 4371 699 pmnitentiam

916 708 1045 758 sua,
1078 695 1160 747 vel
1188 693 1467 759 avunculi,
1500 696 1583 747 vel
1612 700 1811 760 amitae,
1846 695 1928 747 vel
1952 697 2144 763 patrui
2170 697 2256 747 sui
2300 696 2537 761 fornica-

915 770 1001 817 tus
1026 770 1124 817 est.

918 852 1024 921 (Ea:
1044 853 1264 904 concilio
1297 851 1496 904 Tribur
1524 889 1540 915 ,
1573 854 1750 919 capite
1800 851 1878 921 1.)
1927 851 2347 921 lnterrogatum
2378 857 2462 905 est
2489 852 2535 905 si

847 938 975 1009 quis
1000 954 1129 992 cum
1162 939 1281 992 ﬁlia
1310 943 1631 992 materteraa
1681 955 1817 1006 suae,
1852 941 1936 992 vel
1980 939 2192 1004 amitae,
2226 941 2313 993 vel
2361 957 2537 993 avun-

842 1026 978 1095 culi,
1036 1027 1120 1079 vel
1172 1025 1363 1095 patrui
1411 1026 1806 1093 concubuerit,
1850 1028 1897 1081 si
1948 1028 2290 1097 conjugatus
2342 1028 2534 1096 fuerit,

841 1114 1009 1168 liceat
1038 1131 1108 1168 ne
1142 1114 1225 1168 illi
1255 1114 1489 1168 ulterius
1522 1115 1601 1168 uti
1630 1115 1919 1185 conjugio,
1951 1122 2048 1169 aut
2081 1132 2198 1169 non
2230 1117 2535 1185 conjugato

843 1218 1079 1257 uxorem
1110 1203 1399 1273 accipere?
1446 1204 1669 1257 Iustum
1712 1209 1879 1269 esset,
1931 1204 2078 1257 sicut
2112 1204 2302 1274 aliqua
2326 1210 2534 1258 statuta

845 1292 1100 1361 priorum
1135 1292 1433 1358 habentur,
1468 1297 1529 1344 ut
1560 1292 1616 1343 in
1654 1298 1998 1361 perpetuum
2030 1308 2059 1343 a
2092 1293 2361 1361 conjugio
2394 1293 2533 1345 tales

845 1379 1185 1433 abstineant.
1223 1381 1413 1432 Visum
1472 1384 1554 1433 est
1601 1380 1869 1433 humanae
1922 1380 2245 1449 fragilitatis
2293 1381 2530 1447 intuitu,

847 1473 910 1521 ut
940 1473 1067 1537 post
1096 1469 1488 1537 paenitentiam
1526 1484 1640 1521 non
1688 1470 1921 1539 quidem
1955 1469 2183 1538 penitus
2239 1468 2533 1538 priventur

844 1556 1132 1625 conjugio,
1162 1557 1467 1610 durissima
1516 1564 1709 1610 tamen
1768 1564 1882 1611 tam
1919 1557 2188 1609 immanis
2232 1556 2530 1611 fornicatio

841 1646 1176 1713 vindicetur,
1253 1646 1399 1699 sicut
1476 1650 1701 1698 sanctus
1757 1661 1903 1715 papa
1980 1645 2263 1709 Nicolaus,
2322 1650 2378 1697 et
2434 1645 2530 1698 alii

841 1734 1084 1787 Romani
1129 1734 1425 1804 pontiﬁces
1492 1740 1832 1801 statuerunt,
1898 1749 1967 1787 ne
2027 1733 2172 1787 forte
2219 1733 2527 1804 desperati,

842 1823 1214 1892 multiplicius
1246 1829 1498 1895 peccent.

843 1928 968 1983 CAP.
1006 1930 1138 1984 XXI.
1171 1958 1233 1969 -
1289 1931 1365 1983 De
1400 1934 1577 1998 patre,
1623 1935 1673 1983 et
1715 1932 1847 1997 ﬁlio,
1899 1930 1964 1983 de
2010 1930 2292 1992 avunculo,
2356 1933 2405 1982 et
2466 1928 2530 1981 de
2560 1903 2600 1957 Β

1017 2005 1220 2068 nepote,
1242 2003 1293 2055 si
1322 2016 1439 2055 cum
1470 2017 1578 2054 una
1598 2004 1817 2055 muliere
1837 2004 2097 2066 fornicati
2124 2003 2353 2066 fuerint.

912 2086 1019 2157 "(Em
1044 2090 1263 2142 concilio
1285 2091 1552 2156 Mogunt.,
1574 2092 1751 2158 capite
1796 2090 1874 2157 5.)
1920 2090 2337 2158 lnterrogatum
2374 2092 2459 2141 est
2488 2087 2534 2141 si

840 2180 1004 2245 pater
1023 2182 1079 2231 et
1110 2178 1284 2242 ﬁlius,
1321 2179 1406 2230 vel
1438 2178 1487 2231 si
1519 2178 1633 2231 duo
1680 2179 1902 2244 fratres,
1964 2178 2050 2230 vel
2104 2179 2150 2230 si
2202 2178 2533 2241 avunculus,

843 2268 900 2318 et
926 2280 1104 2334 nepos
1137 2281 1270 2319 cum
1300 2282 1412 2318 una
1456 2265 1698 2319 muliere
1752 2265 2017 2319 fornicati
2049 2270 2199 2330 sunt,
2230 2265 2368 2335 quid
2404 2264 2535 2318 inde

840 2352 1169 2407 faciendum
1219 2354 1309 2408 sit.
1366 2354 1725 2407 Manifestum
1780 2358 1861 2407 est
1902 2354 2056 2423 quod
2104 2352 2262 2422 gravi
2293 2350 2537 2403 vindicta

841 2442 1207 2511 plectendum
1252 2448 1350 2502 est,
1384 2443 1536 2512 quod
1585 2458 1753 2511 grave
1796 2442 2016 2495 facinus
2060 2458 2181 2494 esse
2229 2438 2533 2508 reperitur.

845 2530 1044 2585 Omnis
1073 2531 1228 2584 enim
1281 2532 1501 2585 moecha
1531 2530 1909 2596 interdicitur,
1971 2530 2067 2583 ubi
2112 2529 2385 2598 scriptum
2431 2532 2535 2592 est,

846 2633 966 2670 non
1018 2618 1409 2684 maechaberis,
1468 2624 1683 2689 quanto
1735 2619 1915 2687 magis
1962 2633 2090 2670 cum
2151 2621 2413 2685 cognata,
2450 2614 2538 2667 vel

846 2720 977 2757 cum
1000 2706 1240 2775 conjuge
1270 2722 1364 2758 seu
1392 2707 1705 2760 concubina
1732 2706 1993 2775 cognati?
2027 2706 2167 2758 Illuc
2198 2706 2256 2757 in
2295 2703 2537 2757 Levitico

848 2793 1121 2863 scriptum
1154 2800 1282 2847 est:
1340 2795 1393 2849 Si
1446 2798 1759 2849 moechatus
1816 2794 1987 2848 fuerit
2015 2794 2141 2864 quis
2187 2809 2315 2846 cum
2369 2807 2539 2844 uxore

847 2882 1101 2948 alterius,
1137 2888 1317 2936 morte
1372 2885 1711 2950 moriantur,
1770 2888 1825 2937 et
1852 2884 2124 2945 moechus,
2175 2888 2230 2935 et
2261 2882 2536 2933 adultera.

846 2969 954 3033 Qui
982 2971 1280 3026 dormierit
1310 2988 1436 3025 cum
1486 2988 1732 3025 noverca
1772 2988 1890 3037 sua,
1937 2977 1995 3025 et
2041 2987 2173 3024 cum
2224 2986 2373 3023 nuru
2416 2984 2537 3031 sua,

849 3062 904 3111 et
935 3059 1031 3129 qui
1074 3059 1252 3114 filiam
1306 3065 1363 3114 et
1412 3066 1652 3114 matrem
1699 3060 1946 3125 duxerit,
1995 3065 2050 3113 et
2103 3058 2200 3130 qui
2261 3055 2542 3127 acceperit

848 3163 1102 3200 sororem
1149 3165 1333 3215 suam,
1375 3154 1557 3202 morte
1615 3149 1952 3201 moriantur.
2006 3147 2064 3201 Si
2106 3147 2258 3200 enim
2307 3145 2366 3199 in
2408 3146 2535 3213 lege

848 3234 1265 3305 turpitudinem
1323 3236 1573 3289 incestus
1639 3236 1836 3289 mortis
1904 3235 2185 3288 sententia
2248 3233 2536 3286 vindicare

844 3323 1034 3393 jussit,
1082 3324 1372 3395 quomodo
1419 3324 1479 3377 in
1531 3324 1855 3393 Evangelio,
1910 3323 2006 3377 ubi
2055 3338 2277 3375 summa
2314 3322 2539 3391 justitia

852 3417 956 3477 est,
990 3412 1347 3465 incestuosus
1386 3412 1602 3481 peccati
1650 3412 2045 3483 paenitentiam
2092 3410 2333 3464 evadet?
2384 3409 2539 3463 Unde

852 3500 1188 3569 apostolus:
1246 3501 1469 3554 Irritam
1531 3500 1631 3571 qui
1700 3501 1893 3553 fecerit
1941 3502 2124 3570 legem
2197 3498 2356 3564 Mosi,
2412 3498 2534 3550 sine

855 3587 973 3641 ulla
1039 3589 1407 3642 miseratione
1460 3588 1564 3642 sub
1632 3589 1853 3643 duobus
1913 3590 2001 3642 vel
2068 3587 2247 3641 tribus
2302 3586 2539 3639 testibus

857 3675 1155 3730 moritur:
1225 3682 1438 3747 quanto
1493 3677 1675 3748 magis
1726 3677 1934 3747 putatis
1983 3676 2272 3730 deteriora
2330 3675 2539 3728 mereri

853 3765 1152 3836 supplicia,
1202 3765 1301 3836 qui
1344 3766 1550 3820 Filium
1599 3766 1694 3819 Dei
1748 3766 2183 3829 conculcaverit,
2233 3769 2288 3817 et
2314 3764 2540 3833 sangui-

853 3869 983 3906 nem
1030 3854 1358 3909 testamenti
1397 3855 1683 3923 pollutum
1731 3854 1974 3921 duxerit,
2027 3853 2087 3906 in
2139 3868 2253 3923 quo
2291 3851 2540 3904 sanctiﬁ-

853 3947 1007 3996 catus
1054 3950 1157 4008 est,
1213 3948 1268 3996 et
1316 3943 1546 4013 spiritui
1594 3942 1794 4013 gratia:
1851 3941 2259 3995 contumeliam
2304 3940 2539 3993 fecerit?

853 4029 1037 4099 Igitur
1064 4030 1393 4084 Theodorus
1418 4030 1691 4100 judicavit
1742 4046 1874 4084 eum
1923 4029 2022 4100 qui
2066 4029 2347 4082 incestum
2395 4028 2541 4081 fece-

2569 3185 2609 3239 C

856 4117 931 4171 rit
976 4118 1065 4173 XII
1115 4133 1296 4171 annos
1350 4118 1630 4188 paenitere
1697 4114 1955 4171 debere':
2019 4117 2118 4171 alii
2173 4117 2278 4183 XV,
2332 4116 2427 4168 alii
2478 4116 2541 4181 Χ,

855 4205 955 4258 alii
1010 4211 1249 4275 septem.
1308 4206 1411 4259 Sed
1488 4222 1593 4259 nos
1648 4206 1964 4276 priscorum
2021 4211 2249 4275 patrum
2304 4203 2545 4273 vestigia

857 4299 1184 4363 sequentes,
1242 4294 1330 4347 liis
1386 4295 1517 4348 solis
1566 4295 1811 4365 spatium
1874 4294 2225 4363 paenitentia:
2260 4297 2543 4361 tempere-

860 4397 1006 4447 mus,
1067 4382 1166 4452 qui
1219 4382 1439 4442 devote.
1512 4388 1568 4437 et
1620 4400 1748 4437 cum
1815 4383 2080 4452 lacrymis
2146 4380 2541 4451 paenitentiam

857 4470 1080 4541 egerint
1114 4487 1127 4524 :
1158 4471 1346 4524 caeteri
1374 4471 1671 4525 deﬁnitum
1705 4477 1933 4541 tempus
1965 4472 2286 4523 observant.

1275 4577 1400 4633 CAP.
1428 4578 1583 4632 XXII.
1618 4606 1684 4617 —
1719 4577 1798 4630 De
1827 4576 2009 4630 eadem
2037 4591 2114 4630 re.

929 4683 1035 4751 (Ea:
1097 4685 1319 4737 concilio
1369 4683 1519 4752 apud
1572 4685 1920 4749 Vcrmeriam,
1964 4685 2139 4751 capite
2186 4681 2263 4749 4.)
2306 4680 2362 4735 Si
2411 4681 2541 4751 quis

855 4771 1158 4825 ﬁliastrum
1262 4774 1359 4824 aut
1422 4771 1719 4825 ﬁliastram
1785 4787 1943 4824 suam
2012 4777 2144 4823 ante
2212 4769 2541 4838 episcopum

854 4859 926 4913 ad
986 4860 1480 4914 conﬁrmationem
1558 4860 1823 4924 tenuerit,
1886 4864 2184 4930 separetur
2236 4858 2307 4909 ab
2369 4872 2542 4910 uxore

858 4964 976 5012 sua,
1014 4954 1069 5001 et
1095 4948 1267 5001 aliam
1299 4964 1592 5019 nunquam
1623 4949 1879 5019 accipiat.
1920 4948 2197 5002 Similiter
2225 4949 2281 4997 et
2318 4944 2541 4999 mulier.

2570 4461 2612 4515 D

859 5053 988 5107 Car.
1029 5054 1210 5107 XXIII.
1244 5083 1313 5094 —
1361 5055 1437 5107 De
1464 5055 1574 5107 illis
1625 5058 1720 5123 qui
1765 5056 2005 5119 infantes
2056 5066 2179 5105 suos
2213 5050 2330 5123 ideo
2391 5065 2425 5102 α
2456 5050 2545 5103 ba-

1011 5129 1213 5194 ptismo
1236 5127 1540 5193 suscipiunt
1567 5121 1973 5193 ut'separentur
1992 5139 2027 5175 a
2054 5138 2148 5175 con
2147 5121 2392 5189 juyibus.

930 5214 1039 5278 (Ea:
1078 5213 1299 5265 concilio
1338 5213 1621 5276 Cabillon.,
1652 5214 1831 5280 capite
1861 5211 1940 5276 4.)
1977 5209 2197 5263 Dictum
2238 5208 2409 5261 etiam
2445 5223 2547 5261 no-

859 5299 945 5353 bis
974 5305 1076 5365 est,
1105 5300 1380 5370 quasdam
1421 5300 1683 5354 fmminas
1731 5297 2035 5361 desidiose,
2090 5296 2363 5366 quasdam
2410 5309 2547 5350 vero

865 5389 1274 5454 fraudulenter,
1333 5394 1395 5441 ut
1457 5404 1491 5441 a
1549 5388 1681 5440 viris
1729 5386 1847 5438 suis
1897 5389 2251 5454 separentur,
2288 5384 2549 5453 proprios

865 5476 1009 5530 ﬁlios
1065 5492 1261 5530 coram
1308 5474 1590 5545 episcopis
1641 5474 1713 5527 ad
1763 5472 2221 5525 conﬁrmandum
2275 5473 2545 5525 tenuisse.

871 5566 1021 5619 Unde
1049 5583 1152 5621 nos
1178 5565 1418 5634 dignum
1449 5565 1738 5625 duximus,
1795 5567 1861 5613 ut
1886 5561 1932 5613 si
1978 5578 2088 5631 qua
2126 5562 2332 5615 mulier
2367 5562 2550 5616 ﬁlium

870 5669 1030 5709 suum
1065 5653 1310 5716 desidia,
1342 5656 1440 5706 aut
1468 5652 1665 5707 fraude
1691 5649 1889 5719 aliqua
1938 5665 2126 5703 coram
2165 5649 2430 5721 episcopo
2473 5655 2554 5704 te-

876 5743 1056 5798 nuerit
1111 5739 1187 5794 ad
1239 5738 1698 5796 conﬁrmandum
1760 5741 1992 5806 propter
2037 5738 2314 5793 fallaciam
2366 5754 2549 5804 suam,

2645 720 2794 786 agat,
2832 731 2866 768 a
2894 715 3014 768 viro
3045 719 3239 768 tamen
3271 731 3374 767 suo
3406 730 3522 768 non
3556 721 3873 784 separetur.

3069 803 3198 858 CAP.
3231 804 3403 858 XXIV.
3438 834 3504 843 —
3528 807 3598 859 De
3620 806 3803 859 eadem
3832 821 3909 859 re.

2717 892 2818 958 (Ea:
2845 891 3065 945 concilio
3095 893 3361 959 Negant,
3411 894 3467 944 in
3525 893 3762 946 claustro
3790 893 3846 948 S.
3901 894 4113 947 Albani
4132 893 4360 960 habito,

2639 980 2899 1044 praesente
2927 974 3194 1028 Ludovico
3225 978 3567 1042 imperatore,
3597 979 3775 1045 capite
3827 978 3937 1041 tO.)
3972 978 4049 1031 De
4080 995 4150 1031 eo
4184 981 4362 1050 quod

2643 1062 3052 1132 interrogastis,
3088 1062 3134 1115 si
3195 1062 3288 1115 ille
3341 1062 3439 1133 qui
3484 1063 3723 1117 ﬁliolam
3783 1080 3945 1118 suam
3989 1066 4146 1120 ducit
4195 1083 4360 1120 uxo-

2641 1167 2785 1219 rem,
2845 1157 2900 1204 et
2950 1151 3019 1205 de
3064 1167 3131 1204 eo
3182 1151 3281 1221 qui
3330 1152 3638 1205 concubuit
3682 1169 3812 1207 cum
3872 1160 4191 1210 commatre
4239 1172 4363 1209 sua

2642 1240 2903 1309 spiritali,
2936 1246 2992 1295 et
3040 1242 3109 1295 de
3150 1241 3247 1294 illo
3296 1241 3394 1311 qui
3443 1240 3629 1294 ﬁlium
3683 1257 3850 1295 suum
3899 1242 4236 1312 baptizavit,
4291 1249 4361 1297 et

2641 1330 2802 1399 cujus
2858 1346 3000 1384 uxor
3040 1347 3170 1384 eum
3217 1331 3285 1383 de
3334 1330 3487 1383 fonte
3542 1330 3809 1400 suscepit,
3854 1347 3921 1384 ea
3963 1333 4212 1398 ratione,
4282 1338 4359 1385 ut

2642 1418 2947 1473 discidium
2994 1418 3246 1489 conjugii
3290 1419 3469 1485 fleret,
3521 1418 3566 1471 si
3617 1425 3816 1488 postea
3859 1419 3920 1473 in
3967 1420 4067 1474 tali
4098 1424 4353 1491 copula-

2638 1507 2792 1561 tione
2824 1524 3159 1577 permanere
3191 1512 3421 1579 possent
3476 1507 3547 1561 de
3594 1508 3802 1561 talibus
3854 1509 3935 1563 sic
3983 1509 4354 1579 responden-

2640 1596 2775 1649 dum
2812 1602 2910 1649 est.
2957 1596 3012 1650 Si
3057 1597 3317 1661 ﬁliolam,
3377 1600 3475 1648 aut
3501 1601 3875 1649 commatrem
3908 1611 4069 1649 suam
4103 1595 4352 1666 spirita-

2590 1726 2595 1731 .
2638 1684 2750 1737 lem
2802 1685 3006 1754 aliquis
3048 1685 3107 1737 in
3160 1684 3493 1753 conjugium
3552 1683 3797 1752 duxerit,
3855 1684 4206 1754 separandos
4239 1699 4350 1736 eos

2639 1786 2758 1823 esse
2807 1772 3205 1840 judicavimus,
3256 1777 3312 1824 et
3364 1770 3522 1840 gravi
3580 1772 3917 1839 pmnitentia
3976 1772 4347 1842 plectendos.

2640 1860 2694 1913 Si
2727 1865 2915 1913 autem
2951 1861 3222 1929 conjuges
3281 1859 3523 1927 legitimi
3560 1875 3707 1912 unus
3740 1865 3840 1913 aut
3867 1860 4034 1913 ambo
4066 1876 4135 1913 ex
4170 1859 4353 1912 indu-

2641 1948 2778 2002 stria
2808 1949 3063 2014 fecerint,
3119 1954 3183 2001 ut
3236 1948 3419 2001 ﬁlium
3459 1963 3628 2000 suum
3684 1947 3755 2001 de
3807 1947 3964 2001 fonte
3995 1947 4348 2017 suscipiant,

2639 2042 2704 2091 ut
2736 2036 3034 2091 discidium
3061 2035 3179 2100 fiat,
3238 2037 3349 2089 tale
3398 2035 3702 2089 consilium
3749 2035 3972 2089 damus.
4014 2036 4070 2090 Si
4102 2035 4356 2105 innupti

2641 2141 2873 2178 manere
2934 2126 3236 2188 voluerint,
3298 2125 3509 2177 bonum
3566 2130 3669 2177 est.
3724 2123 3821 2177 Sin
3870 2128 4085 2187 autem,
4150 2124 4355 2193 gravis

2642 2214 2974 2285 paenitentia
3004 2212 3322 2265 insidiatori
3369 2212 3722 2281 injungatur,
3754 2220 3811 2265 et
3840 2211 4010 2266 simul
4042 2216 4355 2278 maneant,

2642 2307 2698 2356 et
2742 2302 2788 2355 si
2859 2300 3238 2371 supervixerit
3295 2300 3698 2370 praevaricator
3752 2300 4005 2370 conjugi,
4058 2299 4358 2353 acerrima

2642 2390 2976 2461 pcenitentia
3025 2391 3320 2454 multetur,
3375 2396 3430 2442 et
3477 2389 3601 2441 sine
3644 2405 3742 2460 spe
3780 2388 4035 2459 conjugii
4084 2394 4352 2443 maneat.

3070 2478 3196 2531 CAP.
3231 2478 3383 2532 XXV.
3412 2506 3480 2516 —
3526 2477 3607 2530 De
3635 2478 3819 2530 eadem
3840 2493 3915 2530 re.

2714 2566 2834 2632 (Ea:
2864 2566 3085 2619 concilio
3119 2565 3359 2631 Tribur.,
3390 2567 3567 2633 capite
3597 2565 3673 2634 8.)
3703 2566 3900 2618 Nullus
3930 2563 4241 2635 proprium
4275 2564 4355 2619 ﬁ-

2645 2655 2805 2716 lium,
2845 2660 2943 2706 aut
2999 2654 3176 2707 ﬁliam
3208 2670 3240 2706 a
3272 2654 3426 2706 fonte
3482 2654 3839 2723 baptismatis
3887 2654 4186 2723 suscipiat,
4242 2670 4356 2707 nec

2647 2742 2900 2805 filiolam,
2935 2757 3039 2794 nec
3092 2755 3468 2795 commatrem
3515 2741 3684 2795 ducat
3733 2757 3982 2802 uxorem,
4029 2756 4140 2795 nec
4183 2740 4353 2794 illam

2647 2831 2806 2901 cujus
2842 2832 3018 2883 ﬁliam
3048 2831 3116 2883 ad
3170 2830 3668 2883 conﬁrmationem
3719 2835 3852 2884 ante
3893 2830 4234 2901 episcopum
4265 2836 4354 2883 ιθ-

2648 2920 2854 2973 nuerit.
2893 2919 2994 2972 Ubi
3027 2925 3219 2972 autem
3240 2920 3452 2972 factum
3485 2918 3660 2972 fuerit
3690 2924 4055 2987 separentur.

3070 3007 3198 3060 CAP.
3225 3007 3401 3061 XXVI.
3426 3035 3494 3048 —
3517 3007 3597 3060 De
3627 3008 3807 3060 eadem
3835 3022 3912 3061 re.

2721 3096 2827 3166 (Ea:
2878 3097 3101 3149 concilio
3148 3098 3417 3163 Mogunt.,
3464 3098 3642 3163 capite
3672 3097 3744 3163 5.)
3795 3095 3979 3159 Quam
4009 3094 4357 3149 detestabile

2648 3189 2702 3237 et
2728 3184 3041 3236 execrabile
3078 3184 3257 3235 scelus
3310 3182 3399 3248 sit,
3447 3182 3760 3253 unicuique
3808 3183 4156 3249 Christiano,
4210 3183 4360 3237 ﬁlio-

2648 3274 2760 3326 lam
2796 3288 2956 3325 suam
2985 3277 3378 3340 constuprare,
3410 3274 3648 3323 testatur
3674 3271 3727 3325 S.
3759 3270 4069 3339 Gregorius
4109 3287 4268 3342 papa
4298 3272 4357 3324 in

2648 3362 2886 3430 dialogis
2914 3361 3050 3427 suis,
3087 3360 3181 3413 ubi
3214 3360 3389 3412 refert
3414 3360 3725 3429 quemdam
3756 3358 4052 3413 hominem
4073 3360 4358 3429 polluisse

2646 3449 2880 3502 ﬁliolam
2914 3464 3096 3511 suam,
3136 3452 3190 3500 et
3231 3448 3365 3518 quia
3414 3447 3665 3517 neglexit
3712 3446 4114 3517 paenitentiam
4155 3464 4356 3518 agere,

2647 3537 2833 3589 subito
2887 3535 3196 3589 miserabili
3266 3535 3464 3589 morbo
3550 3540 3847 3604 correptus
3903 3535 4244 3605 expiravit:
4303 3542 4356 3589 et

2648 3626 2893 3692 sepulto,
2919 3639 3057 3675 num
3090 3624 3273 3675 solum
3329 3638 3535 3692 corpus
3584 3621 3680 3676 sed
3731 3622 3906 3675 etiam
3945 3638 4123 3678 omne
4156 3626 4353 3694 sepul-

2646 3727 2807 3765 crum
2840 3710 2990 3777 ignis
3025 3710 3327 3763 invisibilis
3357 3710 3732 3780 consumpsit.

2649 3802 2775 3857 CAP.
2805 3800 3007 3855 XXVII.
3036 3830 3104 3837 —
3138 3802 3206 3852 Dc
3234 3799 3548 3851 mulieribus
3578 3813 3697 3867 qua:
3715 3800 3899 3867 aliquo
3916 3799 4194 3852 molimine
4212 3800 4354 3851 inter

3264 3885 3319 3922 se
3355 3872 3723 3935 fornicamur.

2721 3960 2828 4023 (Ea:
2859 3958 3222 4025 paenitentiali
3270 3956 3517 4018 Theodo.)
3559 3956 3759 4009 Mulier
3804 3970 4158 4026 quocunque
4186 3956 4351 4024 moli-

2652 4047 2829 4111 mine,
2864 4051 2961 4098 aut
2994 4046 3050 4097 in
3085 4060 3143 4097 se
3172 4046 3311 4114 ipsa,
3362 4050 3462 4097 aut
3481 4060 3612 4098 cum
3643 4045 3821 4098 altera
3878 4043 4198 4109 fornicans,
4240 4050 4349 4097 tres

2651 4152 2831 4188 annos
2860 4134 3156 4202 paeniteat.

2653 4225 2780 4277 CAP.
2805 4223 3035 4278 XXVIII.
3065 4251 3133 4260 ——
3165 4223 3242 4275 De
3263 4219 3785 4285 sanctimonialibus,
3817 4221 3868 4273 si
3902 4221 4045 4274 inter
4083 4234 4142 4273 se
4177 4222 4349 4287 fomi-

3393 4296 3608 4343 cantur.

2725 4382 2831 4452 (Ea:
2858 4380 3079 4450 eodem.)
3128 4380 3182 4434 Si
3224 4379 3673 4433 sanctimonialis
3719 4394 3849 4431 cum
3894 4375 4005 4431 alia
4035 4377 4349 4431 sanctimo-

2654 4470 2787 4523 niali
2815 4485 2918 4540 per
2950 4468 3184 4539 aliquod
3215 4467 3744 4521 machinamentum
3790 4465 4084 4520 fornicata
4117 4466 4345 4531 fuerint,

2652 4563 2867 4627 septem
2900 4573 3079 4610 annos
3113 4557 3447 4625 pmniteant.

2652 4620 2780 4701 Car.
2840 4646 3004 4699 XXIX.
3066 4620 3139 4685 —'
3184 4647 3257 4698 De
3307 4644 3623 4780 mulfiere.‘si
3672 4657 3794 4696 cum
3839 4641 4015 4695 altera
4074 4643 4343 4706 fornicata
4386 4620 4393 4627 ’

3437 4730 3551 4767 ueri
3582 4753 3594 4765 .

3437 4730 3594 4767 ueni.

2725 4804 2839 4870 (Ea:
2863 4806 3085 4857 concilio
3105 4806 3426 4871 Anquiren.,
3447 4805 3623 4870 capite
3655 4801 3733 4869 8.)
3761 4799 3962 4854 Mulier
3994 4799 4042 4852 si
4073 4815 4210 4854 cum
4240 4802 4343 4853 alia

2654 4893 2895 4946 muliere
2946 4892 3222 4945 fornicata
3259 4892 3450 4954 fuerit,
3526 4898 3641 4943 tres
3687 4905 3866 4943 annos
3912 4888 4214 4958 pmniteat.
4262 4890 4341 4942 Sic

2654 4988 2707 5034 et
2734 4981 2830 5033 illa
2860 4997 2987 5050 quae
3015 4996 3211 5033 semen
3244 4980 3348 5032 viri
3389 4979 3480 5032 sui
3528 4979 3654 5031 cibo
3704 4978 3923 5045 miscet,
3947 4983 4011 5030 ut
4039 4977 4179 5031 inde
4226 4981 4339 5049 plus

2655 5070 2776 5138 ejus
2807 5069 3046 5136 accipiat
3075 5082 3354 5127 amorem,
3378 5068 3671 5137 paeniteat.

2656 5157 2783 5211 Car.
2850 5158 3000 5213 XXX.
3054 5186 3123 5196 —~
3182 5160 3256 5211 De
3298 5158 3409 5210 illis
3479 5158 3575 5224 qui
3624 5153 4090 5209 irrationabiliter
4154 5157 4341 5208 versati

2729 5297 2849 5368 (Ea:
2895 5299 3118 5351 concilio
3168 5232 3665 5365 Anciran.8,ucnatpite
3702 5296 3808 5358 l5.)
3845 5296 3924 5349 De
3956 5293 4051 5348 his
4096 5295 4198 5365 qui
4224 5295 4339 5349 irra-

2658 5386 3010 5438 tionabiliter
3041 5385 3242 5438 versati
3296 5390 3447 5451 sunt,
3499 5387 3614 5437 sive
3668 5389 3988 5448 versantur,
4023 5382 4084 5437 id
4116 5389 4219 5443 est.
4257 5384 4337 5453 qui

2657 5489 2786 5527 cum
2872 5474 3173 5544 pecoribus
3234 5479 3288 5525 et
3370 5473 3638 5527 musculis
3705 5488 3764 5523 se
3832 5471 4334 5541 coinquinaverint,

2658 5567 2942 5633 quotquot
3008 5567 3138 5616 ante
3203 5561 3407 5632 viginti
3466 5577 3648 5613 annos
3703 5560 3889 5612 aetatis
3956 5561 4073 5613 tale
4145 5562 4334 5614 crimen

2659 5650 3075 5718 commiserint,
3106 5650 3198 5707 XV
3225 5650 3392 5703 annis
3445 5648 3652 5703 exactis
3704 5647 3762 5701 in
3810 5647 4179 5718 paenitentia,
4204 5664 4331 5702 com-

2664 5738 2997 5793 munionem
3014 5744 3341 5793 mereantur
3353 5737 3710 5792 orationum:
3733 5734 3945 5789 deinde
3960 5736 4331 5809 quinquennio
