4592 6468
518 421 622 471 925

517 537 582 592 in
625 537 731 592 hac
789 536 1196 593 communione
1238 538 1527 605 durantes,
1585 545 1721 594 tunc
1765 542 1995 595 demum
2048 543 2275 596 obla-A

516 626 691 680 tionis
722 631 1074 680 sacramenta
1103 627 1452 697 contingant.
1512 629 1856 683 Discutiatur
1910 636 2102 684 autem
2154 634 2209 683 et

520 716 633 769 vita
680 732 878 768 eorum
926 714 1109 785 qualis
1154 720 1413 794 tempore
1459 717 1828 785 paenitudinis
1858 718 2122 781 extiterit,
2154 722 2211 771 et

516 804 598 857 ita
629 804 1080 857 misericordiam
1114 811 1556 874 consequantur.
1601 806 1763 869 Quod
1812 806 1857 859 si
1895 806 2207 875 inexplebi-

517 892 652 945 liter
673 892 760 944 his
792 894 1005 945 haesere
1028 891 1380 952 criminibus.
1410 893 1479 946 ad
1502 894 1779 963 agendam
1812 894 2209 964 paenitentiam

517 978 796 1047 prolixius
853 983 1081 1046 tempus
1131 978 1440 1032 insumaut.
1500 981 1789 1049 Quotquot
1837 986 2024 1033 autem
2086 986 2210 1050 post

518 1068 601 1121 XX
630 1082 811 1120 annos
859 1066 1063 1132 aetatis,
1125 1082 1329 1119 uxores
1376 1067 1672 1133 habentes,
1708 1069 1765 1121 in
1816 1068 1924 1122 hoc
1980 1075 2208 1139 peccato

519 1154 774 1225 prolapsi
839 1162 992 1221 sunt,
1064 1155 1194 1209 XXV
1248 1171 1428 1207 annos
1490 1156 1885 1225 paenitentiam
1957 1162 2206 1225 agentes,

520 1243 590 1295 ad
621 1242 894 1295 orationis
921 1242 1382 1295 communionem
1414 1243 1784 1312 recipiantur.
1826 1244 1887 1296 In
1911 1261 2018 1313 qua
2045 1245 2210 1315 quin.

519 1333 775 1400 quennio
854 1331 1255 1399 perdurantes,
1320 1336 1455 1384 tunc
1506 1332 1808 1385 oblationis
1859 1338 2210 1386 sacramenta

514 1418 858 1488 percipiant.
893 1418 1053 1481 Quod
1088 1418 1133 1470 si
1166 1424 1223 1472 et
1270 1434 1469 1472 uxores
1499 1419 1792 1486 habentes,
1830 1426 1885 1473 et
1917 1426 2210 1474 transcen-

516 1507 717 1560 dentes
747 1507 1291 1577 quinquagesimum
1337 1523 1551 1560 annum
1603 1509 1785 1562 (etatis
1840 1510 1918 1562 ita
1948 1510 2210 1579 delique-

517 1600 667 1661 rent,
713 1595 781 1647 ad
811 1594 1023 1647 exitum
1069 1595 1195 1648 vitae
1252 1596 1676 1649 communionis
1731 1597 1971 1667 gratiam
2011 1613 2209 1651 conse-

517 1689 794 1753 quantur.
1134 1678 1137 1679 ν

938 1770 1066 1824 CAP.
1107 1771 1276 1824 XXXI.
1311 1802 1377 1810 —
1404 1772 1482 1824 De
1509 1771 1690 1825 eadem
1718 1788 1795 1828 re.

592 1859 703 1922 (Ea:
731 1856 928 1922 eodem,
982 1859 1159 1925 capite
1194 1856 1299 1926 l6.)
1358 1857 1465 1910 Eos
1494 1859 1593 1929 qui
1624 1858 2090 1913 irrationabiliter
2141 1858 2215 1912 vi-

513 1949 749 2010 xerunt,
802 1949 861 1998 et
916 1944 1078 2014 lepra
1134 1944 1332 2014 injusti
1359 1946 1613 1999 criminis
1665 1947 1806 2000 alios
1863 1948 2212 2018 polluerunt,

514 2033 797 2104 praecepit
836 2038 1029 2086 sancta
1060 2033 1307 2103 synodus
1344 2034 1495 2087 inter
1519 2051 1615 2087 eos
1649 2051 1832 2102 orare,
1884 2036 1980 2106 qui
2012 2036 2210 2106 spiritu

510 2122 915 2192 periclitantur
942 2120 1260 2176 immundo.

593 2210 725 2264 CAP.
760 2210 1050 2263 XXXII.—
1092 2213 1163 2263 De
1190 2211 1299 2264 illis
1328 2214 1426 2279 qui
1468 2227 1586 2265 cum
1613 2212 1921 2280 Ipecudibus
1972 2217 2211 2282 peccant.

593 2298 704 2368 (Ea:
755 2298 1119 2351 Paenitentiali
1167 2299 1385 2367 Theod.)
1445 2299 1551 2363 Qui
1581 2316 1711 2353 cum
1752 2302 1965 2370 pecude
2000 2305 2211 2370 peccat,

513 2386 1045 2457 quidamjudicant
1076 2403 1255 2441 annos
1284 2389 1343 2453 X,
1407 2388 1639 2458 quidam
1694 2394 1933 2456 septem,
1982 2389 2212 2459 quidam

524 2482 671 2541 tres,
714 2475 948 2544 quidam
979 2481 1208 2527 centum
1240 2474 1378 2541 dies,
1404 2476 1566 2545 juxta
1598 2476 1929 2546 qualitatem
1953 2492 2214 2547 persona“:

510 2563 818 2633 paenitere.

511 2652 652 2706 CAP.
688 2650 914 2704 XXXIII.
955 2652 1175 2704 —Item
1205 2651 1270 2704 de
1315 2651 1728 2719 quadrupedum
1771 2654 2210 2718 fornicatoribus.

593 2740 712 2802 (Ea:
760 2740 1126 2792 Poznitentiali
1180 2738 1462 2807 Romano.)
1520 2738 1576 2793 Si
1606 2740 1824 2793 inventi
1854 2740 2069 2795 fuerint
2116 2742 2213 2811 qui

512 2841 656 2879 cum
696 2824 1183 2895 quadrupedibus,
1250 2826 1336 2878 vel
1391 2826 1655 2878 masculis
1700 2832 1893 2880 contra
1949 2834 2211 2881 naturam

512 2917 780 2983 peccant,
814 2913 955 2966 dura
985 2917 1040 2965 et
1064 2913 1315 2966 districta
1355 2913 1686 2983 pceuitentia
1732 2916 2029 2969 coercendi
2060 2921 2209 2969 sunt.

514 3004 887 3071 Quapropter
932 3001 1189 3070 episcopi
1244 3002 1330 3054 vel
1392 3003 1707 3072 presbyteri
1768 3019 1801 3055 a
1861 3005 2070 3074 quibus
2121 3005 2213 3075 ju-

512 3088 741 3142 dicium
774 3087 1126 3157 poenitentia:
1158 3088 1499 3158 injungitur,
1539 3096 1818 3144 conentur
1867 3092 2213 3146 omnimodis
2248 3090 2286 3144 C

514 3178 636 3231 hoc
668 3176 882 3228 malum
912 3175 1180 3229 radicitus
1211 3176 1561 3231 abscindere.

514 3267 656 3320 CAP.
683 3266 896 3318 XXXIV.
921 3292 993 3304 —
1026 3265 1105 3317 De
1130 3265 1239 3318 illis
1260 3267 1358 3333 qui
1384 3267 1732 3331 fornicamur
1750 3269 1889 3321 sicut
1910 3267 2216 3324 Sodomita}.

596 3355 705 3423 (Ea:
770 3353 1146 3407 Pcenitentiali
1217 3353 1433 3416 Theod.)
1508 3354 1615 3417 Qui
1678 3355 1987 3408 fornicatus
2046 3357 2220 3411 fuerit

510 3442 674 3494 sicut
712 3440 1041 3506 Sodomitze,
1099 3439 1146 3491 si
1202 3457 1394 3494 servus
1446 3448 1545 3503 est,
1584 3448 1639 3495 et
1667 3443 1714 3495 si
1758 3445 1941 3513 scopis
1978 3447 2217 3514 castiga-

510 3531 703 3593 bitur,
737 3529 877 3582 duos
904 3544 1105 3595 annos,
1160 3530 1205 3582 si
1236 3531 1378 3582 liber
1429 3536 1512 3583 est
1542 3536 1596 3584 et
1652 3533 2005 3602 conjugatus,
2038 3537 2078 3588 X
2112 3552 2215 3588 an-

508 3634 650 3682 nos,
708 3617 756 3669 si
811 3617 1086 3687 privatus,
1150 3623 1369 3686 septem
1436 3635 1614 3671 annos
1692 3623 1994 3690 pmniteat:
2053 3624 2219 3693 pueri

504 3710 757 3759 centum
803 3704 943 3770 dies,
1005 3704 1051 3756 si
1094 3703 1153 3757 in
1183 3706 1589 3759 consuetudine
1641 3714 1741 3761 est.
1800 3710 1996 3763 Laicus
2026 3711 2220 3780 conju-

505 3797 715 3863 gatus,
746 3794 789 3845 si
820 3794 879 3846 in
923 3794 1334 3847 consuetudine
1360 3794 1551 3861 habet,
1583 3797 1668 3849 XV
1717 3812 1896 3849 annos
1925 3798 2214 3865 poeniteat.

505 3882 572 3936 Si
610 3896 680 3933 ex
712 3881 1009 3935 ordinibus
1068 3886 1171 3947 est,
1229 3887 1285 3935 et
1343 3883 1401 3935 in
1433 3884 1843 3937 consuetudine
1896 3886 2086 3951 habet,
2127 3886 2221 3939 de-

506 3968 818 4038 gradatus,
853 3974 916 4023 ut
948 3970 1121 4022 laicus
1151 3970 1443 4038 pmniteat.
1494 3972 1601 4035 Qui
1632 3978 1821 4025 autem
1865 3990 1993 4026 cum
2047 3974 2218 4027 fratre

510 4055 777 4108 naturali
828 4055 1139 4109 fornicatus
1192 4057 1387 4122 fuerit,
1442 4073 1544 4125 per
1600 4063 1717 4110 tam
1750 4058 2032 4111 sordidam
2063 4075 2218 4111 com-

510 4144 889 4209 mixtionem,
944 4144 1016 4197 ab
1082 4145 1239 4197 omni
1271 4161 1439 4197 carne
1507 4162 1564 4198 se
1633 4145 1935 4213 abstineat,
1985 4148 2071 4200 vel
2126 4147 2219 4200 XV

508 4247 706 4285 annos
754 4231 1046 4299 paeniteat,
1080 4231 1125 4283 si
1166 4231 1399 4284 clericus
1431 4238 1532 4298 est,
1567 4234 1812 4301 amplius
1865 4234 1998 4303 pelli
2029 4235 2215 4287 debet.

2247 1817 2286 1870 Β

506 4339 652 4391 CAP.
687 4337 875 4390 XXXV.
909 4364 982 4376 —
1012 4339 1088 4390 De
1116 4338 1323 4389 clericis
1357 4338 1437 4390 vel
1466 4339 1762 4404 monachis,
1797 4342 1847 4393 si
1873 4341 2080 4405 fuerint
2106 4356 2213 4393 ma-
2246 4356 2289 4409 ι)

1041 4409 1311 4459 sculorum
1338 4410 1700 4461 insectatores.

587 4496 705 4563 (Em
731 4495 893 4548 dictis
942 4494 1181 4564 Basilii.)
1237 4496 1481 4548 Clericus
1522 4497 1604 4548 vel
1661 4496 1971 4550 monachus
2027 4498 2213 4551 adole-

501 4584 805 4639 scenti-1m
832 4584 917 4635 vel
948 4584 1320 4653 parvulorum
1369 4583 1698 4649 insectator,
1750 4586 1833 4637 vel
1875 4585 1973 4654 qui
2000 4587 2211 4652 osculo,

501 4674 602 4726 vel
639 4671 836 4740 aliqua
857 4672 1151 4725 occasione
1174 4671 1327 4741 turpi
1352 4671 1738 4740 deprehensus
1768 4672 1958 4738 fuerit,
1993 4674 2217 4743 publice

500 4760 874 4825 verberetur,
906 4764 963 4812 et
1010 4775 1278 4812 coronam
1312 4760 1556 4824 amittat,
1617 4759 2051 4830 decalvatusque
2105 4767 2219 4815 tur-

500 4849 693 4921 piter.
744 4848 1123 4917 sputamentis
1173 4848 1486 4901 obliniatur
1545 4848 1601 4900 in
1663 4848 1824 4915 facie,
1864 4850 2216 4920 vinculisque

498 4941 739 4991 artatus
816 4936 1036 5003 ferreis,
1112 4936 1381 4988 carcerali
1457 4952 1551 4989 sex
1612 4937 1898 4989 mensibus
1956 4939 2220 5007 angustia

502 5029 864 5089 macerctur,
908 5030 964 5077 et
1022 5024 1209 5077 triduo
1259 5040 1361 5093 per
1416 5024 1795 5078 hebdomadas
1844 5026 2098 5094 singulas
2153 5042 2221 5079 ex

500 5129 671 5186 pane
727 5112 1040 5166 hordeaceo
1090 5113 1158 5165 ad
1203 5128 1496 5183 vesperam
1552 5113 1857 5166 reficietur.
1925 5116 2057 5167 Post
2101 5115 2221 5168 haec

501 5202 646 5257 aliis
706 5217 803 5253 sex
845 5200 1138 5253 mensibus
1195 5200 1300 5253 sub
1348 5200 1590 5254 senioris
1644 5201 1913 5270 spiritalis
1964 5204 2222 5256 custodia

500 5292 823 5357 segregata
883 5287 943 5340 in
998 5287 1273 5341 curticula
1329 5288 1556 5357 degens,
1623 5289 1783 5357 operi
1841 5305 2118 5343 manuum
2167 5295 2224 5344 et

498 5376 770 5432 orationi
810 5376 884 5428 sit
912 5375 1187 5442 intentus,
1218 5375 1427 5445 vigiliis
1457 5382 1512 5428 et
1557 5376 1785 5430 ﬂetibus
1825 5378 2126 5445 subjectus,
2170 5383 2225 5431 et.

498 5465 623 5519 sub
653 5463 917 5516 custodia
948 5478 1173 5531 semper
1189 5463 1431 5516 duorum
1460 5463 1696 5517 fratrum
1727 5464 2067 5534 spiritalium
2100 5482 2221 5518 am-

494 5552 699 5615 bulet,
736 5551 895 5603 nulla
926 5549 1138 5619 privata
1187 5550 1494 5617 locutione,
1552 5552 1637 5604 vel
1691 5552 1927 5605 consilio
1957 5552 2224 5622 deinceps

486 5639 828 5711 juvenibus
856 5638 1311 5708 conjungendus.

1299 418 1770 476 DECRE'I‘ORUM
1810 419 1995 475 LIBRI
2035 422 2141 476 XX.
2175 451 2243 461 —
2275 421 2479 475 LIBER
2516 416 2819 475 DECIMUS
2858 417 3228 473 SEPTIMUS.

3903 424 4005 473 9'26

2704 541 2830 595 CAP.
2864 541 3079 596 XXXVI.
3116 570 3177 580 —
3219 544 3291 596 De
3330 542 3510 597 eadem
3529 559 3604 598 re.

2390 630 2503 694 (Em
2537 629 2697 683 dictis
2722 630 2777 684 S.
2803 630 3025 697 Isidor.)
3050 629 3105 683 Si
3128 630 3254 701 quis
3276 646 3339 684 ex
3366 631 3672 700 juvenibus
3699 632 3785 685 vel
3817 632 4009 702 aliqua

2319 718 2628 787 suspiciosa
2660 734 2898 789 persona
2930 734 3058 771 cum
3090 719 3341 787 parvulis
3382 719 3606 788 jocatus
3649 720 3841 787 fuerit,
3882 722 4007 775 diu-

2317 811 2485 860 turna
2524 806 2855 877 paenitentia
2885 813 3223 860 macerctur.

2707 891 2830 944 CAP.
2858 891 3098 945 XXXVII.
3132 921 3199 931 -—
3229 893 3309 945 De
3333 891 3516 945 eadem
3544 907 3618 946 re.

2392 982 2497 1043 (Ea:
2545 979 2705 1032 dictis
2734 979 3017 1047 ejusdem.)
3067 979 3121 1033 Si
3169 980 3559 1050 deprehensus
3599 978 3770 1032 fuerit
3803 978 4007 1048 aliquis

2319 1067 2491 1120 frater
2522 1067 2714 1120 ludere
2763 1084 2891 1121 cum
2925 1067 3135 1137 pueris,
3183 1074 3239 1121 et
3270 1068 3478 1122 habere
3518 1068 3795 1121 amicitias
3825 1067 4009 1120 aetatis

2319 1155 2579 1222 infirmae,
2614 1155 2780 1208 tertio
2811 1162 3261 1221 commoneatur,
3292 1162 3350 1210 ut
3384 1172 3607 1209 memor
3636 1156 3707 1209 sit
3735 1156 4006 1209 honesta-

2319 1243 2387 1296 tis
2426 1248 2595 1313 atque
2631 1243 2851 1296 timoris
2904 1244 3021 1297 Dei.
3051 1244 3105 1298 Si
3149 1261 3263 1298 non
3296 1245 3611 1312 cessaverit,
3656 1243 4008 1297 severissime

2318 1332 2678 1400 corripiatur.

2390 1419 2515 1471 CAP.
2549 1418 2817 1472 XXXVIII.
2845 1446 2918 1457 —
2945 1419 3083 1471 Item
3138 1418 3203 1470 de
3241 1419 3617 1471 commixtione
3665 1418 4004 1469 animalium.

2389 1508 2497 1571 (Ea:
2525 1507 2888 1560 Pcenitentiali
2931 1505 3219 1575 Romano.)
3273 1506 3331 1559 Si
3371 1506 3499 1575 quis
3555 1506 3859 1574 cujuslibet
3888 1506 4009 1557 ani-

2320 1596 2483 1647 malis
2516 1594 2918 1648 commixtione
2972 1594 3304 1662 peccaverit,
3361 1594 3444 1646 XV
3474 1593 3636 1645 annis
3685 1594 3742 1645 in
3774 1592 4007 1645 humili-

2321 1688 2435 1736 tate
2463 1684 2751 1752 subjaceat
2781 1683 2847 1736 ad
2879 1683 3139 1735 Ecclesiae
3164 1683 3425 1752 januam.
3459 1682 3525 1735 Et
3568 1687 3698 1751 post
3736 1682 3839 1733 hoc
3878 1680 4005 1732 aliis

2324 1771 2578 1841 quinque
2623 1771 2787 1824 annis
2840 1771 2902 1824 in
2967 1770 3241 1824 orationis
3289 1771 3691 1824 communione
3748 1774 4008 1839 receptus

2326 1860 2720 1930 paenitentiam
2750 1864 2899 1929 agat,
2952 1866 3007 1913 et
3036 1860 3114 1913 sic
3143 1860 3384 1929 gratiam
3433 1857 3774 1911 sacramenti
3818 1855 4006 1927 perci-

2326 1949 2460 2019 piat.
2520 1949 2946 2017 Interrogentur
2975 1954 3161 2001 autem
3193 1948 3289 2000 alii
3348 1948 3416 2001 de
3448 1964 3513 2000 eo
3554 1948 3780 2018 qualem
3832 1944 4008 1997 vitam

2325 2037 2384 2090 in
2430 2037 2767 2107 poenitentia
2796 2036 2997 2106 egerit,
3030 2041 3086 2089 et
3115 2036 3193 2089 sic
3230 2036 3651 2090 communionis
3684 2034 4006 2088 misericor-

2324 2125 2476 2179 diam
2510 2130 2906 2194 consequatur.
2953 2125 3009 2178 Si
3041 2126 3165 2194 quis
3195 2129 3384 2177 autem
3419 2130 3548 2194 post
3578 2123 3780 2193 viginti
3832 2137 4009 2175 annos

2324 2213 2540 2267 habens
2574 2229 2804 2267 uxorem
2836 2213 2965 2267 huic
2996 2217 3222 2283 peccato
3254 2212 3633 2278 succubuerit,
3677 2212 3801 2266 XXV
3831 2226 4010 2263 annos

2324 2302 2637 2356 humilitati
2719 2302 3025 2370 subjaceat,
3104 2307 3161 2354 et
3218 2301 3471 2372 quinque
3521 2300 3685 2354 annis
3744 2298 4011 2353 orationi-

2322 2390 2448 2457 bus,
2477 2396 2533 2443 et
2563 2390 2641 2443 sic
2666 2390 3065 2444 communicet.

2326 2479 2452 2533 CAP.
2484 2480 2697 2533 XXXIX.
2722 2508 2789 2519 —
2816 2481 2889 2532 De
2908 2481 3150 2546 episcopo
3175 2479 3270 2544 qui
3297 2476 3585 2530 secundum
3614 2479 3869 2528 naturam
3896 2476 4010 2539 for-

2960 2566 3170 2617 nicatus
3186 2566 3377 2629 fuerit.

2397 2656 2510 2721 (Ea:
2563 2653 2923 2707 Pamitentiali
2970 2652 3222 2719 Theodo.)
3258 2653 3398 2704 Item
3439 2650 3497 2704 in
3529 2666 3744 2704 canone
3786 2654 4011 2719 aposto-

2323 2744 2509 2797 lorum
2561 2741 2849 2811 judicatur
2906 2745 2971 2793 ut
3025 2740 3341 2810 episcopus,
3386 2741 3701 2809 presbyter,
3743 2738 4013 2792 diaconus

2324 2830 2424 2900 qui
2479 2830 2537 2882 in
2580 2828 2970 2895 fornicatione,
3015 2834 3115 2881 aut
3145 2827 3420 2898 perjurio,
3475 2832 3573 2880 aut
3629 2828 3779 2881 furto
3815 2833 4013 2895 captus

2325 2924 2427 2984 est,
2463 2918 2802 2987 deponatur,
2844 2932 2962 2968 non
3014 2920 3204 2968 tamen
3261 2914 3665 2967 communione
3725 2914 4009 2983 privetur:

2324 3007 2459 3076 quia
2489 3022 2601 3058 non
2637 3004 2852 3074 judicat
2896 3005 3041 3057 Deus
3084 3003 3167 3056 bis
3215 3003 3275 3056 in
3307 3003 3573 3072 idipsum.
3604 3001 3660 3056 Si
3701 3001 3828 3071 quis
3867 3018 4013 3071 pon-

2324 3094 2460 3147 tifex
2493 3093 2924 3147 fornicationem
2980 3092 3177 3145 fecerit
3219 3092 3555 3153 naturalem,
3622 3089 3871 3159 synodus
3924 3089 4013 3141 in-

2327 3182 2532 3236 dicavit
2565 3187 2626 3235 ut
2662 3183 2701 3235 X
2744 3197 2925 3234 annos
2986 3180 3281 3250 poeniteat,
3334 3183 3386 3232 et
3431 3178 3628 3231 multis
3669 3177 3930 3247 lacrymis
3961 3184 4016 3230 et

2326 3270 2704 3339 eleemosynis
2742 3269 2967 3323 veniam
2999 3286 3030 3321 a
3057 3269 3298 3322 Domino
3325 3272 3498 3338 petat.
3548 3266 3850 3336 Presbyter
3900 3282 4012 3319 non

2326 3361 2558 3429 praelato
2594 3358 2853 3411 monachi
2884 3362 3011 3409 voto
3044 3373 3170 3410 cum
3204 3357 3393 3426 puella
3435 3356 3521 3408 vel
3556 3355 3852 3408 meretrice
3881 3371 4013 3424 pec-

2326 3464 2478 3512 Caus,
2526 3464 2703 3500 annos
2779 3454 2911 3513 tres,
2973 3452 3027 3498 et
3075 3446 3135 3498 in
3196 3446 3376 3498 tribus
3422 3444 3871 3514 quadragesimis
3929 3460 4011 3495 se-

2326 3536 2590 3600 cundam,
2626 3540 2680 3588 et
2710 3540 2991 3603 quartam,
3022 3538 3077 3587 et
3123 3538 3341 3586 sextam
3390 3533 3612 3597 feriam,
3673 3536 3730 3584 et
3771 3532 4014 3584 Sabbato

2326 3639 2553 3692 semper
2575 3624 2642 3676 de.
2671 3623 2815 3675 sicco
2847 3622 2972 3674 cibo
2999 3621 3291 3690 pmniteat.
3317 3620 3370 3675 Si
3394 3637 3521 3672 cum
3544 3620 3748 3672 ancilla
3775 3619 3894 3684 Dei,
3920 3623 4016 3671 aut

2326 3712 2599 3774 masculo,
2624 3712 2749 3779 plus
2771 3708 3311 3777 addaturjejunium
3344 3707 3401 3760 id
3424 3712 3525 3772 est,
3562 3712 3777 3775 septem
3812 3722 4014 3773 annos,

2326 3800 2372 3851 si
2394 3799 2452 3852 in
2484 3796 2890 3851 consuetudine
2954 3802 3054 3850 est.
3087 3796 3360 3850 Similiter
3394 3795 3641 3861 diaconi,
3674 3795 3716 3847 si
3750 3794 4016 3847 monachi

2328 3904 2441 3939 non
2473 3892 2624 3952 sunt,
2682 3885 2821 3938 duos
2868 3900 3066 3949 annos,
3125 3884 3268 3936 sicut
3316 3889 3372 3935 et
3419 3882 3683 3935 monachi
3740 3883 3840 3951 qui
3896 3883 4015 3935 sine

2327 3975 2507 4045 gradu
2534 3978 2685 4027 sunt.
2715 3973 2770 4027 Si
2804 3972 3025 4026 diaconi
3061 3971 3318 4024 monachi
3352 3976 3501 4038 sunt,
3558 3976 3775 4040 septem
3816 3986 4012 4022 annos.

2328 4062 2587 4118 Monachi
2614 4078 2743 4115 cum
2802 4062 2982 4131 gradu
3014 4065 3231 4130 septem
3279 4075 3455 4112 annos
3511 4058 3839 4128 pceniteant.
3874 4059 4017 4110 Item

2327 4152 2626 4221 episcopus
2650 4150 2696 4203 si
2726 4149 2849 4203 sine
2879 4154 3008 4202 voto
3044 4147 3309 4202 monachi
3334 4163 3463 4201 cum
3502 4147 3691 4216 puella
3723 4148 3809 4199 vel
3838 4162 4018 4198 mere-

2325 4241 2463 4293 trice
2525 4238 2859 4309 peccaverit,
2918 4238 2959 4290 X
3020 4252 3199 4289 annos
3255 4236 3545 4305 poeniteat.
3583 4234 3828 4288 Clericus
3889 4249 4017 4287 cum

2329 4329 2427 4381 tali
2489 4328 2678 4395 puella
2730 4326 2850 4377 sine
2911 4328 3041 4377 voto
3076 4323 3339 4377 monachi
3385 4324 3429 4375 si
3476 4322 3783 4375 fornicatus
3826 4321 4014 4387 fuerit,

2329 4430 2507 4469 unum
2538 4429 2749 4467 annum
2782 4412 3074 4482 poeniteat,
3125 4412 3172 4463 si
3212 4412 3560 4480 frequenter,
3617 4410 3757 4462 duos
3802 4424 4015 4473 annos;

2327 4520 2453 4557 cum
2490 4503 2760 4555 canonica
2805 4500 2947 4553 duos
2974 4515 3171 4563 annos,
3205 4499 3251 4549 si
3281 4498 3625 4567 frequenter,
3671 4501 3783 4547 tres
3815 4511 4013 4548 annos.

2328 4592 2387 4647 Si
2418 4589 2681 4659 genuerit
2712 4603 2777 4640 ex
2828 4603 2893 4639 ea
2926 4586 3127 4647 tilium,
3162 4590 3409 4654 quatuor
3461 4600 3663 4647 annos,
3695 4583 3789 4635 alii
3821 4583 4019 4635 dicunt

2327 4685 2566 4748 septem.
2602 4676 2934 4729 Theodorus
2985 4673 3153 4726 dixit:
3224 4672 3525 4725 Monachus
3582 4670 4017 4725 fornicationem

2327 4765 2560 4828 faciens,
2623 4767 2837 4831 septem
2892 4775 3071 4811 annos
3123 4758 3414 4828 paeniteat.
3477 4759 3617 4810 Item
3666 4758 3812 4810 Beda
3842 4757 4013 4810 dixit:

2327 4852 2632 4906 Monachus
2683 4847 3119 4903 fornicationem
3151 4862 3415 4917 quarens
3445 4851 3500 4899 et
3544 4862 3659 4898 non
3697 4846 4015 4913 invenit-ns,

2330 4956 2543 4993 annum
2591 4937 2891 4991 dimidium
2924 4935 3211 5006 poeniteat.
3240 4935 3381 4987 Item
3413 4934 3704 4988 Romanus
3733 4934 4017 5003 paeniten-

2329 5028 2558 5081 tionalis
2607 5026 2773 5078 dicit:
2833 5024 3137 5077 Monachus
3165 5023 3593 5076 fornicationem
3628 5022 3837 5075 faciens
3886 5038 4015 5073 cum

2332 5115 2625 5169 meretrice
2673 5114 2759 5166 vel
2823 5112 3033 5181 puella,
3093 5115 3226 5177 tres,
3294 5111 3340 5163 si
3398 5127 3526 5164 cum
3575 5109 3992 5163 sanctimoniali

2331 5209 2550 5273 septem
2581 5218 2758 5255 annos
2791 5201 3086 5270 poeniteat.
3135 5202 3273 5253 Item
3308 5199 3482 5252 laicus
3520 5199 3771 5267 privatus
3823 5214 4016 5251 macu-

2331 5292 2455 5344 lans
2506 5306 2740 5343 uxorem
2775 5288 3021 5359 proximi
3048 5353 3052 5357 _
3081 5288 3188 5353 sui,
3222 5291 3284 5340 ut
3325 5285 3691 5339 adulteritum
3724 5286 4013 5355 poeniteat.

2332 5379 2385 5432 Si
2421 5395 2546 5431 cum
2582 5378 2801 5447 virgine
2844 5376 3176 5447 peccaverit,
3234 5378 3469 5442 uterque
3500 5373 3773 5442 poeniteat
3799 5389 4014 5426 annum

2334 5482 2531 5519 unum.
2566 5466 2621 5519 Si
2654 5482 2780 5517 cum
2804 5465 3005 5518 ancilla
3038 5462 3157 5529 Dei,
3198 5465 3444 5530 quatuor
3474 5476 3673 5525 annos,
3716 5460 3762 5512 si
3796 5477 4016 5528 genue-

2332 5555 2407 5607 rit
2435 5570 2499 5607 ex
2548 5570 2633 5619 ea,
2668 5558 2886 5623 septem
2936 5567 3115 5605 annos
3146 5548 3436 5619 poeniteat.
3484 5550 3620 5601 Item
3652 5549 3699 5601 si
3730 5550 3855 5619 quis
3886 5565 4014 5617 pec-

2333 5640 2543 5693 caverit
2600 5640 2743 5693 sicut
2801 5639 3130 5703 Sodomita,
3200 5636 3431 5707 quidam
3490 5638 3531 5691 X
3588 5652 3765 5690 annos
3820 5637 4021 5692 dicunt
