3944 6398
217 373 320 426 927

1292 369 1704 426 BURCHARDI
1740 369 2274 426 WORMACIENSIS
2311 370 2654 428 EPISCOPI.

3636 378 3743 430 928

213 497 518 568 pmniteat:
568 495 668 568 qui
697 494 756 550 in
803 493 1224 550 consuetudine
1275 494 1465 561 habet,
1501 495 1748 566 amplius
1779 495 1915 566 pelli
1945 498 1993 551 Α
2031 496 2142 562 die,
2177 497 2316 552 XXX.
2371 497 2480 561 Qui
2526 512 2762 566 peccare
2800 497 3049 551 voluerit
3103 497 3163 551 in
3214 498 3456 565 somnis,
3518 502 3576 553 et
3621 515 3744 554 non

212 587 399 640 debet.
443 585 502 640 Si
523 590 714 639 autem
746 584 802 637 in
835 583 1015 655 gradu
1071 589 1206 638 sunt
1244 583 1653 654 degradentur,
1687 590 1746 638 et
1777 585 1922 638 sicut

213 675 342 730 laici
373 673 706 744 pceniteant.
743 672 837 726 Vir
869 673 970 744 qui
1000 672 1151 726 inter
1188 671 1410 727 femora
1441 673 1752 726 fornicatus
1798 673 1920 728 fue-

219 764 310 828 rit,
343 778 554 817 unum:
581 761 627 815 si
660 761 971 826 iteraverit,
998 762 1140 814 duos
1165 777 1347 814 annos
1383 762 1674 831 pmniteat.
1719 761 1775 815 Si
1813 778 1919 816 au-

219 858 334 906 tem
375 853 435 904 in
497 855 656 920 terga
706 849 1016 904 fornicatus
1052 849 1222 903 fuerit
1253 855 1368 904 tres
1410 866 1621 915 annos;
1680 850 1725 902 si
1758 850 1923 920 pueri

219 941 360 994 duos
405 953 607 992 annos.
663 937 929 1002 Quicum
988 938 1202 1008 pecude
1261 938 1573 992 fornicatus
1622 939 1796 992 fuerit
1833 939 1923 992 vel

215 1029 501 1097 jumento,
529 1027 569 1080 Χ
591 1041 774 1079 annos
805 1025 1096 1094 pceniteat.
1159 1025 1395 1095 Oportet
1433 1027 1585 1080 enim
1627 1027 1922 1081 discretio-

223 1132 351 1170 nem
395 1131 517 1169 esse
571 1115 721 1168 inter
768 1113 1105 1184 qualitatem
1153 1115 1442 1184 pecudum
1477 1116 1562 1168 vel
1596 1115 1921 1180 hominum,

221 1204 367 1258 sicut
395 1203 834 1274 supradiximus.
883 1203 1022 1256 Item
1056 1204 1358 1272 episcopus
1405 1218 1535 1256 cum
1589 1202 1924 1272 quadrupe-

221 1293 386 1347 dibus
418 1308 676 1363 peccans,
730 1293 768 1346 X
812 1307 992 1344 annos
1032 1291 1324 1362 paeniteat,
1357 1295 1413 1344 et
1459 1291 1700 1360 gradum
1757 1291 1921 1344 ainit-

223 1384 324 1445 tat,
354 1379 651 1450 presbyter
676 1379 738 1446 V,
781 1378 1058 1433 diaconus
1088 1384 1224 1444 tres,
1257 1377 1499 1432 clericus
1519 1378 1681 1432 duos.

223 1505 352 1559 CAP.
385 1504 490 1560 XL.
521 1532 594 1544 —
630 1505 703 1558 De
755 1502 1031 1557 sacerdote
1074 1504 1172 1572 qui
1222 1518 1321 1571 per
1369 1503 1780 1571 turpiloquium,
1823 1505 1925 1556 aut

363 1591 464 1646 per
510 1579 846 1644 conspectum
901 1574 1250 1627 libidinosum
1293 1574 1534 1642 pollutus
1588 1575 1777 1639 fuerit.

295 1679 404 1750 (Ea:
434 1679 800 1734 Pwnitentiuli
845 1676 1126 1747 Romano.)
1173 1677 1447 1732 Sacerdos
1476 1676 1575 1747 qui
1606 1691 1710 1746 per
1739 1675 1924 1747 turpi-

2030 585 2206 639 fuerit
2235 586 2510 654 pollutus,
2542 587 2712 642 XXXV
2745 587 2999 642 Psalmos
3029 589 3239 640 cantet.

2033 672 2161 725 CAP.
2196 673 2380 726 XLIII.
2403 701 2474 712 —
2505 675 2574 726 De
2596 673 2803 726 clericis
2832 675 2929 740 qui
2956 689 3054 740 per
3082 675 3254 727 malas
3288 674 3634 740 cogitationes
3663 688 3746 728 se-

2648 759 2766 796 men
2805 743 3120 811 effuderint.

2106 831 2211 896 (Ea:
2244 832 2606 886 I'mnitentiali
2638 831 2924 901 Romano.)
2971 831 3222 886 Clericus
3253 831 3298 884 si
3347 848 3541 885 semen
3571 831 3743 885 fnde-

2033 918 2110 972 rit
2147 935 2263 972 non
2317 920 2605 990 tangendo
2665 936 2766 990 per
2805 921 2983 973 malas
3041 920 3468 986 delectationes,
3520 925 3740 990 septem

2034 1007 2154 1061 dies
2209 1007 2498 1078 paeniteat.
2554 1008 2608 1062 Si
2669 1008 2853 1077 tangit
2904 1025 3016 1062 cun
3061 1025 3236 1062 manu
3292 1010 3376 1064 XX
3406 1009 3529 1062 dies
3561 1009 3743 1079 paeni-

2032 1100 2168 1152 teat.
2211 1096 2265 1150 Si
2285 1096 2577 1162 diaconus,
2609 1098 2732 1151 XXX
2775 1097 2928 1162 dies;
2979 1097 3032 1153 si
3063 1097 3380 1168 presbyter,
3428 1098 3740 1151 hebdoma-

2033 1184 2152 1247 das,
2187 1185 2306 1238 IIII.
2336 1185 2634 1254 Presbyter
2664 1185 2710 1237 si
2742 1201 2937 1238 semen
2963 1185 3175 1238 fuderit
3204 1202 3307 1254 per
3327 1185 3736 1255 cogitationem

2033 1277 2254 1343 septem
2294 1273 2414 1326 dies
2443 1273 2736 1343 poeniteat,
2778 1273 3094 1328 monachus
3134 1273 3415 1327 similiter.
3485 1273 3593 1345 Qui
3639 1290 3737 1327 vo-

2034 1359 2280 1415 luntarie
2335 1377 2528 1413 semen
2587 1360 2776 1414 fundit
2829 1360 2889 1414 in
2943 1361 3208 1426 Ecclesia,
3252 1361 3298 1414 si
3356 1362 3596 1415 clericus
3628 1367 3734 1428 est,

2033 1449 2176 1503 XIIII
2211 1449 2349 1502 dies.
2401 1449 2456 1503 Si
2491 1451 2824 1513 monachus,
2871 1455 2970 1503 aut
3017 1451 3306 1514 diaconus,
3335 1452 3457 1506 XXX
3505 1451 3645 1504 dies.
3679 1451 3740 1506 Si

2034 1538 2349 1607 presbyter,
2381 1537 2474 1591 XL
2513 1538 2558 1590 si
2578 1539 2898 1608 episcopus,
2933 1539 2971 1592 L
3006 1539 3124 1591 dies
3153 1539 3446 1608 paeniteat.

2036 1625 2162 1679 CAP.
2204 1626 2378 1680 XLIV.
2429 1655 2502 1666 —
2549 1627 2610 1681 Si
2641 1629 2833 1680 mulier
2864 1627 3052 1682 debeat
3087 1630 3340 1694 separari
3385 1644 3418 1682 a
3453 1630 3570 1682 viro
3616 1642 3738 1693 suo,

2106 1712 2224 1764 quae
2251 1697 2425 1764 ﬁlium
2456 1712 2613 1752 suum
2638 1713 2766 1753 casu
2791 1715 2892 1768 per
2910 1700 3296 1765 negligentiam
3329 1714 3363 1752 α
3412 1701 3562 1765 fonte
3610 1713 3740 1753 sus-

223 1768 510 1839 quuium,
565 1783 666 1822 seu
694 1775 999 1838 conspectu
1032 1767 1337 1821 libidinoso
1369 1765 1774 1836 coinquinatus
1803 1766 1924 1820 fue-
1964 1769 2005 1823 Β
2105 1771 2323 1836 ceperit.

223 1858 320 1921 rit,
350 1873 463 1910 non
499 1862 693 1910 tamen
743 1856 983 1910 voluerit
1012 1855 1313 1920 fornicare,
1369 1857 1408 1910 X
1451 1855 1570 1909 dies
1624 1855 1920 1924 paeniteat.

225 1945 544 2016 Presbyter,
579 1945 624 1998 si
652 1945 936 1999 osculatus
971 1949 1060 1998 est
1087 1945 1384 1998 faeminam
1418 1960 1521 2014 per
1551 1943 1922 2006 desiderium,

223 2041 282 2090 et
341 2049 538 2088 semen
595 2033 825 2099 fuderit,
874 2033 957 2087 XX
1013 2033 1133 2086 dies
1181 2032 1471 2103 poeniteat.
1524 2032 1826 2097 Diaconus,
1885 2033 1925 2086 X

225 2123 365 2189 dies,
407 2122 673 2175 similiter
731 2122 1063 2175 monachus.
1115 2121 1362 2176 Clericus
1426 2124 1666 2191 septem.
1730 2119 1928 2173 Laicus

228 2198 495 2282 quatuor.
529 2211 669 2264 Item
718 2208 762 2262 si
793 2209 1093 2279 presbyter
1131 2225 1329 2262 semen
1388 2208 1601 2262 fuderit
1650 2223 1752 2277 per
1779 2207 1930 2277 cogi-

226 2299 505 2352 tationem
535 2303 753 2368 septem
783 2297 903 2352 dies
932 2297 1225 2367 paeniteat,
1277 2297 1324 2352 si
1365 2297 1550 2367 tangit
1580 2312 1708 2350 cum
1755 2312 1929 2349 manu

228 2393 341 2441 tres
402 2386 810 2441 hebdomadas.
882 2386 1192 2456 Episcopus
1255 2386 1301 2439 si
1367 2403 1472 2457 per
1521 2386 1930 2455 cogitationem

228 2475 460 2538 fuderit,
519 2480 767 2545 quatuor
829 2475 1218 2529 hebdomadas
1275 2474 1575 2545 paeniteat.
1639 2473 1696 2528 Si
1748 2472 1932 2542 tangit

228 2579 358 2617 cum
399 2578 573 2616 manu
621 2561 894 2616 diaconus
947 2567 1005 2616 et
1070 2578 1265 2616 semen
1325 2562 1559 2627 fuderit,
1617 2562 1736 2616 XIII
1785 2561 1926 2628 dies,

228 2651 542 2705 monachus
573 2649 854 2704 similiter.
909 2651 1108 2715 Aliter,
1171 2650 1214 2703 si
1262 2649 1521 2717 clericus,
1554 2649 1757 2720 viginti
1784 2649 1925 2716 dies,

229 2744 444 2810 quanto
470 2739 652 2807 magis
685 2737 782 2792 alii
811 2739 1070 2810 gradus?
1127 2738 1181 2792 Si
1239 2738 1678 2810 impugnatione
1722 2738 1929 2792 mentis

229 2829 716 2900 coinquinabitur,
749 2834 965 2900 septem
1023 2828 1147 2882 dies
1175 2829 1469 2898 poeniteat,
1500 2829 1587 2882 vel
1628 2843 1930 2899 quousque

229 2916 502 2987 cogitatio
561 2917 836 2971 vincatur.
874 2918 932 2972 Si
970 2918 1032 2971 in
1075 2918 1292 2971 somnis
1335 2918 1625 2970 voluntate
1679 2917 1932 2987 pollutus

2105 1855 2212 1925 (Ea:
2241 1855 2386 1909 decr.
2436 1855 2745 1921 Deusdedit,
2792 1871 2950 1924 papa
2999 1855 3273 1912 Gordiano
3319 1857 3566 1925 episcopo
3604 1856 3744 1910 mis-

2032 1944 2160 2012 sis.)
2195 1944 2504 1998 Deusdedit
2533 1949 2740 1998 sancta:
2781 1945 3068 2011 Romanae,
3105 1949 3163 1998 et
3191 1945 3515 2016 apostolicae
3549 1945 3743 1998 Eccle-

2035 2032 2132 2086 siaa
2166 2033 2494 2104 Episcopus,
2557 2033 2844 2087 Gordiano
2904 2033 3270 2102 Hispanensis
3321 2033 3584 2086 Ecclesia;
3639 2048 3745 2086 co-

2035 2122 2321 2192 episcopo,
2351 2127 2407 2175 et
2455 2121 2615 2175 fratri
2646 2121 3031 2175 dilectissimo.
3069 2121 3332 2174 Pervenit
3360 2121 3431 2174 ad
3471 2137 3574 2174 nos
3615 2121 3744 2174 dia-

2036 2227 2212 2264 conus
2261 2215 2463 2274 vester,
2525 2217 2725 2263 vestraa
2769 2209 3082 2263 sanctitatis
3114 2210 3412 2280 epistolam
3464 2209 3739 2277 inferens,

2037 2299 2188 2369 quod
2237 2298 2470 2368 quidam
2497 2297 2624 2366 viri,
2657 2298 2829 2352 etiam
2857 2302 2913 2353 et
2971 2299 3236 2352 mulieres
3265 2298 3554 2368 praeterito
3609 2298 3742 2351 sab-

2034 2388 2166 2442 bato
2198 2387 2453 2441 Paschali
2482 2387 2596 2452 die,
2659 2403 2762 2458 pro
2822 2403 3033 2457 magno
3081 2388 3429 2458 populorum
3478 2386 3740 2454 incursu,

2038 2475 2353 2530 nescientes
2387 2492 2522 2530 suos
2548 2475 2696 2530 filios
2724 2477 3107 2546 suscepissent
3136 2492 3201 2529 ex
3244 2477 3466 2528 lavacro
3515 2481 3737 2529 sancto.

2038 2563 2211 2634 Cupis
2269 2563 2481 2618 etenim
2548 2563 2713 2630 scire,
2774 2563 2821 2617 si
2878 2580 2980 2635 pro
3031 2563 3132 2617 tali
3187 2563 3463 2617 accidenti
3512 2563 3740 2616 ratione

2037 2652 2280 2706 debeant
2311 2652 2417 2705 viri
2473 2657 2530 2705 et
2557 2653 2826 2705 mulieres
2866 2653 2938 2706 ad
2989 2667 3156 2706 suum
3207 2652 3507 2722 proprium
3567 2667 3740 2704 usum

2036 2739 2246 2806 redire,
2279 2756 2351 2792 an
2404 2756 2535 2792 non.
2601 2741 2712 2793 Nos
2763 2739 2918 2793 enim
2976 2755 3042 2793 ex
3098 2741 3204 2794 hac
3249 2739 3482 2793 tristitia
3529 2739 3739 2804 mmsti,

2038 2829 2442 2900 inquisivimus
2499 2828 2758 2898 priorum
2811 2833 3132 2883 nostrorum
3191 2828 3358 2882 dicta.
3412 2827 3745 2881 Invenimus

2040 2925 2231 2972 autem
2262 2917 2321 2971 in
2376 2918 2604 2971 archivo
2636 2918 2804 2987 hujus
2863 2918 3186 2988 apostolica:
3237 2917 3384 2971 sedis
3435 2917 3555 2986 jam
3606 2917 3744 2970 talia

230 3006 322 3072 sit,
348 3009 560 3076 surgat,
595 3010 899 3074 cantetque
934 3010 1154 3075 septem
1183 3006 1436 3060 Psalmos
1483 3004 1928 3074 pcenitentiales,
1964 3047 2004 3103 Ο
2041 3006 2347 3076 contigisse
2408 3006 2470 3060 in
2537 3006 2779 3060 Ecclesia
2857 3007 3149 3071 Hisauriaa,
3224 3011 3280 3059 et
3335 3004 3742 3070 Etthesiorum,

230 3093 286 3147 id
319 3097 419 3157 cst,
458 3094 712 3154 Domine,
738 3093 886 3148 nein
917 3093 1134 3147 furore.
1168 3095 1208 3148 Ι.
1269 3093 1421 3147 Beati
1443 3109 1710 3163 quorum.
1741 3093 1930 3146 Domi-

229 3198 322 3249 ne,
353 3197 425 3234 ne
455 3180 515 3235 in
567 3181 781 3235 furore.
839 3182 905 3235 II.
942 3182 1204 3235 Miserere
1242 3181 1377 3248 mei,
1441 3183 1605 3235 Deus.
1667 3182 1928 3247 Domine,

231 3269 458 3323 exaudi.
493 3270 569 3322 De
594 3269 914 3340 profundis.
963 3269 1222 3335 Domine,
1273 3269 1478 3323 exaudi
1509 3271 1595 3322 vel
1626 3271 1929 3339 unusquis-

229 3374 340 3429 que
407 3359 720 3412 secundum
802 3374 964 3411 suam
1025 3358 1312 3423 virtutem,
1365 3363 1421 3412 et
1476 3359 1536 3411 in
1596 3375 1762 3412 mane
1807 3360 1932 3413 XXX

233 3446 485 3500 Psalmos
547 3449 751 3500 cantet.
809 3447 1014 3500 Volens
1066 3452 1259 3500 autem
1319 3446 1378 3499 in
1415 3447 1628 3500 somnis
1673 3463 1928 3516 peccare,

229 3535 350 3589 sive
397 3534 492 3605 qui
548 3535 804 3605 pollutus
854 3535 926 3589 sit
976 3535 1095 3589 sine
1159 3537 1470 3601 voluntate,
1533 3537 1618 3589 XV
1677 3537 1930 3590 Psalmos

229 3628 434 3677 cantet.
465 3625 709 3677 Peccans
738 3639 856 3678 non
911 3624 1181 3695 pollutus,
1253 3624 1458 3694 viginti
1490 3628 1741 3695 quatuor
1777 3626 1931 3679 Psal-

232 3727 373 3766 mos.

673 3816 800 3870 CAP.
833 3817 967 3871 XLI.
996 3846 1070 3858 —
1098 3821 1169 3872 De
1199 3818 1383 3873 eadem
1407 3835 1485 3873 re.

304 3920 412 3991 (Ea:
440 3923 807 3976 Pasnitentiali
857 3921 1109 3990 Theodo.)
1146 3924 1285 3976 Item
1317 3922 1375 3976 in
1433 3939 1633 3976 somno
1671 3939 1932 3993 peccans,

234 4010 277 4062 si
307 4025 372 4063 ex
411 4009 753 4079 cogitatione
797 4010 1053 4079 pollutus
1109 4009 1297 4074 fuerit,
1332 4011 1461 4065 XXV
1522 4012 1776 4065 Psalmos
1815 4029 1940 4066 can-

235 4102 332 4152 tet.
365 4099 428 4152 In
455 4113 658 4152 somno
707 4113 948 4167 peccans
980 4097 1101 4151 sine
1127 4099 1494 4164 cogitatione,
1531 4101 1630 4159 XII
1659 4100 1934 4154 Psalmos.

235 4187 290 4239 Si
318 4202 514 4240 semen
545 4185 756 4240 fuderit
784 4187 844 4239 in
877 4186 1122 4239 Ecclesia
1161 4203 1262 4257 per
1319 4187 1750 4256 dormitionem,
1811 4204 1939 4242 can-

237 4279 316 4327 tet
365 4273 722 4340 Psalterium,
757 4275 841 4328 vel
888 4279 1001 4327 tres
1033 4274 1155 4329 dies
1195 4275 1498 4344 paeniteat:
1530 4275 1577 4329 si
1617 4276 1934 4332 voluntarie

237 4379 432 4416 semen
462 4362 674 4417 fuderit
703 4363 761 4416 in
814 4363 1060 4416 Ecclesia
1098 4364 1250 4416 mala
1302 4363 1669 4433 cogitatione,
1693 4365 1741 4418 si
1773 4365 1934 4418 cleri-

237 4469 351 4516 cus,
394 4453 508 4506 XIV
535 4451 674 4516 dies,
733 4451 1027 4516 diaconus,
1087 4453 1242 4519 XXV,
1293 4453 1594 4523 presbyter
1650 4454 1753 4520 XL,
1820 4453 1940 4524 epi-

235 4557 255 4592 s
278 4555 460 4610 :opus,
481 4540 541 4605 L,
571 4539 903 4600 monachus,
932 4541 1075 4594 XXX.

237 4647 362 4701 Car.
418 4645 575 4700 XLII.
630 4676 697 4685 —
728 4648 802 4699 De
840 4648 951 4717 illis
984 4649 1082 4714 qui
1124 4662 1225 4715 per
1273 4647 1605 4702 illecebrosos
1656 4649 1940 4717 amplexus

720 4715 1070 4782 fwminarum
1099 4719 1438 4786 polluuntur.

308 4821 416 4891 (Ea:
467 4823 833 4876 Pamitentiali
880 4822 1044 4877 Beda:
1087 4825 1202 4892 pr.)
1251 4823 1358 4888 Qui
1417 4839 1518 4894 per
1575 4824 1940 4879 illecebrosas

237 4907 535 4977 amplexus
589 4908 857 4975 foeminae,
919 4910 1005 4962 vel
1064 4911 1257 4963 osculo
1325 4911 1620 4980 polluitur,
1677 4913 1760 4966 XX
1821 4913 1940 4966 dies

238 4996 530 5064 pceniteat.
565 4997 670 5060 Qui
726 4997 915 5066 tetigit
964 4997 1343 5052 inverecunde
1393 5015 1624 5054 carnem
1681 4999 1939 5069 ejusdem

236 5084 507 5151 foeminze,
531 5089 644 5138 tres
665 5101 889 5139 menses
916 5085 1208 5155 poeniteat.
1242 5087 1348 5151 Qui
1379 5104 1482 5158 per
1519 5089 1939 5160 turpiloquium

237 5173 533 5244 polluitur,
589 5179 810 5243 septem
843 5173 964 5227 dies
1018 5175 1314 5243 poeniteat.
1365 5177 1663 5248 Presbyter
1693 5179 1735 5232 si
1769 5195 1939 5231 osen-

238 5265 382 5316 latus
439 5262 614 5316 fuerit
664 5263 958 5316 fmminam
1014 5279 1117 5332 per
1147 5263 1512 5318 immundum
1566 5266 1936 5332 desiderium,

233 5350 320 5404 XX
358 5349 479 5403 dies
509 5350 798 5419 pmnitcat.
865 5351 920 5405 Si
956 5350 1289 5421 inquinatus
1317 5352 1503 5414 fuerit,
1540 5353 1624 5407 XL
1667 5353 1788 5407 dies
1819 5370 1937 5422 pm-

238 5439 434 5490 niteat.
470 5438 574 5499 Qui
608 5437 666 5491 in
723 5438 967 5491 Ecclesia
998 5455 1101 5508 per
1149 5455 1416 5493 somnum
1474 5441 1771 5509 polluitur,
1827 5446 1940 5494 tres

239 5525 358 5576 dies
389 5525 682 5592 poeniteat.
719 5526 824 5590 Qui
858 5526 915 5580 in
949 5527 1165 5580 somnis
1221 5529 1513 5581 voluntate
1547 5529 1802 5598 pollutus
1832 5533 1936 5590 est,

239 5615 437 5680 surgat
464 5617 522 5664 et
549 5617 737 5666 cantet
766 5619 984 5683 septem
1022 5615 1276 5668 Psalmos
1311 5616 1757 5685 poenitentiales,
1792 5623 1850 5671 et
1877 5617 1936 5671 in

2043 3095 2330 3165 simulque
2380 3095 2810 3164 Hierosolyma,
2867 3095 3038 3148 etiam
3084 3093 3327 3148 aliarum
3363 3092 3744 3146 Ecclesiarum

2042 3183 2343 3254 episcopis,
2406 3189 2461 3236 et
2517 3199 2714 3237 earum
2771 3183 3062 3237 civitatum
3129 3183 3198 3236 ab
3260 3183 3364 3236 hac
3431 3181 3746 3251 apostolica

2043 3273 2197 3339 sede,
2229 3272 2548 3325 volentibus
2570 3272 2735 3336 scire,
2774 3271 2820 3324 si
2851 3271 2959 3324 viri
2986 3277 3040 3325 et
3083 3271 3354 3324 mulieres
3386 3269 3644 3323 redirent
3671 3269 3743 3324 ad

2041 3361 2343 3431 proprium
2373 3361 2625 3414 thorum.
2661 3361 2845 3415 Beata:
2889 3359 3181 3413 memoriae
3239 3357 3582 3411 sanctissimi
3628 3372 3740 3426 pa-

2040 3453 2175 3514 tres,
2207 3449 2410 3511 Julius,
2461 3448 2844 3515 Innocentius,
2878 3456 2933 3502 et
2988 3447 3303 3501 Celestinus
3355 3462 3484 3499 cum
3518 3444 3744 3515 episco-

2042 3553 2247 3608 porum
2309 3537 2695 3607 plurimorum
2753 3541 2808 3590 et
2886 3537 3242 3590 sacerdotum
3304 3540 3608 3598 conventu,
3681 3534 3745 3588 in

2044 3626 2290 3681 Ecclesia
2342 3625 2492 3680 beati
2567 3626 2960 3696 apostolorum
3028 3624 3302 3696 principis
3368 3623 3746 3693 prohibentes

2043 3714 2199 3781 talia,
2263 3714 2716 3784 perscripserunt
2766 3718 2824 3767 et
2887 3712 3389 3778 confirmaverunt,
3453 3716 3518 3764 ut
3584 3709 3747 3763 nullo

2047 3803 2215 3857 modo
2263 3818 2322 3855 se
2383 3803 2440 3856 in
2482 3803 2752 3872 conjugio
2793 3802 3114 3871 reciperent
3143 3800 3434 3866 mulieres,
3488 3801 3587 3852 aut
3614 3797 3747 3866 viri,

2047 3891 2146 3964 qui
2170 3907 2273 3961 per
2298 3906 2700 3961 quamcunque
2730 3891 3011 3944 rationem
3054 3889 3411 3957 susciperent
3440 3892 3619 3953 natos,
3647 3886 3749 3939 sed

2046 3985 2379 4049 separarent
2402 3995 2490 4032 se:
2522 3995 2593 4031 ne
2630 3979 2900 4032 suadente
2927 3978 3156 4032 diabolo
3172 3978 3282 4030 tale
3305 3976 3505 4029 vitium
3528 3977 3750 4045 peccari

2047 4068 2318 4121 inolescat
2344 4083 2448 4136 per
2479 4066 2782 4131 mundum,
2832 4071 2890 4120 et
2918 4065 3317 4118 universorum
3349 4079 3508 4118 error
3554 4079 3752 4117 accre-

2049 4156 2182 4205 scat.
2214 4150 2377 4205 Scitis
2408 4150 2545 4221 quia
2574 4150 2862 4220 quomodo
2922 4154 3056 4203 sunt
3112 4155 3330 4218 septem
3381 4148 3530 4202 dona
3567 4147 3749 4200 sancti

2047 4239 2311 4309 Spiritus,
2362 4239 2441 4292 ita
2493 4243 2626 4291 sunt
2680 4243 2897 4308 septem
2952 4237 3104 4291 dona
3135 4236 3426 4307 baptismi.
3458 4235 3749 4306 Aprimo-

1967 4333 2010 4387 D
2050 4326 2260 4397 pabulo
2340 4326 2543 4379 sacrati
2599 4326 2752 4387 salis,
2809 4330 2866 4379 et
2919 4325 3184 4395 ingressu
3233 4331 3440 4379 sanctae
3490 4324 3748 4378 Ecclesia:

2051 4431 2234 4485 usque
2251 4415 2320 4468 ad
2343 4415 2839 4468 confirmationem
2863 4415 3106 4485 Spiritus
3128 4415 3305 4468 sancti
3337 4430 3439 4484 per
3466 4413 3744 4467 Chrisma.

2051 4505 2130 4560 Ab
2179 4505 2286 4557 hoc
2324 4504 2511 4574 primo
2551 4503 2797 4572 Spiritus
2837 4503 3018 4556 sancti
3049 4503 3204 4557 dono
3241 4518 3424 4574 usque
3455 4502 3524 4556 ad
3577 4502 3750 4571 septi-

2052 4609 2232 4660 mum,
2276 4592 2466 4646 nullus
2513 4592 2867 4647 Christianus
2907 4608 3068 4645 suam
3111 4595 3482 4644 commatrem
3511 4588 3571 4640 in
3605 4603 3747 4641 con-

2044 4682 2274 4752 jugium
2329 4682 2582 4751 recipere
2624 4682 2812 4746 debet,
2862 4686 2918 4735 et
2960 4681 3058 4752 qui
3116 4677 3561 4750 praesumpserit,
3621 4693 3752 4730 ana-

2048 4771 2318 4824 thematis
2349 4770 2574 4823 vinculo
2599 4771 2871 4840 religetur
2903 4770 2962 4823 in
2993 4775 3288 4840 perpetuo,
3321 4767 3431 4820 nisi
3461 4765 3749 4837 paeniten-

2049 4859 2188 4913 tiam
2253 4860 2437 4929 egerit
2499 4860 2691 4929 digne.
2756 4859 3016 4913 Mulieres
3076 4874 3211 4911 vero
3276 4872 3404 4910 cum
3469 4859 3750 4924 separata:

2048 4947 2282 5015 fuerint,
2309 4963 2373 5001 ac
2411 4964 2515 5019 pro
2541 4948 2735 5001 illicita
2769 4949 2990 5000 actione
3023 4962 3054 4998 a
3085 4945 3332 5016 propriis
3375 4943 3529 5006 viris,
3565 4949 3746 4997 totam

2049 5037 2416 5107 praecipimus
2466 5037 2720 5106 recipere
2771 5035 2987 5099 dotem,
3023 5050 3196 5104 quam
3253 5033 3310 5085 in
3363 5032 3454 5086 die
3503 5032 3749 5103 nuptiali

2048 5125 2390 5193 receperint,
2433 5129 2489 5176 et
2511 5129 2640 5192 post
2679 5123 2968 5192 expletum
3003 5137 3216 5174 annum
3251 5119 3527 5189 recipiant
3567 5121 3747 5178 alium

2049 5213 2255 5277 virum,
2289 5211 2333 5263 si
2363 5212 2650 5264 voluerint
2703 5209 2978 5263 Similiter
2999 5214 3053 5262 et
3078 5209 3162 5262 vir
3193 5225 3445 5262 uxorem.

2049 5301 2178 5354 CAP.
2213 5299 2365 5353 XLV.
2401 5328 2466 5338 —
2503 5303 2572 5352 De
2601 5315 2657 5349 eo
2704 5301 2800 5365 qui
2844 5299 3156 5368 spiritalem
3189 5299 3346 5350 habet
3396 5303 3745 5367 compatrem,

2120 5372 2275 5434 cujus
2321 5385 2460 5422 uxor
2506 5376 2793 5422 commater
2848 5385 2953 5422 non
3012 5375 3109 5430 est,
3169 5375 3220 5424 et
3261 5385 3318 5423 eo
3371 5369 3647 5435 defuncto,
3699 5373 3750 5425 si

2119 5443 2234 5509 ejus
2266 5440 2487 5493 viduam
2525 5441 2694 5507 possit
2725 5439 2914 5494 ducere
2934 5455 3175 5494 umorem.

2122 5530 2234 5598 (Ex
2270 5530 2492 5582 concilio
2535 5529 2777 5593 Triburi,
2811 5531 2898 5581 cui
2946 5531 3199 5595 interfuit
3263 5545 3362 5583 rea:
3411 5528 3744 5597 Arnolphus,

2049 5619 2225 5688 capite
2266 5617 2380 5687 47.)
2439 5616 2546 5681 Qui
2581 5617 2900 5687 spiritalem
2949 5621 3303 5688 compatrem
3356 5617 3551 5684 habet,
3582 5615 3747 5687 cujus
