3944 6392
171 404 273 459 929

955 401 1437 458 DECRETORUM
1479 403 1669 459 LIBRI
1707 403 1813 459 XX.
1859 433 1925 442 —
1965 403 2172 460 LIBER
2214 404 2519 461 DECIMUS
2557 404 2914 461 SEPTIMUS.

3596 410 3697 462 930

171 529 357 583 ﬁlium
390 528 461 582 de
490 529 713 583 lavacro
744 544 918 582 sacra:
958 528 1131 582 fontis
1187 528 1423 599 accepit,
1459 534 1514 583 et
1568 531 1692 599 ejus
1740 546 1885 583 uxor
1917 532 1958 583 A
2000 530 2216 583 lestiam
2252 530 2570 583 sustinebat
2603 547 2634 583 a
2675 529 2876 599 spiritu
2924 529 3335 584 fornicationis.
3392 532 3546 585 Abiit
3594 549 3695 587 au-

171 624 483 672 commater
511 634 627 670 non
661 624 765 684 est,
800 617 968 670 liceat
999 618 1052 671 ei
1101 618 1367 671 defuncto
1425 623 1716 687 compatre
1779 634 1881 672 suo

177 709 297 778 ejus
329 708 560 760 viduam
631 707 929 760 ducerein
990 723 1246 772 uxorem,
1291 709 1336 760 si
1393 709 1612 761 nullam
1670 707 1885 761 habent

170 795 690 866 consanguinitatis
732 796 1249 866 propinquitatem.
1301 796 1447 859 Quid
1499 796 1695 849 enim?
1726 797 1881 849 Nun-

172 885 305 954 quid
344 900 461 937 non
512 888 755 954 possunt
802 883 1097 953 conjungi,
1142 900 1286 954 quos
1336 885 1495 937 nulla
1539 884 1883 953 proximitas

172 974 435 1039 carnalis,
470 974 556 1026 vel
586 972 644 1025 in
678 973 733 1025 id
764 974 1060 1042 generatio
1094 972 1341 1026 secernit
1372 972 1666 1041 spiritalis.

176 1062 302 1116 Car.
338 1061 515 1115 XLVI.
550 1091 619 1100 —
671 1064 742 1114 De
780 1076 852 1121 eo,
889 1064 940 1114 si
966 1063 1170 1129 aliquis
1200 1076 1310 1114 suae
1340 1062 1613 1128 spiritalis
1657 1076 1885 1115 comma-

532 1134 631 1186 tris
660 1134 830 1200 ﬁliam
859 1148 1083 1185 umorem
1114 1134 1304 1185 ducere
1332 1136 1520 1199 possit.

244 1222 353 1291 (Ea:
382 1221 585 1286 eodem,
633 1224 810 1289 capite
849 1222 964 1289 48.)
1014 1220 1158 1273 Illud
1215 1222 1408 1285 etiam,
1465 1236 1570 1273 nec
1612 1220 1884 1274 canonica

176 1310 539 1364 institutione
588 1310 916 1377 deﬁnimus,
950 1325 1052 1363 nec
1100 1310 1521 1363 introductione
1579 1309 1770 1379 aliqua
1802 1325 1884 1362 re-

174 1400 447 1464 futamus,
484 1399 581 1452 sed
614 1405 846 1467 propter
878 1414 974 1451 eos
1009 1399 1108 1468 qui
1138 1398 1354 1451 diverse
1387 1399 1455 1451 de
1495 1414 1563 1451 eo
1606 1399 1880 1465 sentiunt,

174 1488 281 1541 hoc
318 1490 441 1541 loco
471 1487 689 1557 aliquid
725 1503 1265 1540 commemoramus.
1321 1486 1376 1540 Si
1409 1486 1537 1556 quis
1567 1502 1684 1539 suae
1715 1486 1883 1556 spiri-

173 1577 301 1630 talis
347 1576 682 1630 commatris
740 1576 915 1630 ﬁliam
969 1575 1228 1641 fortuitu,
1279 1581 1336 1627 et
1387 1574 1466 1627 ita
1514 1575 1884 1644 contingente

173 1681 366 1719 rerum
397 1681 530 1718 casu
552 1666 607 1718 iu
640 1665 973 1734 conjugium
1007 1664 1250 1729 duxerit,
1303 1663 1543 1716 concilio
1584 1664 1884 1717 maturiori

172 1760 416 1821 servato,
478 1754 706 1820 habeat,
764 1760 934 1824 atque
992 1754 1233 1807 honeste
1310 1752 1567 1821 legitimo
1614 1754 1881 1822 coujugio

172 1859 410 1912 operam
438 1842 549 1895 det.

174 1934 302 1985 CAP.
327 1931 527 1985 XLVII.
551 1961 618 1971 —
647 1932 724 1985 De
746 1931 1000 2000 quodam,
1030 1934 1126 1997 qui
1146 1946 1298 1984 suam
1319 1933 1545 2001 ﬁliolam
1578 1932 1884 2000 spiritalem

830 2006 1223 2069 constupravit.

244 2073 353 2140 (Ea:
394 2074 602 2143 Dialog.
664 2072 907 2142 Gregor.)
961 2073 1239 2126 Tcrribile
1297 2073 1467 2126 etiam
1506 2071 1778 2143 quiddam
1825 2071 1884 2125 in

174 2161 413 2214 Valeriae
480 2161 775 2230 provincia
839 2161 1147 2230 contigisse
1204 2161 1289 2214 vir
1353 2163 1481 2215 vitae
1550 2160 1885 2214 venerabilis

173 2250 546 2303 Maximianus
576 2249 957 2320 Syracusanus
991 2249 1309 2320 episc0pus,
1365 2250 1464 2320 qui
1511 2250 1605 2303 diu
1654 2249 1715 2303 in
1781 2249 1886 2303 hac

173 2339 314 2392 urbe
356 2356 485 2393 meo
539 2338 891 2392 monasterio
958 2339 1207 2409 praefuit,
1262 2354 1495 2392 narrare
1567 2338 1882 2405 consuevit,

174 2427 391 2495 dicens,
442 2427 688 2491 Quidam
738 2427 986 2493 cerialis,
1048 2427 1165 2481 illic
1195 2428 1577 2480 sacratissimo
1630 2426 1884 2480 Paschali

173 2516 441 2584 Sabbato,
489 2516 856 2586 juvencnlam
888 2516 1214 2585 cusjusdam
1244 2517 1419 2570 ﬁliam
1453 2516 1509 2569 in
1541 2516 1882 2586 baptismate

172 2605 443 2674 suscepit.
476 2604 584 2667 Qui
614 2608 741 2673 post
781 2604 1070 2673 jejunium
1101 2604 1337 2657 domum
1371 2620 1649 2671 reversus,
1700 2603 1882 2656 multo

170 2696 298 2747 vino
332 2692 669 2757 inebriatus,
702 2694 940 2747 eandem
967 2692 1201 2745 ﬁliolam
1234 2710 1397 2745 suam
1417 2709 1609 2746 secum
1653 2708 1881 2744 manere

169 2782 357 2851 petiit,
393 2796 635 2850 eamque
668 2786 831 2832 nocte
859 2779 975 2844 illa,
1009 2780 1163 2849 quod
1203 2780 1352 2833 dicto
1407 2779 1564 2832 nefas
1614 2784 1718 2845 est,
1756 2794 1882 2848 per-

168 2870 331 2923 didit.
367 2870 626 2939 Cumque
658 2884 826 2921 mane
854 2868 999 2921 facto
1054 2868 1388 2921 surrexisset
1424 2884 1572 2933 reus,
1632 2867 1881 2937 cogitare

170 2959 363 3028 coepit,
415 2963 479 3011 ut
538 2957 605 3010 ad
663 2957 934 3010 balneum
996 2961 1280 3026 pergeret,
1313 2973 1375 3009 ac
1407 2956 1453 3009 si
1500 2972 1649 3026 aqua
1693 2955 1882 3008 balnei

169 3048 387 3101 lavaret
417 3046 700 3099 maculam
730 3045 964 3115 peccati.
998 3046 1248 3098 Perrexit
1286 3045 1483 3115 igitur,
1524 3045 1675 3111 lavit,
1711 3044 1881 3113 coepit

170 3136 482 3207 trepidare,
529 3133 835 3187 Ecclesiam
899 3133 1165 3204 ingredi:
1220 3133 1317 3186 sed
1356 3133 1401 3185 si
1436 3137 1592 3186 tanto
1641 3133 1732 3187 die
1765 3149 1880 3186 non

171 3225 421 3295 ignoret,
492 3223 563 3277 ad
617 3222 922 3276 Ecclesiam
992 3222 1363 3276 erubescebat
1422 3222 1723 3275 homines:
1791 3222 1879 3275 sin

170 3330 299 3367 vero
333 3314 465 3378 iret,
499 3310 939 3382 pertimescebat
983 3310 1264 3380 judicium
1320 3309 1434 3364 Dei.
1492 3310 1626 3363 Vicit
1685 3309 1879 3380 itaque

171 3403 429 3456 humana
508 3399 865 3465 verecundia,
943 3400 1190 3468 perrexit
1262 3398 1332 3452 ad
1402 3398 1726 3466 Ecclesiam,
1783 3399 1878 3452 sed

172 3488 586 3544 tremebundus
618 3504 681 3541 ac
724 3504 939 3556 pavens
988 3492 1138 3540 stare
1171 3488 1342 3555 cmpit
1391 3492 1563 3556 atque
1596 3503 1697 3556 per
1754 3487 1879 3539 sin-

175 3579 305 3647 gula
334 3582 631 3632 momenta
652 3578 969 3645 suspectus,
999 3592 1113 3646 qua
1139 3576 1281 3628 hora
1313 3575 1611 3628 immundo
1652 3574 1881 3644 spiritui

176 3668 516 3731 traderetur,
560 3669 615 3719 et
654 3681 847 3718 coram
873 3664 1030 3718 omni
1060 3664 1272 3734 populo
1321 3667 1638 3716 vexaretur.
1702 3662 1877 3717 Cum-

176 3772 280 3826 que
314 3757 690 3809 vehementer
720 3754 969 3817 timeret,
1003 3752 1055 3805 ei
1081 3752 1140 3805 in
1168 3752 1265 3805 illa
1300 3751 1601 3805 missarum
1641 3750 1877 3804 celebri-

176 3849 303 3911 tate,
333 3844 502 3915 quasi
534 3842 768 3896 adverse
798 3841 878 3894 nil
936 3838 1237 3909 contingit,
1270 3839 1371 3908 qui
1414 3838 1577 3891 laetus
1632 3837 1788 3903 exiit,
1825 3842 1880 3890 et

175 3932 260 3987 die
291 3934 474 3987 altero
499 3930 802 3985 Ecclesiam
826 3929 945 3999 jam
976 3943 1210 3981 securus
1228 3926 1480 3981 intravit.
1537 3925 1879 3997 Factumque

174 4027 273 4088 est,
326 4028 394 4076 ut
455 4036 558 4090 per
604 4035 701 4072 sex
744 4016 1048 4072 continuos
1101 4016 1221 4070 dies
1283 4017 1470 4083 laetus,
1521 4031 1585 4068 ac
1646 4031 1879 4068 securus

176 4110 527 4179 procederet,
557 4107 849 4162 estimans
876 4106 1031 4177 quod
1065 4105 1187 4175 ejus
1218 4105 1401 4159 scelus
1448 4104 1747 4170 Dominus,
1781 4108 1879 4157 aut

175 4213 283 4252 non
317 4197 576 4263 vidisset,
636 4201 734 4249 aut
789 4194 973 4247 visum
1030 4192 1481 4247 misericorditer
1549 4191 1871 4246 dimisisset.

175 4284 265 4338 Die
330 4289 527 4339 autem
604 4282 849 4353 septima
915 4280 1100 4334 subita
1164 4284 1349 4333 morte
1415 4279 1715 4333 defunctus
1772 4282 1874 4333 est.

173 4373 423 4445 Cumque
456 4372 763 4443 sepulturae
794 4369 1038 4424 traditus
1070 4367 1285 4434 fuisset,
1311 4384 1415 4438 per
1456 4368 1697 4437 longum
1733 4371 1877 4420 tem-

174 4477 271 4531 pus
301 4463 520 4517 cunctis
554 4460 877 4515 videntibus
909 4459 977 4513 de
1033 4457 1334 4527 sepulchro
1390 4456 1569 4526 ipsius
1642 4456 1874 4509 ﬂamma

176 4551 323 4616 exiit,
356 4558 413 4605 et
450 4558 569 4604 tam
602 4549 700 4603 diu
762 4564 887 4601 ossa
936 4547 1056 4616 ejus
1104 4544 1505 4609 concremavit,
1571 4560 1872 4615 quousque

176 4653 337 4693 omne
366 4638 733 4710 sepulchrum
784 4634 1177 4705 consumpsit:
1237 4638 1475 4687 et'terra
1501 4650 1627 4703 quas
1685 4631 1744 4685 in
1779 4637 1873 4686 tu-

178 4727 324 4779 mulo
354 4728 593 4780 collecta
621 4725 748 4792 fuit,
792 4724 1019 4779 defossa
1076 4722 1380 4776 videretur.
1417 4721 1577 4785 Quod
1612 4720 1875 4774 videlicet

176 4817 529 4886 omnipotens
560 4817 711 4869 Deus
732 4815 967 4881 faciens,
1023 4813 1274 4868 ostendit
1326 4812 1463 4884 quid
1492 4812 1616 4883 ejus
1683 4812 1875 4865 anima

178 4906 402 4971 pertulit
432 4905 493 4958 in
525 4904 769 4965 occulto,
803 4904 962 4971 cujus
990 4901 1163 4954 etiam
1193 4918 1402 4971 corpus
1421 4910 1551 4952 ante
1593 4900 1875 4953 humanos

178 4992 359 5045 oculos
392 4994 628 5047 ﬂamma
658 4990 1032 5061 consumpsit.
1067 4989 1186 5053 Qua
1218 4990 1277 5043 in
1314 5006 1373 5042 re
1421 5005 1652 5059 quoque
1708 4988 1875 5041 nobis

177 5076 289 5133 haec
315 5081 681 5135 audientibus
711 5080 1037 5149 exemplum
1070 5077 1395 5132 formidinis
1429 5077 1563 5129 dare
1606 5076 1874 5146 dignatus

176 5172 269 5233 est,
304 5180 584 5240 quatenus
611 5185 675 5222 ex
708 5168 812 5221 hac
843 5167 1297 5221 consideratione
1328 5166 1685 5235 colligamus,
1736 5164 1872 5236 quid

177 5255 355 5310 anima
384 5257 580 5311 vivens
611 5271 675 5310 ac
702 5256 973 5318 sentiens,
1010 5272 1114 5325 pro
1177 5261 1336 5309 reatu
1396 5272 1500 5308 suo
1557 5255 1792 5325 patitur,
1827 5253 1873 5306 si

178 5345 321 5397 tanto
352 5344 502 5415 ignis
532 5344 816 5416 supplicio
864 5344 1035 5398 etiam
1069 5343 1424 5398 insensibilia
1473 5360 1599 5397 ossa
1638 5358 1871 5395 concre-

178 5440 412 5488 mantur.

179 5519 293 5575 Car.
314 5522 542 5579 XLVIII.
572 5551 643 5563 —-
662 5524 735 5577 De
764 5522 999 5590 quodam
1028 5523 1226 5588 fratre,
1249 5523 1346 5590 qui
1384 5519 1810 5591 impugnabatur
1837 5535 1871 5573 a

695 5596 897 5662 spiritu
921 5592 1329 5659 fornicationis.

245 5661 348 5727 (Ern
398 5664 563 5721 dictis
604 5661 907 5734 Paphnutii
945 5661 1221 5732 eremilae.)
1262 5662 1506 5727 Quidam
1539 5667 1704 5733 pater
1743 5676 1869 5714 mo-

1995 624 2109 672 tem
2136 621 2204 673 ad
2257 620 2545 690 quendam
2598 618 3065 687 probatissimum
3125 620 3431 686 seniorem,
3464 627 3520 674 et
3572 638 3702 692 pre-

1995 710 2229 762 cabatur
2306 724 2460 772 eum,
2520 707 2769 761 dicens:
2824 708 2975 760 Pone
3052 707 3155 761 tibi
3230 709 3694 777 sollicitudinem,

1993 796 2319 851 beatissime
2374 800 2556 865 pater,
2591 800 2647 848 et
2676 812 2775 848 ora
2829 811 2932 863 pro
2965 811 3093 849 me:
3130 796 3265 864 quia
3322 798 3569 867 graviter
3610 816 3701 853 me

1994 886 2297 956 impugnat
2350 885 2535 954 passio
2589 884 3005 937 fornicationis.
3066 885 3195 938 Haec
3252 901 3383 938 cum
3443 888 3700 942 audisset

1995 972 2208 1033 senior,
2237 972 2435 1025 orabat
2491 972 2707 1025 intente
2765 971 2965 1024 diebus
3018 988 3081 1025 ac
3140 973 3424 1041 noctibus,
3475 990 3579 1043 pro
3631 992 3699 1029 eo

1995 1061 2304 1131 deprecans
2354 1059 2581 1114 Domini
2666 1060 3143 1114 misericordiam.
3226 1062 3439 1114 Iterum
3507 1069 3700 1116 autem

1993 1150 2258 1203 veniebat
2286 1148 2437 1203 idem
2472 1148 2665 1215 frater,
2699 1152 2757 1200 et
2805 1148 3043 1223 rogabat
3073 1149 3376 1216 seniorem,
3411 1155 3473 1203 ut
3517 1154 3701 1222 magis

1994 1238 2269 1292 intentius
2300 1254 2404 1308 pro
2428 1254 2493 1291 eo
2536 1242 2741 1291 oraret.
2789 1236 3066 1290 Similiter
3096 1242 3290 1291 autem
3348 1254 3478 1291 cum
3542 1241 3700 1294 omni

1995 1326 2381 1381 sollicitudine
2431 1327 2631 1380 beatus
2668 1325 2861 1379 senior
2892 1326 3093 1379 orabat
3120 1326 3397 1380 intentius
3442 1346 3546 1398 pro
3610 1346 3697 1383 eo.

1998 1418 2349 1487 Frequenter
2381 1422 2574 1469 autem
2634 1414 2959 1468 venientem
3017 1415 3086 1469 ad
3119 1432 3177 1470 se
3240 1417 3585 1471 monachum
3617 1418 3698 1470 vi-

1995 1506 2135 1560 dens
2188 1505 2400 1571 senior,
2455 1510 2512 1558 et
2563 1504 2968 1573 deprecantem
3026 1520 3085 1557 se
3151 1509 3215 1557 ut
3270 1510 3477 1571 oraret,
3538 1506 3698 1559 valde

1996 1595 2361 1649 contristatus
2418 1593 2811 1646 admirabatur
2868 1591 3011 1662 quia
3059 1608 3176 1645 non
3239 1593 3535 1647 exaudiret
3588 1593 3695 1647 llo-

1996 1684 2207 1747 minus,
2238 1683 2527 1736 orationes
2559 1698 2707 1735 suas.
2742 1680 2949 1734 Eadem
2991 1687 3181 1734 autem
3214 1688 3396 1747 nocte,
3432 1682 3699 1735 revelavit

1998 1772 2047 1825 ei
2083 1771 2380 1837 Dominus,
2415 1786 2543 1840 quas
2591 1769 2738 1821 circa
2792 1768 2956 1821 illum
3010 1768 3355 1821 monachum
3389 1776 3571 1837 erant,
3605 1787 3700 1823 ne-

1992 1858 2301 1929 gligentiae,
2335 1864 2391 1911 et
2438 1858 2681 1927 ignaviae
2714 1857 3142 1923 resolutionem,
3188 1862 3241 1909 et
3295 1857 3698 1911 delectationes

1993 1948 2115 2000 fore
2164 1962 2466 2016 corporeas
2509 1945 2693 1999 cordis
2725 1946 2864 2014 ejus.
2900 1945 2982 1996 Ita
3029 1950 3220 1997 autem
3278 1950 3567 1998 ostensum
3614 1952 3694 1998 cst

1995 2040 2188 2089 sancto
2216 2035 2446 2087 seniori.
2494 2034 2641 2087 Vidit
2688 2033 2981 2087 sedentem
3016 2034 3177 2086 illum
3238 2035 3606 2101 monachum,
3641 2039 3695 2088 et

1995 2123 2261 2194 spiritum
2292 2122 2685 2176 fornicationis
2716 2122 2773 2174 in
2836 2121 3073 2175 diversis
3134 2122 3443 2175 mulierum
3494 2124 3696 2176 formis

1993 2219 2126 2267 ante
2158 2212 2320 2265 illum
2364 2212 2678 2278 ludentem,
2707 2216 2761 2263 et
2790 2210 2978 2280 ipsum
3011 2210 3412 2264 condelectari.
3467 2212 3699 2265 Videbat

1994 2308 2049 2355 et
2082 2302 2349 2371 angelum
2392 2300 2613 2353 Domini
2662 2304 2964 2363 astantem,
3007 2304 3063 2351 et
3112 2298 3511 2369 indignantem
3569 2317 3697 2369 gra-

1992 2390 2137 2442 viter
2186 2395 2384 2442 contra
2426 2388 2693 2441 eumdem
2742 2387 2976 2439 fratrem
3013 2402 3024 2439 :
3060 2386 3195 2456 quia
3243 2404 3357 2439 non
3403 2389 3695 2457 surgebat,

1992 2495 2179 2548 neque
2232 2477 2633 2547 prOsternebat
2676 2491 2735 2528 se
2778 2475 2837 2528 in
2878 2474 3232 2528 orationibus
3263 2476 3330 2528 ad
3367 2477 3698 2541 Dominum,

1992 2568 2089 2621 sed
2146 2566 2329 2637 magis
2377 2565 2767 2619 delectabatur
2808 2565 2869 2617 in
2916 2564 3357 2633 cogitationibus
3398 2565 3532 2619 suis.
3572 2567 3701 2619 Haec

1992 2672 2131 2725 ergo
2173 2660 2397 2707 ostensa
2455 2659 2587 2707 sunt
2634 2669 2738 2722 per
2776 2652 3190 2706 revelationem
3217 2656 3411 2706 sancto
3465 2654 3695 2707 seniori.

1993 2744 2268 2813 Cognovit
2317 2748 2532 2807 autem,
2583 2741 2719 2811 quia
2778 2740 2946 2810 culpa
3004 2745 3059 2794 et
3116 2740 3471 2811 negligentia
3546 2742 3699 2795 illius

1993 2832 2259 2886 monachi
2291 2837 2428 2898 erat,
2488 2837 2548 2884 ut
2583 2847 2697 2883 non
2759 2830 3170 2883 exaudirentur
3211 2831 3503 2883 orationes
3551 2831 3695 2900 ejus.

1992 2924 2060 2975 Et
2089 2927 2225 2975 tunc
2256 2920 2395 2975 dixit
2425 2919 2477 2973 ei
2509 2919 2703 2973 senior
2737 2933 2748 2971 :
2796 2918 2935 2981 Quia
2971 2924 3069 2970 tua
3110 2918 3278 2988 culpa
3312 2926 3452 2984 erat,
3501 2918 3694 2987 frater,

1993 3012 2129 3082 quia
2160 3008 2565 3064 condelectaris
2615 3007 3057 3077 cogitationibus
3105 3007 3290 3072 malis,
3347 3007 3698 3077 impossibile

1914 3088 1954 3142 (ἶ
1994 3106 2075 3153 est
2105 3100 2259 3153 enim
2312 3098 2601 3152 discedere
2646 3115 2675 3149 a
2710 3102 2764 3149 te
2798 3096 3067 3165 spiritum
3129 3096 3528 3149 fornicationis
3589 3096 3698 3150 im-

1993 3189 2298 3253 mundum,
2332 3186 2458 3241 aliis
2483 3185 2801 3250 orantibus,
2848 3188 2904 3238 et
2952 3185 3134 3237 Deum
3166 3200 3273 3253 pro
3306 3188 3360 3237 te
3394 3186 3699 3254 deprecan-

1991 3278 2159 3343 tibus,
2195 3276 2303 3330 nisi
2335 3280 2391 3329 et
2418 3281 2479 3328 tu
2511 3280 2565 3327 te
2588 3275 2708 3345 ipse
2748 3274 3002 3327 laborem
3042 3289 3299 3325 assumas
3352 3273 3408 3325 in
3436 3274 3695 3342 jejuniis,

1991 3370 2047 3419 et
2078 3364 2453 3428 orationibus,
2483 3368 2539 3417 et
2567 3363 2776 3433 vigiliis
2807 3362 3023 3429 multis,
3076 3377 3202 3414 cum
3240 3360 3461 3430 gemitu
3502 3361 3694 3430 depre-

1991 3470 2143 3519 cans,
2206 3457 2267 3505 ut
2317 3452 2769 3505 misericordiam
2845 3466 3008 3503 suam
3070 3458 3124 3502 et
3191 3449 3539 3519 adjutorium
3605 3451 3700 3502 det

1990 3542 2187 3610 gratias
2216 3557 2355 3605 suae,
2408 3540 2779 3610 prmbeatque
2823 3538 2927 3591 tibi
2978 3537 3255 3591 Dominus
3324 3536 3601 3601 Christus,
3637 3542 3697 3590 ut

1992 3630 2173 3699 possis
2202 3629 2465 3682 resistere
2522 3627 2684 3680 malis
2706 3625 3169 3695 cogitationibus.
3211 3625 3350 3677 Nam
3384 3629 3438 3677 et
3467 3626 3694 3692 medici,

1990 3718 2089 3789 qui
2142 3716 2475 3787 corporibus
2515 3714 2819 3769 hominum
2870 3713 3286 3767 medicamenta
3365 3713 3694 3781 conﬁciunt,

1989 3812 2046 3859 et
2075 3804 2371 3873 adhibent,
2422 3803 2684 3874 quamvis
2734 3802 2929 3855 omnia
2962 3817 3091 3854 cum
3135 3816 3361 3853 summa
3400 3801 3699 3871 diligentia

1990 3892 2219 3959 faciant,
2278 3894 2673 3944 verumtamen
2725 3890 2771 3943 si
2802 3889 2898 3943 ille
2948 3888 3047 3959 qui
3096 3888 3443 3948 inﬁrmatur,
3480 3905 3598 3942 non
3637 3906 3695 3943 se

1990 3980 2271 4035 abstineat
2300 3995 2333 4033 a
2384 3979 2571 4032 noxiis
2597 3978 2755 4045 cibis,
2807 3978 2894 4031 vel
2949 3978 3017 4032 de
3059 3977 3188 4031 aliis
3230 3993 3355 4048 quae
3390 3978 3574 4031 solent
3600 3979 3697 4031 las-

1989 4071 2123 4124 dere
2175 4068 2557 4132 inﬁrmitates,
2592 4067 2738 4121 nihil
2795 4066 3024 4136 proﬁcit
3080 4081 3236 4132 cura,
3296 4072 3354 4119 et
3377 4066 3694 4136 diligentia,

1990 4164 2047 4213 et
2094 4157 2413 4212 sollicitudo
2471 4156 2850 4211 medicorum.
2928 4154 3206 4210 Similiter
3262 4154 3456 4221 etiam,
3525 4160 3583 4209 et
3637 4156 3699 4209 in

1989 4248 2198 4302 animae
2221 4246 2592 4316 languoribus
2636 4245 2861 4299 eveniet
2894 4261 2906 4299 :
2937 4245 3070 4298 licet
3098 4259 3229 4298 cum
3283 4244 3443 4297 omni
3497 4243 3695 4298 inten-

1918 4372 1962 4427 Β
1988 4337 2165 4405 tione,
2200 4346 2256 4390 et
2305 4352 2373 4389 ex
2394 4339 2514 4388 toto
2554 4334 2725 4388 corde
2754 4332 2931 4387 sancti
2955 4338 3166 4403 patres,
3199 4332 3299 4402 qui
3327 4337 3462 4386 sunt
3489 4332 3699 4386 medici

1986 4425 2289 4497 spiritales,
2353 4426 2589 4477 exorent
2653 4421 3103 4475 misericordiam
3165 4419 3375 4474 Christi
3464 4420 3695 4473 Domini

1984 4512 2292 4569 Salvatoris
2324 4510 2501 4565 nostri
2556 4526 2659 4579 pro
2704 4510 2808 4573 eis,
2841 4508 2939 4578 qui
2996 4507 3350 4561 orationibus
3381 4523 3580 4561 eorum
3636 4524 3696 4561 se

1983 4602 2275 4672 postulant
2306 4598 2585 4669 adjuvari,
2621 4596 2727 4649 nisi
2758 4600 2814 4649 et
2843 4596 2951 4666 ipsi
2991 4611 3119 4648 cum
3155 4594 3313 4648 omni
3377 4594 3695 4649 intentione

1984 4690 2192 4745 mentis
2218 4694 2336 4742 tam
2392 4686 2455 4739 in
2505 4684 2882 4749 orationibus,
2947 4699 3120 4753 quam
3180 4682 3241 4736 in
3296 4682 3454 4736 omni
3521 4699 3694 4753 opere

1983 4775 2244 4848 spiritali,
2280 4791 2409 4845 quae
2441 4775 2554 4828 Deo
2588 4772 2794 4844 placita
2824 4776 2977 4841 sunt,
3008 4770 3240 4837 faciant,
3269 4786 3385 4824 non
3434 4770 3517 4824 eis
3550 4787 3693 4842 pro-

1983 4866 2177 4920 ﬁcient
2207 4862 2494 4918 orationes
2522 4876 2744 4915 eorum.

1983 5007 2109 5061 Car.
2131 5004 2345 5058 XLXIX.
2362 5031 2429 5041 ι-
2444 5005 2518 5055 De
2532 5015 2730 5070 sponsa
2745 5001 2969 5067 fratris,
2985 5002 3037 5055 si
3051 5001 3231 5067 frater
3246 5015 3362 5055 eam
3382 5001 3689 5055 violaverit.

2055 5129 2165 5198 (Ea:
2190 5127 2412 5181 concilio
2474 5125 2716 5190 Tribur.,
2771 5126 2860 5178 cui
2902 5126 3156 5191 interfuit
3192 5140 3291 5177 rea:
3346 5124 3687 5192 Arnolphus,

1981 5219 2159 5285 capite
2194 5216 2299 5278 lO.)
2331 5213 2576 5277 Quidam
2623 5213 2990 5281 desponsavit
3042 5226 3301 5275 uxorem,
3335 5216 3393 5264 et
3448 5211 3688 5278 dolavit,

1984 5321 2113 5359 cum
2140 5320 2206 5358 ea
2236 5304 2384 5357 coire
2414 5319 2527 5356 non
2562 5302 2767 5372 potuit.
2792 5301 2973 5364 Quam
3022 5301 3195 5353 frater
3249 5300 3373 5367 ejus
3434 5300 3692 5353 clanculo

1982 5394 2256 5461 corrupit,
2305 5397 2361 5445 et
2438 5391 2731 5461 gravidam
2766 5390 3033 5443 reddidit.
3094 5388 3392 5441 Decretum
3452 5392 3555 5455 est,
3630 5395 3693 5443 ut

1983 5480 2241 5553 quamvis
2275 5485 2453 5551 nupta
2479 5494 2600 5532 esse
2655 5494 2772 5532 non
2804 5475 3056 5546 potuerit
3113 5475 3369 5545 legitimo
3406 5476 3546 5537 viro,
3592 5477 3691 5531 de-

1984 5574 2315 5641 sponsatam
2364 5574 2560 5621 tamen
2610 5566 2796 5634 fratri,
2848 5565 3025 5618 frater
3070 5563 3281 5619 habere
3332 5580 3449 5619 non
3487 5567 3686 5636 possit.

1984 5659 2102 5713 Sed
2139 5657 2393 5712 machus
2434 5662 2493 5709 et
2549 5654 2790 5721 mcecha,
2823 5652 3217 5707 fornicationis
3273 5654 3511 5722 quidam
3558 5654 3682 5707 vin-
