3944 6392
267 379 363 431 931

1332 368 1745 426 BURCUARDI
1787 366 2323 426 WOBMACIENSIS
2362 369 2692 426 EPISCOPI.

3676 373 3778 425 932

267 501 476 555 dictam
510 499 850 567 sustineant,
889 496 1044 551 licita
1077 511 1209 549 vero
1254 493 1335 548 eis
1385 492 1650 564 conjugia
1681 507 1792 546 non
1850 505 1950 545 ne-
1982 494 2028 546 A
2068 497 2224 562 ptem
2282 492 2456 546 laicus
2495 508 2590 546 sex
2631 491 2794 546 annis
2826 491 3118 563 paeniteat.
3147 491 3344 546 Frater
3370 493 3618 546 carnalis
3649 510 3778 548 cum

266 593 492 659 gentur.

267 680 395 734 CAP.
425 679 480 731 L.
508 709 575 716 —
603 678 662 732 Si
715 678 839 745 quis
900 675 966 728 de
1018 689 1123 727 uno
1153 676 1211 726 in
1263 674 1431 725 alium
1462 673 1821 745 transmigrat
1850 671 1964 745 epit

336 754 633 817 scopulum,
691 742 746 800 et
797 748 1251 812 consanguineam
1303 759 1458 796 suum
1507 744 1786 811 polluerit,
1881 742 1965 794 vel

337 819 561 887 aliquod
589 821 790 872 crimen
821 818 1056 886 capitale
1085 817 1430 868 commiserit.

337 911 440 976 (Ex
487 907 685 969 eodem,
748 909 926 974 capite
971 904 1081 972 42.)
1113 902 1171 957 Si
1215 903 1344 972 quis
1377 902 1445 955 de
1500 917 1616 954 uno
1666 900 1725 953 in
1787 900 1960 953 alium

262 999 500 1052 omnino
549 996 921 1064 transmigrat
949 993 1366 1062 episcOpatum,
1409 995 1464 1044 et
1493 989 1562 1048 si,
1595 989 1746 1060 quod
1797 989 1962 1053 absit,

259 1086 551 1156 contingat
582 1101 712 1137 eum
767 1083 943 1136 ﬁliam
988 1081 1199 1134 sororis
1253 1097 1390 1147 suae,
1427 1080 1638 1144 amitae,
1699 1083 1798 1131 aut
1841 1093 1959 1130 mas

262 1179 488 1228 terterm
534 1171 817 1236 avunculi,
863 1171 949 1224 vel
999 1168 1191 1239 patrui
1231 1168 1510 1239 polluere,
1566 1172 1664 1220 aut
1731 1165 1965 1236 aliquod

263 1263 481 1318 crimen
514 1261 755 1331 capitale
793 1259 1171 1323 committere,
1201 1257 1500 1327 episcopus
1534 1256 1594 1309 in
1624 1257 1786 1324 cujus
1828 1260 1966 1308 tunc

264 1350 490 1405 dimcesi
547 1353 954 1415 commoratur,
1022 1351 1079 1399 et
1126 1346 1226 1399 tali
1305 1347 1514 1399 scelere
1605 1343 1962 1409 criminatur,

259 1437 466 1492 habeat
500 1438 595 1507 jus
625 1441 682 1490 et
724 1439 1064 1504 potestatem
1106 1433 1419 1486 secundum
1472 1432 1804 1487 canonicam
1863 1449 1964 1484 au-

261 1527 606 1592 ctoritatem,
683 1530 738 1578 et
808 1529 1058 1577 nostram
1138 1523 1468 1593 synodalem
1543 1520 1964 1575 institutionem

261 1614 605 1684 flagitiosum
663 1629 947 1678 coercere,
994 1616 1050 1664 et
1105 1611 1172 1664 ad
1220 1610 1616 1680 paenitendum
1683 1610 1962 1663 emollire.

263 1705 368 1758 Per
401 1718 574 1772 quem
620 1701 778 1754 enim
808 1700 1010 1754 melius
1043 1700 1122 1753 rei
1156 1700 1361 1752 veritas
1423 1699 1748 1765 ventilatur,
1790 1714 1964 1768 quam

260 1808 364 1861 per
395 1791 556 1844 illum
589 1791 692 1844 sub
709 1806 828 1861 quo
861 1789 1100 1854 habitat,
1132 1795 1188 1841 et
1214 1787 1471 1841 habitare
1501 1787 1805 1840 desiderat.

262 1881 398 1935 CAP.
443 1880 529 1934 LI.
561 1909 632 1918 —
666 1883 741 1933 De
790 1878 1133 1941 mulieribus,
1185 1892 1304 1945 quae
1348 1876 1564 1928 absente
1611 1878 1807 1930 marito
1838 1891 1967 1929 con-

654 1952 911 2018 ceperint,
939 1953 987 2002 ct
1015 1950 1202 2015 faztum
1223 1947 1563 2000 sustulerint.

333 2042 441 2106 (Ea:
469 2039 690 2092 concilio
713 2037 992 2102 Eliberta.,
1035 2038 1212 2104 capite
1251 2035 1325 2105 3.)
1359 2035 1416 2089 Si
1448 2051 1561 2103 qua
1604 2035 1812 2088 mulier
1863 2051 1968 2105 per

261 2127 606 2183 adulterium
662 2125 897 2178 absente
936 2123 1142 2176 marito
1212 2123 1553 2192 conceperit,
1606 2122 1778 2194 idque
1839 2127 1969 2193 post

259 2216 479 2270 facinus
534 2213 822 2277 occiderit,
876 2211 1091 2280 placuit
1125 2211 1216 2264 vix
1276 2211 1334 2263 in
1368 2211 1481 2264 ﬁne
1529 2211 1777 2265 dandam
1846 2226 1968 2265 esse

260 2301 746 2366 communionem,
783 2315 850 2352 eo
883 2299 1037 2369 quod
1071 2299 1445 2368 geminaverit
1474 2300 1678 2352 scelus.

263 2393 389 2445 CAP.
428 2390 541 2444 LII.
575 2418 647 2430 —
693 2389 774 2440 De
809 2387 922 2440 illis
967 2387 1304 2451 mulieribus,
1339 2402 1458 2456 quae
1509 2388 1648 2440 male
1693 2391 1967 2456 conceptos

830 2473 1020 2511 necare
1057 2457 1386 2512 studuerint.

334 2548 441 2618 (Ea:
469 2549 691 2602 concilio
727 2547 1024 2611 Hilerden.,
1069 2548 1247 2614 capite
1291 2546 1368 2616 5.)
1405 2547 1472 2600 Ili
1523 2561 1654 2599 vero
1687 2545 1787 2616 qui
1817 2546 1966 2600 male

259 2642 563 2708 conceptos
615 2653 683 2690 ex
745 2635 1044 2701 adulterio,
1116 2635 1313 2702 factos,
1373 2635 1460 2688 vel
1533 2635 1714 2688 editos
1763 2651 1967 2688 necare

262 2725 606 2788 studuerint,
654 2724 741 2777 vel
801 2723 862 2776 in
907 2729 1106 2777 ventre
1161 2729 1412 2776 matrum
1471 2723 1803 2792 potionibus
1861 2722 1965 2776 ali-

261 2813 468 2882 quibus
520 2812 852 2878 colliserint,
896 2812 957 2864 in
1012 2816 1261 2881 utroque
1319 2827 1452 2864 sexu
1500 2811 1774 2865 adulteris
1840 2816 1968 2880 post

258 2908 482 2970 septem
543 2917 826 2954 annorum
882 2900 1165 2954 curricula
1245 2900 1576 2954 communio
1653 2900 1962 2968 tribuatur,

258 2989 341 3043 ita
371 2996 587 3058 tamen,
648 2995 712 3043 ut
750 2988 910 3042 omni
968 2994 1226 3058 tempore
1274 2988 1406 3042 vitae
1457 3004 1574 3041 suae
1619 2987 1872 3055 ﬂetibus,
1908 2993 1966 3042 et

263 3077 551 3131 humiliati
575 3076 860 3130 insistant.

260 3167 388 3220 CAP.
423 3165 564 3219 LIII.
615 3195 683 3204 -—-
724 3168 797 3218 De
825 3163 1164 3228 mulieribus,
1217 3178 1336 3232 qua:
1368 3167 1567 3232 partus
1610 3177 1733 3217 suos
1767 3164 1967 3217 occulte

937 3237 1291 3302 interﬁciunt.

330 3328 441 3392 (Ea:
489 3325 712 3380 concilio
765 3323 1068 3389 Arelaten.,
1130 3325 1309 3390 capite
1359 3321 1437 3390 6.)
1501 3321 1764 3375 Mulieres
1813 3338 1968 3393 quaa-

258 3412 413 3480 dam,
445 3418 511 3466 ut
551 3413 894 3478 audivimus,
951 3428 1080 3482 quae
1111 3427 1178 3464 ex
1228 3409 1604 3464 fornicatione
1636 3410 1966 3481 concipien-

256 3507 357 3562 tes,
383 3505 702 3555 metuentes
762 3517 832 3554 ne
882 3501 1063 3553 scelus
1117 3499 1274 3569 quod
1322 3499 1539 3552 occulte
1597 3503 1966 3568 perpetrave-

255 3595 412 3654 runt,
445 3589 813 3642 manifestum
871 3588 1054 3656 ﬁeret,
1101 3587 1347 3640 infantes
1394 3603 1540 3657 quos
1596 3591 1964 3657 pepererunt,

256 3678 608 3742 occiderunt,
643 3683 698 3731 et
729 3683 893 3731 terras
945 3675 1211 3746 congerie
1263 3681 1707 3746 cooperuerunt,
1753 3679 1851 3729 aut
1905 3675 1966 3729 in

253 3783 433 3837 aquas
462 3767 851 3837 projecerunt.
883 3765 1045 3829 Quod
1104 3769 1388 3836 quantum
1437 3763 1597 3818 nefas
1655 3764 1747 3830 sit,
1807 3780 1968 3818 cano-

256 3871 355 3908 nes
385 3855 677 3923 Ancirani,
709 3853 1071 3917 Illiberitani,
1109 3859 1281 3924 atque
1313 3852 1662 3907 Hilardensis
1711 3853 1962 3921 concilii,

253 3948 423 3996 testes
450 3948 600 3998 sunt.
639 3945 732 3997 His
757 3944 950 4013 itaque
981 3943 1069 3995 vix
1104 3943 1163 3995 in
1196 3943 1310 3996 ﬁne
1339 3942 1588 3996 dandam
1635 3958 1756 3996 esse
1807 3958 1964 3996 com-

254 4031 596 4085 munionem
624 4032 956 4096 decernunt,
991 4030 1087 4084 sed
1118 4031 1429 4083 humanius
1461 4034 1784 4099 tractantes,
1837 4034 1968 4100 post

253 4119 567 4173 decennem
617 4120 1015 4189 pmnitentiam
1064 4119 1204 4172 tales
1235 4119 1450 4188 placuit
1494 4118 1560 4172 ad
1611 4118 1969 4173 communio.

253 4224 387 4262 nem
419 4208 630 4278 recepi.

684 4295 811 4349 CAP.
860 4295 988 4348 LIV.
1023 4323 1090 4334 —
1122 4297 1195 4348 De
1234 4295 1418 4347 eadem
1449 4310 1524 4348 re.

327 4385 404 4436 De
453 4383 793 4437 mulieribus
838 4399 966 4452 quae
1039 4383 1416 4448 fornicantur,
1469 4387 1525 4436 et
1577 4387 1775 4453 partus
1827 4400 1958 4438 suos

253 4477 476 4538 necant,
517 4472 602 4524 vel
655 4488 784 4541 qua:
826 4475 1025 4540 agunt,
1072 4487 1286 4532 secum,
1331 4477 1397 4524 ut
1439 4477 1602 4525 utero
1657 4479 1960 4541 conceptos

251 4563 556 4625 excutiant,
591 4563 823 4630 antiqua
858 4560 1095 4630 quidem
1126 4560 1384 4614 deﬁnitio
1415 4577 1602 4631 usque
1634 4562 1702 4615 ad
1742 4562 1958 4616 exitum

251 4650 379 4702 vitae
445 4667 539 4701 eas
601 4651 670 4702 ab
739 4649 982 4702 Ecclesia
1035 4654 1308 4702 removet.
1384 4649 1700 4702 Ilumanius
1765 4655 1957 4702 autem

249 4754 403 4791 nunc
433 4737 759 4803 deﬁnimus,
807 4743 869 4791 ut
900 4737 982 4791 eis
1032 4739 1077 4793 X
1114 4754 1400 4791 annorum
1446 4742 1696 4807 tempus,
1750 4754 1954 4792 secun-

251 4827 385 4880 dum
430 4827 688 4896 praeﬁxos
720 4827 930 4894 gradus
958 4827 1294 4896 poenitentia
1316 4826 1614 4896 largiatur.

682 4914 809 4967 CAP.
859 4914 958 4968 LV.
1005 4945 1073 4952 —
1113 4916 1187 4968 De
1227 4915 1412 4968 eadem
1451 4931 1526 4969 re.

323 5006 427 5069 (Ea:
458 5005 676 5057 concilio
733 5004 1006 5069 Aurelia.,
1039 5007 1213 5072 capite
1273 5003 1378 5074 10.)
1429 5003 1487 5059 Si
1537 5003 1636 5076 qui
1676 5003 1956 5059 infantem

249 5091 660 5163 oppresserint,
699 5096 811 5144 tres
844 5107 1023 5144 annos
1053 5092 1374 5160 poeniteant
1401 5109 1413 5146 :
1448 5109 1630 5147 unum
1681 5109 1749 5146 ex
1780 5093 1868 5146 his
1895 5093 1955 5146 in

249 5199 418 5252 pane,
462 5185 517 5234 et
565 5197 732 5250 aqua.
779 5180 836 5234 Si
883 5179 1122 5233 clericus
1175 5180 1390 5249 fecerit,
1445 5187 1695 5252 quatuor
1746 5198 1952 5252 annos,

251 5287 430 5324 unum
472 5286 538 5323 ex
567 5270 654 5321 bis
686 5268 744 5321 in
781 5284 925 5336 pane
952 5272 1008 5321 et
1040 5285 1205 5338 aqua.

535 5357 663 5411 CAP.
703 5358 830 5411 LVI.
872 5387 941 5396 —-
973 5361 1045 5411 De
1074 5358 1399 5412 Sotlomitico
1426 5363 1665 5426 peccato.

321 5447 429 5511 (Ec
488 5447 852 5499 Pamitentiali
906 5446 1192 5514 Romano.)
1252 5445 1568 5514 Episcopus
1625 5445 1953 5501 fornicatio-

255 5548 382 5584 nem
429 5533 638 5585 faciens
670 5534 989 5587 naturalem
1019 5534 1102 5587 Xll
1136 5549 1318 5587 annos
1373 5535 1668 5603 poeniteat,
1711 5536 1953 5605 presby-

252 5618 426 5683 terX,
481 5619 751 5671 diaconus
794 5622 884 5689 IX,
929 5621 1308 5676 subdiaconus
1363 5625 1514 5685 octo,
1567 5620 1808 5675 clericus
1861 5639 1949 5674 sc-

2075 582 2252 635 fratre
2311 581 2528 635 carnali
2597 581 3034 635 fornicationem
3091 580 3301 635 faciens
3351 581 3438 635 XV
3487 582 3654 636 annis
3714 582 3779 636 ab

2078 671 2237 724 omni
2292 687 2461 725 carne
2524 687 2582 724 se
2637 671 2940 724 abstineat.
3000 669 3056 723 Si
3113 685 3310 723 semen
3361 671 3420 723 in
3449 687 3510 724 os
3540 671 3776 736 miserit,

2077 765 2293 829 septem
2333 775 2516 812 annos
2556 760 2847 828 paeniteat,
2890 759 2988 812 alii
3038 759 3237 812 dicunt
3269 774 3452 829 usque
3508 761 3568 813 in
3606 760 3780 813 ﬁnem

2075 849 2206 902 vitae
2235 848 2531 918 poenitere,
2568 849 2794 902 debere.
2846 847 2965 900 Viri
3003 847 3156 902 inter
3195 847 3414 901 femora
3495 848 3779 902 fornican-

2080 944 2180 1002 tes,
2231 952 2411 990 unum
2471 953 2686 990 annum
2743 935 3084 1006 paeniteant,
3155 936 3202 989 si
3255 936 3528 990 iterantes
3575 937 3643 990 II.
3724 935 3781 990 Si

2075 1025 2228 1079 inter
2255 1041 2421 1078 crura
2451 1025 2816 1091 fornicantes,
2851 1025 2896 1078 si
2937 1024 3102 1096 pueri
3131 1029 3284 1092 sunt,
3326 1041 3542 1079 annum
3598 1040 3782 1078 unum

2075 1115 2411 1185 poeniteant.
2454 1113 2512 1168 Si
2562 1114 2690 1178 viri,
2741 1114 2884 1168 duos
2927 1129 3128 1167 annos.
3178 1113 3237 1167 Si
3289 1118 3482 1167 autem
3530 1113 3592 1167 in
3648 1129 3783 1167 con-

2075 1203 2378 1258 suetudine
2424 1211 2530 1272 est,
2591 1202 2795 1256 modus
2846 1201 3202 1272 pmnitentiaa
3258 1202 3505 1256 addatur
3565 1201 3782 1272 judicio

2075 1291 2400 1346 sacerdotis.
2463 1291 2558 1344 Vir
2606 1290 2980 1360 semetipsum
3034 1290 3436 1362 coinquinans,
3496 1290 3685 1361 primo
3743 1290 3785 1344 X

2075 1380 2194 1435 dies
2261 1381 2551 1450 poeniteat,
2621 1385 2679 1434 et
2733 1380 2944 1433 iterans
2998 1380 3081 1433 XX
3129 1381 3264 1433 dies.
3308 1380 3365 1435 Si
3413 1395 3544 1433 cum
3602 1378 3785 1448 gradu

2076 1477 2180 1538 est,
2243 1472 2489 1526 addatur
2550 1469 2908 1540 poenitentia.
2970 1470 3121 1523 Puer
3182 1468 3269 1524 XV
3344 1484 3626 1522 annorum
3701 1467 3788 1522 XL

2076 1561 2196 1615 dies
2226 1560 2518 1630 poeniteat.
2553 1559 2661 1622 Qui
2703 1557 3053 1627 concupiscit
3085 1562 3273 1611 mente
3329 1556 3622 1621 fornicari,
3691 1554 3788 1608 sed

2077 1665 2194 1702 non
2227 1652 2431 1719 potuit,
2463 1649 2502 1701 Χ
2531 1647 2652 1701 dies
2704 1647 2994 1716 poeniteat.
3048 1645 3153 1709 Qui
3184 1661 3287 1715 per
3367 1643 3788 1715 turpiloquium

2076 1737 2163 1791 vel
2224 1741 2453 1807 aspectu
2519 1735 2922 1805 coinquinatus
2986 1740 3089 1800 est,
3158 1739 3352 1787 tamen
3410 1749 3527 1787 non
3608 1732 3792 1786 voluit

2076 1841 2310 1895 peccare
2371 1824 2767 1895 corporaliter,
2797 1824 2884 1878 XX
2938 1823 3056 1876 dies
3116 1823 3406 1892 poeniteat.
3463 1822 3521 1877 Si
3593 1826 3788 1874 autem

2076 1914 2516 1984 impugnatione
2547 1911 3199 1983 cogitationisviolenter
3237 1911 3641 1982 coinquinatus
3682 1914 3788 1964 est.

2077 2003 2166 2058 XX
2193 2003 2314 2056 dies
2345 2002 2635 2072 pmniteat.
2685 2000 2792 2064 Qui
2838 2001 2936 2054 diu
2989 2000 3272 2064 :illudetur
3328 2017 3360 2053 a
3416 1999 3786 2069 cogitatione,

2077 2092 2328 2146 molliter
2357 2091 2408 2145 ei
2439 2105 2789 2160 repugnans,
2825 2105 2918 2143 sex
2965 2089 3105 2150 dies,
3141 2089 3227 2142 vel
3266 2093 3546 2158 quantum
3590 2104 3792 2157 exege-

2075 2181 2150 2234 rit
2171 2179 2515 2234 diuturnitas
2541 2177 2900 2247 cogitationis
2955 2177 3244 2244 paeniteat.
3302 2176 3469 2230 Pueri
3513 2176 3612 2246 qui
3666 2175 3791 2229 for-

2076 2267 2341 2320 nicantur
2386 2265 2538 2318 intra
2565 2265 2916 2334 semetipsos,
2969 2263 3289 2334 judicatum
3336 2267 3440 2328 est,
3492 2269 3553 2316 ut
3607 2279 3791 2334 vapu-

2075 2358 2214 2410 lent.
2251 2355 2417 2408 Pueri
2468 2352 2671 2407 solide
2700 2354 2805 2406 hoc
2861 2353 3013 2405 inter
3069 2367 3126 2404 se
3184 2351 3655 2417 sermocinantes,
3738 2355 3794 2404 et

2075 2443 2564 2513 transgredientes
2621 2445 2833 2494 statuta
2905 2440 3220 2505 seniorum,
3275 2444 3391 2493 tres
3463 2440 3795 2510 superposi-

2074 2535 2261 2588 tiones
2291 2532 2587 2602 accipiant.
2644 2532 2913 2585 Osculum
2945 2546 3061 2583 non
3109 2529 3446 2600 simpliciter
3492 2529 3789 2595 facientes,

2075 2621 2330 2692 quinque
2361 2619 2852 2690 superpositiones
2902 2618 3202 2688 accipiant.
3246 2617 3651 2671 Illecebrosum
3696 2634 3790 2670 os-

2077 2711 2270 2764 culum
2302 2709 2592 2773 facientes,
2626 2707 2746 2761 sine
2793 2706 3324 2776 coinquinamento,
3355 2706 3612 2776 quinque
3662 2705 3784 2758 dies

2076 2798 2412 2868 poeniteant.
2475 2796 2616 2849 Cum
2664 2793 3200 2863 coinquinamento,
3246 2792 3368 2844 sine
3417 2793 3715 2860 amplexu,
3747 2790 3787 2842 X

2075 2883 2562 2957 superpositiones
2617 2883 2914 2952 accipiant.
3009 2882 3138 2934 Post
3207 2896 3390 2934 annos
3447 2880 3537 2933 XX
3628 2879 3788 2933 idem

2076 2975 2516 3037 committentes,
2579 2971 2660 3026 XL
2690 2971 2808 3025 dies
2858 2968 3106 3040 separati
3135 2985 3169 3022 a
3216 2985 3434 3035 mensa,
3503 2972 3788 3022 extorres-

2078 3081 2188 3135 que
2234 3063 2304 3116 ab
2324 3060 2588 3128 Ecclesia,
2622 3075 2752 3113 cum
2788 3075 2934 3129 pane
2975 3063 3034 3112 et
3093 3074 3242 3128 aqua
3280 3057 3490 3111 vivant.
3552 3056 3790 3110 Minime

2078 3167 2210 3205 vero
2234 3148 2671 3203 fornicationem
2694 3147 3000 3213 imitantes,
3025 3146 3401 3210 etirritantes,
3428 3160 3487 3198 se
3513 3144 3760 3197 invicem
3779 3185 3792 3211 ,

2076 3240 2173 3294 sed
2204 3237 2563 3308 coinquinati
2613 3253 2731 3290 non
2765 3239 2915 3303 sunt,
2976 3239 3212 3305 propter
3241 3234 3423 3287 aetatis
3492 3232 3792 3286 maturita-

2076 3334 2213 3394 tem,
2243 3327 2624 3396 flagellentur.
2658 3325 2713 3378 Si
2744 3340 2877 3377 vero
2918 3323 3269 3392 frequenter,
3306 3321 3548 3375 addatur
3591 3336 3788 3390 paena.

2078 3416 2244 3470 Pueri
2272 3420 2403 3469 ante
2433 3415 2517 3468 XX
2563 3429 2745 3467 annos
2793 3429 2852 3466 se
2896 3411 3140 3465 invicem
3185 3410 3452 3464 manibus
3512 3409 3789 3480 coinqui-

2076 3510 2301 3568 nantes,
2375 3507 2430 3557 et
2459 3501 2751 3556 confessi:
2815 3505 3126 3570 antequam
3192 3497 3622 3553 communicent
3706 3499 3792 3552 XX

2079 3594 2198 3647 dies
2234 3591 2568 3662 poeniteant.
2622 3590 2679 3644 Si
2727 3589 3065 3643 iteraverint
3111 3593 3242 3658 post
3283 3587 3708 3657 paenitentiam,
3754 3587 3795 3641 C

2077 3682 2216 3736 dies.
2245 3680 2302 3734 Si
2333 3695 2466 3733 vero
2497 3678 2875 3749 frequentius,
2921 3683 3278 3747 separentur,
3328 3682 3386 3730 et
3418 3691 3635 3729 annum
3676 3691 3796 3746 pcn-

2076 3771 2317 3825 niteant.
2344 3770 2814 3838 Puer‘oppressus
2837 3783 2868 3820 a
2890 3767 3104 3836 majore
3122 3763 3318 3819 infraX
3354 3781 3555 3829 annos,
3574 3764 3795 3818 hebdo-

2079 3858 2305 3913 madam
2350 3855 2576 3927 jejunet
2609 3871 2620 3909 :
2657 3855 2703 3908 si
2733 3855 3019 3908 consentit
3054 3856 3134 3908 ΧΧ
3169 3854 3288 3907 dies
3321 3870 3333 3907 :
3371 3852 3560 3907 mollis
3591 3859 3793 3906 autem

2078 3962 2292 4001 annum
2327 3945 2622 4014 paeniteat.
2668 3943 2776 4007 Qui
2820 3943 2878 3998 in
2907 3942 3122 3997 somnis
3169 3942 3483 3996 voluntarie
3536 3942 3794 4011 pollutus

2077 4041 2180 4102 est,
2246 4035 2461 4104 surgat,
2521 4039 2577 4086 et
2624 4037 2813 4086 cantet
2843 4032 3086 4102 genibus
3135 4031 3292 4084 ﬂexis
3341 4031 3434 4083 VII
3468 4031 3612 4084 Psal.
3682 4032 3789 4084 Vo-

2077 4125 2202 4179 lens
2221 4123 2281 4176 in
2321 4137 2519 4175 somno
2546 4136 2801 4192 peccare,
2855 4121 2936 4174 XX
2969 4121 3116 4174 Psal.
3175 4125 3381 4173 cantet.
3415 4118 3474 4172 Si
3535 4118 3794 4188 pollutus
3831 4162 3834 4165 .

2079 4217 2156 4267 est
2184 4211 2308 4265 sine
2338 4210 2632 4263 voluntate
2662 4210 2748 4263 XV
2777 4209 2922 4262 Psal.
2966 4212 3178 4273 cantet,
3229 4211 3285 4261 et
3315 4206 3373 4260 in
3423 4206 3536 4260 fine
3587 4207 3794 4260 unius-

1989 4331 2030 4384 ο
2071 4301 2348 4371 cujusque
2409 4298 2618 4351 Psalmi
2689 4296 2838 4351 dicat
2889 4303 3020 4351 ter:
3074 4298 3242 4364 Deus,
3291 4295 3350 4348 in
3429 4295 3783 4364 adjutorium

2070 4405 2265 4444 meum
2324 4387 2577 4451 intende,
2610 4391 2667 4440 et
2725 4385 2962 4456 reliqua.
3015 4385 3123 4448 Qui
3163 4400 3359 4438 semen
3402 4384 3464 4436 in
3535 4383 3784 4436 Ecclesia

2071 4477 2360 4534 dormiens
2389 4475 2616 4540 fuderit,
2642 4480 2755 4528 tres
2777 4474 3158 4544 diesjejunet,
3196 4473 3507 4543 Episcopus
3539 4471 3783 4525 fornica-

2069 4566 2285 4620 tionem
2307 4563 2521 4618 faciens
2541 4568 2739 4617 contra
2763 4568 3049 4627 naturam,
3069 4561 3436 4632 degradetur,
3459 4565 3513 4612 et
3557 4560 3780 4613 duode-

2067 4655 2177 4707 cim
2207 4669 2384 4707 annos
2416 4651 2704 4721 poeniteat.
2741 4651 3044 4720 Presbyter
3075 4655 3175 4702 aut
3201 4649 3496 4712 diaconus,
3532 4647 3781 4700 fornica-

2067 4743 2286 4795 tionem
2320 4745 2515 4794 contra
2540 4744 2803 4794 naturam
2829 4739 3060 4805 faciens,
3085 4738 3323 4807 praelato
3357 4741 3486 4789 ante
3512 4735 3782 4789 monachi

2067 4835 2220 4898 voto,
2256 4829 2660 4899 degradentur,
2695 4832 2750 4881 et
2786 4828 2828 4880 V
2859 4843 3038 4880 annos
3078 4827 3416 4896 pmniteant,
3451 4829 3506 4877 et
3548 4823 3783 4876 veniam

2067 4920 2226 4973 omni
2257 4920 2396 4972 liora
2427 4923 2647 4988 rogent,
2674 4921 2731 4971 et
2790 4915 3315 4986 superpositionem
3359 4913 3670 4983 patiantur,
3719 4912 3783 4965 in

2069 5023 2414 5078 unaquaque
2497 5005 2879 5072 hebdomade,
2941 5003 3191 5072 exceptis
3282 5001 3784 5073 quinquagesimis

2067 5096 2282 5149 diebus.
2313 5097 2445 5148 Post
2465 5093 3008 5164 superpositionem,
3049 5107 3197 5162 pane
3222 5091 3267 5144 si
3292 5106 3597 5162 emensura
3620 5095 3785 5141 utan-

2065 5189 2178 5249 tur,
2211 5189 2266 5237 et
2323 5183 2602 5237 ferculum
2646 5183 3011 5252 aliquatenus
3049 5181 3258 5250 butyro
3302 5177 3684 5248 impinguato,
3723 5180 3783 5230 et

2065 5272 2155 5326 die
2180 5271 2474 5325 Dominico
2524 5272 2603 5324 sic
2651 5270 2860 5324 vivant.
2913 5269 3143 5324 Caeteris
3189 5283 3322 5322 vero
3363 5267 3564 5321 diebus
3614 5264 3779 5335 paxi-

2064 5359 2203 5414 mati
2264 5360 2428 5429 panis
2481 5374 2774 5426 mensura,
2823 5363 2880 5412 et
2924 5374 3101 5427 parvo
3158 5355 3520 5426 impinguata
3571 5355 3780 5424 butyro

2073 5449 2251 5513 olera,
2313 5452 2368 5500 et
2423 5448 2543 5500 ovis
2591 5447 2808 5516 paucis,
2881 5452 2939 5500 et
2982 5445 3283 5499 formatico
3323 5443 3675 5508 reficiantur,
3722 5446 3783 5496 et

2063 5550 2228 5605 aqua:
2277 5538 2501 5588 tantum
2555 5539 2837 5606 quantum
2895 5533 3141 5598 sufﬁciat
3205 5533 3252 5587 si
3311 5531 3609 5604 operarius
3665 5536 3775 5586 est.

2063 5624 2262 5677 Lectus
2322 5623 2475 5676 enim
2531 5639 2647 5677 non
2708 5623 2956 5676 multum
3013 5622 3230 5676 frenum
3288 5619 3515 5686 habeat,
3562 5624 3618 5673 et
3669 5633 3779 5688 per
