3944 6412
134 370 228 422 933
936 371 1408 430 ΒΕΟΒΕΤΟΒΗΜ
1452 378 1638 433 LIBRI
1675 379 1781 434 XX.
1814 409 1883 418 —
1926 380 2137 437 LIBER

2023 382 2137 437 ιΕΒ
2178 382 2481 440 DECIMUS
2520 385 2851 443 OCTAVUS.

3549 398 3654 450 934

134 495 242 544 tres
273 491 746 562 quadragesimus
777 493 915 548 anui
966 496 1135 549 addat
1167 497 1406 567 aliquid,
1463 505 1631 570 prout
1658 501 1839 555 virtus
1869 505 1912 556 A
1953 521 2120 558 suum
2152 508 2522 576 oppresserit,
2557 513 2656 562 aut
2680 510 3153 566 vestimentorum
3195 514 3448 583 pondere
3479 517 3652 572 suffo-

135 581 251 649 ejus
284 582 606 649 admiserit,
659 599 888 653 semper
928 600 992 636 ex
1049 585 1253 638 intimo
1299 588 1468 641 corde
1529 595 1590 641 ut
1633 590 1839 644 defleat

136 670 354 739 culpam
391 687 576 724 suam.
616 671 1014 726 Obedientiam
1065 689 1194 742 quae
1247 677 1441 729 omnia
1475 679 1833 746 praeeminet,

138 757 506 811 libentissime
537 759 796 829 accipiat.
834 761 966 813 Post
1006 777 1222 814 annum
1273 769 1328 815 et
1375 764 1678 818 dimidium
1732 768 1838 819 Eu-

138 844 459 900 charistiam
515 853 721 910 sumat,
777 855 833 902 et
886 850 957 902 ad
1015 866 1214 918 pacem
1291 853 1523 906 veniat:
1587 855 1838 908 Psalmos

139 950 260 986 cum
291 934 568 989 fratribus
613 940 823 998 cantet,
879 953 947 990 ne
997 938 1221 1007 penitus
1259 941 1452 993 anima
1501 947 1659 995 tanto
1701 949 1842 996 tem-

136 1039 264 1092 pore
294 1024 542 1076 ccelestis
574 1025 875 1078 medicinas
917 1026 1119 1095 jejuna
1174 1028 1437 1082 intereat.
1491 1030 1546 1084 Si
1578 1030 1841 1084 inferiori

139 1112 312 1181 gradu
359 1113 520 1180 prius
553 1114 684 1184 quis
716 1115 1030 1168 monachus
1063 1116 1270 1182 fuerat,
1314 1123 1428 1170 tres
1457 1119 1690 1188 quidem
1737 1135 1840 1173 an-

141 1217 237 1254 nos
267 1202 566 1270 paeniteat,
617 1203 710 1254 sed
761 1220 1032 1256 mensura
1077 1220 1191 1257 non
1241 1212 1508 1274 gravetur
1545 1207 1728 1277 panis.
1785 1205 1841 1260 Si

140 1289 432 1359 operarius
462 1295 569 1357 est,
603 1291 846 1344 sextario
878 1292 946 1344 de
982 1293 1119 1345 lacte
1179 1294 1460 1361 Romano,
1513 1300 1571 1348 et
1611 1296 1722 1348 alio
1772 1295 1842 1348 de

138 1381 380 1445 teuncla,
435 1384 492 1431 et
544 1394 694 1448 aqua
740 1386 1022 1448 quantum
1057 1381 1271 1434 sufficit
1321 1399 1426 1452 pro
1472 1383 1592 1436 sitis
1637 1384 1841 1437 ardore

140 1472 342 1520 sumat.
405 1466 462 1520 Si
516 1483 652 1520 vero
707 1469 828 1520 sine
887 1475 1015 1522 voto
1071 1471 1338 1524 monachi
1400 1472 1696 1541 presbyter
1745 1476 1844 1525 aut

138 1553 408 1607 diaconus
438 1554 519 1607 sic
567 1556 905 1626 peccaverit,
957 1557 1104 1610 sicut
1136 1561 1452 1612 monachus
1479 1561 1600 1613 sine
1657 1561 1839 1630 gradu

137 1644 428 1712 poeniteat,
462 1649 518 1697 et
568 1651 764 1714 postea
814 1645 1056 1716 recipiat
1105 1648 1317 1717 gradus
1366 1666 1513 1704 suos.
1559 1649 1614 1704 Si
1649 1655 1838 1703 autem

137 1732 430 1802 presbyter
464 1738 563 1786 aut
608 1733 879 1786 diaconus
910 1741 1036 1804 post
1084 1737 1194 1789 tale
1246 1743 1538 1805 peccatum
1597 1738 1842 1791 voluerit

136 1820 452 1874 monachus
507 1821 652 1888 fieri,
708 1821 1014 1876 indiscrete
1060 1825 1352 1893 proposito
1411 1825 1566 1878 exilii
1627 1843 1842 1879 annum

136 1915 188 1962 et
240 1910 552 1964 dimidium
615 1911 906 1978 paeniteat,
973 1912 1180 1966 habeat
1235 1919 1432 1966 tamen
1485 1914 1658 1967 abbas
1713 1931 1843 1967 cum

135 1999 374 2052 consilio
416 1999 673 2069 episcOpi
721 1999 808 2052 sui
855 2001 1029 2070 hujus
1084 2001 1166 2054 rei
1222 2003 1562 2055 moderandi
1608 2003 1847 2056 faculta-

134 2091 265 2152 tem,
331 2087 379 2140 si
440 2087 768 2142 obedientia
833 2089 1163 2158 paenitentis
1233 2091 1442 2158 placita
1495 2090 1570 2144 sit
1625 2092 1739 2145 Deo
1790 2096 1847 2145 et

134 2174 405 2230 fratribus
439 2177 649 2246 quibus
679 2178 1048 2230 commissum
1083 2183 1187 2232 est.

272 2266 408 2319 CAP.
436 2265 594 2319 LVII.
623 2295 690 2306 —
722 2269 791 2319 De
810 2268 920 2319 illis
943 2269 1040 2335 qui
1065 2273 1373 2334 conceptum
1395 2270 1697 2322 excutiunt.

200 2353 308 2424 (Ea:
348 2356 578 2408 concilio
615 2356 884 2420 Worma.,
928 2359 1104 2423 capite
1165 2356 1276 2425 30.)
1308 2355 1366 2410 Si
1415 2356 1622 2426 aliquis
1671 2372 1842 2410 causa

131 2443 427 2511 explendae
455 2443 731 2509 libidinis,
766 2443 850 2497 vel
884 2443 1002 2496 odii
1037 2444 1434 2508 meditatione,
1486 2451 1550 2497 ut
1613 2461 1728 2497 non
1779 2461 1843 2498 ex

133 2546 194 2583 eo
253 2532 491 2586 soboles
541 2536 826 2596 nascatur,
872 2532 1115 2597 homini,
1169 2537 1267 2585 aut
1326 2532 1554 2585 mulieri
1618 2533 1837 2603 aliquid

135 2619 349 2685 fecerit,
385 2621 472 2673 vel
505 2620 574 2673 ad
610 2621 924 2689 potandum
957 2620 1196 2684 dederit,
1224 2626 1285 2672 ut
1315 2637 1430 2672 non
1460 2620 1636 2690 possit
1667 2637 1842 2692 gene-

136 2724 277 2775 rare,
312 2713 418 2761 aut
448 2708 773 2778 concipere,
799 2716 859 2762 ut
891 2708 1181 2762 homicida
1203 2714 1485 2762 teneatur.

137 2797 257 2852 CAP.
299 2798 494 2852 LVIII.
526 2828 597 2836 —
632 2799 710 2850 De
748 2799 862 2852 illis
895 2799 992 2866 qui
1018 2799 1258 2861 infantes
1290 2812 1412 2850 suos
1453 2800 1838 2865 oppresserint.

200 2887 313 2954 (Ea:
342 2887 576 2941 concilio
605 2887 912 2955 Mogunti.,
945 2887 1122 2954 capite
1168 2886 1244 2956 6.)
1279 2885 1337 2938 Si
1389 2885 1518 2956 quis
1562 2885 1838 2938 infantem

1948 593 2179 658 caverit,
2210 600 2265 648 et
2295 596 2398 648 hoc
2427 603 2554 666 post
2588 599 2942 668 baptismum
2975 601 3186 654 factum
3207 603 3395 668 fuerit,
3430 606 3512 658 XL
3535 607 3654 658 dies

1946 683 2220 750 pmniteat
2256 683 2311 737 in
2352 701 2498 754 pane
2554 690 2611 739 et
2658 703 2830 756 aqua,
2894 694 2951 741 et
2998 706 3028 741 a
3057 691 3303 760 conjuge
3334 708 3390 744 se
3423 694 3654 748 interim

1947 770 2248 824 abstineat.
2286 773 2484 825 Postea
2517 775 2630 826 tres
2661 791 2845 829 annos
2893 779 3172 846 pmniteat
3218 797 3319 850 per
3371 782 3656 850 legitimas

1947 859 2136 925 ferias,
2170 865 2227 912 et
2251 865 2366 914 tres
2395 861 2452 914 in
2486 879 2636 916 anno
2670 864 3141 935 quadragesimas
3173 869 3462 923 observet.
3493 870 3654 934 Quod

1949 948 1996 1000 si
2025 957 2158 1002 ante
2198 949 2552 1020 baptismum
2582 951 2766 1004 infans
2792 969 3102 1024 oppressus
3133 956 3323 1020 fuerit,
3361 958 3656 1027 proximos

1949 1038 2331 1108 quadraginta
2387 1040 2508 1093 dies
2558 1045 2619 1094 ut
2670 1059 2842 1113 supra
2893 1045 3192 1114 paeniteat.
3257 1049 3460 1102 Postea
3521 1065 3653 1103 vero

1953 1126 2414 1197 quinquennium
2447 1130 2688 1199 expleat.

1951 1251 2078 1306 CAP.
2133 1252 2261 1306 LIX.
2311 1283 2376 1291 —
2407 1255 2479 1306 De
2525 1259 2687 1321 patre
2729 1259 2779 1308 et
2807 1261 2981 1331 matre
3025 1261 3123 1326 qui
3161 1259 3302 1327 ﬁlios
3348 1275 3470 1316 suos
3499 1262 3650 1331 apud

2457 1339 2512 1376 se
2543 1331 2777 1379 mortuos
2807 1329 3132 1383 invenerint.

2024 1429 2142 1494 (Ea:
2199 1430 2421 1482 concilio
2472 1433 2790 1498 parisiensi,
2850 1435 3028 1501 capite
3079 1435 3154 1504 ‘5.)
3201 1436 3278 1490 De
3333 1436 3650 1490 infantibus

1952 1522 2142 1570 autem
2178 1519 2274 1587 qui
2302 1519 2515 1571 mortui
2564 1519 2937 1574 inveniuntur
2963 1538 3089 1576 cum
3125 1529 3286 1594 patre
3337 1530 3392 1579 et
3444 1531 3644 1591 matre,

1953 1609 2009 1657 et
2042 1622 2153 1657 non
2186 1610 2424 1674 apparet
2451 1611 2644 1660 utrum
2695 1623 2728 1660 a
2754 1614 2913 1677 patre
2970 1615 3065 1662 aut
3100 1617 3280 1665 matre
3332 1613 3549 1665 occisus
3579 1613 3653 1666 sit

1951 1694 2072 1764 ipse
2099 1694 2288 1746 infans
2339 1695 2428 1748 vel
2475 1695 2798 1763 suffocatus,
2848 1715 2916 1751 an
2972 1700 3201 1770 propria
3237 1705 3416 1754 morte
3449 1702 3653 1755 defun-

1877 1781 1914 1832 B
1954 1788 2075 1835 ctus
2108 1798 2122 1836 :
2157 1799 2270 1835 non
2297 1783 2510 1836 debent
2549 1783 2678 1838 inde
2706 1786 2890 1838 securi
2933 1803 3078 1853 esse,
3129 1806 3232 1842 nec
3287 1789 3408 1842 sine
3462 1791 3652 1859 pugni-

1951 1871 2129 1924 tenfia
2159 1871 2268 1940 ipsi
2317 1877 2602 1941 parentes,
2643 1874 2740 1926 sed
2805 1880 2996 1928 tamen
3042 1877 3100 1929 in
3147 1877 3228 1930 eis
3270 1879 3652 1933 consideratio

1952 1959 2122 2017 debet
2149 1975 2270 2013 esse
2321 1960 2572 2028 pietatis,
2628 1962 2723 2014 ubi
2773 1979 2887 2016 non
2942 1965 3220 2028 voluntas,
3272 1967 3369 2019 sed
3419 1973 3654 2020 eventus

1953 2048 2156 2100 mortis
2182 2065 2351 2101 causa
2380 2048 2502 2102 fuit.
2533 2049 2590 2103 Si
2617 2055 2805 2103 autem
2839 2067 2934 2104 eos
2975 2068 3088 2104 non
3137 2053 3277 2106 latet
3325 2054 3480 2123 ipsos
3529 2056 3656 2125 ejus

1953 2153 2072 2190 esse
2129 2136 2541 2205 interfectores,
2622 2139 2765 2192 scire
2837 2141 3046 2195 debent
3095 2143 3346 2210 graviter
3395 2161 3452 2197 se
3509 2145 3652 2198 deli-

1953 2225 2166 2294 quisse,
2229 2227 2380 2296 quod
2440 2227 2499 2279 in
2582 2230 2863 2282 Ancirano
2921 2230 3162 2284 concilio
3221 2233 3654 2301 comprobatur.

1951 2313 2192 2377 Quidam
2230 2321 2422 2368 autem
2455 2314 2628 2368 trium
2662 2333 2949 2371 annorum
3002 2319 3403 2389 paenitentiam
3445 2323 3654 2374 horum

1944 2403 2209 2472 judicent
2245 2421 2364 2456 esse
2405 2404 2612 2458 debere
2647 2421 2660 2458 :
2715 2421 2961 2476 quorum
3006 2424 3184 2461 unum
3229 2425 3293 2461 ex
3335 2409 3424 2462 his
3465 2409 3658 2480 exigat

1953 2492 2012 2544 in
2042 2508 2189 2562 pane
2222 2497 2276 2544 et
2309 2508 2458 2562 aqua
2501 2495 2672 2562 atque
2721 2511 2779 2545 se
2832 2494 2902 2547 ab
2935 2495 3095 2548 omni
3139 2496 3368 2549 luxuria
3396 2503 3655 2567 tempore

1951 2580 2304 2650 poenitentiae
2329 2596 2444 2633 suae
2479 2581 2775 2634 custodiat.

2023 2689 2150 2742 CAP.
2191 2688 2290 2741 LX.
2323 2716 2391 2727 —
2425 2690 2498 2740 De
2532 2688 2642 2740 illis
2671 2690 2893 2752 feminis
2915 2703 3034 2755 qua:
3061 2689 3310 2741 abortum
3331 2691 3583 2755 fecerint.

2021 2795 2128 2860 (Ea:
2159 2793 2526 2846 Pamitential-i
2554 2793 2837 2863 Romano.)
2870 2793 2926 2848 Si
2971 2811 3083 2864 qua
3142 2795 3352 2848 mulier
3389 2796 3653 2850 abortum

1949 2881 2150 2936 fecerit
2176 2881 2519 2947 voluntarie,
2562 2881 2743 2934 tribus
2773 2881 2938 2934 annis
2967 2882 3261 2951 pmniteat.

1405 2997 1581 3036 FINIS
1627 2997 1804 3036 LIBRI
1855 2995 2076 3035 DECIMI
2122 2993 2412 3033 SEPTIMI.

1481 3264 2325 3369 BURCHARDI

1089 3459 1498 3515 ECCLESIIE
1536 3457 2164 3514 WORMACIENSIS
2205 3457 2578 3512 EPISCOPI

361 3631 1372 3764 DECRETORUM
1477 3634 1914 3763 LIBER
2015 3631 2650 3764 DECIMUS
2758 3632 3412 3764 OCTAVUS

1265 3866 1366 3930 DE
1414 3867 1940 3933 VISITATIONE
1991 3867 2528 3932 INFIBMORUM.

622 4137 1116 4193 ABGUMENTUM
1157 4139 1368 4193 LIBRI.

203 4229 372 4285 Liber
423 4228 518 4283 hic
571 4227 832 4282 infirmos
878 4245 909 4281 a
955 4227 1305 4297 presbyteris
1357 4226 1673 4282 visitandos
1700 4244 1842 4294 esse,

135 4321 186 4370 et
215 4333 345 4388 quae
378 4317 452 4371 ad
481 4318 633 4370 hanc
661 4315 1049 4370 visitationem
1079 4317 1470 4386 requirantur,
1505 4317 1727 4370 edocet.

199 4407 340 4460 Cum
406 4406 680 4458 sacerdos
733 4405 984 4458 audierit
1035 4405 1285 4475 aliquem
1314 4405 1592 4458 infirmari
1627 4405 1683 4458 iu
1745 4422 1847 4459 sua

135 4494 311 4562 plebe,
346 4495 466 4548 cito
495 4493 565 4547 ad
616 4509 747 4546 eum
797 4498 1018 4564 pergat,
1075 4499 1132 4547 et
1179 4493 1469 4563 ingressus
1517 4494 1844 4548 cubiculum

132 4599 335 4651 aquam
365 4581 741 4637 benedictam
773 4598 947 4652 super
977 4598 1129 4650 eum,
1188 4588 1245 4636 et
1273 4599 1376 4652 per
1402 4599 1572 4636 omne
1608 4582 1843 4636 cubicu-

131 4669 241 4725 lum
263 4674 567 4741 aspergat,
601 4686 733 4723 cum
759 4670 1104 4740 antiphona:
1125 4673 1408 4741 Asperges
1431 4687 1543 4736 me,
1570 4670 1841 4737 Domine;

128 4764 179 4812 et
202 4777 368 4815 versu
403 4777 416 4814 :
453 4760 732 4829 Exnrgat,
769 4759 936 4824 Deus,
970 4764 1026 4812 et
1057 4759 1406 4829 dissipentur
1456 4758 1696 4824 inimici,
1734 4763 1839 4812 etc.

127 4847 333 4904 Deinde
365 4849 533 4903 dicat
562 4847 884 4901 orationem
917 4864 930 4901 :
962 4849 1110 4902 Deus
1142 4849 1242 4919 qui
1292 4848 1685 4902 sacerdotibus
1729 4847 1843 4901 tuis

126 4941 333 4991 tantam
366 4937 647 5009 gratiam.
685 4935 901 4989 Deinde
933 4941 1123 4991 cantet
1172 4943 1390 5008 septem
1426 4937 1682 4991 Psalmos
1711 4952 1842 4989 cum

125 5025 382 5094 precibus
417 5041 530 5096 pro
563 5024 832 5078 infirmis.
895 5025 1108 5079 Deinde
1145 5026 1422 5079 Litaniam
1453 5030 1662 5079 cantet.
1710 5026 1844 5078 Post

35 5187 48 5200 ι
125 5114 239 5168 haec
324 5131 539 5170 omnes
590 5114 794 5184 jubeat
867 5119 1024 5168 extra
1063 5114 1390 5168 cubiculum
1459 5114 1744 5167 secedere.
1779 5114 1844 5167 Et

126 5205 606 5276 appropinquans
667 5202 813 5256 lecto
864 5219 979 5272 quo
1026 5202 1290 5256 infirmus
1345 5202 1658 5268 decumbit,
1709 5217 1838 5255 eum

128 5291 324 5348 blande
362 5295 698 5362 leniterque
729 5293 1080 5361 alloquetur,
1112 5297 1174 5345 ut
1203 5308 1436 5354 omnem
1481 5307 1643 5360 spem
1677 5307 1839 5344 suam

127 5379 178 5431 in
213 5382 322 5436 Deo
356 5387 564 5453 ponat,
593 5386 655 5432 ut
685 5381 722 5433 fl
745 5381 978 5450 :gellum
999 5381 1097 5433 Dei
1122 5381 1406 5450 patienter
1432 5381 1658 5448 toleret,
1691 5384 1742 5432 et
1778 5382 1838 5432 ut

127 5467 239 5524 huic
265 5472 330 5526 ad
356 5470 774 5542 purgationem
805 5474 860 5523 et
885 5469 1324 5539 castigationem
1346 5486 1505 5522 suam
1531 5468 1837 5539 provenire

127 5559 328 5627 credat,
363 5567 431 5615 ut
464 5563 708 5631 peccata
737 5574 838 5612 sua
865 5558 1230 5622 conﬁteatur,
1275 5563 1340 5612 ut
1377 5557 1841 5612 emendationem

129 5650 440 5715 promittat,
473 5648 522 5702 si
556 5645 838 5702 Dominus
855 5646 1030 5702 vitam
1049 5645 1414 5714 concesserit,
1437 5644 1838 5716 paenitentiam

1884 4140 1924 4195 C
1955 4154 2060 4208 pro
2086 4139 2267 4210 culpis
2297 4139 2612 4193 commissis
2644 4140 2942 4209 spondeat,
2989 4145 3053 4194 ut
3087 4140 3463 4196 substantiam
3494 4158 3658 4196 suam

1957 4228 2096 4282 dum
2137 4228 2324 4282 adhuc
2364 4245 2562 4282 sensus
2612 4233 2669 4282 et
2713 4229 2861 4282 ratio
2911 4229 3082 4299 viget,
3114 4230 3398 4300 disponat,
3433 4235 3496 4284 ut
3527 4247 3655 4300 pec-

1957 4323 2079 4370 cata
2112 4334 2214 4371 sua
2243 4319 2622 4387 eleemosynis
2669 4318 2932 4384 redimat,
2978 4323 3039 4371 ut
3070 4319 3157 4371 his
3187 4319 3285 4389 qui
3329 4319 3388 4370 in
3429 4334 3486 4371 se
3522 4335 3654 4387 pec-

1957 4412 2230 4459 caverunt
2277 4407 2592 4476 indulgeat,
2647 4411 2712 4458 ut
2753 4412 2964 4458 rectam
3022 4405 3219 4472 ﬁdem,
3261 4411 3316 4459 et
3345 4405 3654 4458 credulita-

1955 4500 2071 4548 tem
2103 4499 2312 4559 teneat,
2348 4501 2404 4547 et
2432 4495 2603 4547 fidem
2635 4510 2702 4547 ex
2727 4494 2948 4563 integro
2973 4511 3088 4547 non
3118 4494 3390 4564 sapuerit,
3425 4495 3658 4564 presby-

1955 4587 2042 4636 ter
2083 4599 2216 4636 eum
2256 4583 2457 4636 docere
2498 4582 2714 4634 debet:
2767 4587 2825 4634 et
2888 4586 2950 4634 ut
2993 4582 3062 4635 de
3105 4581 3204 4634 Dei
3261 4582 3654 4634 misericordia

1955 4687 2250 4740 nunquam
2279 4670 2561 4739 desperet,
2594 4669 2814 4722 doceat.
2844 4670 2986 4724 Cum
3040 4670 3129 4722 his
3170 4675 3227 4722 et
3257 4669 3656 4739 hujuscemodi

1952 4759 2395 4813 allocutionibus
2450 4757 2625 4812 fuerit
2699 4773 2862 4812 mens
2919 4757 3136 4810 infirmi
3188 4759 3460 4824 revelata,
3519 4757 3654 4813 data

1952 4848 2369 4915 benedictione,
2437 4847 2755 4917 interroget
2797 4861 2929 4900 eum
2977 4846 3046 4900 de
3100 4847 3342 4918 singulis
3393 4863 3496 4917 per
3553 4864 3653 4900 or-

1953 4935 2167 4989 dinem.

2025 5023 2252 5089 Quando
2301 5022 2588 5091 presbyter
2635 5022 2850 5077 domum
2899 5025 3079 5078 intrat
3139 5025 3198 5077 in
3251 5039 3360 5092 qua
3407 5026 3655 5092 inﬁrmus

2469 5113 2638 5181 jacet,
2660 5114 2905 5179 primum
2922 5112 3071 5168 dicat
3105 5129 3118 5166 :

1955 5202 2068 5254 Pax
2091 5200 2225 5254 huic
2249 5200 2468 5254 domui.

1908 5353 1920 5365 0
1953 5291 2016 5343 Et
2046 5289 2314 5343 omnibus
2344 5289 2738 5344 habitantibus
2770 5289 2827 5343 in
2862 5306 2948 5344 ea.

1952 5381 2142 5434 Postea
2173 5379 2510 5434 benedicatur
2537 5379 2621 5432 sal
2649 5383 2699 5432 et
2750 5395 2916 5446 aqua,
2967 5384 3016 5432 et
3045 5384 3371 5448 aspergatur
3408 5379 3466 5433 in
3499 5379 3653 5436 domo

2570 5483 2688 5520 cum
2718 5469 3038 5536 antiphona.
3229 5464 3235 5469 ’

2024 5555 2280 5618 Benedic,
2309 5555 2572 5621 Domine,
2601 5556 2839 5609 domum
2866 5555 3056 5624 istam,
3088 5561 3145 5610 et
3165 5572 3364 5611 omnes
3391 5557 3654 5612 habitan-

1950 5645 2033 5699 fes
2064 5645 2121 5699 in
2152 5662 2236 5713 ea,
2272 5644 2404 5715 quia
2441 5651 2524 5710 tu,
2557 5643 2817 5710 Domine,
2845 5644 3031 5698 dixisti
3071 5661 3083 5698 :
3127 5647 3236 5699 Pax
3267 5646 3400 5700 huic
3431 5647 3651 5713 domui,
