3944 6400
295 385 400 438 935

1366 381 1766 438 BURCHARDI
1805 380 2340 438 WORMACIENSIS
2381 379 2715 436 EPISCOPI.
3698 383 3801 436 936

293 502 556 569 benedic,
589 501 850 568 Domine,
873 500 1143 556 timentes
1166 505 1222 555 te
1241 501 1476 572 pusillos
1496 518 1625 556 cum
1659 501 1994 572 majoribus,
2035 504 2079 555 A
2114 502 2174 554 In
2207 505 2261 554 te
2290 505 2683 571 spcraverunt,
2720 503 2776 553 et
2801 515 2916 553 non
2947 504 3081 553 sunt
3112 499 3354 553 confusi.

294 592 581 647 benedicti
606 608 705 644 vos
733 591 974 644 Domino
1009 591 1110 662 qui
1139 591 1270 644 fecit
1297 592 1500 645 coelum
1534 597 1591 644 et
1615 596 1846 644 terram.

295 684 420 737 Post
477 683 585 735 haec
659 680 891 734 canendi
935 686 1062 734 sunt
1119 686 1315 749 septem
1375 680 1581 748 psalmi
1631 682 1990 749 pcenitentiae,

364 769 566 824 Deinde
597 771 838 824 Litam’a.
894 769 1016 834 Qua
1062 770 1278 838 expleta
1336 773 1626 822 cantetur:
1666 771 1834 822 Pater
1887 784 1990 821 no-

366 864 500 912 ster.
535 859 600 911 Et
631 873 702 910 ne
731 874 835 910 nos
865 857 1100 911 inducas
1131 857 1193 910 in
1245 856 1641 924 tentationem,
1674 857 1771 912 sed
1810 857 1992 911 libera

369 963 474 1001 nos
496 963 530 999 a
556 947 729 1012 malo,
759 949 958 1001 Amen.

439 1035 671 1089 Salvum
702 1034 788 1088 fac
814 1049 1039 1087 servum
1064 1037 1250 1100 tuum,

510 1124 658 1176 Deus
689 1139 871 1188 meus,
907 1126 1232 1192 sperantem
1265 1121 1325 1175 in
1355 1125 1432 1177 te.

439 1211 614 1278 Mitte,
647 1211 719 1278 ei,
754 1211 1016 1278 Domine,
1049 1210 1327 1264 auxilium
1359 1210 1429 1265 de
1452 1215 1667 1278 sancto,

514 1301 578 1354 Et
607 1300 674 1354 de
706 1299 839 1354 Sion
871 1304 1033 1353 tuere
1054 1315 1207 1353 eum.

439 1388 591 1443 Nihil
625 1387 884 1458 proficiat
903 1387 1170 1441 inimicus
1190 1387 1246 1440 in
1266 1401 1356 1455 eo,

509 1478 573 1531 Et
597 1476 751 1530 ﬁlius
783 1476 1107 1547 iniquitatis
1133 1486 1248 1529 non
1277 1478 1530 1544 apponat
1554 1491 1758 1530 nocere
1776 1474 1847 1530 ei.

438 1567 567 1620 Esto
597 1565 700 1629 illi,
739 1566 996 1633 Domine,
1030 1564 1204 1619 turris
1232 1563 1608 1632 fortitudinis,

507 1656 555 1710 A
586 1655 725 1708 facie
759 1655 998 1708 inimici.

2101 588 2181 642 Ne
2216 589 2427 654 tradas,
2463 589 2723 655 Domine,
2755 589 2951 642 bestiis
2987 589 3241 642 animam
3273 589 3643 646 confitentem
3672 591 3802 658 tibi,

2100 676 2364 730 Animam
2401 677 2670 746 pauperis
2703 677 2786 730 tui
2819 693 2889 731 ne
2923 677 3272 730 obliviscaris
3302 677 3360 730 in
3392 679 3585 735 tinem.

2327 768 2518 820 Postea
2547 771 2845 835 sequantur
2874 769 2992 820 ista:
3018 770 3307 820 orationes.
3342 767 3584 822 Oremus.

2176 854 2325 908 Deus
2376 855 2474 924 qui
2523 854 2740 907 famulo
2771 859 2870 908 tuo
2902 855 3153 908 Ezechiae
3183 855 3478 925 terquinos
3506 872 3686 910 annos
3733 857 3807 912 ad

2099 942 2275 996 vitam
2306 943 2551 1010 donasti,
2585 943 2664 996 ita
2693 949 2750 997 et
2781 943 3062 997 famulum
3094 949 3256 997 tuum
3289 945 3352 998 N.
3386 960 3419 997 a
3451 945 3594 998 lecto
3627 946 3808 1016 aegri-

2099 1031 2318 1085 tudinis
2347 1037 2446 1086 tua
2505 1032 2763 1102 potentia
2809 1031 2990 1102 erigat
3042 1032 3112 1086 ad
3163 1032 3428 1087 salutem.
3473 1035 3581 1088 Per
3636 1033 3808 1088 Chri-

2101 1126 2274 1176 stum.

2171 1211 2326 1264 Alia.
2353 1209 2610 1280 Respice,
2643 1210 2903 1274 Domine,
2928 1210 3210 1264 famulum
3242 1215 3427 1265 tuum.
3468 1212 3532 1266 N.
3563 1211 3623 1265 in
3647 1211 3809 1265 infir-

2103 1298 2298 1352 mitate
2338 1299 2425 1352 sui
2474 1299 2731 1369 corporis
2782 1299 3162 1365 laborantem,
3216 1304 3272 1353 et
3306 1299 3561 1353 animam
3609 1301 3806 1355 refove

2103 1403 2276 1460 quam
2306 1388 2528 1455 creasti,
2577 1391 2642 1440 ut
2683 1386 3154 1458 castigationibus
3201 1388 3562 1457 emendatus,
3612 1385 3808 1442 c‘onti-

2102 1494 2220 1532 nuo
2269 1493 2328 1530 se
2389 1476 2595 1530 sentiat
2651 1479 2753 1530 tua
2819 1475 3108 1530 medicina
3178 1492 3300 1530 esse
3350 1477 3651 1531 salvatum.
3699 1479 3810 1531 Per

2106 1565 2417 1630 Christum,

2174 1655 2324 1708 Alia.
2354 1654 2500 1707 Deus
2533 1653 2631 1724 qui
2660 1652 2891 1707 facturae
2919 1657 3032 1707 tua:
3083 1652 3176 1724 pio
3227 1669 3454 1723 semper
3491 1653 3810 1708 dominaris

367 1743 644 1796 Dominus
674 1749 969 1797 conservet
999 1758 1151 1808 eum,
1188 1747 1244 1795 et
1300 1741 1543 1794 viviﬁcet
1595 1756 1749 1805 eum,
1781 1745 1834 1795 et
1863 1740 1994 1795 bea-
2027 1779 2066 1831 Β
2105 1741 2330 1808 affectu,
2385 1741 2599 1795 inclina
2657 1757 2855 1795 aurem
2911 1749 3071 1795 tuam
3137 1742 3656 1811 supplicationibus
3707 1759 3810 1796 no-

295 1835 415 1885 tum
447 1831 614 1885 faciat
645 1848 774 1885 eum
804 1831 863 1884 in
910 1837 1085 1896 terra,
1135 1835 1191 1883 et
1238 1846 1356 1882 non
1402 1829 1584 1882 tradat
1629 1829 1687 1882 in
1739 1829 1990 1883 animam

293 1919 660 1974 inimicorum
678 1921 820 1990 ejus.
843 1919 1121 1972 Dominus
1136 1934 1302 1989 opem
1327 1918 1472 1971 ferat
1491 1917 1574 1970 illi
1594 1919 1992 1987 superlectum

291 2008 625 2062 infirmitate
653 2010 796 2079 ejus.
833 2007 1172 2062 Universum
1207 2011 1448 2060 stratum
1483 2006 1606 2075 ejus
1660 2007 1896 2060 versasti
1932 2007 1993 2060 in

293 2095 504 2149 doloris
565 2096 708 2166 ejus.
783 2095 1047 2160 Domine,
1126 2094 1330 2148 exaudi
1389 2094 1710 2148 orationem
1777 2110 1987 2148 meam.

292 2185 586 2238 Psalmus:
622 2185 884 2239 Miserere
915 2183 1050 2251 mei,
1089 2184 1254 2236 Deus.

773 2272 1032 2339 Sequitur
1051 2274 1242 2325 oratio.
1279 2271 1518 2326 Oremus.

367 2360 744 2430 Omnipotens
791 2365 848 2413 et
899 2359 1218 2413 misericors
1273 2361 1440 2425 Deus,
1501 2375 1833 2429 quaesumus
1876 2359 1989 2413 im-

295 2464 553 2502 mensam
606 2449 876 2518 pietatem
931 2454 1112 2512 tuam,
1171 2452 1236 2501 ut
1285 2448 1358 2500 ad
1416 2447 1718 2501 introitum
1773 2448 1835 2502 in
1889 2453 1989 2501 tuo

295 2537 529 2592 nomine
557 2537 899 2591 humilitatis
941 2543 1172 2602 nostrae,
1225 2535 1376 2590 hunc
1411 2536 1692 2590 famulum
1726 2542 1891 2590 tuum
1923 2538 1986 2591 N.

292 2627 352 2680 in
396 2627 501 2680 hoc
547 2626 870 2680 liahitaculo
921 2627 1205 2695 jacentem
1238 2626 1472 2692 fessum,
1523 2625 1811 2679 salutifero
1865 2625 1992 2679 visi-

295 2718 413 2768 tare
445 2714 718 2785 digneris,
754 2714 899 2768 sicut
923 2714 1147 2768 visitare
1170 2715 1439 2785 dignatus
1464 2730 1547 2779 es,
1585 2713 1847 2780 Domine,
1879 2713 1990 2768 To-

293 2803 446 2857 binm
477 2810 531 2856 et
561 2803 780 2869 Saram,
814 2819 1040 2856 socrum
1072 2803 1243 2867 Petri,
1288 2793 1650 2872 puerumque
1706 2802 1991 2857 centurio-

293 2891 401 2958 nis,
431 2891 510 2944 ita
537 2891 590 2944 ci
635 2891 741 2945 iste
792 2891 1036 2962 pristina
1088 2892 1328 2945 sanitate
1371 2892 1581 2944 animas
1623 2891 1990 2961 corporisque

293 2986 539 3050 recepta,
573 2981 888 3051 gratiarum
920 2980 1024 3034 tibi
1077 2981 1135 3034 in
1168 2981 1412 3034 Ecclesia
1440 2987 1538 3034 tua
1575 2982 1784 3034 referat
1813 2979 1990 3033 actio-

295 3085 446 3122 nem.
481 3071 587 3123 Per
613 3070 942 3122 Dominum.

299 3160 442 3211 Tunc
468 3157 625 3210 detur
654 3160 704 3210 ei
733 3158 876 3211 locus
916 3163 1171 3212 secretior
1215 3158 1524 3226 conﬁtendi,
1565 3163 1612 3211 et
1641 3157 1784 3225 quod
1813 3158 1992 3210 maxi-

366 3261 508 3298 mum
540 3250 636 3311 est,
684 3247 979 3313 interroget
1029 3261 1147 3299 eum
1201 3246 1265 3299 de
1308 3245 1418 3311 ﬁde
1471 3245 1756 3299 catholica.
1815 3247 1886 3299 Et
1915 3247 1994 3298 sic

367 3333 516 3386 dicat
548 3349 560 3386 :

367 3421 565 3475 Credis
602 3420 659 3473 in
711 3421 889 3475 Deum
930 3423 1182 3490 Patrem,
1227 3424 1283 3474 et
1323 3421 1551 3486 Filium,
1607 3425 1665 3474 et
1713 3420 1991 3490 Spiritum

296 3511 596 3563 sanctum?
632 3511 878 3580 Hespon.
921 3510 1122 3567 Credo.
1161 3510 1356 3564 Credis
1387 3509 1540 3580 quod
1579 3509 1682 3562 iste
1712 3514 1826 3563 tres
1857 3525 1993 3579 per—-

296 3613 450 3650 sonas
483 3613 630 3650 unus
662 3598 809 3651 Deus
839 3598 952 3650 sit?
991 3599 1239 3667 Respon.
1277 3597 1478 3650 Credo.
1515 3596 1708 3650 Credis
1745 3596 1897 3667 quod
1933 3597 1992 3650 in

297 3685 416 3756 ipsa
446 3684 554 3739 ista
574 3702 744 3739 carne
780 3702 894 3756 qua
928 3702 1080 3739 nunc
1109 3701 1188 3751 es,
1240 3701 1540 3755 resurgere
1590 3685 1767 3740 habes
1805 3685 1867 3739 in
1901 3685 1993 3740 die

291 3774 515 3843 judicii,
569 3779 626 3827 et
665 3774 922 3844 recipere
964 3774 1081 3828 sive
1133 3775 1351 3828 bonum
1397 3775 1515 3827 sive
1565 3775 1780 3828 malum
1837 3775 1993 3845 quod

295 3861 550 3932 gessisti?
595 3863 844 3932 Respon.
887 3863 1083 3916 Credo.
1130 3863 1222 3916 Vis
1263 3863 1553 3917 dimittere
1599 3862 1714 3916 illis
1763 3869 1995 3933 peccata

295 3967 397 4003 sua
428 3950 615 4020 quiin
662 3954 717 4004 te
767 3953 1184 4021 peccaverunt?
1232 3951 1478 4020 Respon.
1527 3951 1682 4005 Volo.
1737 3951 1829 4004 Vis
1855 3966 1993 4020 pec-

294 4043 418 4091 cata
465 4054 596 4109 quas
657 4037 839 4092 fecisti
891 4039 1198 4093 emendare
1256 4037 1301 4091 si
1360 4037 1686 4092 reviviscis?
1740 4039 1990 4108 Respon.

295 4127 454 4181 Volo.

294 4219 480 4272 Postea
533 4221 793 4283 ungatur.
840 4217 968 4270 Post
1037 4217 1440 4282 confessionem,
1489 4220 1539 4268 et
1578 4215 1747 4285 ﬁdem
1806 4214 1996 4270 reddi-

578 4310 690 4359 tam
711 4309 760 4359 et
781 4307 1101 4370 unctionem,
1129 4304 1346 4358 dicatur
1367 4304 1707 4372 Antiphona.

294 4394 357 4446 In
381 4392 620 4446 veritate
646 4396 744 4447 tua
773 4391 977 4446 exaudi
1004 4408 1114 4459 me,
1145 4391 1402 4446 Domine.
1432 4393 1710 4446 Psalmus.

295 4482 553 4545 Domine,
588 4482 795 4535 exaudi
824 4481 1142 4536 orationem
1171 4497 1378 4548 meam,
1405 4481 1638 4535 auribus
1668 4481 1914 4552 percipe.

364 4571 573 4625 Deinde
592 4571 763 4642 Kyrie
793 4570 1032 4637 eleison,
1059 4576 1108 4624 et
1133 4572 1297 4624 Pater
1324 4575 1518 4624 noster
1547 4586 1663 4624 cum
1696 4572 1782 4625 his

1013 4659 1285 4728 precibus.

365 4749 604 4818 Exurge,
657 4747 894 4802 Domine
939 4749 1109 4814 Deus,
1158 4749 1439 4803 exaltetur
1489 4765 1695 4804 manus
1744 4752 1862 4816 tua,
1922 4765 1994 4802 ne

293 4835 642 4889 obliviscaris
665 4851 1004 4905 pauperum.

507 4924 633 4978 Tibi
663 4924 814 4976 enim
841 4924 1145 4977 derelictus
1176 4929 1260 4978 est
1285 4941 1529 4995 pauper,

506 5011 778 5081 Orphauo
800 5017 863 5065 tu
893 5012 1006 5064 eris
1039 5013 1283 5080 adjutor.

438 5100 793 5154 Desiderium
826 5116 1145 5170 pauperum
1175 5100 1458 5154 exaudivit
1476 5100 1774 5154 Dominus.

507 5187 994 5256 Praaparationem
1017 5188 1204 5240 cordis
1240 5205 1442 5241 eorum
1463 5189 1683 5243 audivit
1702 5188 1858 5242 auris
1873 5192 1988 5244 tua.

437 5277 672 5332 Mirifica
703 5276 1127 5329 misericordias
1165 5282 1312 5343 tuas,

505 5364 613 5429 Qui
645 5365 828 5419 salvos
857 5365 994 5418 facis
1027 5371 1320 5436 sperantes
1351 5364 1410 5418 in
1439 5369 1516 5420 te.

434 5455 515 5507 Tu
547 5457 737 5506 autem
771 5454 826 5505 in
861 5457 1053 5506 sancto
1087 5453 1332 5521 habitas,

510 5540 653 5593 Laus
683 5541 874 5595 Israel.

295 5625 378 5678 Ad
405 5632 459 5678 te
493 5628 902 5695 clamaverunt,
935 5632 992 5682 et
1021 5627 1154 5682 salvi
1187 5627 1318 5681 facti
1349 5631 1507 5696 sunt,

2109 1831 2260 1896 stris,
2317 1835 2372 1884 et
2436 1830 2718 1883 famulum
2769 1835 2934 1883 tuum
2974 1831 3037 1883 Ν.
3075 1846 3140 1883 ex
3184 1830 3422 1884 adversa
3479 1831 3810 1886 valetudine

2105 1919 2361 1988 corporis
2391 1919 2749 1972 laborantem
2780 1919 3039 1988 placatus
3065 1915 3304 1989 respice,
3338 1924 3395 1972 et
3421 1919 3586 1973 visita
3625 1920 3685 1973 in
3715 1937 3809 1973 sa-

2106 2007 2277 2060 lutari
2312 2013 2428 2073 tuo,
2465 2023 2526 2060 ac
2574 2008 2818 2060 caelestis
2848 2007 3046 2077 gratiae
3091 2007 3142 2060 ei
3199 2011 3407 2077 praesta
3433 2007 3806 2062 medicinam.

2107 2097 2212 2149 Per
2241 2096 2549 2149 Christum.

2177 2186 2332 2238 Atia.
2363 2186 2531 2251 Deus,
2571 2184 2671 2255 qui
2711 2183 2963 2237 humano
3015 2183 3214 2253 generi
3269 2185 3469 2238 salutis
3521 2185 3804 2249 remedia,

2101 2275 2157 2325 et
2188 2271 2319 2324 vitae
2347 2278 2576 2326 aeternae
2623 2288 2866 2325 munera
2905 2272 3219 2340 contulisti,
3265 2289 3538 2327 conserva
3585 2274 3806 2328 famulo

2101 2366 2200 2414 tuo
2225 2361 2305 2428 [Ν.
2353 2367 2584 2414 tuarum
2631 2361 2781 2415 dona
2829 2361 3124 2428 virtutum,
3179 2366 3234 2415 et
3283 2363 3531 2416 concede
3583 2369 3648 2416 ut
3677 2380 3805 2416 me-

2102 2446 2288 2500 delam
2340 2451 2500 2501 tuam
2557 2463 2672 2500 non
2721 2448 2908 2501 solum
2964 2447 3022 2501 in
3063 2464 3322 2518 corpore,
3371 2449 3469 2504 sed
3514 2449 3690 2504 etiam
3741 2449 3840 2504 in.

2101 2539 2293 2593 anima
2324 2537 2547 2590 sentiat.
2574 2539 2694 2592 Per.

2173 2629 2328 2682 Alia.
2361 2627 2645 2679 Virtutum
2687 2624 3004 2680 ccelestium
3054 2627 3221 2692 Deus,
3276 2626 3375 2696 qui
3415 2627 3485 2680 ab
3532 2627 3808 2681 humanis

2102 2715 2436 2786 corporibus
2460 2730 2690 2768 omnem
2733 2715 3094 2784 languorem,
3136 2719 3191 2767 et
3233 2731 3463 2769 omnem
3492 2714 3808 2770 infirmita-

2101 2810 2215 2860 tem
2247 2804 2521 2874 praecepti
2560 2803 2645 2856 tui
2673 2808 2953 2874 potestate
2993 2804 3254 2873 depellis,
3289 2803 3483 2857 adesto
3520 2805 3812 2874 propitius

2101 2894 2236 2949 huic
2272 2894 2499 2966 [famulo
2545 2897 2644 2946 tuo
2689 2893 2755 2946 N.
2801 2898 2861 2946 ut
2901 2893 3111 2963 fugatis
3140 2892 3590 2960 infirmitatibus,
3636 2900 3692 2947 et
3731 2894 3814 2948 vi-

2102 2982 2261 3036 ribus
2332 2981 2595 3051 receptis,
2654 2996 2867 3034 nomen
2935 2985 3193 3034 sanctum
3260 2986 3424 3035 tuum
3485 2981 3811 3036 instaurata

2025 3061 2066 3116 C
2103 3071 2370 3141 protinus
2397 3070 2636 3122 sanitate
2669 3069 2988 3122 benedicat.
3023 3070 3127 3122 Per
3163 3069 3495 3124 Dominum.

2174 3159 2327 3212 Alia.
2386 3158 2625 3212 Domine
2674 3161 2889 3224 sancte,
2929 3157 3099 3210 Pater
3157 3156 3544 3227 omnipotens,
3591 3163 3810 3214 aeterne

2103 3247 2274 3312 Deus,
2336 3246 2435 3317 qui
2493 3244 2864 3315 fragilitatem
2929 3245 3278 3299 conditionis
3352 3251 3560 3299 nostras
3615 3247 3811 3303 infusa

2099 3333 2326 3388 virtutis
2381 3339 2494 3388 tuae
2555 3333 2889 3403 dignatione
2964 3333 3293 3400 conﬁrmas,
3343 3339 3410 3388 ut
3458 3335 3808 3391 salutaribus

2102 3423 2370 3477 remediis
2400 3422 2624 3493 pietatis
2658 3428 2771 3476 tuae
2801 3438 3037 3492 corpora
3067 3428 3262 3476 nostra
3303 3427 3359 3476 et
3411 3423 3672 3478 membra
3703 3441 3805 3480 ve-

2100 3517 2390 3582 getentur,
2423 3527 2594 3581 super
2623 3511 2774 3564 hunc
2815 3510 3096 3564 famulum
3138 3516 3301 3564 tuum
3355 3511 3418 3564 N.
3454 3511 3806 3581 propitiatus

2100 3600 2356 3668 intende,
2411 3605 2475 3653 ut
2527 3599 2685 3653 omni
2725 3599 3062 3653 necessitate
3107 3615 3397 3670 corporeae
3447 3599 3806 3655 infirmitatis

2101 3689 2349 3755 exclusa,
2383 3688 2566 3758 gratia
2598 3688 2657 3742 in
2700 3704 2766 3742 eo
2801 3687 3059 3757 pristinas
3110 3688 3369 3742 sanitatis
3417 3688 3670 3758 perfecta
3710 3704 3806 3743 re-

2101 3783 2357 3848 paretur.
2389 3779 2494 3830 Per
2529 3776 2859 3830 Dominum.

2173 3866 2324 3920 Alia.
2359 3865 2620 3931 Oremus,
2652 3865 2871 3928 fratres,
2910 3863 3218 3918 Dominum
3250 3868 3510 3919 nostrum
3533 3880 3639 3935 pro
3687 3863 3807 3918 fra-

2105 3959 2187 4008 tre
2215 3959 2410 4007 nostro
2437 3969 2610 4023 quem
2653 3953 2794 4006 dure
2844 3951 2913 4006 ad
2962 3968 3214 4022 praesens
3261 3953 3477 4006 malum
3511 3953 3810 4023 languoris

2103 4041 2328 4112 affligit,
2364 4045 2424 4094 ut
2458 4056 2590 4094 eum
2619 4039 2849 4094 Domini
2867 4040 3047 4109 pietas
3069 4040 3394 4094 coelestibus
3415 4041 3686 4111 dignetur
3705 4058 3809 4096 cu-

2104 4147 2230 4184 rare
2264 4129 2560 4183 medicinis
2583 4134 2676 4182 :ut
2693 4128 2788 4199 qui
2805 4129 2962 4182 dedit
2982 4129 3178 4193 vitam,
3199 4129 3294 4182 det
3311 4133 3366 4182 et
3389 4131 3649 4184 salutem.
3675 4130 3807 4185 Per.

2173 4220 2326 4273 Alia.
2389 4217 2628 4272 Domine
2679 4223 2894 4282 sancte,
2936 4218 3104 4270 Pater
3171 4218 3537 4288 omnipotens
3592 4224 3812 4272 aeterne

2110 4308 2258 4361 Deus
2285 4307 2383 4377 qui
2415 4323 2474 4359 es
2521 4306 2630 4373 via,
2661 4310 2718 4359 et
2759 4305 2989 4371 veritas,
3041 4309 3097 4359 et
3136 4307 3272 4374 vita,
3323 4307 3528 4361 exaudi
3577 4313 3633 4360 et
3671 4324 3812 4361 con-

2110 4412 2270 4450 serva
2316 4395 2600 4450 famulum
2643 4399 2807 4448 tuum
2855 4395 2918 4448 N.
2981 4410 3156 4465 quem
3206 4395 3503 4449 viviﬁcasti
3534 4401 3590 4448 et
3635 4397 3810 4450 rede-

2107 4484 2259 4539 misti
2312 4483 2498 4554 pretio
2544 4499 2754 4554 magno
2804 4483 2986 4537 sancti
3029 4482 3328 4554 sanguinis
3380 4483 3507 4538 Filii
3552 4483 3655 4537 tui.
3699 4485 3814 4537 Per

2106 4573 2397 4627 eumdem.

2106 4663 2167 4718 Si
2193 4663 2442 4730 inﬁrmus
2487 4663 2547 4714 in
2595 4661 2973 4731 desperatione
3010 4661 3203 4726 fuerit,
3243 4661 3533 4714 reconcilio
3583 4675 3700 4713 eum
3745 4678 3809 4715 ea

2174 4752 2384 4804 ratione
2439 4749 2523 4804 his
2596 4750 2942 4818 sequentibus
3017 4750 3376 4811 orationibus,
3464 4755 3525 4802 ut
3586 4751 3812 4816 quando

2173 4837 2524 4897 convaluerit,
2579 4835 2869 4889 secundum
2912 4852 3179 4894 canonum
3231 4842 3281 4890 et
3331 4841 3640 4891 sanctorum
3692 4839 3814 4892 Pa-

2174 4929 2319 4979 trum
2347 4929 2578 4989 statuta,
2613 4929 2663 4977 et
2689 4925 3008 4992 qualitatem
3035 4925 3220 4978 delicti
3239 4927 3515 4994 paeniteat.

2176 5013 2562 5066 Reconciliatio
2596 5014 2818 5080 inﬁrmi.
2867 5013 3098 5079 Praesta,
3146 5029 3501 5083 quaesumus,
3538 5014 3807 5080 Domine,

2106 5101 2238 5155 huic
2266 5100 2482 5154 famulo
2516 5106 2616 5154 tuo
2648 5101 2712 5153 Ν.
2753 5099 2990 5171 dignum
3037 5101 3390 5170 poenitentiaz
3439 5102 3714 5168 fructum,
3743 5110 3813 5156 ut

2107 5189 2365 5243 Ecclesiae
2414 5194 2530 5242 tute
2579 5194 2811 5254 sanctae,
2872 5205 2905 5241 a
2956 5191 3120 5259 cujus
3174 5189 3505 5259 integritate
3552 5190 3814 5245 deviarat

2106 5276 2410 5346 peccando.
2447 5276 2833 5331 admissorum
2877 5277 3105 5331 veniam
3133 5279 3564 5350 consequendo,
3598 5279 3812 5333 redda-

2103 5369 2198 5418 tur
2227 5363 2518 5417 innoxius.
2555 5366 2680 5419 Per.

2172 5451 2327 5505 Alia.
2397 5451 2774 5523 Omnipotens
2858 5453 3209 5524 sempiterno
3283 5455 3454 5522 Deus,
3509 5456 3811 5510 confitenti

2103 5540 2237 5594 huic
2269 5540 2485 5595 famulo
2518 5547 2617 5596 tuo
2650 5543 2714 5597 Ν.
2750 5558 2854 5613 pro
2902 5548 3002 5596 tua
3052 5544 3265 5613 pietate
3318 5549 3552 5614 peccata
3581 5545 3813 5599 dimitte

2104 5633 2166 5683 ut
2209 5645 2321 5682 non
2354 5629 2486 5699 plus
2515 5629 2568 5684 ei
2623 5639 2822 5685 noceat
2850 5631 3218 5686 conscientias
3241 5637 3435 5685 reatus
3473 5631 3542 5686 ad
3575 5648 3812 5702 pcenam
