4592 6522
394 386 457 433 37
1147 380 1611 436 ΠΕΕΒΕΤΟΗΗΜ
1656 381 1839 435 LIBRI
1878 383 1986 437 XX.
2024 412 2089 422 -
2130 383 2207 437 LI]

1229 380 1611 436 LCRETORUM
1656 381 1839 435 LIBRI
1878 383 1986 437 XX.
2024 412 2089 422 -
2130 383 2335 438 LIBER
2375 382 2678 438 DECIMUS
2718 383 3042 439 OCTAVUS.

3731 392 3833 443 938

394 519 522 573 nam
574 502 953 572 indulgentia
1010 507 1125 557 tua
1180 503 1359 572 pietas
1414 503 1598 573 prosit
1663 503 1733 556 ad
1791 504 2036 557 veniam.
2071 508 2114 559 Α
2154 505 2297 557 tium
2340 503 2443 558 tibi
2472 521 2639 575 parce
2687 505 2949 574 peccatis,
2992 510 3052 558 ut
3097 521 3268 576 quem
3299 506 3659 561 conscientia
3712 524 3835 563 rea-

393 598 479 644 ’er.

428 679 572 732 Alia.
611 677 843 745 Exaudi,
882 678 1143 745 Domine,
1180 695 1372 748 preces
1403 691 1643 740 nostras,
1678 684 1735 732 et
1767 678 2040 733 conﬁten-

2151 596 2238 644 tus
2286 597 2526 652 accusat,
2578 592 2935 661 indulgentia
2985 600 3098 647 tua
3139 594 3517 647 miserationis
3568 595 3835 650 absolvat.

2150 681 2256 733 Per
2290 680 2595 733 Dominum
2628 686 2889 734 nostrum
2917 682 3108 735 Jesum
3136 681 3445 735 Christum.

1004 925 1297 998 INDEX
1357 926 2040 1000 CAPITULORUM
2100 928 2351 1008 LIBRI
2414 929 2744 1002 DECIMI
2805 929 3177 1002 OCTAVI.

393 1083 482 1133 ΣΑΡ.
521 1083 567 1134 1.
613 1079 775 1143 Quod
808 1080 1010 1133 ultima
1068 1081 1367 1134 conversio
1414 1085 1604 1135 mente
1652 1081 1844 1151 potius
1902 1082 2046 1135 asti-

428 1168 633 1221 mauda
664 1168 734 1219 sit
758 1182 929 1237 quam
962 1171 1241 1236 tempore.

400 1256 602 1320 .Quod
654 1256 843 1308 omnis
894 1255 1078 1309 ﬁdelis
1113 1256 1171 1308 in
1227 1254 1446 1308 ultimis
1492 1255 1707 1325 positus
1758 1256 1884 1309 oleo
1914 1272 2045 1308 san-

428 1343 669 1397 ctiﬁcato
698 1343 904 1413 inungi
936 1343 1161 1397 debeat.

399 1474 409 1484 .
444 1434 518 1486 De
552 1432 664 1487 illis
697 1432 797 1502 qui
830 1435 1061 1501 propter
1088 1430 1354 1485 timorem
1379 1431 1601 1498 mortis,
1636 1431 1694 1485 in
1732 1431 1856 1502 ipsa
1885 1430 2045 1484 inﬁr—

426 1520 623 1573 mitate
657 1518 1003 1574 conﬁtentur
1031 1524 1261 1589 peccata
1291 1535 1409 1572 sua.

399 1611 519 1662 .De
550 1609 664 1662 illis
714 1608 813 1679 qui
860 1608 920 1661 in
978 1608 1329 1661 necessitatis
1362 1613 1620 1676 tempore
1668 1613 1724 1661 et
1770 1608 2047 1678 paniten-

426 1698 564 1750 tiam
589 1702 646 1750 et
673 1696 1199 1750 reconciliationem
1232 1696 1578 1752 desiderant.

396 1826 406 1837 .
452 1786 530 1837 De
562 1785 768 1838 eadem
796 1800 876 1837 re.

2156 1097 2283 1135 cum
2314 1082 2397 1135 illi
2428 1099 2484 1135 se
2515 1083 2733 1153 obliget
2754 1083 2955 1153 judici,
3013 1083 3104 1136 cui
3136 1082 3355 1136 occulta
3384 1084 3579 1137 omnia
3611 1085 3836 1138 noverit

2160 1169 2415 1223 revelari.

2156 1257 2281 1311 CAP.
2320 1258 2388 1310 Il.
2443 1288 2509 1297 --
2540 1257 2692 1323 Quod
2736 1260 2906 1311 omnis
2934 1258 3110 1325 ﬁdelis
3135 1260 3192 1311 in
3224 1259 3432 1313 ultimis
3454 1261 3665 1329 positus
3703 1274 3835 1314 san-

2579 1331 2811 1395 ctiﬁcata
2841 1330 2949 1382 oleo
2977 1331 3172 1395 inungi
3209 1329 3414 1383 debeat.

2229 1415 2339 1483 (Ea:
2367 1415 2511 1470 decr.
2548 1416 2742 1470 Calisti
2764 1415 2961 1484 papa.)
2997 1417 3199 1469 Beatus
3231 1417 3382 1469 enim
3431 1416 3668 1470 Iacobus
3702 1433 3842 1487 apo-

2157 1504 2336 1556 stolus
2366 1503 2425 1556 in
2471 1503 2716 1572 Epistola
2746 1518 2847 1558 sua
2873 1503 3099 1573 scripsit
3130 1520 3143 1557 :
3180 1524 3201 1552 ι
3252 1504 3581 1558 lntirmatur
3620 1505 3747 1574 quis
3785 1505 3841 1557 in

2157 1590 2333 1655 vobis,
2374 1590 2604 1644 inducat
2648 1592 3008 1660 presbyteros
3050 1592 3325 1655 Ecclesia,
3360 1598 3418 1645 et
3466 1598 3631 1645 orent
3678 1608 3845 1662 super

2158 1695 2312 1743 eum,
2352 1684 2671 1749 unguentes
2719 1694 2852 1732 eum
2900 1680 3024 1733 oleo
3088 1679 3148 1732 in
3200 1680 3435 1734 nomine
3493 1680 3740 1749 Domini,
3789 1684 3846 1732 et

2161 1766 2341 1820 oratio
2372 1766 2503 1820 ﬁdei
2543 1766 2780 1820 salvabit
2807 1766 3122 1820 inﬁrmum.
3160 1788 3181 1817 ι
3220 1769 3335 1821 Hoc
3391 1774 3446 1821 et
3499 1769 3734 1837 apostoli
3786 1769 3844 1821 in

397 1826 406 1837 ”
452 1825 876 1882 ”“’.”“ῗ“““.“”’
1006 1871 1017 1882 .
1286 1870 1296 1880 .
1642 1870 1651 1880 .
2094 1825 2131 1877 Β
2206 1873 2210 1881 .

397 1916 407 1925 .
442 1874 517 1926 De
547 1873 664 1926 IIIIS
695 1888 793 1943 qui
826 1872 898 1925 ad
931 1876 1145 1925 emtum
1171 1875 1428 1934 veniunt,
1456 1874 1521 1923 ut
1551 1870 1753 1923 ultimo
1785 1875 1842 1923 et
1867 1886 2052 1923 neces-
2160 1856 2201 1908 E

2033 1900 2052 1908 -
2094 1825 2131 1877 Β
2160 1854 2466 1923 Evangelio
2521 1854 2716 1908 fecisse
2763 1854 3054 1924 leguntur,
3102 1860 3159 1908 et
3204 1871 3357 1909 nunc
3408 1825 3665 1909 Ecclesia
3714 1872 3846 1909 con-

425 1961 576 2014 sario
608 1960 817 2013 viatico
851 1959 1086 2012 minime
1111 1960 1428 2029 priventur.

393 2092 402 2101 .
436 2049 601 2112 Quod
636 2047 978 2119 panitentia
1009 2047 1190 2116 possit
1219 2046 1448 2099 abolere
1501 2051 1749 2116 peccata,
1786 2045 1958 2099 etiam
2006 2044 2052 2098 si

425 2138 485 2190 in
512 2136 727 2189 ultimo
751 2136 883 2189 vita
915 2135 1114 2205 spiritu
1146 2135 1441 2204 paniteat.

396 2268 406 2278 .
445 2227 522 2278 De
572 2224 754 2294 lapsis
808 2224 868 2277 in
901 2223 1119 2275 ultimis
1148 2222 1368 2292 positis,
1416 2226 1479 2275 ut
1531 2221 1734 2275 viatico
1788 2237 2051 2286 munere,

423 2316 469 2366 si
496 2313 853 2384 rogaverint,
888 2311 968 2364 eis
999 2311 1201 2365 debeat
1231 2310 1540 2363 subveniri.

394 2446 403 2456 .
442 2404 520 2455 De
550 2402 669 2456 illis
704 2400 950 2454 inﬁrmis
998 2398 1099 2469 qui
1149 2399 1285 2452 dum
1338 2397 1734 2467 paenitentiam
1766 2395 2053 2466 petierint,

422 2497 478 2544 et
510 2496 833 2560 antequam
890 2487 1151 2541 sacerdos
1198 2487 1407 2553 veniat,
1457 2485 1707 2539 ofﬁcium
1741 2484 1857 2538 oris
1885 2484 2058 2538 amit-

422 2584 578 2633 tunt.
1908 2569 1917 2575 I

394 2671 435 2721 Ο.
477 2669 557 2720 De
592 2665 801 2719 eadem
831 2680 917 2717 re.

394 2759 435 2809 ί.
476 2757 555 2809 De
593 2754 803 2809 eadem
833 2768 914 2806 re.

393 2847 437 2897 2.
474 2845 556 2898 De
590 2843 714 2897 illis
754 2840 855 2911 qui
887 2840 946 2893 in
973 2839 1175 2892 ultima
1205 2838 1546 2907 agritudine
1572 2837 1971 2908 panituerint,
2003 2840 2062 2889 et

421 2947 555 2984 mox
591 2928 948 2984 reconciliati
979 2927 1209 2982 fuerint.

394 3022 433 3073 3.
470 3021 549 3073 De
583 3019 704 3072 illis
761 3018 860 3088 qui
907 3017 965 3069 in
997 3016 1252 3086 periculo
1297 3019 1429 3069 sunt
1478 3014 1793 3080 constituti,
1844 3017 1910 3067 ut
1939 3011 2057 3083 epi-

419 3125 628 3178 scopo,
667 3111 777 3160 etc.

394 3197 435 3249 i.
471 3198 551 3250 De
580 3194 838 3248 inﬁrmis
867 3193 927 3246 in
957 3191 1212 3262 periculo
1242 3191 1443 3245 mortis
1474 3190 1817 3244 constitutis.

394 3289 433 3338 5.
465 3294 547 3341 De
582 3283 846 3354 quodam
869 3280 970 3351 qui
1002 3278 1281 3333 Christum
1324 3283 1647 3349 negaverat,
1682 3276 1972 3348 quomodo
2003 3276 2062 3329 in

417 3371 731 3435 extremis,
759 3374 863 3423 etc.

394 3466 432 3516 3.
470 3464 545 3516 Ut
576 3457 910 3531 presbyteri
936 3457 1004 3511 de
1047 3455 1279 3510 occultis
1326 3455 1573 3525 peccatis
1596 3455 1757 3525 jussu
1812 3454 2064 3525 episcopi

415 3550 786 3619 panitentes
816 3544 1204 3599 reconcilient.

393 3644 429 3692 ἵ.
467 3640 553 3692 De
600 3635 944 3708 panitente,
997 3632 1047 3685 si
1095 3632 1154 3685 in
1185 3631 1308 3701 ipsa
1336 3630 1676 3701 poenitentia
1707 3630 1777 3684 de
1830 3644 2065 3699 corpore

414 3726 659 3793 exierit,
699 3728 758 3777 et
784 3720 1142 3776 reconciliari
1164 3720 1464 3774 desiderat.

393 3819 430 3870 ζ.
502 3816 581 3869 Ut
645 3812 854 3883 quinta
898 3809 1043 3863 feria
1100 3812 1228 3862 ante
1281 3807 1493 3862 Pascha
1538 3805 1944 3877 pauitantibus
1997 3804 2070 3858 sit

412 3902 905 3959 remittendum:
966 3901 1096 3952 ante
1152 3902 1365 3963 autem,
1398 3897 1446 3948 si
1505 3895 1573 3949 ad
1608 3893 2065 3964 desperationem

410 3989 802 4047 inﬁrmitatis
829 3986 1183 4042 devenerint.

394 4087 433 4137 ).
474 4084 557 4134 De
592 4079 722 4133 illis
750 4076 851 4147 qui
883 4076 942 4129 in
984 4074 1233 4128 Ecclesia
1271 4071 1490 4127 remitti
1516 4075 1749 4142 peccata
1786 4086 1901 4124 non
1950 4084 2071 4123 cre-

418 4169 729 4225 diderint.

394 4264 427 4315 ).
466 4256 653 4322 Quod
699 4251 944 4307 inﬁrmis
994 4248 1153 4306 omni
1204 4250 1348 4303 hora
1397 4248 1588 4303 cibum
1621 4262 1847 4301 sumere
1887 4244 2072 4299 liceat.

394 4390 427 4402 η.
472 4351 559 4402 De
594 4345 725 4399 illis
772 4340 1165 4396 sacerdotibus
1214 4338 1314 4409 qui
1366 4336 1744 4391 morientibus
1792 4334 2073 4406 paniten-

410 4440 571 4491 tiam
608 4429 1051 4500 denegaverint.

393 4533 427 4581 ε.
475 4522 668 4588 Quod
703 4518 847 4573 nulli
876 4518 1080 4570 ultima
1100 4512 1444 4585 pauitantia
1475 4512 1549 4565 sit
1578 4510 1933 4581 deneganda.
1982 4538 1983 4541 η

393 4625 427 4668 ι.
470 4616 559 4668 De
590 4605 1024 4681 paenitentibus
1064 4602 1255 4674 quiin
1296 4600 1634 4656 inﬁrmitate
1667 4597 2078 4654 Eucharistiam

410 4697 801 4771 acceperint.

393 4824 425 4848 ς.
465 4793 557 4845 De
596 4782 1033 4859 penitentibus
1064 4778 1252 4834 subito
1285 4776 1543 4831 mortuis.

851 4870 1056 4925 Indicis
1082 4867 1448 4937 capitulorum
1466 4867 1614 4935 ﬁnis.

393 5020 476 5059 ip.
515 5010 783 5056 parum.
818 5022 889 5034 —
920 4991 1077 5057 Quod
1122 4992 1317 5045 ultima
1363 4988 1633 5043 conversio
1685 4989 1857 5040 mente
1898 4986 2084 5054 potius

779 5063 1103 5119 aestimanda
1130 5065 1205 5115 sit
1244 5076 1408 5129 quam
1439 5064 1691 5127 tempore.

412 5184 541 5249 (Em
597 5176 763 5231 decr.
797 5172 1011 5225 Caelest.
1038 5183 1223 5238 papa,
1276 5168 1452 5235 capite
1496 5163 1611 5233 20.)
1646 5163 1789 5215 Vera
1833 5177 1969 5232 ergo
2008 5160 2089 5249 ad

393 5248 546 5325 eum
581 5258 902 5318 conversio
934 5258 994 5310 in
1025 5255 1241 5309 ultimis
1272 5253 1611 5324 positorum,
1658 5254 1849 5303 mente
1897 5248 2089 5319 potius

393 5367 430 5414 .t
476 5348 856 5411 aestimanda
900 5360 1076 5418 quam
1117 5348 1398 5413 tempore,
1444 5339 1729 5409 Propheta
1760 5339 1865 5391 hoc
1902 5337 2092 5390 taliter

394 5446 678 5502 serente
714 5454 729 5491 :
762 5456 789 5488 α
822 5437 963 5491 Cum
996 5448 1302 5488 conversus
1334 5426 1706 5500 ingemueris,
1742 5430 1878 5478 tunc
1907 5424 2092 5477 salvus

393 5540 487 5593 is.
533 5557 558 5583 ι
603 5532 769 5586 Cum
792 5540 929 5603 ergo
962 5522 1238 5577 Dominus
1265 5518 1339 5571 sit
1367 5515 1551 5570 cordis
1568 5514 1876 5582 inspector,
1897 5512 2093 5581 quovis

400 5636 643 5696 mpore
681 5630 810 5670 non
849 5599 939 5667 est
982 5606 1320 5678 deneganda
1368 5600 1706 5674 pauitantia
1756 5599 2091 5670 postulanti,

759 5722 1035 5786 PATROL.
1089 5714 1260 5782 CXL.

2162 1943 2401 1996 suetudo
2426 1946 2581 1996 tenet
2609 1948 2675 1996 ut
2723 1943 2941 1997 inﬁrmi
2992 1944 3118 1997 oleo
3176 1948 3500 1997 consecrato
3559 1949 3848 2014 angantur

2162 2048 2196 2085 a
2225 2030 2587 2102 presbyteris,
2618 2035 2673 2085 et
2719 2032 2979 2085 oratione
3023 2032 3330 2085 comitante
3386 2038 3677 2085 sanentur.
3725 2034 3846 2086 Non

2163 2121 2351 2172 solum
2397 2119 2748 2189 presbyteris
2801 2120 2882 2171 uti
2932 2120 3064 2173 licet
3102 2119 3210 2173 hoc
3262 2136 3418 2173 sacro
3470 2120 3596 2174 oleo
3628 2120 3687 2174 in
3732 2121 3848 2175 suis

2164 2206 2637 2260 inﬁrmitatibus:
2681 2207 2799 2273 sed,
2830 2211 2895 2261 ut
2952 2208 3315 2261 Innocentius
3361 2224 3509 2278 papa
3561 2207 3846 2275 describit,

2164 2296 2334 2348 etiam
2364 2296 2630 2349 omnibus
2675 2295 3010 2350 Christianis
3062 2296 3146 2348 uti
3195 2296 3329 2348 licet
3357 2296 3559 2349 eodem
3608 2296 3758 2361 oleo,
3790 2295 3850 2349 in

2165 2401 2265 2437 sua
2302 2387 2401 2437 aut
2456 2398 2691 2437 suorum
2729 2383 3064 2437 necessitate
3095 2385 3387 2454 ungendo.
3448 2384 3607 2448 Quod
3660 2390 3852 2437 tamen

2166 2472 2358 2525 oleum
2389 2487 2506 2525 non
2534 2471 2645 2525 nisi
2674 2471 2745 2525 ab
2790 2471 3071 2542 episcopis
3101 2471 3231 2525 licet
3260 2471 3479 2525 conﬁci.
3517 2473 3659 2525 Nam
3700 2471 3852 2541 quod

2165 2559 2265 2626 ait,
2289 2560 2414 2613 oleo
2445 2559 2505 2612 in
2528 2558 2760 2612 nomine
2785 2558 3034 2625 Domini,
3067 2559 3356 2628 signiﬁcat
3377 2560 3502 2613 oleo
3534 2559 3593 2612 in
3619 2559 3852 2613 nomine

2168 2646 2391 2700 Domini
2424 2652 2749 2702 consecrato
2787 2663 2801 2700 :
2836 2647 2921 2700 vel
2970 2651 3121 2701 certe
3180 2647 3314 2718 quia
3346 2646 3537 2713 etiam,
3584 2662 3713 2701 cum
3748 2663 3853 2700 un-

2167 2739 2305 2805 gant
2335 2734 2650 2801 inﬁrmum,
2684 2750 2893 2788 nomen
2941 2734 3167 2788 Domini
3195 2751 3368 2804 super
3407 2750 3535 2789 eum
3584 2736 3852 2790 invocare

2169 2824 2394 2878 debent.
2428 2824 2495 2877 Et
2524 2823 2570 2876 si
2618 2823 2677 2876 in
2728 2822 2972 2893 peccatis
3004 2823 3098 2889 sit,
3157 2823 3517 2877 dimittentur
3565 2822 3635 2876 ei.
3694 2823 3854 2877 Multi

2170 2913 2404 2982 propter
2449 2916 2678 2981 peccata
2724 2911 2785 2964 in
2831 2912 3083 2965 animam
3136 2910 3298 2979 facta,
3366 2911 3699 2965 inﬁrmitate
3757 2916 3856 2965 aut

2170 3000 2343 3053 etiam
2392 3004 2575 3053 morte
2620 2999 2949 3068 plectuntur
2994 2999 3267 3069 corporis.
3330 3000 3488 3053 Unde
3547 3000 3854 3070 Apostolus

2094 3100 2135 3155 Ο
2173 3087 2500 3150 Corinthiis,
2552 3087 2688 3158 quia
2735 3103 2940 3157 corpus
2998 3086 3224 3141 Domini
3270 3087 3506 3158 indigne
3561 3091 3854 3158 percipere

2171 3181 2333 3228 erant
2359 3175 2530 3241 soliti,
2564 3175 2642 3228 ait
2672 3191 2684 3228 :
2719 3194 2745 3225 α
2778 3176 2909 3229 Ideo
2931 3175 3081 3229 inter
3109 3192 3206 3229 vos
3236 3176 3403 3229 multi
3430 3175 3647 3229 inﬁrmi
3674 3181 3729 3229 et
3755 3176 3859 3230 im-

2169 3263 2424 3329 becilles,
2452 3268 2504 3317 et
2535 3263 2829 3317 dormiunt
2861 3263 3044 3316 multi.
3077 3284 3098 3311 ι
3142 3263 3201 3317 Si
3233 3279 3368 3334 ergo
3400 3263 3615 3317 inﬁrmi
3647 3264 3706 3333 in
3726 3280 3857 3334 pec-

2172 3352 2311 3405 catis
2338 3352 2470 3417 sint,
2519 3340 2584 3405 et
2623 3352 2744 3405 hac
2786 3350 3131 3422 presbyteris
3161 3351 3421 3405 Ecclesia
3466 3352 3709 3405 confessi
3736 3352 3857 3406 fue-

2172 3440 2306 3506 rint,
2379 3456 2441 3492 ac
2514 3439 2766 3509 perfecto
2824 3439 2989 3493 corde
3078 3455 3144 3491 ea
3234 3440 3632 3510 derelinquere
3689 3445 3860 3511 atque

2173 3526 2479 3581 emendare
2532 3527 2863 3597 sategerint,
2918 3527 3281 3581 dimittentur
3309 3527 3407 3580 eis.
3463 3529 3656 3597 Neque
3705 3528 3859 3582 enim

2174 3615 2295 3669 sine
2322 3613 2677 3668 confessione
2723 3614 3137 3667 emendationis
3167 3619 3387 3684 queunt
3416 3614 3648 3668 dimitti.
3703 3616 3860 3669 Unde

2173 3709 2325 3758 recte
2356 3702 2723 3772 subjungitur
2753 3718 2766 3754 :
2805 3723 2825 3750 ι
2857 3702 3225 3755 Conﬁtemini
3254 3703 3589 3755 alterutrum
3631 3707 3858 3773 peccata

2173 3796 2380 3857 vestra,
2423 3794 2479 3843 et
2508 3793 2667 3843 orate
2696 3806 2799 3860 pro
2830 3790 3072 3843 invicem
3106 3795 3169 3843 ut
3202 3790 3515 3857 salvemini,
3546 3810 3574 3844 ι)

2178 3881 2303 3935 CAP.
2346 3879 2437 3932 III.
2469 3907 2539 3917 —
2568 3880 2646 3932 De
2666 3879 2777 3931 illis
2807 3880 2904 3945 qui
2931 3883 3150 3947 propter
3172 3881 3409 3932 timorem
3429 3881 3617 3933 mortis
3648 3882 3706 3933 in
3736 3881 3860 3949 ipsa

2482 3949 2802 4017 inﬁmitate
2831 3952 3149 4017 conﬁtentur
3176 3955 3400 4018 peccata
3436 3964 3557 4003 sua.

2251 4038 2362 4105 (Em
2408 4038 2630 4091 concilio
2672 4038 3030 4104 Nannenten.,
3084 4040 3261 4106 capite
3316 4038 3391 4106 2.)
3446 4037 3712 4092 Inﬁrmus
3763 4040 3863 4109 qui

2181 4125 2515 4180 necessitate
2559 4125 2764 4179 mortis
2813 4131 3054 4195 urgente
3113 4127 3420 4180 conﬁtetur
3464 4132 3694 4196 peccata
3742 4144 3863 4194 sua,

2181 4214 2287 4268 sub
2316 4230 2383 4267 ea
2403 4212 2730 4267 conditione
2761 4229 2795 4267 a
2840 4213 3133 4268 sacerdote
3165 4214 3567 4269 reconcilietur
3596 4220 3676 4283 ut,
3714 4216 3762 4269 si
3813 4215 3866 4270 ei

2189 4301 2466 4357 Dominus
2513 4300 2691 4355 vitam
2720 4301 3036 4364 donaverit,
3068 4301 3486 4372 sanitatemque
3534 4303 3865 4369 reddiderit,

2106 4375 2151 4429 D
2192 4389 2507 4443 secundum
2538 4389 2871 4458 qualitatem
2903 4388 3114 4453 delicti,
3144 4394 3201 4442 et
3231 4390 3543 4443 secundum
3582 4406 3869 4445 canonum

2191 4482 2400 4531 statuta
2430 4480 2487 4530 et
2516 4476 2995 4546 panitentialium
3029 4476 3403 4545 probatorum
3435 4476 3727 4546 poeniteat.

2191 4564 2317 4619 Ου’.
2388 4563 2475 4618 lV.
2535 4592 2602 4602 —-
2649 4566 2721 4617 De
2749 4564 2860 4617 illis
2925 4565 3022 4631 qui
3064 4565 3123 4615 in
3158 4563 3495 4619 necessitatis
3546 4570 3777 4633 temziore
3823 4570 3875 4619 et

2325 4636 2717 4703 penitentiam,
2753 4640 2803 4686 et
2830 4634 3321 4687 reconciliationem
3350 4634 3680 4689 desiderant.

2260 4724 2368 4789 (Em
2398 4722 2541 4776 decr.
2592 4722 2785 4775 Leonis
2819 4736 2998 4790 papae,
3056 4723 3233 4789 capite
3280 4722 3359 4789 9.)
3412 4721 3512 4775 His
3542 4727 3736 4777 autem
3776 4723 3878 4795 qui

2191 4811 2252 4865 in
2282 4815 2538 4880 tempore
2587 4808 2937 4863 necessitatis
2985 4813 3041 4862 et
3087 4809 3146 4863 in
3174 4809 3463 4879 periculis,
3506 4817 3747 4881 urgente
3796 4813 3879 4866 in-

2194 4898 2424 4964 stantia,
2478 4897 2809 4968 prasidium
2857 4896 3213 4967 pauitantia
3273 4902 3329 4952 et
3369 4914 3501 4953 mox
3557 4900 3883 4955 reconcilia-

2194 4985 2370 5040 tionis
2427 4985 2760 5055 implorant,
2809 5000 2915 5038 nec
2974 4984 3282 5039 satisfactio
3339 4984 3729 5042 interdicenda
3774 4993 3881 5054 est,

2199 5090 2303 5128 nec
2378 5072 2768 5127 reconciliatio
2834 5073 3214 5143 deneganda:
3265 5074 3402 5144 quia
3475 5076 3881 5129 misericordia

2199 5161 2427 5216 Domini
2443 5177 2546 5216 nec
2568 5177 2862 5215 mensuras
2905 5177 3206 5232 possumus
3227 5178 3461 5231 ponere,
3491 5179 3595 5216 nec
3623 5168 3886 5233 tempora

2201 5250 2487 5304 deﬁnire:
2545 5249 2695 5321 apud
2752 5266 2924 5320 quem
2971 5251 3155 5304 nullas
3200 5251 3414 5320 patitur
3454 5252 3646 5303 venire
3698 5268 3886 5305 moras

2199 5338 2510 5405 conversio,
2552 5338 2771 5391 dicente
2806 5326 3047 5392 Domino
3098 5354 3200 5407 per
3245 5338 3632 5407 prophetam:
3668 5357 3696 5389 ¢
3746 5340 3887 5394 Cum

2201 5441 2503 5479 conversus
2533 5426 2899 5497 ingemueris,
2933 5432 3066 5479 tunc
3114 5426 3295 5478 salvus
3344 5425 3472 5477 eris.
3507 5444 3534 5474 ι»
3585 5425 3654 5478 Et
3702 5426 3885 5481 alibi:

2204 5536 2231 5562 ‹‹
2250 5514 2346 5567 Dic
2363 5514 2693 5584 iniquitates
2706 5520 2829 5567 tuas
2844 5514 3018 5584 prior,
3038 5518 3101 5566 ut
3106 5512 3450 5583 justiﬁceris.
3467 5532 3495 5563 ι)
3513 5514 3652 5567 Item
3669 5530 3681 5568 :
3699 5536 3725 5565 ‹
3747 5515 3892 5579 Quia

2207 5600 2359 5670 apud
2412 5600 2721 5654 Dominum
2770 5600 3157 5654 misericordia
3207 5602 3308 5666 est,
3368 5604 3424 5653 et
3472 5601 3702 5670 copiosa
3740 5604 3891 5672 apud

3502 5713 3585 5770 30
