3944 6398
387 339 491 392 939

1468 329 1875 386 BURCHARDI
1915 327 2446 385 WORMACIENSIS
2484 325 2819 383 EPISCOPI.

3814 321 3944 374 940

385 475 520 514 eum
549 457 892 528 redemptio.
926 457 990 510 In
1014 454 1414 526 dispensandis
1444 453 1637 524 itaque
1660 454 1756 507 Dei
1783 452 1950 508 donis
1971 467 2089 505 non
2119 454 2167 506 A
2207 452 2330 506 CAP.
2352 451 2497 505 VIII.
2528 480 2596 490 —
2623 451 2694 528 De
2721 449 2894 517 lapsis
2915 449 2984 528 in
3002 447 3209 528 ultimis
3235 447 3541 528 positisnut
3555 445 3762 527 uiatico
3784 458 3944 496 mu—

388 549 662 604 debemus
691 563 812 600 esse
847 545 1129 613 difﬁciles,
1162 560 1266 623 nec
1296 560 1354 596 se
1408 542 1795 596 accusantium
1843 540 2092 612 gemitus

388 639 786 708 lacrymasque
841 635 1154 705 negligere,
1212 648 1340 686 cum
1391 632 1577 702 ipsam
1630 630 1949 701 pmnitendi
2005 629 2094 682 af-

394 726 708 781 ﬂictionem
758 741 824 779 ex
871 724 968 779 Dei
997 723 1295 777 credamus
1324 719 1700 790 inspiratione
1744 733 2089 772 concessam.

395 814 619 869 dicente
656 815 932 884 Apostolo
969 827 981 868 :
1024 834 1043 858 α
1079 813 1156 864 Ne
1183 810 1330 864 forte
1353 809 1448 862 det
1477 807 1590 861 illis
1625 808 1772 861 Deus
1803 806 2092 877 pmniten-

396 903 536 958 tiam
567 908 632 957 ut
657 901 997 972 resipiscant
1025 916 1058 952 a
1097 898 1309 953 diaboli
1341 897 1582 968 laqueis,
1642 913 1675 949 a
1722 912 1836 966 quo
1885 893 2094 964 captivi

400 997 671 1046 tenentur
701 990 770 1044 ad
795 990 974 1060 ipsius
1011 989 1386 1041 voluntatem.
1430 1007 1450 1032 ι

885 1113 1012 1166 CAP.
1047 1113 1102 1164 V.
1135 1141 1200 1150 -
1225 1113 1299 1164 De
1315 1110 1500 1163 eadem
1531 1125 1606 1162 re.

474 1230 594 1300 (Em
612 1227 755 1282 decr.
783 1227 1093 1280 Innocentii
1120 1240 1293 1294 papae,
1325 1225 1502 1292 capite
1530 1226 1641 1294 22.)
1661 1224 1730 1276 Et
1759 1222 1865 1276 hoc
1887 1221 2098 1293 quaesi-

400 1321 523 1371 tum
565 1321 670 1382 est,
705 1315 856 1385 quod
890 1315 958 1368 de
1009 1315 1098 1367 his
1137 1314 1440 1367 observare
1481 1317 1762 1382 oporteat.
1797 1312 1915 1382 qui,
1968 1313 2100 1380 post

403 1405 753 1474 baptismum
786 1403 944 1456 omni
971 1408 1230 1472 tempore
1258 1400 1689 1454 incontinentiae
1713 1399 2100 1469 voluptatibus

401 1493 599 1558 dediti,
627 1492 687 1545 in
719 1496 972 1545 extremo
1003 1490 1118 1544 ﬁne
1154 1491 1282 1543 vita!
1315 1505 1432 1542 suae
1480 1489 1878 1559 posnitentiam
1929 1488 2100 1542 simul

406 1586 460 1635 et
482 1580 1008 1634 reconciliationem
1040 1577 1464 1632 communionis
1497 1582 1830 1646 exposcunt.
1887 1577 1964 1630 De
2015 1576 2102 1629 his

403 1670 723 1724 observatio
785 1669 945 1738 prior
1018 1667 1238 1733 durior,
1315 1666 1602 1736 posterior
1685 1665 2102 1719 interveniente

2412 537 2558 587 nere,
2597 523 2646 574 si
2673 515 3008 586 rogaverint,
3042 519 3117 570 eis
3163 517 3350 570 debeat
3381 515 3686 569 subveniri.

2273 612 2378 678 (Ea:
2409 611 2566 678 epist.
2596 608 2797 664 Siricii
2821 605 3026 676 papae.)
3070 604 3407 674 Quicunque
3456 602 3670 656 carnali
3736 601 3944 671 fragi-

2205 699 2364 753 litate
2408 698 2758 761 ceciderunt,
2838 695 3039 748 viatico
3083 709 3343 758 munere,
3410 708 3541 745 cum
3591 691 3662 745 ad
3730 693 3944 744 Deum

2203 787 2480 858 coeperint
2507 784 2806 856 proﬁcisci,
2857 784 2903 836 si
2937 782 3274 853 rogaverint,
3322 796 3425 852 per
3479 779 3944 834 communionis

2205 876 2452 946 gratiam
2485 875 2744 928 volumus
2785 871 3096 926 subveniri.

2206 983 2334 1058 CAP.
2371 983 2458 1058 IX.
2492 1011 2562 1022 —
2589 985 2661 1035 De
2688 981 2800 1058 illis
2838 978 3075 1048 inﬁrmis
3097 980 3210 1058 qui,
3234 977 3784 1058 dumpmnit‘e‘ntiam
3832 992 3944 1058 pe-

2277 1057 2484 1119 tierint,
2531 1058 2580 1105 et
2622 1057 2914 1118 antequam
2955 1049 3204 1104 sacerdos
3260 1051 3465 1113 veniat,
3516 1050 3763 1115 ofﬁcium
3805 1050 3944 1100 oris

2277 1128 2557 1178 amittunt.
3061 1135 3064 1140 ·

2281 1212 2391 1279 (Ex
2423 1214 2581 1279 epist.
2610 1211 2798 1263 Leonis
2822 1208 3027 1278 papae.)
3061 1209 3147 1260 Ita
3176 1222 3314 1276 ergo
3355 1207 3557 1260 talium
3583 1205 3944 1259 necessitati

2208 1298 2600 1353 auxiliandum
2647 1303 2752 1362 est,
2803 1303 2864 1350 ut
2895 1312 2999 1350 nec
3031 1295 3175 1349 actio
3214 1295 3328 1348 illis
3371 1293 3750 1364 pcenitentiec,
3827 1311 3944 1347 ncc

2208 1386 2629 1441 communionis
2659 1385 2843 1456 gratia
2871 1385 3206 1454 denegetur,
3232 1382 3279 1436 si
3309 1399 3455 1448 eam,
3488 1383 3660 1436 etiam
3694 1382 3944 1435 amisso

2207 1475 2362 1528 vocis
2391 1475 2598 1539 ofﬁcio,
2633 1490 2736 1544 per
2773 1473 2983 1527 indicia
3001 1472 3212 1542 integri
3241 1487 3440 1525 sensus
3470 1487 3731 1542 quaerere
3757 1487 3944 1524 com-

2208 1564 2544 1634 probentur.
2602 1561 2765 1626 Quod
2822 1561 2869 1614 si
2933 1561 3011 1614 ita
3059 1560 3251 1630 aliqua
3316 1559 3641 1630 egritudine
3700 1560 3944 1613 fuerint

2213 1652 2525 1722 aggravati,
2609 1657 2695 1717 ut,
2759 1651 2913 1720 quod
2986 1650 3156 1720 paulo
3230 1653 3360 1703 ante
3410 1648 3744 1717 poscebant,
3823 1650 3944 1702 sub

402 1757 798 1812 misericordia
828 1755 1156 1810 inclinatior
1206 1735 1328 1808 οδε
1360 1755 1500 1808 Nam
1551 1753 1903 1808 consuetudo
1947 1752 2105 1823 prior
2134 1735 2174 1788 Β
2214 1740 2522 1811 praesentia
2545 1739 2867 1809 signiﬁcare
2890 1754 3008 1791 non
3036 1739 3280 1801 valeant,
3305 1736 3631 1790 testimonia
3653 1737 3944 1790 ﬁdelium

405 1846 591 1900 tenuit
620 1850 680 1899 ut
698 1845 1108 1899 concederetur
1136 1843 1218 1896 eis
1248 1843 1605 1913 paenitentia,
1637 1841 1736 1895 sed
1773 1841 2105 1895 communio

406 1937 735 2003 negaretur.
772 1934 913 1986 Nam
941 1947 1072 1985 cum
1111 1931 1224 1984 illis
1261 1930 1619 2000 temporibus
1656 1930 1871 1983 crebrae.
1911 1945 2104 2000 perse-

407 2023 665 2076 cutiones
695 2025 904 2088 essent,
955 2036 1026 2074 ne
1076 2018 1501 2073 communionis
1548 2033 1821 2072 concessa
1866 2017 2108 2072 facilitas

407 2109 674 2164 homines
703 2109 773 2162 de
794 2107 1258 2162 reconciliatione
1309 2123 1539 2161 securos
1578 2122 1692 2160 non
1724 2112 2019 2160 revocaret
2075 2123 2108 2159 a

411 2199 598 2268 lapsu,
631 2197 835 2251 merito
862 2200 1072 2266 negata
1099 2195 1430 2249 communio
1463 2200 1568 2262 est,
1630 2211 1890 2249 concessa
1923 2193 2109 2264 poeni—

411 2286 620 2352 tentia;
665 2301 736 2338 ne
783 2289 969 2338 totum
1020 2284 1253 2354 penitus
1304 2289 1657 2354 negaretur:
1713 2291 1767 2339 et
1817 2283 2107 2337 duriorem

413 2374 802 2429 remissiorem
883 2373 1015 2427 fecit
1061 2373 1339 2443 temporis
1407 2373 1570 2427 ratio.
1639 2372 1748 2427 Sed
1804 2377 2109 2443 postquam

416 2463 691 2518 Dominus
723 2467 916 2516 noster
970 2478 1166 2532 pacem
1203 2461 1460 2516 Ecclesiis
1503 2461 1619 2514 suis
1665 2461 1932 2526 reddidit,
1990 2461 2109 2530 jam

413 2558 632 2605 terrore
663 2551 923 2621 depulso,
957 2551 1424 2604 communionem
1454 2549 1578 2604 dari
1601 2549 1946 2604 abeuntibus
1987 2550 2110 2619 pla-

415 2640 550 2707 cuit,
585 2645 643 2694 et
675 2644 910 2711 propter
939 2639 1412 2705 misericordiam,
1455 2639 1614 2710 quasi
1658 2639 1930 2692 viaticum
1972 2653 2112 2708 pro—

414 2729 668 2796 fecturis,
701 2733 754 2782 et
791 2745 861 2782 ne
896 2728 1195 2782 Novatiani
1231 2729 1502 2793 haeretici,
1560 2728 1824 2798 negantis
1859 2728 2104 2789 veniam,

413 2817 780 2888 asperitatem
801 2822 859 2871 et
888 2816 1161 2871 duritiam
1182 2816 1453 2886 subsequi
1471 2816 1786 2870 videamur.
1805 2815 2114 2869 Tribuetur

414 2921 550 2975 ergo
580 2922 711 2960 cum
742 2905 1082 2976 paenitentia
1112 2910 1366 2959 extrema
1399 2905 1753 2969 communio,
1809 2909 1874 2958 ut
1927 2903 2112 2958 homio

2214 1830 2704 1883 circumstantium
2736 1828 2848 1881 illis
2882 1827 3152 1896 prodesse
3190 1826 3401 1879 debent
3433 1841 3444 1878 :
3482 1825 3656 1878 simul
3718 1831 3944 1879 tamen

2217 1923 2274 1972 et
2304 1918 2678 1988 pmnitentia',
2713 1922 2770 1970 et
2797 1913 3274 1969 reconciliationis
3314 1913 3658 1968 beneﬁcium
3715 1931 3944 1968 conse-

2217 2011 2488 2078 quantur.

2681 2094 2804 2147 CAP.
2837 2094 2897 2147 Χι
2948 2124 3016 2130 -
3049 2095 3122 2146 De
3151 2091 3335 2145 eadem
3371 2107 3448 2146 re.

2290 2184 2409 2250 (Ea:
2463 2184 2687 2237 concilio
2744 2182 3029 2249 Carthag.,
3080 2183 3257 2249 capite
3304 2179 3416 2251 81.)
3479 2181 3528 2234 Is
3583 2179 3684 2250 qui
3730 2181 3944 2249 paeni-

2219 2273 2455 2325 tentiam
2503 2271 2559 2324 in
2621 2270 2954 2323 inﬁrmitate
2984 2269 3146 2339 petit,
3197 2269 3244 2321 si
3275 2285 3428 2334 casu,
3475 2269 3614 2323 dum
3661 2268 3733 2322 ad
3793 2285 3944 2322 eum

2220 2360 2478 2415 sacerdos
2542 2359 2813 2412 invitatus
2865 2358 3037 2422 venit,
3095 2373 3403 2427 oppressus
3459 2357 3520 2410 in
3583 2356 3944 2410 inﬁrmitate

2221 2449 2592 2515 obmutuerit,
2628 2448 2763 2502 dent
2792 2446 3190 2500 testimonium
3221 2447 3322 2516 qui
3345 2462 3477 2499 eum
3505 2446 3850 2512 audierunt,
3888 2452 3944 2499 et

2221 2539 2460 2608 accipiat
2493 2536 2913 2606 paenitentiam,
2947 2540 3023 2601 et,
3052 2535 3100 2588 si
3139 2534 3410 2588 continuo
3458 2534 3712 2588 creditur
3747 2535 3944 2589 mori-

2222 2634 2404 2692 turus,
2473 2625 2874 2679 reconcilietur
2921 2639 3025 2693 per
3080 2639 3286 2676 manus
3346 2623 3812 2693 impositionem,
3888 2630 3944 2676 et

2224 2715 2560 2769 infundatur
2617 2713 2700 2767 ori
2781 2714 2903 2782 ejus
2982 2711 3356 2766 Eucharistia.
3412 2712 3469 2766 Si
3518 2712 3942 2782 supervixerit,

2222 2804 2604 2857 admoneatur
2639 2819 2672 2856 a
2728 2800 3069 2871 supradictis
3112 2801 3354 2854 testibus
3383 2800 3652 2870 petitioni
3691 2817 3821 2856 sum
3859 2819 3944 2854 sa-

2223 2893 2530 2958 tisfactum,
2591 2895 2650 2944 et
2708 2906 2766 2943 se
2818 2888 3112 2942 subditum
3165 2889 3391 2942 statutis
3437 2889 3805 2958 paenitentiae
3857 2891 3940 2943 1e-

413 3009 515 3047 nes
563 2991 896 3063 hujusmodi
942 2993 1029 3045 vel
1091 2991 1150 3044 in
1210 2991 1494 3061 supremis
1549 2991 1689 3057 suis,
1743 2990 2112 3060 permittente
2144 2984 2186 3039 C
2223 2981 2409 3052 gibus,
2473 2978 2733 3050 quandiu
2799 2976 3060 3032 sacerdos
3110 2976 3210 3047 qui
3284 2977 3678 3047 pmnitentiam
3743 2978 3937 3044 dedit,

415 3082 705 3136 Salvatore
738 3086 954 3148 nostro,
989 3096 1022 3133 a
1046 3084 1328 3149 perpetuo
1358 3079 1528 3132 exitio
1551 3077 1932 3132 vindicentur.

416 3222 546 3276 CAP.
581 3222 672 3275 VI.
696 3252 763 3259 —
797 3223 869 3274 De
897 3221 1010 3273 illis
1061 3223 1157 3287 qui
1197 3219 1272 3272 ad
1299 3221 1507 3272 exitum
1533 3221 1774 3284 veniunt,
1825 3223 1886 3273 ut
1925 3220 2117 3273 ultimo

663 3296 713 3344 et
755 3293 1053 3345 necessario
1078 3293 1274 3344 viatico
1299 3292 1522 3343 minime
1553 3292 1862 3359 privent-ur.

489 3406 603 3476 (Ea
644 3405 865 3460 concilio
912 3405 1147 3472 Nicaeno,
1178 3405 1353 3472 capite
1386 3403 1493 3473 13.)
1543 3405 1618 3458 De
1647 3403 1736 3456 his
1767 3403 1868 3474 qui
1895 3404 1966 3458 ad
2007 3405 2118 3458 exi-

415 3498 537 3548 tum
599 3493 840 3547 veniunt
884 3491 1059 3545 etiam
1108 3507 1259 3545 nunc
1296 3491 1384 3545 lex
1437 3492 1675 3562 antiqua
1721 3492 2116 3562 regularisque

415 3581 753 3647 servabitur,
797 3581 877 3635 ita
902 3586 967 3634 ut
995 3581 1042 3634 si
1081 3581 1208 3651 quis
1229 3581 1524 3651 egreditur
1554 3597 1583 3634 e
1613 3597 1876 3650 corpore,
1909 3581 2114 3636 ultimo

417 3675 474 3725 et
503 3668 822 3724 necessario
852 3668 1059 3722 viatico
1091 3668 1330 3722 minime
1359 3669 1632 3738 privetur.
1691 3669 1850 3732 Quod
1895 3669 1943 3722 si
1995 3669 2118 3724 des-

416 3765 650 3830 peratus
680 3763 736 3813 et
779 3764 1118 3812 consecutus
1157 3758 1649 3827 communionem,
1692 3758 2114 3830 oblationisque

415 3849 702 3920 particeps
750 3847 951 3912 factus,
1001 3847 1213 3901 iterum
1261 3847 1658 3901 convaluerit:
1711 3847 1783 3900 sit
1818 3847 1971 3901 inter
2017 3864 2115 3902 eos

415 3937 516 4008 qui
582 3935 1051 3990 communionem
1110 3934 1389 3988 orationis
1443 3936 1842 3990 tantummodo
1919 3952 2116 3991 conse-

415 4028 692 4094 quuntur.
725 4022 1076 4078 Generaliter
1130 4027 1324 4076 autem
1364 4023 1526 4076 omni
1572 4022 1809 4077 cuilibet
1859 4021 1922 4076 in
1956 4023 2114 4078 exitu

416 4111 621 4182 posito,
656 4116 715 4164 et
743 4109 1001 4179 poscenti
1039 4109 1146 4163 sibi
1174 4108 1600 4163 communionis
1638 4109 1882 4179 gratiam
1912 4111 2111 4178 tribui,

415 4200 719 4270 episcopus
751 4197 1125 4268 probabiliter
1154 4213 1224 4251 ex
1247 4197 1536 4251 oblatione
1560 4199 1694 4252 dare
1725 4198 1974 4254 debebit.

417 4306 544 4360 CAP.
583 4306 696 4360 VII.
753 4329 822 4344 ——
857 4303 1012 4367 Quod
1048 4305 1364 4371 paznitentia
1393 4305 1564 4371 possit
1608 4303 1818 4358 abolere
1868 4309 2109 4374 peccata,

657 4377 875 4429 etiamsi
897 4379 956 4428 in
984 4375 1174 4428 ultimo
1203 4377 1330 4428 vitae
1356 4377 1557 4443 spiritu
1581 4377 1868 4443 paeniteat.

487 4481 598 4550 (Ea:
628 4482 848 4535 concilio
885 4479 1154 4548 Mogunt.,
1181 4481 1358 4548 capite
1386 4478 1464 4549 2.)
1514 4479 1912 4534 Paenitentiam
1941 4497 2110 4551 posse

413 4567 642 4622 abolere
689 4573 921 4638 peccata
973 4566 1368 4621 indubitanter
1418 4567 1724 4634 credimus,
1787 4568 2012 4622 etiamsi
2051 4569 2111 4623 in

412 4657 617 4710 ultimo
648 4656 777 4710 vitae
809 4655 1015 4726 spiritu
1038 4655 1319 4709 admissor
1344 4655 1640 4725 poeniteat,
1669 4660 1726 4710 et
1753 4656 1841 4710 vel
1881 4657 2112 4726 publica

411 4744 821 4798 lamentatione
877 4749 1107 4814 peccata
1156 4743 1472 4814 prodantur
1513 4759 1526 4797 :
1585 4744 1720 4814 quia
1751 4745 2108 4815 propositum

410 4829 528 4895 Dei,
570 4829 724 4898 quod
754 4829 1004 4882 decrevit
1025 4829 1240 4882 salvere
1272 4830 1426 4899 quod
1455 4829 1725 4899 perierat,
1763 4835 1875 4884 stat
1895 4830 2106 4885 immo-

410 4915 544 4969 bile.
581 4917 644 4969 Et
674 4915 823 4983 ideo,
873 4916 1010 4986 quia
1056 4916 1317 4969 voluntas
1367 4916 1489 4986 ejus
1527 4933 1643 4971 non
1674 4922 1949 4987 mutatur,
1992 4919 2106 4974 sive

409 5003 810 5057 emendatione
848 5004 998 5068 vitm,
1059 5005 1102 5056 si
1159 5007 1387 5074 tempus
1425 5006 1772 5074 conceditur,
1817 5007 1932 5060 sive
1962 5023 2105 5080 sup-

405 5091 540 5161 plici
569 5090 946 5156 confessione,
991 5090 1038 5144 si
1071 5092 1343 5146 continuo
1399 5093 1514 5146 vita
1565 5094 1881 5160 exceditur,
1939 5097 2107 5150 venia

403 5185 772 5249 peccatorum
791 5177 1037 5232 ﬁdeliter
1074 5184 1458 5248 prmsumatur
1481 5180 1550 5233 ab
1576 5181 1673 5234 illo
1706 5181 1806 5252 qui
1837 5198 1954 5236 non
1983 5185 2106 5237 vult

403 5274 648 5322 mortem
683 5266 1015 5337 peccatoris,
1047 5267 1145 5320 sed
1204 5273 1268 5319 ut
1304 5273 1668 5338 couvertatur
1696 5285 1728 5322 a
1781 5270 2102 5338 perditione

396 5356 755 5426 pcenitendo,
787 5360 845 5410 et
874 5357 1125 5408 salvetur
1153 5355 1524 5410 miseratione
1555 5357 1807 5422 Domini,
1835 5362 1897 5412 ut
1926 5359 2099 5414 vivat.

393 5443 452 5498 Si
484 5443 613 5514 quis
651 5443 819 5498 aliter
872 5443 942 5497 de
966 5443 1283 5514 justissima
1311 5443 1522 5514 pietate
1581 5443 1682 5498 Dei
1739 5445 1930 5510 sentit,
1981 5462 2100 5500 non

395 5529 775 5596 Christianus,
811 5531 908 5584 sed
940 5531 1288 5585 Novatianus
1318 5534 1422 5584 est.

2227 3067 2570 3142 probaverit.

2674 3154 2804 3209 Car.
2837 3153 2930 3206 XI.
2956 3183 3024 3192 —
3055 3152 3136 3206 De
3172 3153 3357 3208 eadem
3392 3170 3470 3208 re.

2298 3248 2409 3313 (Ea:
2439 3243 2581 3297 decr.
2624 3243 2846 3296 Eusebii
2869 3258 3050 3311 papae,
3083 3244 3261 3310 capite
3297 3244 3404 3312 10.)
3435 3242 3495 3298 Si
3548 3244 3676 3314 quis
3737 3246 3938 3315 poeni-

2224 3334 2466 3389 tentiam
2498 3337 2717 3402 petens,
2763 3330 2900 3384 dum
2932 3331 3194 3385 sacerdos
3236 3331 3474 3397 venerit,
3505 3331 3680 3386 fuerit
3738 3333 3937 3387 ofﬁcio

2223 3426 2438 3494 lingua:
2463 3421 2741 3492 privatus,
2780 3421 3152 3475 constitutum
3187 3425 3271 3475 est
3319 3425 3400 3488 ut,
3450 3421 3497 3474 si
3525 3421 3736 3475 idonea
3768 3423 3936 3477 testi-

2225 3509 2422 3562 monia
2477 3509 2743 3564 habuerit
2798 3509 2952 3580 quod
3007 3510 3128 3580 ipse
3188 3510 3585 3580 paenitentiam
3644 3511 3934 3582 petiisset,

2223 3602 2281 3651 et
2322 3598 2446 3667 ipse
2491 3614 2596 3668 per
2623 3604 2814 3652 motus
2875 3597 3100 3668 aliquos
3148 3614 3264 3652 suae
3323 3598 3630 3653 voluntatis
3684 3600 3933 3672 aliquod

2223 3685 2455 3756 signum
2500 3688 2685 3740 facere
2715 3691 2922 3757 potest,
2961 3687 3225 3740 sacerdos
3264 3686 3500 3756 impleat
3528 3686 3748 3754 omnia,
3785 3689 3936 3742 sicut

2223 3791 2397 3844 supra
2449 3775 2599 3830 circa
2638 3781 3011 3846 aigrotantem
3047 3774 3420 3846 ptenitentem
3477 3775 3762 3846 scriptum
3823 3782 3933 3840 est,

2221 3863 2277 3916 id
2309 3869 2410 3927 est,
2445 3864 2737 3918 orationes
2762 3863 2931 3930 dicat,
2969 3868 3024 3918 et
3054 3863 3388 3934 ungatjeum
3431 3869 3626 3918 sancto
3657 3864 3813 3932 oleo,
3879 3871 3933 3918 et.

2226 3951 2636 4005 Eucharistiam
2667 3951 2719 4006 ei
2751 3953 2947 4018 donet,
2994 3957 3068 4020 et,
3103 3957 3408 4023 postquam
3447 3952 3676 4021 obierit,
3719 3959 3788 4008 ut
3827 3970 3932 4008 caa-

2221 4037 2359 4092 teris
2389 4039 2652 4094 ﬁdelibus
2681 4040 2734 4094 ei
2763 4041 3182 4095 subministrat.

2221 4144 2351 4198 CAP.
2383 4143 2496 4199 XII.
2523 4175 2593 4185 —
2615 4148 2692 4200 De
2721 4147 2838 4201 illis
2859 4149 2957 4215 qui
2985 4150 3045 4201 in
3073 4148 3269 4202 ultima
3296 4149 3621 4216 egritudine
3659 4153 3929 4218 ptenitue-

2551 4219 2686 4283 rint,
2729 4222 2779 4270 et
2809 4233 2936 4272 mea:
2972 4221 3306 4273 reconciliati
3346 4221 3574 4286 fuerint.

2294 4302 2412 4373 (Ea:
2442 4303 2606 4359 dictis
2634 4308 2901 4372 August.)
2923 4305 3067 4361 Sane
3099 4307 3360 4378 quisquis
3380 4308 3600 4378 positus
3629 4307 3688 4362 in
3718 4311 3927 4365 ultima

2220 4392 2555 4446 necessitate
2603 4393 2958 4463 aegritudinis
2989 4411 3105 4449 suae
3150 4397 3461 4467 accceperit
3493 4397 3922 4468 paenitentiam,

2221 4484 2277 4533 et
2308 4496 2442 4534 mox
2481 4482 2881 4537 reconciliatus
2912 4483 3106 4552 fuerit,
3155 4491 3212 4540 et
3240 4485 3528 4539 transierit
3556 4486 3626 4540 de
3651 4501 3921 4558 corpore,

2220 4568 2404 4622 fateor
2451 4570 2632 4638 vobis,
2691 4587 2807 4625 non
2835 4572 2919 4627 illi
2948 4589 3227 4644 negamus
3275 4575 3429 4646 quod
3458 4575 3617 4645 petit,
3677 4577 3782 4630 sed
3818 4592 3921 4630 nec

2218 4673 2506 4726 przesumo
2547 4659 2736 4713 dicere
2783 4660 2920 4731 quia
2949 4662 3093 4716 bene
3151 4662 3286 4716 hinc
3328 4661 3549 4716 exierit.
3582 4662 3640 4717 Si
3681 4680 3920 4720 securus

2218 4743 2352 4798 hinc
2383 4745 2600 4813 exierit,
2641 4763 2748 4817 ego
2797 4749 2984 4802 nescio
3020 4764 3034 4802 :
3083 4749 3480 4819 paenitentiam
3537 4750 3671 4804 dare
3707 4768 3915 4822 possu-

2217 4848 2364 4900 mus,
2399 4835 2766 4888 securitatem
2802 4841 2994 4890 autem
3027 4837 3163 4891 dare
3211 4854 3328 4891 non
3376 4854 3702 4907 possumus.
3758 4842 3916 4896 Nun-

2217 4920 2357 4991 quid
2387 4922 2513 4976 dico
2551 4923 2961 4978 damnabitur?
3008 4924 3116 4978 Sed
3148 4940 3251 4978 nec
3300 4925 3424 4978 dico
3455 4927 3592 4996 quia
3639 4927 3914 4985 liberabi-

2213 5013 2324 5064 tur.
2363 5009 2457 5063 Vis
2481 5015 2536 5063 te
2564 5028 2594 5064 a
2625 5011 2801 5065 dubio
2844 5012 3116 5065 liberari?
3163 5011 3255 5065 Vis
3285 5013 3436 5082 quod
3494 5014 3782 5072 incertum
3835 5022 3914 5072 est

2215 5097 2494 5151 evadere?
2533 5100 2650 5168 Age
2690 5097 3085 5167 paenitentiam
3125 5099 3260 5154 dum
3312 5117 3484 5155 sanus
3537 5119 3616 5157 es.
3666 5105 3724 5160 Si
3755 5107 3910 5160 enim

2213 5185 2335 5254 agis
2366 5200 2557 5238 veram
2587 5186 2982 5255 paenitentiam
3017 5187 3153 5240 dum
3187 5204 3358 5243 sanus
3385 5206 3466 5259 es,
3519 5197 3577 5246 et
3624 5192 3911 5250 invenerit

2212 5277 2269 5325 te
2324 5271 2665 5325 novissimus
2709 5272 2848 5339 dies,
2907 5274 3090 5328 curris
3145 5281 3208 5330 ut
3257 5279 3661 5336 reconcilieris.
3716 5281 3774 5336 Si
3834 5282 3907 5336 sic

2212 5358 2356 5428 agis,
2409 5373 2642 5412 securus
2689 5375 2767 5414 es.
2831 5360 2962 5415 Ideo
3016 5362 3142 5417 dico
3197 5365 3302 5419 tibi
3345 5365 3483 5438 quia
3539 5384 3774 5423 securus
3828 5387 3902 5436 es,

2212 5446 2349 5517 quia
2400 5446 2567 5517 egisti
2623 5447 3020 5517 paenitentiam
3079 5468 3148 5508 eo
3193 5458 3452 5526 tempore
3514 5472 3627 5528 quo
3672 5474 3903 5529 peccare

2209 5535 2465 5605 potuisti.
2519 5535 2574 5590 Si
2631 5542 2823 5592 autem
2882 5539 2965 5593 vis
3019 5557 3189 5612 agere
3240 5545 3636 5614 paenitentiam
3677 5550 3902 5618 quando
