3944 6416
63 354 164 405 2m
872 353 1348 408 DECRETORUM
1392 354 1576 407 LIBRI
1614 353 1722 407 XX.
1754 383 1822 391 —
1865 354 2075 409 LIBER
2115 356 2420 411 DECIMUS
2459 358 2788 415 OCTAVUS.

3505 368 3606 419 942

55 477 186 544 jam
221 490 462 545 peccare
495 491 613 528 non
667 480 852 546 potes,
901 482 1136 547 peccata
1187 481 1243 530 te
1283 476 1645 542 dimiserunt,
1679 493 1794 530 non
1825 479 1869 531 A
1910 479 2302 544 reconcilient,
2337 484 2411 546 et,
2447 481 2591 535 sicut
2619 498 2791 552 supra
2820 486 3224 553 pramisimus,
3259 488 3613 544 inﬁrmantes

65 572 126 618 tu
157 570 420 634 peccata.

63 673 199 725 CAP.
231 672 371 726 XIII.
405 702 475 711 —
507 674 579 725 De
598 672 712 725 illis
743 674 840 739 qui
867 674 923 724 in
940 673 1182 740 periculo
1225 676 1348 726 sunt
1373 673 1674 738 constituti,
1709 677 1788 737 ut,

257 745 506 812 episcopo
552 744 811 805 consulto,
852 743 1140 813 presbyter
1171 758 1254 796 eos
1286 745 1612 797 reconciliet.

139 851 260 917 (Ea:
305 850 530 904 concilio
578 851 868 918 Carthag.,
915 851 1095 918 capite
1125 850 1205 908 4.)
1250 849 1516 902 Aurelius
1574 849 1789 918 episco-

69 953 180 1006 pus
209 937 382 992 dixit:
424 960 450 987 «
483 938 541 993 Si
573 939 879 1009 quisquam
911 939 966 990 in
1003 937 1257 1008 periculo
1302 938 1476 991 fuerit
1516 939 1792 990 constitu-

70 1031 186 1093 tus,
263 1033 321 1081 et
389 1027 746 1081 reconciliari
803 1027 1010 1081 divinis
1085 1026 1360 1080 altaribus
1430 1026 1679 1096 petierit,
1747 1025 1794 1078 si

75 1115 388 1184 episcopus
481 1116 685 1169 absens
767 1116 960 1181 fuerit,
1021 1115 1189 1169 debet
1239 1117 1442 1185 utique
1498 1115 1796 1183 presbyter

75 1205 384 1258 consulere
416 1205 772 1275 episcopum,
817 1210 874 1258 et
903 1205 980 1257 sic
1011 1204 1432 1274 periclitantem
1487 1204 1610 1274 ejus
1639 1219 1794 1271 pra-

75 1299 249 1362 cepto
308 1293 700 1347 reconciliare.
752 1315 780 1342 ››
837 1293 1019 1357 Quam
1075 1309 1196 1346 rem
1251 1293 1524 1347 debemus
1581 1291 1795 1344 salubri

76 1381 324 1436 consilio
357 1382 651 1436 roborare.

77 1488 206 1542 CAP.
245 1489 381 1542 XIV.
411 1518 479 1528 —
502 1491 580 1542 De
610 1491 843 1557 inﬁrmis
874 1490 933 1541 in
968 1489 1205 1557 periculo
1245 1490 1435 1542 mortis
1461 1487 1790 1541 constitutis.

149 1598 264 1664 (Ex
306 1596 675 1648 Panitentiali
710 1594 1017 1662 Theodori.)
1045 1595 1128 1648 Ab
1166 1593 1413 1647 inﬁrmis
1457 1593 1516 1646 in
1544 1592 1796 1662 periculo

78 1683 289 1738 mortis
333 1683 553 1753 positis,
587 1700 691 1753 per
746 1683 1107 1754 presbyteros
1165 1699 1310 1753 pura
1340 1681 1682 1752 inquirenda
1712 1685 1797 1734 est

76 1773 366 1827 confessio
426 1777 813 1842 peccatorum,
854 1788 973 1826 non
1021 1776 1215 1825 tamen
1275 1771 1390 1824 illis
1447 1770 1799 1840 imponenda

80 1861 378 1931 quantitas
446 1859 824 1930 poenitentia,
902 1859 997 1913 sed
1069 1859 1498 1924 innotescenda,
1560 1863 1616 1911 et
1668 1873 1797 1910 cum

79 1949 408 2003 amicorum
489 1949 843 2002 orationibus
921 1954 977 2001 et
1034 1949 1534 2017 eleemosynarum
1592 1945 1797 1999 studiis

79 2039 314 2107 pondus
345 2037 704 2107 paenitentia
750 2037 1195 2090 sublevandum:
1241 2042 1298 2089 et
1329 2035 1373 2087 si
1407 2035 1550 2087 forte
1581 2034 1797 2103 migra-

81 2125 294 2190 verint,
348 2140 421 2178 ne
468 2124 704 2194 obligati
762 2141 826 2178 ex
874 2123 1286 2176 communione
1347 2121 1540 2187 alieni,
1582 2123 1668 2174 vel
1730 2137 1796 2174 ex

80 2213 371 2266 consortio
431 2213 610 2265 venia
647 2212 806 2266 ﬁant.
869 2215 914 2265 Α
946 2227 1060 2281 quo
1111 2210 1364 2281 periculo
1425 2210 1471 2262 si
1523 2209 1798 2262 divinitus

83 2308 319 2371 ereptus
352 2301 730 2366 convaluerit,
758 2300 1112 2370 poenitentia
1146 2299 1382 2352 modum
1440 2315 1472 2350 a
1525 2315 1627 2351 suo
1660 2313 1794 2350 con-

84 2392 298 2444 fessore
332 2389 668 2460 impositum
719 2390 1028 2460 diligenter
1089 2388 1370 2442 observet.
1409 2389 1475 2440 Et
1506 2387 1658 2451 ideo,
1709 2402 1794 2440 se-

85 2479 341 2533 cundum
412 2479 747 2531 canonicam
820 2477 1240 2541 auctoritatem,
1310 2491 1382 2528 ne
1452 2475 1566 2528 illis
1619 2474 1798 2544 janua

83 2568 316 2637 pietatis
346 2568 542 2620 clausa
570 2567 848 2630 videatur,
886 2565 1244 2619 orationibus
1284 2569 1340 2617 et
1386 2561 1797 2617 consolationi-

85 2659 186 2711 bus
220 2654 623 2711 ecclesiasticis
673 2672 832 2709 sacra
884 2671 1015 2708 cum
1076 2653 1351 2706 unctione
1394 2652 1503 2706 olei
1534 2650 1794 2714 animati,

85 2746 406 2799 secundum
467 2748 678 2797 statuta
709 2748 1035 2797 sanctorum
1073 2744 1329 2808 Patrum,
1388 2739 1796 2794 communione

86 2834 274 2888 viatici
304 2833 664 2887 reﬁciantur.

151 2953 278 3005 CAP.
309 2949 422 3003 XV.
456 2978 526 2987 —
559 2951 629 3001 De
657 2947 890 3015 quodam
919 2949 1016 3016 qui
1055 2948 1339 3000 Christum
1368 2950 1686 3014 negaverat,

297 3019 566 3088 quomodo
596 3021 652 3072 in
675 3021 930 3071 ett-tremis
968 3020 1168 3072 viatico
1191 3019 1451 3072 liberatus
1484 3022 1578 3071 est.

155 3128 480 3196 (Dionysius
512 3128 570 3178 in
599 3125 888 3178 ecclesiast.
922 3126 1173 3178 Historia
1217 3124 1399 3190 dicit.)
1455 3123 1517 3176 In
1549 3121 1795 3176 Historia

90 3215 474 3269 ecclesiastica
549 3213 872 3284 Dionysius,
940 3212 1258 3266 rescribens
1320 3212 1386 3265 ad
1458 3211 1792 3274 Fabianum,

89 3303 304 3357 inducit
339 3301 654 3372 quamdam
681 3300 1000 3363 historiam,
1050 3300 1245 3354 dicens
1269 3300 1592 3371 jquemdam
1623 3299 1795 3353 fuisse

90 3393 235 3462 apud
292 3390 724 3455 Alexandriam,
788 3405 968 3443 unum
1040 3405 1108 3443 ex
1159 3389 1247 3442 his
1300 3389 1400 3459 qui
1447 3388 1592 3457 lapsi
1633 3391 1792 3454 sunt;

91 3483 358 3536 eumdem
413 3495 565 3548 sape
609 3479 978 3548 deprecatum
1009 3493 1130 3532 esse
1163 3482 1225 3531 ut
1253 3477 1658 3546 susciperetur,
1693 3491 1797 3529 nec

90 3574 279 3624 tamen
301 3570 668 3639 impetrasse.
703 3567 1054 3637 Oppressum
1116 3565 1324 3620 deinde
1373 3566 1529 3619 hunc
1556 3565 1797 3634 agritu-

93 3658 238 3726 dine,
297 3659 378 3712 ita
433 3660 496 3710 ut
549 3660 665 3710 tres
722 3655 844 3709 dies
894 3655 1014 3709 sine
1072 3671 1206 3708 voce
1265 3669 1497 3724 prorsus
1549 3652 1794 3722 jaceret:

91 3748 392 3816 paululum
419 3761 553 3799 vero
609 3748 812 3815 quarta
842 3743 933 3798 die
991 3743 1391 3813 respirantem,
1447 3757 1672 3795 vocasse
1725 3740 1796 3793 ad

94 3851 146 3888 se
165 3836 407 3890 ﬁliolam
439 3849 625 3900 suam,
666 3837 724 3887 et
758 3832 964 3886 dixisse
1025 3831 1233 3885 fertur:
1297 3850 1324 3881 ι(
1354 3830 1676 3900 Quousque
1706 3843 1797 3882 me

96 3922 410 3979 detinetis?
468 3923 670 3986 Quaso
727 3938 828 3974 vos
886 3920 998 3974 cito
1055 3920 1265 3990 aliquis
1331 3919 1797 3988 presbyterorum

21 4017 28 4028 '
96 4012 302 4075 veniat,
335 4016 404 4066 ut
433 4010 648 4081 possim
679 4009 910 4064 dimitti.
950 4029 972 4056 υ
1003 4009 1067 4061 Et
1097 4024 1227 4062 cum
1254 4007 1362 4061 hoc
1395 4007 1646 4071 dixisset,
1675 4022 1798 4059 rur-

99 4115 216 4153 sum
249 4100 380 4153 sine
433 4114 568 4152 voce
599 4097 938 4168 permansit.
999 4096 1155 4150 Abiit
1183 4097 1293 4149 cito
1346 4111 1518 4148 cursu
1546 4095 1616 4148 ad
1676 4111 1800 4165 pre-

101 4188 390 4257 sbyterum
431 4203 594 4257 puer,
652 4186 837 4240 noctis
882 4191 1157 4256 tempore.
1219 4184 1626 4239 Inﬁrmabatur
1663 4200 1800 4253 pre—

103 4276 302 4346 sbyter,
339 4276 537 4329 venire
576 4291 695 4329 non
725 4274 942 4345 potuit:
995 4279 1214 4338 tamen,
1270 4272 1406 4343 quia
1451 4276 1798 4342 praeceptum

105 4362 282 4418 fuerat
310 4370 380 4418 ut
410 4363 582 4432 lapsis
625 4362 684 4416 in
718 4361 873 4415 exitu
922 4377 1091 4414 nemo
1150 4357 1634 4413 reconciliationis
1657 4359 1803 4412 sola-

104 4449 175 4503 tia
201 4453 532 4522 denegaret.
574 4455 630 4504 et
677 4451 927 4504 maxime
958 4449 1047 4503 his
1099 4465 1244 4518 quos
1297 4447 1456 4518 prius
1485 4447 1544 4500 id
1574 4462 1803 4516 rogasse

14 4603 20 4610 Δ
107 4547 336 4610 constat,
404 4556 607 4610 parum
670 4538 1043 4593 Eucharistia
1117 4553 1295 4608 puero
1355 4536 1527 4590 dedit.
1593 4536 1804 4605 Regre-

109 4625 288 4683 diente
315 4629 505 4684 adhuc
537 4645 742 4698 puero,
772 4632 1082 4696 antequam
1118 4625 1518 4696 ingrederetur
1546 4623 1801 4689 domum,

110 4730 326 4772 rursum
351 4718 663 4788 Serapion:
692 4738 718 4766 α
742 4715 980 4782 Redisti,
1025 4715 1233 4785 inquit,
1257 4713 1382 4768 ﬁli?
1408 4713 1560 4767 Licet
1580 4711 1807 4783 presby-

111 4808 191 4858 ter
240 4809 431 4862 venire
463 4823 578 4861 non
608 4805 818 4876 potuit,
857 4809 1051 4858 tamen
1077 4803 1256 4874 imple
1288 4801 1444 4874 quod
1486 4801 1588 4855 tibi
1621 4802 1805 4870 impe-

112 4898 288 4949 ratum
335 4901 440 4962 est,
484 4901 552 4950 ut
609 4894 825 4964 possim
857 4893 1138 4947 recedere.
1178 4913 1205 4941 ››
1239 4892 1494 4960 Cumque
1527 4889 1808 4958 acciperet

113 4980 537 5049 Eucharistiam,
606 4983 764 5037 velut
834 4981 1052 5036 catenis
1113 4979 1458 5050 quibusdam
1534 4976 1805 5030 vinculis-

114 5084 217 5138 que
273 5072 568 5144 disruptis,
627 5071 908 5125 latiorem
964 5071 1083 5138 jam
1117 5068 1384 5139 spiritum
1424 5065 1692 5120 reddidit.
1733 5065 1808 5117 Ex

114 5173 219 5227 quo
242 5166 460 5216 constat
490 5160 661 5231 hujus
707 5159 846 5214 boni
877 5157 1088 5212 auxilio
1124 5157 1352 5211 nullum
1403 5156 1613 5210 debere
1653 5153 1811 5208 frau-

124 5245 254 5302 dari.

118 5342 236 5398 CAP.
270 5346 403 5401 XVI.
457 5377 526 5386 —
560 5347 628 5400 Ut
650 5344 960 5415 presbyteri
989 5343 1054 5396 de
1115 5343 1336 5396 occultis
1377 5342 1614 5410 peccatis
1647 5339 1808 5408 jussu

455 5419 697 5487 episcopi
730 5417 1047 5485 poenitentes
1091 5415 1452 5468 reconcilient.

186 5521 291 5588 (Em
320 5524 461 5579 decr.
516 5524 761 5578 Evarist.
794 5535 974 5592 papae,
1025 5521 1201 5589 capite
1250 5520 1325 5587 4.)
1398 5518 1466 5572 Ut
1496 5515 1813 5588 presbyteri

122 5601 182 5655 de
236 5609 463 5664 occultis
534 5607 781 5678 peccatis
837 5605 1096 5676 jussione
1163 5602 1421 5673 episcopi
1471 5601 1814 5672 poenitentes

1903 567 2198 621 absolvant
2229 573 2284 621 et
2314 571 2762 624 communicent.

1941 674 2067 726 CAP.
2100 675 2260 727 XVII.
2297 704 2365 713 —
2403 676 2482 728 De
2508 679 2812 743 panitente,
2850 681 2901 730 si
2929 680 2987 732 in
3011 682 3133 747 ipsa
3159 684 3480 748 paenitentia
3509 685 3576 738 de

2143 761 2361 813 corpore
2381 749 2592 809 emierit,
2617 753 2668 800 et
2685 750 3028 803 reconciliari
3075 751 3369 806 desiderat.

1975 833 2084 902 (Ea:
2132 836 2354 888 concilio
2407 836 2695 898 Arausico,
2735 840 2912 905 capite
2963 840 3041 907 3.)
3077 840 3186 902 Qui
3236 843 3511 897 recedunt
3541 844 3611 898 de

1904 937 2140 990 corpore
2173 923 2536 991 panitentes,
2585 924 2799 993 placuit
2846 925 2969 979 sine
3003 929 3461 983 reconciliatoria
3489 948 3609 986 ma-

1905 1025 2012 1062 nus
2059 1011 2426 1080 impositione
2467 1011 2549 1064 eis
2575 1013 3026 1080 communicare,
3054 1017 3211 1085 quod
3239 1018 3298 1070 in
3329 1019 3609 1073 moriente

1904 1099 2125 1154 suffecit
2153 1099 2562 1165 consolatione,
2598 1103 2914 1155 secundum
2942 1103 3311 1159 deﬁnitiones
3352 1108 3607 1177 Patrum,

1905 1187 2002 1256 qui
2030 1187 2360 1256 hujusmodi
2391 1189 2860 1243 communionem
2891 1198 3307 1261 congruentem
3341 1194 3611 1249 viaticum

1905 1274 2311 1329 nominarunt:
2371 1283 2453 1342 ut,
2506 1277 2550 1329 si
2605 1278 3046 1347 supervixerint,
3098 1286 3248 1335 stent
3301 1281 3361 1335 in
3407 1284 3610 1338 ordine

1906 1363 2333 1433 panitentium,
2395 1369 2474 1428 ut,
2545 1365 2789 1418 ostensis
2846 1368 3176 1421 necessariis
3251 1370 3611 1438 poenitentia

1906 1451 2204 1519 fructibus,
2239 1452 2557 1523 legitimam
2615 1455 3083 1509 communionem
3105 1474 3237 1511 cum
3289 1460 3613 1514 reconcilia-

1906 1539 2054 1593 toria
2085 1557 2288 1594 manus
2319 1541 2688 1610 impositione
2710 1543 3053 1613 percipiant.

1909 1646 2036 1700 CAP.
2084 1647 2269 1700 XVIII.
2325 1649 2390 1701 Ut
2423 1651 2618 1716 quinta
2650 1650 2797 1714 feria
2826 1655 2950 1704 ante
2979 1651 3189 1704 Pascha
3229 1653 3612 1719 pauitantibus

1978 1718 2504 1790 sit_remittendum,
2556 1725 2682 1773 ante
2729 1726 2928 1787 autem,
2980 1724 3031 1775 si
3078 1723 3152 1775 ad
3188 1718 3612 1790 desperationem

1980 1788 2321 1856 inﬁrmitatis
2344 1789 2670 1843 devenerint.

1977 1888 2085 1958 (Em
2132 1891 2287 1958 epist.
2349 1892 2647 1944 Innocentii
2690 1907 2866 1960 papa,
2920 1895 3099 1961 capite
3156 1895 3231 1960 7.)
3295 1895 3370 1947 De
3424 1895 3608 1964 poeni-

1906 1977 2157 2030 tentibus
2204 1982 2396 2031 autem
2444 1979 2565 2049 qui,
2608 1980 2722 2033 sive
2754 1997 2819 2033 ex
2868 1981 3226 2050 gravioribus
3267 1983 3610 2052 commissis,

1907 2067 2022 2120 sive
2073 2082 2141 2120 ex
2168 2066 2478 2121 levioribus
2529 2069 2927 2138 poenitentiam
2985 2075 3212 2139 gerunt,
3247 2071 3292 2122 si
3327 2071 3484 2124 nulla
3514 2072 3606 2125 in-

1907 2155 2152 2209 tervenit
2188 2155 2491 2225 agritudo,
2554 2158 2594 2208 V
2646 2156 2790 2209 feria
2853 2162 2984 2210 ante
3016 2158 3226 2211 Pascha
3290 2159 3370 2211 eis
3415 2160 3612 2213 remit—

1907 2243 2164 2305 tendum,
2216 2245 2491 2297 Romana
2523 2245 2788 2298 Ecclesia
2835 2246 3194 2299 consuetudo
3241 2247 3609 2301 demonstrat.

1907 2332 2210 2397 Caeterum,
2247 2333 2316 2386 de
2363 2334 2621 2402 pondere
2665 2333 3004 2388 aestimando
3044 2335 3385 2388 delictorum
3435 2352 3615 2390 sacer-

1907 2420 2055 2473 dotis
2122 2426 2208 2473 est
2258 2420 2539 2490 judicare,
2615 2426 2677 2475 ut
2734 2424 2995 2476 attendat
3058 2423 3128 2476 ad
3192 2423 3610 2478 confessionem

1905 2508 2259 2579 pauitantis,
2301 2513 2358 2562 et
2396 2510 2465 2563 ad
2518 2508 2686 2563 ﬂetus
2726 2515 2896 2580 atque
2927 2511 3208 2580 lacrymas
3247 2512 3607 2583 corrigentis,

1906 2613 1970 2650 ac
1990 2603 2112 2650 tum
2137 2597 2340 2666 jubere
2380 2597 2616 2661 dimitti,
2673 2613 2804 2651 cum
2859 2599 3064 2652 viderit
3094 2615 3410 2669 congruam
3447 2601 3610 2653 satis-

1906 2684 2231 2739 factionem.
2293 2684 2439 2738 Sane
2496 2686 2542 2737 si
2594 2685 2720 2755 quis
2769 2686 2829 2739 in
2885 2687 3287 2755 agritudinem
3323 2687 3608 2752 inciderit,

1907 2779 2078 2843 atque
2125 2789 2305 2842 usque
2332 2773 2401 2826 ad
2431 2772 2894 2842 desperationem
2925 2774 3235 2838 devenerit,
3283 2775 3336 2828 ei
3365 2780 3451 2828 est
3478 2778 3612 2827 ante

1905 2865 2130 2931 tempus
2163 2861 2392 2914 Pascha
2449 2860 2845 2927 relaxandum,
2880 2878 2949 2915 ne
2983 2861 3052 2914 de
3083 2861 3188 2916 hoc
3239 2864 3445 2916 saculo
3483 2861 3610 2915 abs-

1905 2966 2017 3020 que
2043 2949 2445 3003 communione
2475 2949 2749 3004 discedat.

1827 3035 1867 3090 C
1907 3055 2034 3111 CAP.
2067 3056 2191 3110 XIX.
2225 3084 2292 3095 —
2335 3057 2417 3108 De
2445 3056 2558 3108 illis
2611 3057 2708 3122 qui
2745 3058 2804 3107 in
2852 3055 3092 3108 Ecclesia
3147 3057 3351 3109 remitti
3392 3061 3614 3123 peccata

2509 3141 2612 3178 non
2653 3126 3005 3179 crediderint.

1977 3216 2086 3285 (Ea:
2116 3215 2278 3269 dictis
2335 3215 2603 3284 August.)
2663 3213 2771 3277 Qui
2802 3230 2956 3279 vero,
3012 3215 3071 3266 in
3112 3214 3359 3267 Ecclesia
3392 3214 3610 3268 remitti

1906 3308 2138 3372 peccata
2175 3319 2290 3357 non
2320 3303 2580 3369 credens,
2640 3303 2956 3357 contemnit
2988 3303 3168 3356 divini
3224 3304 3481 3356 muneris
3505 3304 3612 3357 lar-

1907 3392 2167 3461 gitatem,
2199 3398 2254 3446 et
2282 3392 2343 3446 in
2390 3392 2496 3446 hac
2542 3391 2925 3445 obstinatione
2985 3391 3198 3445 mentis
3254 3392 3408 3446 diem
3466 3393 3614 3446 clau-

1906 3481 1992 3534 dit
2043 3487 2387 3549 extremum,
2447 3497 2576 3533 reus
2631 3486 2714 3534 est
2768 3481 2867 3533 illo
2917 3480 3316 3549 |irremissibili
3385 3486 3616 3551 peccato

1908 3569 1966 3624 in
1995 3569 2270 3639 Spiritum
2327 3572 2609 3634 sanctum,
2658 3569 2713 3620 in
2769 3584 2882 3637 quo
2942 3569 3199 3622 Christus
3252 3574 3481 3639 peccata
3529 3570 3609 3624 di-

1908 3657 2102 3710 mittit.

1908 3763 2037 3817 CAP.
2069 3763 2169 3816 XX.
2235 3791 2303 3801 —
2334 3761 2487 3831 Quod
2517 3760 2753 3885 inﬁrmis
2809 3764 2964 3885 tomni
3013 3762 3145 3815 hora
3183 3762 3360 3815 cibum
3411 3777 3618 3816 sumere

2693 3848 2803 3885 icea
2835 3873 2848 3885 .

2693 3835 2848 3886 iceat.

1982 3922 2099 3988 (Ea:
2129 3921 2350 3976 concilio
2365 3922 2633 3988 Mogunt.,
2666 3923 2843 3989 capite
2873 3923 2987 3992 23.)
3010 3919 3261 3974 lnﬁrmis
3287 3921 3420 3975 licet
3451 3921 3612 3974 omni

1910 4011 2053 4065 hora
2083 4009 2276 4064 cibum
2332 4014 2651 4079 potumque
2709 4025 2958 4074 sumere,
3015 4010 3471 4080 quotiescunque
3515 4009 3615 4063 de-

1911 4099 2183 4154 siderant.

1912 4207 2040 4261 CAP.
2095 4205 2223 4260 XXI.
2289 4233 2356 4243 —
2407 4207 2480 4259 De
2526 4205 2639 4258 illis
2692 4203 3061 4258 sacerdotibus
3115 4207 3212 4272 qui
3267 4205 3619 4259 morientibus

2350 4277 2727 4344 pwnitentiam
2769 4275 3174 4342 denegaverint.

1992 4366 2106 4433 (Ea:
2147 4364 2291 4418 decr.
2346 4366 2490 4418 Julii
2550 4363 2752 4432 papae.)
2804 4363 2860 4416 Si
2913 4362 3042 4432 quis
3086 4362 3387 4432 presbyter
3434 4362 3619 4432 pani-

1918 4452 2157 4506 tentiam
2197 4451 2566 4521 abnegaverit
2619 4449 3020 4515 morientibus,
3072 4465 3202 4502 reus
3257 4450 3365 4502 erit
3394 4451 3620 4504 anima-

1920 4556 2071 4605 rum,
2113 4539 2250 4608 quia
2282 4539 2555 4591 Dominus
2603 4539 2772 4591 dicit:
2813 4558 2834 4586 ε
2887 4537 3240 4606 Quacumque
3269 4537 3360 4590 die
3391 4553 3624 4592 conver-

1921 4645 2016 4682 sus
2041 4628 2216 4682 fuerit
2232 4632 2516 4697 peccator,
2551 4626 2665 4679 vita
2681 4626 2850 4689 vivet,
2876 4631 2932 4678 et
2951 4641 3070 4678 non
3096 4625 3392 4679 morietur.
3433 4648 3453 4674 ι
3484 4628 3624 4680 Vera

1921 4717 2076 4771 enim
2110 4715 2405 4770 conversio
2462 4715 2522 4768 in
2552 4715 2758 4768 ultimo
2789 4719 3049 4781 tempore
3082 4718 3269 4783 potest
3294 4730 3447 4768 esse:
3488 4715 3626 4785 quia

1926 4807 2196 4860 Dominus
2231 4819 2348 4858 non
2405 4803 2592 4857 solum
2631 4802 2931 4871 temporis,
2985 4802 3082 4855 sed
3122 4802 3308 4856 cordis
3338 4803 3627 4873 inspector

1922 4898 2032 4949 est:
2067 4894 2213 4947 sicut
2265 4894 2409 4946 latro
2467 4891 2638 4944 unius
2688 4890 2970 4944 momenti
3000 4891 3214 4945 meruit
3260 4906 3381 4946 esse
3435 4893 3495 4946 in
3523 4909 3626 4963 pa-

1922 4983 2110 5038 radiso
2139 4983 2199 5036 in
2226 4982 2367 5036 hora
2388 4981 2613 5046 ultima,
2648 4979 3028 5034 confessione.

1996 5090 2122 5143 CAP.
2175 5088 2328 5142 XXII.
2366 5118 2434 5126 —
2497 5087 2650 5153 Quod
2700 5086 2846 5140 nulli
2895 5087 3093 5140 ultima
3121 5089 3440 5156 paenitentia
3482 5089 3559 5141 sit

2611 5158 2947 5224 deneganda.

1997 5250 2106 5314 (Ea:
2162 5246 2306 5301 decr.
2358 5243 2564 5301 Calest.
2615 5261 2794 5314 papa,
2859 5248 3036 5315 capite
3095 5247 3206 5313 I5.)
3271 5245 3629 5314 Agnovimus

1925 5334 2083 5389 enim
2131 5333 2531 5404 pcenitentiam
2590 5332 2973 5387 morientibus
3023 5332 3314 5400 denegari,
3375 5347 3478 5386 nec
3511 5331 3631 5384 illo-

1926 5438 2056 5476 rum
2089 5422 2389 5476 desideriis
2419 5421 2619 5490 annui,
2651 5420 2752 5491 qui
2782 5421 2971 5474 obitus
2997 5418 3086 5472 sui
3111 5423 3394 5488 tempore,
3419 5420 3630 5473 anima

1926 5528 2044 5565 sua
2100 5511 2342 5581 cupiunt
2400 5510 2655 5565 remedio
2707 5506 3014 5562 subveniri.
3057 5508 3384 5573 Horremus,
3426 5509 3629 5573 fateor,

1927 5603 2101 5654 tanta
2128 5598 2441 5670 impietatis
2465 5598 2711 5669 aliquem
2745 5595 3006 5666 reperiri,
3054 5599 3117 5648 ut
3145 5595 3214 5650 de
3245 5596 3346 5650 Dei
3405 5596 3634 5667 pietatis
