3944 6402
335 369 437 438 943

1415 359 1691 416 BURCHA
1704 359 1820 412 RDI
1863 354 2393 413 WORMACIENSIS
2429 351 2762 409 EPISCOPI.

3752 350 3854 402 944

334 490 615 560 desperet,
677 485 840 557 quasi
881 499 996 538 non
1055 482 1236 554 possit
1282 481 1357 536 ad
1404 496 1461 536 se
1522 481 1722 552 quovis
1767 485 2105 551 temporeA
2141 477 2305 531 illum
2364 477 2534 531 unius
2599 479 2750 531 horae
2804 475 3142 546 penitentia
3204 490 3325 528 non
3373 474 3634 544 juvisset.
3711 475 3854 528 Cum

335 574 701 632 concurrenti
730 587 1082 639 succurrere,
1117 574 1173 625 et
1227 569 1647 640 periclitantem
1705 568 1811 622 sub
1861 584 2036 622 onere

2148 571 2294 619 esset
2323 566 2380 619 in
2402 581 2590 636 pena,
2632 563 2919 636 penituit,
2951 569 3009 617 et
3061 578 3163 634 per
3193 563 3364 616 unius
3403 561 3687 617 sermonis
3713 579 3854 632 pro-

333 671 698 739 peccatorum
737 663 1031 718 hominem
1060 660 1334 730 pondere,
1387 674 1501 729 quo
1533 673 1591 711 se
1642 657 1736 711 ille
1766 657 2036 728 expedire
2145 653 2471 720 fessionem,
2529 653 2918 708 habitaculum
2996 651 3234 722 paridisi
3294 652 3406 705 Deo
3474 650 3854 721 promittente

335 754 638 820 desiderat,
686 752 947 805 liberare.
1007 749 1174 815 Quid,
1235 748 1338 800 hoc
1371 762 1532 816 rogo,
1565 746 1720 799 aliud
1753 752 2036 816 estquam

336 841 608 897 morienti
679 845 926 893 mortem
1003 836 1232 901 addere,
1312 835 1549 904 ejusque
1616 833 1870 886 animam
1937 848 2039 886 sua

334 931 686 996 crudelitate,
715 944 787 982 ne
841 927 1098 980 absoluta
1138 941 1259 976 esse
1305 923 1504 993 possit,
1557 922 1856 977 occidere?
1896 922 2035 975 Cum

335 1020 504 1083 Deus,
559 1017 627 1070 ad
683 1013 1134 1069 subveniendum
1185 1009 1600 1081 paratissimus,
1671 1009 1918 1063 invitans
1966 1009 2036 1061 ad

333 1104 755 1177 penitentiam,
789 1103 867 1155 sic
894 1101 1213 1170 proclamat
1246 1098 1556 1168 peccatori:
1621 1120 1642 1145 ι
1680 1099 1744 1150 In
1775 1112 2032 1167 quacun-

334 1212 447 1266 que
496 1194 587 1249 die
646 1206 949 1246 conversus
1010 1189 1198 1254 fuerit,
1249 1193 1483 1257 peccata
1541 1187 1665 1257 ejus
1712 1201 1830 1239 non
1866 1201 2036 1255 repu-

333 1283 612 1337 tabuntur
654 1280 723 1333 ei.
755 1299 777 1327 ι
814 1280 878 1332 Et
918 1277 1158 1330 iterum:
1186 1295 1212 1325 ‹‹
1248 1276 1387 1328 Nolo
1421 1281 1670 1328 mortem
1702 1273 2036 1344 peccatoris,

335 1372 430 1424 sed
460 1375 683 1424 tantum
728 1373 792 1420 ut
836 1368 1220 1430 convertatur,
1255 1368 1313 1417 et
1342 1363 1512 1417 vivat.
1542 1384 1563 1410 ι
1617 1363 1871 1418 Salutem
1903 1377 2037 1431 ergo

334 1457 556 1514 homini
603 1455 807 1510 adimit
862 1453 1123 1524 quisquis
1186 1452 1390 1505 mortis
1435 1456 1695 1522 tempore
1749 1451 2036 1522 peniten-

331 1548 471 1603 tiam
508 1542 825 1614 denegarit,
859 1549 915 1595 et
945 1540 1262 1610 desperarit
1309 1539 1378 1593 de
1409 1541 1714 1594 clementia
1763 1541 1896 1608 Dei;
1938 1540 2037 1611 qui

331 1650 464 1688 eum
522 1632 591 1686 ad
641 1630 1098 1684 subveniendum
1149 1628 1436 1693 morienti,
1471 1629 1756 1697 sufficere,
1798 1629 1886 1682 vel
1914 1645 2037 1682 mo-

334 1728 546 1785 mento,
606 1736 769 1790 posse
846 1734 961 1770 non
1031 1716 1292 1770 credidit.
1363 1715 1708 1769 Perdidisset
1775 1715 1922 1769 latro
1974 1716 2038 1769 in

2147 742 2488 812 promeruit.

2253 870 2381 924 CAP.
2409 870 2586 924 XXIII.
2620 898 2689 907 -—
2719 869 2794 922 De
2818 867 3201 937 penitentibus
3220 869 3315 935 qui
3343 868 3398 919 in
3420 867 3745 934 inﬁmitate

2608 941 3012 994 Eucharistiam
3056 940 3380 1006 acceperint.

2218 1046 2336 1116 (Ea:
2390 1047 2612 1099 concilio
2652 1047 2948 1113 Carthag.,
2981 1047 3159 1114 capite
3189 1047 3301 1110 78.)
3343 1043 3689 1097 Penitentes
3745 1043 3849 1112 qui

2145 1133 2206 1187 in
2238 1134 2572 1188 inﬁrmitate
2612 1134 2880 1187 viaticum
2913 1132 3281 1187 Eucharistie
3339 1131 3680 1202 acceperint,
3735 1147 3857 1184 non

2148 1238 2206 1276 se
2236 1224 2472 1276 credant
2497 1223 2782 1277 absolutos
2835 1223 2956 1276 sine
3009 1239 3214 1275 manus
3245 1221 3638 1292 impositione,
3676 1220 3723 1273 si
3757 1235 3858 1272 su-

2147 1311 2516 1381 pervixerint.

2291 1436 2417 1490 CAP.
2441 1435 2616 1489 XXIV.
2640 1463 2711 1475 —
2739 1437 2814 1489 De
2836 1434 3222 1504 penitentibus
3246 1434 3424 1488 subito
3452 1435 3706 1488 mortuis.

2223 1542 2334 1609 (Ea:
2397 1541 2627 1610 eodem.)
2684 1542 2894 1595 Eorum
2963 1540 3063 1610 qui
3111 1539 3454 1610 penitentia
3503 1545 3739 1609 accepta
3793 1539 3861 1592 in

2149 1629 2302 1682 bono
2328 1630 2457 1682 vite
2486 1646 2654 1682 cursu
2686 1630 2809 1684 sine
2841 1629 3249 1683 communione
3283 1628 3632 1693 moriuntur,
3693 1627 3855 1682 obla-

2147 1718 2366 1771 tionem
2396 1717 2808 1788 recipiendam,
2869 1723 3153 1772 eteorum
3201 1717 3422 1782 funera,
3483 1733 3545 1770 ac
3584 1715 3865 1785 deinceps

333 1826 499 1864 cruce
547 1808 852 1880 premium
910 1806 980 1859 ad
1053 1803 1257 1859 Christi
1314 1804 1602 1859 dexteram
1659 1804 1930 1874 pendens,
1991 1805 2038 1858 si
2069 1805 2108 1858 Β
2150 1806 2489 1860 memoriam
2513 1807 2892 1860 ecclesiastico
2923 1806 3122 1860 effectu
3157 1805 3634 1876 prosequendam.

1606 1914 1781 1954 FINIS
1829 1915 2004 1954 LIBRI
2052 1915 2275 1956 DBCIMI
2321 1914 2580 1956 OCTAVI.

1050 2097 1344 2170 INDEX
1402 2097 2092 2172 CAPITULORUM
2151 2099 2406 2172 LIBRI
2473 2098 2807 2172 DECIMI
2875 2097 3138 2172 ΝΟΝΙ.

335 2241 530 2295 Cael.
572 2239 692 2303 Quo
743 2243 1007 2307 tempore
1055 2233 1379 2306 presbyteri
1431 2234 1710 2305 plebium,
1764 2234 2041 2289 canonica

408 2327 765 2394 auctoritate,
820 2324 1210 2379 discordantes
1257 2323 1324 2376 ad
1366 2339 1588 2393 pacem,
1616 2328 1672 2376 et
1697 2322 2038 2393 delinquen-

407 2423 489 2470 tes
519 2416 588 2469 ad
621 2413 1021 2485 penitentiam
1053 2411 1401 2481 compellere
1426 2411 1693 2465 debeant.
1908 2400 1911 2403 ’

335 2508 388 2558 2.
431 2502 728 2568 Quomodo
803 2499 1128 2554 sacerdotes
1183 2499 1409 2569 plebem
1486 2499 1595 2552 sibi
1672 2498 2039 2553 commissam

406 2599 667 2661 tempore
723 2588 1098 2660 penitudinis
1155 2587 1469 2642 admonere
1512 2591 1568 2640 et
1621 2588 1908 2641 instruere
1938 2587 2038 2640 de-

406 2681 597 2735 beant.

339 2774 390 2825 3.
447 2769 638 2824 Oratio
718 2766 1026 2822 sacerdotis
1076 2765 1317 2819 dicenda
1373 2764 1440 2819 ad
1495 2765 1892 2834 penitentiam
1951 2781 2041 2818 ve-

409 2857 721 2912 nientibus.

339 2950 392 3001 4.
452 2948 529 3001 De
558 2944 935 3010 confessione,
970 2948 1024 2997 et
1063 2942 1424 3013 penitentia,
1467 2947 1525 2995 et
1550 2941 2034 3008 reconciliatione,

412 3039 468 3089 et
499 3032 946 3102 interrogatione
978 3032 1210 3084 illorum
1244 3029 1342 3100 qui
1393 3036 1621 3100 peccata
1651 3047 1753 3084 sua
1779 3029 2039 3091 conﬁteri

413 3122 754 3184 desiderant,
821 3124 875 3173 et
925 3119 1065 3172 ordo
1099 3119 1165 3172 ad
1217 3117 1616 3188 penitentiam
1650 3119 1731 3171 eis
1761 3119 2034 3173 dandam.

344 3215 396 3265 5.
431 3206 913 3278 Interrogationes
966 3206 1175 3276 quibus
1203 3206 1493 3260 confessor
1517 3205 1886 3259 conﬁtentem
1943 3207 2041 3260 de-

410 3299 507 3352 bet
521 3299 896 3366 interrogare.

345 3392 396 3443 6.
427 3388 505 3441 De
553 3383 947 3440 admonitione
1003 3387 1127 3437 octo
1191 3382 1599 3452 principalium
1654 3382 1943 3448 vitiorum,
1989 3387 2047 3436 et

414 3491 614 3530 eorum
646 3473 961 3543 speciebus.

344 3571 396 3620 7.
429 3565 572 3619 Item
628 3563 696 3615 de
747 3560 1048 3614 virtutibus
1091 3559 1304 3629 quibus
1354 3558 1553 3614 eadem
1596 3559 1732 3613 vitia
1782 3558 2042 3630 superari

412 3652 647 3723 possint,
682 3654 738 3704 et
766 3651 834 3704 de
864 3648 1228 3702 conclusione
1262 3646 1637 3718 penitentiae.

342 3745 395 3797 8.
425 3741 663 3796 Salubre
688 3738 1012 3792 antidotum
1045 3736 1363 3790 animabus.

344 3833 396 3886 9.
448 3830 525 3883 De
578 3826 912 3898 penitentia
959 3825 1110 3878 illius
1157 3825 1294 3878 anni
1342 3823 1443 3894 qui
1501 3825 1560 3878 in
1622 3839 1768 3894 pane
1813 3827 1868 3876 et
1899 3840 2046 3894 aqua

410 3916 757 3987 jejunandus
787 3918 892 3980 est,
924 3913 1082 3983 quali
1114 3912 1314 3966 ordine
1357 3912 1644 3966 observari
1675 3911 1898 3966 debeat.

349 4008 433 4060 10.
469 4007 545 4059 De
577 4002 822 4057 secundo
867 4017 1020 4054 anno
1050 4001 1150 4070 qui
1179 4005 1307 4072 post
1352 4000 1514 4054 illum
1550 4000 1899 4070 jejunandus
1937 4004 2044 4069 est,

414 4098 470 4147 et
498 4093 706 4162 quibus
730 4089 1144 4160 penitentibus
1173 4087 1394 4142 dandus
1421 4088 1518 4142 sit.

350 4185 433 4236 11.
464 4183 539 4236 De
570 4180 684 4233 illis
725 4179 825 4248 qui
858 4177 1124 4248 jejunare
1158 4193 1277 4230 non
1324 4181 1587 4246 possunt,
1623 4181 1681 4232 et
1728 4176 2042 4247 adimplere

416 4268 571 4340 quod
602 4267 663 4321 in
691 4265 1077 4321 Penitentiali
1105 4265 1382 4335 scriptum
1412 4269 1516 4319 est.

2153 2238 2242 2290 2l.
2302 2237 2442 2290 Item
2498 2236 2820 2305 redemptio
2864 2234 3020 2289 illius
3066 2234 3204 2289 anni
3252 2251 3424 2306 quem
3482 2235 3542 2289 in
3597 2251 3749 2306 pane
3803 2239 3866 2289 et

2225 2340 2374 2394 aqua
2401 2324 2680 2394 penitere
2712 2323 2942 2377 debent.

2152 2413 2239 2465 22.
2271 2413 2346 2466 De
2377 2411 2490 2465 illis
2522 2411 2895 2482 quijejunare
2926 2427 3040 2465 non
3079 2415 3340 2482 possunt,
3375 2415 3429 2464 et
3455 2411 3670 2465 habent
3703 2411 3864 2466 unde

2225 2501 2509 2555 redimere
2535 2500 2778 2570 possint.

2151 2592 2244 2646 23.
2288 2590 2368 2643 De
2390 2589 2502 2642 illis
2539 2588 2636 2658 qui
2668 2604 2784 2641 non
2815 2591 3054 2658 possunt
3085 2587 3400 2658 adimplere
3442 2588 3592 2658 quod
3644 2589 3705 2641 in
3739 2590 3864 2643 Pe-

2221 2678 2510 2732 nitentiali
2541 2678 2820 2747 scriptum
2841 2682 2944 2732 est.

2149 2766 2236 2818 24.
2275 2767 2352 2819 De
2383 2765 2494 2819 illis
2526 2767 2626 2836 qui
2659 2766 2924 2835 jejunare
2956 2781 3074 2819 non
3100 2771 3359 2836 possunt,
3388 2769 3444 2819 et
3486 2782 3600 2820 non
3641 2765 3866 2822 habent

2221 2855 2372 2908 unde
2401 2855 2685 2908 redimere
2715 2854 2953 2924 possint.

2149 2946 2236 2997 25.
2269 2945 2346 2997 De
2372 2942 2766 3012 redemptione
2795 2947 3015 3013 septem
3034 2959 3339 2998 annorum.

2149 3035 2237 3087 26.
2272 3032 2345 3087 Ut
2371 3032 2430 3085 in
2483 3032 2668 3102 capite
2715 3031 3182 3102 Quadragesime
3213 3047 3414 3086 omnes
3467 3032 3695 3103 publice
3731 3049 3861 3104 pce-

2223 3121 2469 3175 nitentes
2499 3121 2558 3174 in
2589 3121 2876 3174 civitatem
2930 3120 3182 3186 veniant,
3221 3125 3277 3174 et
3317 3125 3449 3175 ante
3492 3121 3644 3175 fores
3683 3123 3865 3176 eccle-

2224 3210 2323 3263 siae
2355 3209 2524 3263 nudis
2582 3209 2846 3279 pedibus,
2893 3213 2949 3263 et
2976 3208 3161 3263 cilicio
3205 3209 3412 3276 induti,
3466 3209 3734 3278 episcopo
3757 3225 3864 3262 suo

2224 3315 2282 3352 se
2312 3303 2742 3368 representent.

2153 3389 2240 3440 27.
2295 3387 2364 3440 Ut
2431 3386 2794 3456 penitentes,
2856 3385 3087 3456 quando
3163 3384 3562 3457 penitentiam
3627 3389 3864 3456 petunt,

2223 3473 2656 3544 impositionem
2687 3491 2964 3528 manuum
2986 3479 3433 3545 consequantur.

2152 3563 2242 3616 28.
2276 3562 2397 3626 Qua
2424 3563 2761 3617 auctoritate
2811 3563 3018 3616 modus
3043 3563 3399 3633 poenitentiae
3451 3565 3685 3632 peccata
3725 3579 3868 3617 con-

2224 3650 2520 3705 ﬁtentibus
2554 3651 2778 3721 imponi
2810 3651 3033 3706 debeat.

2153 3741 2241 3794 29.
2287 3739 2450 3803 Quod
2507 3739 2805 3794 diversitas
2862 3740 3160 3810 culparum
3247 3738 3634 3794 diversitatem
3689 3738 3868 3794 faciat

2223 3827 2717 3898 penitentiarum.

2154 3919 2242 3972 30.
2273 3917 2434 3981 Quod
2454 3917 2620 3972 multi
2649 3921 2782 3972 sunt
2804 3917 3019 3971 fructus
3039 3916 3416 3987 penitentie.

2154 4007 2241 4060 31.
2273 4006 2385 4059 Cur
2423 4021 2670 4060 canones
2731 4021 2847 4060 non
2889 4006 3137 4077 perfecte
3196 4005 3503 4076 preﬁgant
3556 4019 3661 4074 pro
3713 4021 3868 4059 uno-

2224 4107 2454 4162 quoque
2476 4091 2716 4145 crimine
2743 4094 2971 4162 tempus
3002 4095 3058 4145 et
3102 4105 3432 4145 mensuram
3477 4090 3864 4160 penitentie.

2154 4180 2240 4232 32.
2279 4180 2352 4232 De
2399 4179 2513 4234 illis
2545 4179 2644 4250 qui
2690 4179 3089 4251 penitentiam
3145 4179 3255 4234 sibi
3302 4178 3618 4250 injunctam
3674 4179 3867 4233 adim-

2223 4266 2380 4336 plere
2411 4266 2703 4323 festinant.

352 4327 543 4412 t2..De
603 4355 998 4425 redemptione
1055 4327 1237 4408 illius-
1263 4353 1401 4407 anni
1450 4369 1623 4424 quem
1669 4353 1728 4408 in
1785 4369 1933 4425 pane
1989 4358 2046 4408 et
2073 4363 2115 4416 ι)
2152 4327 2243 4410 33:
2274 4355 2343 4409 Ut
2372 4356 2827 4426 quotiescunque
2864 4353 3072 4426 aliquis
3123 4353 3196 4409 ad
3241 4354 3647 4425 penitentiam
3671 4327 3868 4411 acces-

416 4461 564 4516 aqua
587 4444 850 4514 jejunare
882 4441 1108 4496 debent.

348 4538 432 4591 13.
465 4533 592 4588 Alio
614 4532 806 4587 modo.

348 4626 432 4679 14.
464 4623 607 4678 Item
630 4621 741 4676 alio
764 4619 956 4674 modo.

346 4716 432 4767 15.
467 4713 608 4766 Item
641 4710 752 4763 alio
783 4708 976 4762 modo.

346 4803 433 4855 16.
462 4800 603 4852 Item
633 4798 742 4850 alio
775 4796 968 4850 modo.

347 4893 428 4943 17.
461 4889 602 4941 Item
631 4885 744 4938 alio
775 4885 969 4938 modo.

347 4979 432 5031 18.
469 4977 545 5030 De
605 4972 1004 5042 redemptione
1057 4971 1232 5026 unius
1311 4971 1686 5026 hebdomade
1751 4987 1927 5043 quam
1978 4971 2039 5025 in

414 5079 563 5134 pane
581 5065 637 5116 et
652 5078 802 5132 aqua
821 5061 1086 5131 jejunare
1129 5061 1361 5115 debent.

347 5153 427 5206 19.
453 5151 530 5205 De
574 5148 969 5218 redemptione
1017 5148 1188 5201 unius
1237 5147 1452 5202 mensis
1498 5164 1671 5219 quem
1716 5147 1776 5202 in
1809 5163 1957 5218 pane
1987 5151 2044 5202 et

412 5254 562 5309 aqua
577 5237 655 5308 jej
667 5252 843 5290 unare
872 5235 1103 5289 debent.

340 5327 429 5380 20.
481 5327 558 5382 De
610 5325 724 5378 illis
755 5323 856 5394 qui
895 5323 1162 5392 jejunare
1219 5337 1334 5375 non
1395 5327 1661 5391 possunt,
1705 5327 1764 5376 et
1790 5323 2044 5392 psalmos

413 5413 707 5480 nesciunt;
741 5411 1033 5483 quomodo
1057 5410 1454 5480 penitentiam
1475 5410 1646 5464 unius
1671 5411 1833 5478 anni,
1866 5427 2042 5483 quem

411 5500 473 5553 in
515 5515 664 5570 pane
715 5507 773 5552 et
835 5516 985 5570 aqua
1007 5498 1275 5568 jejunare
1325 5497 1552 5564 debent,
1587 5499 1868 5552 redimere
1909 5517 2041 5570 pos-

415 5587 548 5639 sint.

2221 4444 2378 4510 serit,
2420 4444 2740 4498 sacerdotes
2764 4443 3000 4515 jejuniis
3049 4448 3106 4498 et
3160 4444 3521 4498 orationibus
3581 4460 3718 4500 cum
3780 4447 3867 4500 eis

2219 4533 2645 4587 communicare
2663 4532 2928 4587 debeant.

2151 4620 2236 4674 34.
2261 4620 2423 4684 Quod
2440 4622 2740 4692 contingat
2769 4621 3068 4676 hominem
3101 4621 3390 4676 interdum
3448 4621 3629 4676 animi
3670 4626 3865 4692 motu,

2223 4709 2518 4764 interdum
2539 4709 2728 4764 carnis
2757 4710 3066 4780 fragilitate
3096 4725 3353 4780 peccare.

2151 4799 2238 4852 35.
2285 4798 2352 4852 Ut
2404 4798 2742 4869 penitentia
2799 4799 3014 4869 absque
3067 4815 3328 4869 personae
3387 4798 3719 4870 acceptione
3781 4800 3870 4854 in-

2215 4885 2516 4956 jungatur.

2148 4976 2236 5028 36.
2273 4975 2350 5028 De
2382 4975 2609 5029 incestis
2638 4976 2856 5030 occulte
2889 4975 3232 5031 commissis.

2147 5063 2236 5116 37.
2274 5063 2344 5117 Ut
2372 5062 2522 5117 inter
2550 5065 2894 5135 penitentes
2926 5063 3158 5134 publice
3187 5068 3244 5118 et
3287 5063 3560 5118 absconse
3589 5063 3869 5120 discretio

2221 5153 2497 5205 servanda
2517 5153 2610 5207 sit.

2149 5240 2236 5292 38.
2271 5238 2349 5291 De
2379 5238 2497 5293 illis
2519 5239 2620 5310 qui
2648 5241 2951 5312 negligunt
2970 5240 3402 5310 penitentiam.

2151 5327 2237 5380 39.
2267 5325 2335 5379 Ut
2377 5328 2752 5397 penitentem
2799 5346 2866 5383 ex
2925 5329 3098 5384 corde
3164 5344 3376 5399 magna
3447 5328 3872 5386 exhilaratione

2221 5415 2542 5469 sacerdotes
2565 5418 2854 5488 suscipere
2886 5417 3156 5473 debeant.

2150 5503 2238 5556 4-0.
2270 5502 2342 5556 Ut
2365 5505 2680 5560 secundum
2732 5506 3115 5562 differentiam
3156 5511 3545 5577 peccatorum,
3594 5506 3858 5578 episcopi

2223 5591 2480 5658 arbitrio,
2508 5593 2864 5662 penitentie
2905 5601 3172 5666 tempora
3201 5596 3606 5651 decernantur.
