3944 6390
62 443 152 492 Θίιὸ
874 442 1351 499 DECRETORUM
1394 445 1579 501 LIBRI
1618 447 1726 502 XX.
1770 476 1837 485 —
1877 447 2081 502 LIBER
2128 443 2437 502 DECIMUS
2473 444 2729 503 NONUS.

3468 454 3572 506 946

61 567 133 619 it.
164 565 240 619 De
266 565 361 619 his
392 565 496 636 qui
521 566 645 635 jam
685 582 921 635 peccare
960 572 1344 633 cessaverunt,
1405 574 1462 623 et.
1511 570 1761 640 perfecta
1791 570 1831 623 A
1873 572 1963 623 70.
2023 570 2094 624 Ut
2140 569 2436 640 presbyter
2483 568 2865 639 pauitantem
2915 587 3033 625 non
3066 572 3416 640 reconciliet,
3463 573 3575 628 nisi

122 654 536 723 pauitueruut,
589 658 652 707 ut
680 654 1010 709 communio
1067 657 1147 710 eis
1177 656 1236 710 in
1264 657 1383 728 ipsa
1424 658 1761 729 pauitantia

124 743 486 797 concedatur.

62 833 136 884 42.
168 832 244 885 De
274 832 475 901 lapsis,
509 832 802 901 quomodo
834 848 931 885 eos
960 833 1213 887 fraterno
1236 834 1441 888 affectu
1470 835 1758 904 corripere

123 925 175 974 et
204 920 489 973 consolari
522 920 788 986 debeant,
833 926 895 974 ut
944 937 1058 975 nou
1110 921 1369 977 incidant
1396 924 1457 976 iu
1520 923 1758 977 insidias

123 1008 351 1075 diaboli,
389 1014 448 1062 et
478 1009 806 1079 desperent.

62 1098 137 1151 43.
171 1098 243 1151 De
274 1096 452 1167 lapsis
502 1097 563 1151 in
610 1096 911 1151 ordinibus
952 1099 1146 1165 sacris,
1188 1100 1234 1153 si
1266 1101 1573 1154 restaurari
1616 1117 1757 1170 pos-

124 1184 247 1239 sint.

61 1275 137 1327 44.
160 1274 318 1337 Quod
350 1274 553 1327 anima
583 1273 781 1327 multis
812 1274 1081 1344 gentibus
1112 1275 1365 1329 nobilior
1386 1276 1753 1341 sitdeﬂeuda,

123 1368 174 1415 at
201 1362 396 1416 multis
451 1362 688 1416 urbibus
742 1364 1076 1433 preciosior,
1130 1381 1361 1436 quoque
1393 1382 1508 1420 uon
1555 1366 1627 1419 sit
1656 1366 1751 1420 de-

122 1452 398 1520 speraudu
411 1467 467 1505 m
501 1451 571 1505 de
606 1451 789 1505 venia.

1940 658 2242 728 episcopus
2275 674 2410 710 suus
2429 657 2649 728 jubeat.

1870 750 1957 800 7t.
1998 747 2065 800 Ut
2116 746 2308 799 nullus
2364 761 2429 799 ex
2478 746 2858 800 ecclesiastico
2914 747 3116 802 ordine
3200 765 3305 820 per
3370 766 3574 805 manus

1938 834 2369 904 impositiouam
2398 835 2719 889 remedium
2762 837 3005 906 accipiat
3052 838 3393 907 paniteudi.

1867 925 1959 976 72.
1992 924 2061 977 Ut
2090 923 2360 987 ordinati,
2396 922 2454 976 in
2501 924 2859 993 gravioribus
2906 926 3153 995 peccatis
3210 927 3571 996 deprehensi,

1941 1026 2053 1063 non
2112 1026 2313 1063 manus
2367 1010 2798 1081 impositiouem
2846 1018 2908 1065 ut
2969 1013 3095 1066 laici
3151 1015 3404 1083 accipere
3483 1015 3576 1069 de-

1937 1099 2130 1163 beant,

1865 1191 1953 1242 73.
1991 1189 2067 1241 De
2096 1186 2315 1240 clericis
2370 1188 2470 1258 qui
2510 1189 2792 1259 corporali
2849 1190 3055 1244 delicto
3126 1192 3493 1264 delinquunt,
3526 1195 3574 1246 si

1936 1276 2245 1330 restaurari
2278 1277 2514 1345 possint.

1863 1367 1952 1418 74.
1993 1366 2067 1418 De
2092 1365 2179 1417 his
2208 1366 2307 1435 qui
2340 1364 2541 1418 altario
2574 1365 2671 1419 Dei
2702 1365 3054 1435 deserviunt,
3078 1367 3124 1420 si
3157 1367 3343 1422 subito
3383 1368 3571 1423 flenda

1935 1452 2119 1505 carnis
2149 1452 2458 1523 fragilitate
2492 1454 2829 1508 corruerint.

62 1543 137 1594 45.
171 1541 327 1603 Quod
377 1540 577 1594 nullus
611 1557 643 1593 a
679 1540 1071 1595 consolatione
1119 1541 1401 1596 vulnerati
1458 1543 1648 1597 fratris
1694 1560 1752 1599 se
1859 1543 1944 1595 75.
1975 1540 2133 1603 Quod
2192 1542 2485 1610 conjugati
2538 1542 2597 1595 in
2650 1542 3094 1612 quadragesima
3123 1544 3408 1598 abstinere
3467 1544 3572 1599 de-

122 1628 451 1683 subtrahere
483 1629 707 1684 debeat.

64 1718 140 1769 46.
172 1719 247 1770 Da
273 1717 478 1771 eadem
508 1732 593 1771 ra.

62 1806 137 1858 47.
166 1807 241 1861 De
271 1806 476 1860 eadem
507 1821 590 1860 re.

62 1895 136 1948 48.
171 1896 243 1948 Da
272 1895 479 1949 eadem
513 1910 593 1949 ra.

62 1984 138 2037 49.
186 1985 310 2037 Post
360 1983 766 2053 pauitantiam
812 1983 1105 2038 neminem
1154 1984 1225 2039 ad
1281 1986 1612 2041 clericatum
1659 1987 1750 2041 ad-

128 2072 468 2127 mittendum
481 2112 493 2125 .

65 2160 138 2211 50.
169 2160 444 2215 Gravibus
503 2160 844 2214 criminibus
901 2159 1209 2231 implicitos
1267 2161 1337 2214 ad
1398 2162 1613 2216 clerum
1656 2163 1749 2217 ad-

123 2248 335 2315 missos,
395 2249 626 2318 magnis
680 2249 833 2303 vitiis
908 2250 1199 2304 involutos
1271 2251 1475 2305 clerico
1559 2251 1747 2307 ofﬁcio

122 2352 227 2390 non
249 2342 460 2404 motos,
490 2337 772 2407 comperit
796 2337 1067 2393 Gelasius.

64 2425 136 2477 5t.
168 2425 240 2478 De
268 2426 380 2478 illis
411 2426 517 2497 qui
546 2426 669 2479 loca
725 2431 1053 2480 sanctorum
1111 2427 1215 2481 sub
1272 2431 1549 2498 praetextu
1617 2428 1746 2483 reli—

120 2511 292 2580 gionis
320 2513 650 2567 inconsulte
678 2518 1007 2583 peragrant.

66 2600 137 2651 5'2.
166 2601 235 2654 Da
264 2602 423 2655 omni
460 2607 777 2671 peccatore,
812 2602 1035 2672 quoties
1063 2602 1350 2669 ceciderit,
1397 2603 1547 2675 quod
1577 2604 1744 2657 toties

124 2703 406 2760 resurgere
444 2689 666 2745 debeat.

68 2778 137 2829 53.
168 2778 233 2832 Ut
283 2780 509 2849 justum
580 2780 652 2833 sit
712 2779 873 2833 omni
930 2780 1155 2834 homini
1222 2781 1380 2852 quod
1433 2797 1492 2836 se
1541 2797 1741 2852 repre-

124 2866 339 2921 haudat.

68 2950 136 3004 54.
169 2952 233 3005 Ut
279 2954 474 3007 nullus
507 2953 743 3007 fratrem
785 2952 1147 3016 condemnet,
1204 2958 1514 3025 antequam
1593 2957 1741 3009 Deus

127 3039 277 3094 illum
302 3040 598 3111 dijudicet.

1931 1629 2104 1682 beant
2128 1630 2195 1681 ab
2228 1630 2519 1682 uxoribus.

1862 1720 1948 1771 76.
1978 1718 2054 1771 De
2109 1718 2220 1770 illis
2279 1718 2379 1788 qui
2444 1719 2502 1771 in
2562 1719 3015 1790 quadragesima
3067 1719 3265 1775 diebus
3339 1738 3571 1777 carnem

1934 1806 2276 1859 manducare
2328 1810 2705 1876 praesumunt.

1863 1898 1950 1948 77.
1987 1894 2064 1947 Da
2086 1895 2260 1949 fratre
2286 1911 2401 1948 non
2450 1901 2721 1966 peccante
2751 1896 2822 1950 ad
2872 1900 3139 1960 mortem,
3201 1899 3355 1953 atad
3417 1915 3569 1953 mor-

1930 1985 2067 2034 tam.

1861 2069 1949 2122 78.
1981 2068 2143 2132 Quod
2193 2068 2425 2123 difﬁcile
2467 2070 2541 2123 sit
2593 2070 2849 2141 graviter
2878 2072 3134 2142 peccanti
3192 2073 3297 2127 sub
3363 2074 3568 2143 gradu,

1929 2172 2161 2210 manere
2186 2156 2246 2209 iu
2266 2158 2469 2227 gradu.

1860 2247 1948 2298 79.
1981 2244 2059 2297 De
2087 2244 2285 2298 eadem
2316 2261 2394 2298 re.

1857 2333 1945 2386 80.
1984 2333 2060 2386 De
2091 2333 2294 2387 eadem
2321 2349 2402 2388 re.

1856 2423 1943 2475 81.
1980 2422 2058 2475 De
2092 2422 2292 2476 eadem
2320 2438 2397 2475 re.

1855 2513 1943 2565 82.
1978 2510 2139 2575 Quod
2173 2517 2302 2581 post
2331 2518 2551 2582 septem
2605 2528 2788 2567 annos
2846 2512 3219 2583 pauitantem
3302 2515 3565 2569 sacerdo-

1924 2604 2041 2655 tem
2093 2616 2333 2654 censura
2364 2616 2653 2654 canonum
2708 2602 2768 2654 in
2816 2602 3122 2671 pristinum
3202 2606 3411 2658 statum
3472 2620 3566 2658 re-

1926 2704 2116 2741 meare
2148 2689 2465 2759 praecipiat.

1854 2776 1940 2829 83.
1978 2775 2055 2828 De
2089 2776 2287 2845 populi
2318 2778 2636 2831 necessario
2683 2778 2837 2848 quod
2891 2778 3141 2832 inultum
3189 2780 3367 2833 soleat
3413 2796 3564 2851 pra-

1922 2863 2114 2916 tarire.

1849 2953 1935 3005 84.
1972 2952 2048 3005 De
2081 2952 2191 3005 illis
2223 2953 2324 3023 qui
2392 2954 2641 3007 scabiem
2683 2956 2781 3007 aut
2826 2955 3165 3009 vermiculos
3228 2962 3562 3023 comedunt,

1922 3040 2010 3093 vel
2032 3040 2261 3094 urinam
2287 3042 2511 3095 bibunt.

72 3128 139 3178 55.
174 3127 328 3191 Quod
369 3131 532 3199 justa
587 3129 915 3183 obedientia
952 3131 1125 3201 justis
1166 3130 1502 3185 muneribus
1547 3147 1737 3185 ramu-
1774 3134 1814 3190 C
1852 3130 1938 3183 85.
1972 3128 2051 3182 De
2108 3128 2219 3181 illis
2278 3129 2377 3199 qui
2431 3130 2704 3183 animalia
2760 3147 2792 3183 a
2849 3130 3045 3185 bestiis
3105 3131 3414 3186 dilacerata
3478 3134 3565 3187 vel

130 3224 366 3272 neretur.

70 3304 123 3352 56
167 3305 237 3359 De
262 3305 372 3358 illis
419 3305 520 3376 qui
553 3321 622 3359 ex
670 3306 951 3360 industria
994 3310 1249 3377 peccant,
1290 3311 1346 3361 at
1391 3308 1742 3378 promittunt

127 3391 224 3445 sibi
244 3394 555 3462 quamdam
598 3393 1003 3463 impunitatem
1042 3395 1335 3465 peccandi,
1365 3401 1598 3466 propter
1622 3397 1739 3450 lar-

127 3480 385 3548 gitionem
425 3483 945 3552 elaemosynarum.

74 3569 141 3618 57.
180 3568 251 3621 De
306 3569 394 3623 his
450 3570 553 3640 qui
636 3576 864 3639 peracta
923 3570 1262 3639 pauitantia
1343 3571 1413 3625 ad
1497 3571 1742 3641 pristina

130 3657 353 3713 redeunt
376 3659 696 3712 volutabra.

75 3745 144 3797 58.
178 3745 245 3798 De
294 3746 608 3816 pauitante
660 3746 896 3812 femina,
952 3746 998 3800 si
1065 3746 1330 3802 defuncto
1392 3748 1533 3806 viro.

131 3834 328 3888 nubere
359 3835 815 3905 prasumpserit.

76 3920 145 3971 5'9.
173 3920 323 3984 Quod
356 3924 414 3977 iu
446 3924 636 3977 danda
666 3922 1025 3994 pauitantia,
1060 3924 1219 3977 nulla
1259 3925 1330 3978 sit
1368 3940 1743 3994 personarum

134 4012 382 4080 acceptio.

78 4096 147 4147 60.
178 4098 244 4151 De
274 4100 382 4153 illis
408 4102 509 4172 qui
535 4104 766 4169 peccata
804 4117 907 4154 sua
937 4100 1059 4154 sine
1091 4101 1380 4172 condigna
1408 4101 1747 4171 pauitantia

133 4184 225 4239 sibi
248 4189 485 4243 relaxari
513 4189 809 4243 falluntur.

80 4270 328 4337 6l.Quod
405 4277 603 4331 tandiu
650 4277 906 4331 laborare
968 4278 1214 4348 quisque
1267 4277 1493 4346 debeat,
1562 4279 1745 4333 donec

107 4362 359 4425 possideat
387 4364 696 4420 Christum.

80 4447 151 4498 62.
183 4449 241 4502 Ut
316 4454 505 4506 nullus
590 4454 888 4525 episcopus
963 4470 1062 4507 seu
1135 4454 1435 4525 presbyter
1510 4455 1748 4510 alterius

132 4539 480 4603 pauitantem
510 4542 632 4596 sine
664 4542 869 4595 litteris
898 4542 986 4595 sui
1013 4542 1269 4613 episcopi
1309 4542 1599 4613 suscipiat.

82 4622 149 4675 63,
182 4626 243 4679 Ut
293 4632 659 4698 pauitantem
688 4632 1007 4686 secundum
1059 4648 1325 4697 canones,
1375 4632 1485 4685 nisi
1515 4637 1747 4703 peracta

137 4716 449 4778 pauitantia
479 4720 906 4774 communicare
938 4736 1053 4773 non
1083 4720 1349 4773 debeant.

82 4797 153 4849 64.
182 4800 325 4864 Quod
354 4822 456 4875 pro
486 4807 715 4863 ethnico
751 4814 809 4862 et
854 4807 1159 4878 publicano
1214 4808 1510 4862 habendus
1539 4808 1611 4863 sit
1647 4808 1748 4880 qui

141 4902 229 4954 pro
258 4900 480 4960 peccato
510 4897 813 4951 commisso
844 4898 1126 4967 panitera
1160 4896 1428 4951 noluerit.

84 4971 154 5024 65.
178 4976 321 5039 Quod
351 4983 575 5038 alicitis
622 5001 681 5038 sa
718 4985 1007 5040 abstinere
1059 4985 1263 5039 debeat
1312 4984 1412 5055 qui
1463 4984 1660 5038 illicita
1687 5001 1745 5039 se

142 5068 462 5124 commisisse
494 5070 843 5127 meminerit.

86 5146 155 5198 66.
188 5150 245 5203 Ut
270 5157 452 5210 nullus
480 5164 609 5227 post
648 5159 1004 5230 pauitantia
1042 5160 1329 5215 actionem
1376 5161 1446 5215 ad
1478 5160 1743 5215 militiam

145 5242 444 5299 sacularem
476 5247 661 5301 redire
684 5248 907 5303 debeat.

90 5325 159 5374 67.
193 5326 262 5380 De
283 5331 386 5385 illis
412 5336 506 5404 qui
538 5336 737 5390 relicto
785 5336 1088 5408 religionis
1118 5337 1415 5408 proposito
1447 5337 1515 5391 ad
1566 5354 1742 5393 sacu-

149 5410 249 5466 lum
279 5420 525 5477 redeunt.

93 5496 162 5549 68.
190 5500 334 5564 Quod
388 5513 576 5567 nullus
633 5513 936 5584 religiosus
992 5518 1049 5568 et
1105 5518 1334 5568 sanctus
1366 5520 1556 5568 careat
1614 5532 1743 5584 pac-

150 5593 272 5645 cato.

97 5671 164 5725 69-
203 5676 261 5732 Ut
312 5687 646 5753 pauitantes
673 5706 706 5744 a
743 5690 1019 5745 conviviis
1071 5694 1128 5745 et
1186 5690 1536 5745 ornamentis
1577 5691 1748 5746 absti-

155 5775 271 5818 nere
291 5785 343 5823 se
372 5772 631 5831 debeant.

1619 3748 1743 3801 aliis

1922 3216 2140 3287 laqueis
2172 3218 2528 3287 strangulata
2552 3218 2884 3272 comedunt.

1849 3307 1938 3358 86.
1978 3306 2053 3359 De
2088 3306 2311 3374 apibus,
2349 3307 2395 3359 si
2429 3306 2728 3360 hominem
2762 3306 3088 3362 occiderint.

1850 3395 1936 3447 87.
1972 3394 2049 3446 Da
2107 3394 2293 3463 porcis
2346 3400 2403 3447 et
2460 3395 2723 3465 gallinis,
2779 3395 2825 3448 si
2909 3396 3251 3466 sanguinem
3315 3398 3566 3452 hominis

1922 3482 2293 3537 comederint.

1852 3572 1939 3624 88.
1976 3571 2054 3624 De
2084 3570 2197 3623 illis
2235 3571 2336 3641 qui
2378 3587 2607 3624 carnem
2642 3571 3003 3625 immundam
3045 3572 3131 3627 vel
3198 3572 3564 3627 morticinam

1923 3657 2252 3711 comedunt.

1854 3748 1941 3801 89.
1975 3747 2053 3800 De
2083 3746 2197 3799 illis
2229 3746 2327 3816 qui
2359 3746 2553 3800 cibum
2585 3747 2884 3800 immunda
2916 3763 3092 3801 manu
3122 3752 3335 3802 tactum
3374 3764 3564 3803 coma-

1926 3835 2152 3901 derunt,
2187 3835 2273 3887 vel
2296 3835 2340 3887 si
2360 3836 2514 3888 canis
2537 3840 2634 3888 aut
2663 3836 2900 3906 aliquod
2922 3835 3134 3890 animal
3196 3835 3563 3891 immundum

1925 3922 2116 3977 cibum
2145 3923 2414 3993 tetigerit.

1856 4013 1945 4065 90.
1980 4012 2058 4065 De
2090 4012 2204 4065 illis
2236 4011 2336 4083 qui
2386 4012 2666 4083 sanguine
2697 4014 2782 4065 vel
2849 4013 3038 4084 aliquo
3086 4014 3384 4069 immundo
3445 4016 3568 4085 pol-

1928 4100 2187 4155 luuntur.

1860 4190 1946 4241 9t.
1985 4189 2063 4242 De
2096 4188 2210 4242 illis
2240 4188 2340 4259 qui
2372 4189 2712 4259 sanguinem
2747 4195 2842 4244 aut
2875 4206 3073 4245 semen
3106 4191 3375 4247 biberint.

1861 4279 1948 4330 92.
1985 4277 2063 4330 Da
2091 4276 2340 4347 piscibus
2375 4278 2616 4331 mortuis
2636 4278 2699 4332 in
2731 4278 2971 4333 ﬂumine
3004 4278 3275 4334 inventis.

1862 4367 1949 4419 93.
1988 4365 2062 4418 De
2094 4364 2333 4429 clericis,
2366 4366 2413 4418 si
2444 4380 2477 4418 a
2505 4365 2790 4419 damouio
2814 4372 3113 4419 vexantur.

1863 4454 1949 4506 94.
1991 4453 2069 4506 De
2097 4452 2211 4506 illis
2232 4451 2329 4523 qui
2367 4460 2672 4521 parentum
2707 4453 2987 4507 honorem
3018 4470 3136 4508 non
3165 4459 3410 4510 servant.

1859 4542 1947 4593 95.
1980 4541 2143 4604 Quod
2191 4540 2496 4610 pauitanti
2560 4542 2716 4594 nulla
2763 4542 2995 4612 negotia
3045 4557 3308 4596 exercere
3354 4558 3565 4598 conve-

1927 4627 2069 4683 niat.

1860 4719 1946 4771 96.
1980 4717 2049 4771 Ut
2108 4716 2431 4769 sacerdotes
2487 4715 2631 4770 nulli
2678 4716 3078 4786 pauitantiam
3136 4717 3445 4789 iujungaut
3496 4735 3562 4773 ex

1928 4804 2119 4869 corda,
2144 4804 2243 4857 sed
2274 4820 2339 4857 ex
2371 4805 2721 4858 auctoritate.

1857 4896 1944 4948 97.
1972 4894 2042 4949 Ut
2074 4893 2470 4963 unusquisque
2516 4893 2815 4964 presbyter
2846 4898 2973 4948 octo
3022 4894 3362 4966 principalia
3430 4896 3565 4952 vitia

1928 4997 2031 5051 per
2058 4980 2319 5034 ordinem
2344 4981 2498 5034 sciat.

1860 5072 1948 5125 98.
1985 5070 2053 5124 Ut
2084 5069 2405 5123 sacerdotes
2436 5069 2741 5139 diligenter
2793 5070 3123 5126 examinant
3166 5072 3564 5129 conﬁtentium

1928 5164 2176 5226 peccata.

1857 5249 1944 5300 99.
1981 5247 2052 5300 Ut
2108 5244 2322 5315 singuli
2380 5246 2699 5317 presbyteri
2730 5248 2980 5317 capitula
3015 5248 3414 5302 aucloritativa
3460 5250 3561 5303 ha-

1926 5334 2099 5388 beant
2128 5334 2199 5389 ad
2231 5335 2681 5389 succurrendum
2730 5336 3160 5405 pauitantibus.

1862 5424 1981 5477 100.
2018 5424 2094 5477 De
2122 5423 2469 5493 presbyteris
2510 5423 2609 5493 qui
2643 5425 2839 5494 culpas
2888 5424 3246 5495 peccantium
3302 5426 3562 5493 reticent,

1928 5512 2011 5564 vel
2055 5512 2246 5564 minus
2299 5510 2472 5581 digne
2517 5512 2860 5581 pauitantas
2911 5512 2983 5565 ad
3039 5513 3563 5570 reconciliationem

1927 5598 2238 5653 adducunt.

1862 5689 1981 5742 101.
2041 5687 2118 5741 De
2161 5686 2273 5740 illis
2342 5685 2442 5755 qui
2501 5686 2893 5741 truncationes
2963 5688 3358 5745 membrorum
3416 5690 3563 5746 face-

1933 5774 2069 5830 rint.
