3944 6406
30 453 109 505 349
853 450 1335 511 DECRETORUM
1378 453 1561 510 LIBRI
1602 456 1705 511 XX.
1752 486 1821 495 —
1860 456 2071 511 LIBER
2109 454 2425 513 DECIMUS
2462 459 2705 515 NONUS.

3439 467 3541 519 950

1463 630 3539 657 Ἦ

1354 759 2200 866 BURCHABDI

1138 964 1674 1020 WORMACIENSIS
1714 966 2061 1021 ECCLESI/E
2101 966 2409 1022 EPISCOPI

187 1168 1275 1312 DECRETORUM
1412 1169 1881 1310 LIBER
2005 1171 2697 1315 DECIMUS
2817 1173 3353 1318 NONUS

1417 1419 1517 1484 DE
1566 1416 2122 1485 POENITENTIA.
2174 1412 2178 1416 ’

496 1795 989 1853 ARGUMENTUM
1028 1797 1235 1853 LIBRI.

82 1885 242 1940 Liber
298 1884 396 1939 hic
462 1884 764 1940 Corrector
822 1890 1059 1940 vocatur
1130 1890 1186 1941 et
1249 1887 1515 1954 Medicus,
1577 1887 1712 1958 quia

29 1974 393 2028 :orrectiones
424 1989 735 2043 corporum
768 1979 825 2028 et
859 1974 1181 2029 animarum
1207 1976 1523 2030 medicinas
1544 1977 1712 2047 plene

30 2058 278 2122 :ontinet,
314 2061 374 2111 et
408 2058 572 2111 docet
618 2073 1092 2128 unumquemque
1120 2059 1494 2128 sacerdotem,
1536 2060 1711 2114 etiam

29 2145 345 2214 simplicem,
414 2145 705 2211 quomodo
765 2145 1076 2216 unicuique
1107 2162 1437 2203 succurrere
1506 2149 1709 2213 valeat,

30 2232 266 2287 ordinato
307 2232 556 2287 vel-sine
588 2233 812 2301 ordine,
844 2235 1109 2304 pauperi,
1138 2235 1323 2303 diviti,
1365 2251 1567 2306 puero,
1607 2237 1711 2307 ju—

29 2321 155 2387 veni,
186 2321 331 2389 seni,
377 2320 695 2390 decrepito,
745 2338 905 2391 sano,
961 2322 1212 2389 inﬁrmo,
1255 2324 1313 2378 in
1356 2325 1515 2379 omni
1544 2329 1711 2379 astate

29 2414 69 2461 et
92 2408 148 2462 in
177 2415 435 2482 utroque
469 2426 627 2464 sexu.

29 2514 133 2569 Car.
170 2532 404 2572 parum.
434 2547 505 2556 -—
540 2516 655 2581 Quo
699 2521 934 2586 tempore
972 2518 1287 2587 presbyteri
1326 2519 1585 2587 plebium,
1617 2535 1708 2574 ca-

84 2591 265 2641 nonica
296 2590 651 2652 auctoritate,
683 2588 1057 2643 discordantes
1084 2590 1158 2641 ad
1196 2604 1401 2656 pacem,
1432 2592 1483 2643 et
1537 2590 1709 2644 delin-

85 2664 292 2725 quentes
312 2658 395 2712 ad
417 2660 802 2728 paenitentiam
826 2660 1138 2728 compellere
1168 2660 1416 2715 debeant.

85 2763 190 2831 (Ea:
232 2766 612 2820 Pwnitentiali
638 2764 919 2834 Romano.)
954 2765 1318 2819 Hebdomada
1366 2765 1546 2835 priori
1577 2771 1709 2820 ante

30 2852 231 2906 initium
278 2853 775 2922 Quadragesimae,
834 2854 1155 2924 presbyteri
1202 2854 1459 2924 plebium
1496 2870 1706 2908 convo-

30 2946 133 2994 cent
159 2942 225 2995 ad
258 2958 317 2996 se
346 2942 658 3012 populum,
689 2947 744 2996 et
770 2942 1161 2997 discordantes
1191 2944 1463 2997 canonica
1514 2948 1706 2997 aucto-

32 3028 172 3084 ritate
218 3030 618 3098 reconcilient,
648 3036 707 3084 et
753 3032 949 3086 omnia
992 3032 1185 3102 jurgia
1226 3033 1444 3099 sedent,
1492 3037 1546 3087 et
1572 3037 1707 3086 tunc

31 3119 254 3185 primum
284 3120 701 3174 conﬁtentibus
717 3121 1113 3190 pcenitentiam
1135 3121 1302 3187 dent;
1327 3122 1406 3175 ita
1427 3126 1509 3188 ut,
1539 3127 1706 3176 ante—

34 3222 177 3275 quam
207 3214 379 3279 caput
406 3209 617 3280 jejunii
647 3210 856 3275 veniat,
902 3226 1103 3264 omnes
1131 3210 1372 3265 confessi
1418 3211 1703 3281 poeniten-

33 3294 145 3349 tiam
187 3294 484 3367 acceptam
516 3296 782 3363 habeant,
825 3302 885 3351 ut
914 3298 1146 3352 liberius
1202 3299 1389 3353 dicere
1438 3299 1703 3369 possint:

34 3382 236 3440 Dimitte
266 3386 440 3441 nobis
470 3385 662 3440 debita
691 3392 909 3453 nostra,
960 3385 1105 3441 sicut
1144 3392 1199 3441 et
1223 3404 1328 3441 nos
1361 3387 1707 3442 dimittimus

33 3470 359 3528 debitoribus
385 3473 620 3528 nostris.

35 3577 138 3631 CAP.
202 3581 267 3634 ΙΙ.
324 3611 397 3623 -
462 3581 736 3646 Quomodo
805 3581 1106 3636 sacerdotes
1155 3583 1359 3651 plebem
1414 3583 1523 3636 sibi
1566 3598 1706 3637 com-

88 3654 301 3778 Ziigsam‘
329 3658 569 3723 tempore
612 3653 970 3721 paenitudinis
1011 3653 1298 3708 admonere
1343 3659 1394 3706 et
1441 3656 1709 3709 instruere

125 3736 148 3773 e
182 3738 275 3776 ean
309 3764 321 3775 .

125 3736 321 3776 εοεαηε.

93 3828 197 3893 (Ea:
239 3830 398 3885 dictis
443 3828 731 3900 Augusti.)
782 3830 1103 3901 Presbyteri
1150 3830 1462 3884 admonere
1500 3831 1710 3885 debent

36 3914 235 3981 plebem
264 3918 370 3972 sibi
399 3917 736 3987 subjectam.
791 3923 857 3971 ut
907 3919 1097 3972 omnis
1139 3919 1240 3989 qui
1271 3934 1330 3973 se
1359 3920 1532 3973 sentit
1562 3935 1709 3973 mor-

36 4002 179 4057 tifero
207 4007 421 4075 peccati
461 4006 695 4086 vulnere
744 4006 1085 4075 sauciatum,
1135 4006 1279 4062 feria
1332 4013 1535 4078 quarta
1574 4014 1707 4063 ante

39 4088 525 4165 Quadragesimam
554 4110 685 4148 cum
717 4095 878 4147 omni
935 4095 1299 4149 festinatione
1347 4100 1605 4150 recurrat
1637 4097 1708 4151 ad

40 4179 432 4237 viviﬁcatricem
503 4189 745 4237 matrem
795 4183 1126 4251 Ecclesiam,
1178 4184 1299 4251 ubi,
1358 4184 1515 4254 quod
1560 4186 1709 4239 male

40 4270 313 4340 commisit,
363 4288 497 4325 cum
549 4272 711 4325 omni
759 4272 1082 4326 humilitate
1129 4278 1185 4326 et
1215 4272 1553 4326 contritione
1585 4289 1707 4326 cor-

44 4354 113 4406 dis
159 4360 488 4431 simpliciter
535 4361 845 4428 confessus,
896 4361 1167 4431 suscipiat
1229 4361 1483 4415 remedia
1525 4362 1708 4432 paeni-
1740 4355 1782 4409 Ο

42 4446 204 4500 tentias
256 4450 571 4503 secundum
631 4450 867 4504 modum
922 4450 1211 4503 canonicis
1271 4450 1710 4505 auctoritatibus

43 4535 331 4599 pmﬁxum.
363 4540 491 4593 Non
523 4539 711 4593 solum
747 4543 938 4593 autem
968 4538 1066 4593 ille
1089 4538 1187 4609 qui
1220 4539 1459 4592 mortale
1492 4538 1709 4609 aliquid

45 4625 318 4691 commisit,
350 4628 446 4682 sed
496 4627 668 4681 etiam
710 4629 897 4681 omnis
935 4629 1108 4681 homo
1146 4627 1478 4698 quicunque
1528 4643 1586 4681 se
1616 4642 1707 4682 re-

45 4715 303 4779 cognoscit
349 4716 778 4770 immaculatam
839 4715 1048 4771 Christi
1104 4716 1379 4783 tunicam,
1429 4732 1602 4785 quam
1650 4716 1711 4770 in

46 4795 299 4867 baptismo
339 4804 581 4875 accepit,
628 4805 844 4875 peccati
889 4806 1113 4859 macula
1152 4804 1449 4874 polluisse,
1483 4804 1553 4858 ad
1584 4820 1711 4874 pro-

47 4886 209 4952 prium
246 4894 594 4947 sacerdotem
652 4893 886 4948 festinet
931 4893 1146 4960 venire,
1187 4897 1243 4946 et
1279 4909 1410 4947 cum
1462 4893 1712 4963 puritate

46 4976 222 5029 mentis
250 4995 444 5034 omnes
497 4981 1000 5050 transgressiones,
1035 4980 1228 5034 omnia
1267 4984 1519 5050 peccata,
1577 4981 1713 5050 qui—

46 5057 136 5112 bus
166 5064 253 5119 Dei
289 5068 563 5123 offensam
613 5084 671 5122 se
719 5070 1026 5123 incurrisse
1078 5068 1363 5135 meminit,
1414 5067 1714 5123 humiliter

49 5151 348 5209 conﬁteatur
378 5174 391 5211 :
427 5162 485 5211 et
516 5157 796 5228 quidquid
830 5158 883 5211 ei
914 5173 947 5210 a
1003 5158 1296 5211 sacerdote
1322 5156 1498 5211 fuerit
1519 5156 1712 5228 injun-

49 5241 192 5303 ctum,
220 5258 279 5296 ac
306 5245 352 5298 si
379 5247 450 5301 ab
483 5247 606 5309 ipso
659 5246 1073 5318 omnipotentis
1120 5246 1221 5300 Dei
1263 5261 1361 5301 ore
1401 5251 1548 5300 esset
1584 5262 1714 5317 pro-

53 5321 223 5394 latum,
284 5332 359 5387 ita
411 5335 720 5406 diligenter
787 5335 1069 5402 intendat,
1130 5340 1188 5389 et
1232 5334 1560 5390 cautissime
1606 5336 1710 5390 ob-

55 5424 224 5471 servet.

113 5502 349 5580 Episcopi
386 5513 475 5567 vel
509 5512 847 5583 presbyteri,
869 5513 1103 5584 quando
1137 5512 1396 5567 ﬁdelium
1430 5513 1716 5584 recipiunt

1742 1802 1789 1854 Α
1826 1797 1994 1867 lictis,
2044 1800 2144 1853 sed
2191 1800 2366 1854 etiam
2415 1818 2521 1871 pro
2584 1802 2775 1857 fratris
2824 1818 2977 1858 casu.
3026 1804 3121 1858 Ait
3178 1803 3329 1858 enim
3374 1806 3528 1875 Apo-

1824 1889 2001 1942 stolus
2030 1905 2043 1943 :
2071 1908 2099 1940 ί(
2131 1888 2267 1953 Quis
2289 1890 2639 1958 inﬁrmatur,
2673 1896 2728 1945 et
2749 1907 2854 1962 ego
2874 1908 2992 1945 non
3016 1892 3361 1947 inﬁrmor?»
3381 1894 3522 1948 Cum

1824 1992 1962 2047 ergo
1996 1979 2213 2032 venerit
2242 1979 2450 2049 aliquis
2498 1980 2566 2033 ad
2611 1981 2965 2034 sacerdotem
2994 1981 3255 2036 conﬁteri
3288 1988 3523 2053 peccata

1823 2082 1946 2132 sua,
1981 2067 2216 2121 mandet
2245 2067 2298 2120 ei
2333 2068 2593 2121 sacerdos
2626 2074 2688 2122 ut
2741 2074 3027 2140 exspectet
3072 2070 3359 2124 modicum
3414 2071 3513 2124 do-

1820 2171 1926 2210 nec
1973 2156 2150 2211 intret
2201 2156 2527 2225 Ecclesiam,
2601 2162 2699 2211 aut
2755 2157 2815 2211 in
2870 2158 3195 2213 cubiculum
3232 2175 3398 2213 suum
3447 2160 3520 2213 ad

1832 2244 2173 2299 orationem.
2209 2244 2267 2299 Si
2298 2250 2490 2298 autem
2520 2245 2679 2299 locus
2719 2262 2838 2300 non
2882 2251 2966 2299 est
2991 2252 3159 2318 aptus
3188 2248 3256 2301 ad
3288 2249 3418 2310 hoc,
3454 2247 3513 2301 in

1823 2333 1991 2388 corde
2020 2349 2121 2387 suo
2155 2333 2305 2388 dicat
2329 2333 2475 2387 hanc
2501 2333 2844 2389 orationem.

1823 2440 1951 2494 CAP.
1978 2440 2074 2495 III.
2108 2470 2176 2479 -—-
2209 2440 2396 2496 Oratio
2433 2440 2729 2494 sacerdotis
2777 2440 3012 2495 dicenda
3050 2442 3125 2495 ad
3147 2443 3526 2511 penitentiam

2496 2511 2852 2566 venientibus.

1893 2615 2151 2684 Domine,
2187 2617 2335 2671 Deus
2364 2617 2749 2687 omnipotens,
2783 2618 3068 2689 propitius
3089 2622 3207 2673 esto
3226 2618 3524 2690 mihipec-

1820 2706 2018 2772 catori,
2070 2711 2135 2759 ut
2185 2705 2467 2777 condigne
2507 2706 2610 2759 tibi
2655 2706 2868 2776 possim
2922 2708 3135 2775 gratias
3185 2723 3376 2778 agere,
3421 2709 3522 2778 qui

1818 2811 1910 2849 me
1970 2795 2272 2865 indignum
2331 2800 2566 2865 propter
2613 2798 2769 2848 tuam
2839 2795 3290 2849 misericordiam
3350 2795 3519 2849 mini-

1817 2888 1999 2937 strum
2023 2884 2207 2937 fecisti
2235 2883 2406 2937 ofﬁcii
2455 2884 2841 2945 sacerdotalis,
2873 2888 2931 2937 et
2970 2899 3062 2937 me
3104 2883 3376 2954 exiguum
3410 2884 3519 2937 hu-

1818 2974 2132 3044 milemque
2179 2971 2551 3027 mediatorem
2596 2971 2940 3025 constituisti
2988 2972 3057 3026 ad
3105 2972 3410 3038 orandum,
3467 2976 3521 3025 et

1738 3075 1779 3129 B
1819 3062 1887 3117 ad
1955 3060 2425 3115 intercedendum
2481 3061 2549 3115 ad
2619 3059 2923 3114 Dominum
3000 3064 3260 3113 nostrum
3325 3060 3520 3114 Jesum

1819 3150 2105 3205 Christum
2155 3149 2361 3203 Filium
2398 3154 2566 3203 tuum
2595 3165 2700 3219 pro
2742 3148 3006 3219 peccatis,
3045 3154 3101 3202 et
3130 3149 3200 3202 ad
3233 3148 3519 3220 paeniten-

1816 3239 1956 3293 tiam
1990 3237 2425 3310 revertentibus.
2462 3238 2732 3308 Ideoque,
2763 3237 3089 3291 dominator
3124 3237 3386 3299 Domine,
3421 3237 3522 3308 qui

1817 3343 2018 3381 omnes
2068 3326 2335 3380 homines
2366 3326 2449 3380 vis
2502 3327 2688 3380 salvos
2744 3325 2890 3391 ﬁeri,
2947 3331 3004 3380 et
3051 3326 3120 3380 ad
3165 3326 3520 3397 agnitionem

1816 3415 2073 3469 veritatis
2116 3414 2331 3480 venire,
2385 3414 2485 3484 qui
2536 3430 2651 3467 non
2700 3412 2783 3466 vis
2832 3418 3077 3467 mortem
3126 3417 3517 3483 peccatorum,

1802 3504 1915 3558 “sed
1968 3506 2033 3556 ut
2089 3507 2496 3556 convertantur
2553 3506 2607 3555 et
2662 3501 2874 3568 vivant,
2926 3500 3149 3570 suscipe
3196 3500 3520 3555 orationem

1816 3608 2025 3657 meam,
2051 3606 2226 3661 quam
2255 3590 2433 3644 fundo
2466 3594 2597 3643 ante
2622 3593 2991 3658 conspectum
3022 3588 3341 3642 clementiae
3372 3594 3507 3654 tuae,

1816 3696 1921 3750 pro
1966 3679 2195 3733 famulis
2237 3682 2293 3731 et
2332 3677 2660 3731 famulabus
2708 3676 2820 3730 tuis
2859 3677 2960 3747 qui
3009 3677 3077 3730 ad
3114 3676 3517 3746 paenitentiam

1816 3772 2117 3832 venerunt,
2154 3770 2216 3820 ut
2246 3765 2315 3819 de
2348 3765 2461 3820 illis
2492 3765 2761 3834 spiritum
2812 3764 3292 3834 compunctionis,
3334 3769 3399 3817 ut
3426 3780 3516 3818 re-

1817 3855 2086 3926 sipiscant
2126 3872 2157 3907 a
2207 3853 2421 3907 diaboli
2462 3852 2702 3924 laqueis,
2736 3869 2769 3906 a
2807 3853 3014 3923 quibus
3054 3852 3267 3906 astricti
3318 3856 3517 3906 tenen-

1816 3950 1931 4010 tur,
1961 3949 2018 3997 et
2038 3943 2110 3997 ad
2138 3948 2195 3996 te
2224 3958 2327 4013 per
2355 3942 2701 4012 condignam
2755 3942 3198 3996 satisfactionem
3233 3945 3519 3995 revertan-

1818 4038 1931 4087 tur.
1980 4034 2087 4086 Per
2128 4031 2395 4085 eumdem
2454 4031 2763 4085 Dominum
2814 4034 3077 4085 nostrum
3120 4031 3316 4084 Jesum
3355 4029 3517 4085 Chri-

1820 4126 1970 4174 stum
1992 4120 2178 4175 ﬁlium
2208 4124 2394 4185 tuum,
2428 4123 2535 4173 etc.

1822 4226 1949 4279 CAP.
1981 4224 2068 4279 IV.
2111 4254 2179 4264 —
2224 4224 2305 4278 De
2340 4226 2690 4290 confessione,
2738 4228 2789 4276 et
2838 4225 3180 4292 pamitentia,
3232 4227 3282 4276 et
3329 4236 3517 4275 recon-

1892 4296 2185 4362 ciliatione,
2237 4300 2285 4348 et
2334 4296 2759 4363 interrogatione
2798 4296 3017 4348 illorum
3047 4296 3145 4362 qui
3165 4297 3392 4363 peccata
3420 4307 3522 4346 sua

1890 4369 2132 4434 conﬁteri
2184 4365 2518 4431 desiderant,
2582 4369 2633 4419 et
2689 4364 2819 4418 ordo
2870 4365 2946 4418 ad
3002 4366 3381 4433 paenitentiam
3444 4365 3519 4416 eis

1891 4436 2152 4490 dandam.

1891 4543 2049 4595 Tunc
2090 4541 2353 4595 sacerdos
2401 4540 2611 4594 blande
2658 4539 2981 4610 leniterque
3031 4538 3348 4608 interroget
3386 4552 3517 4591 eum

1819 4629 2072 4701 primum
2104 4628 2175 4682 de
2205 4627 2317 4682 ﬁde
2347 4627 2594 4697 qualiter
2622 4625 2836 4691 credat,
2866 4629 2922 4677 et
2950 4624 3102 4679 dicat
3134 4640 3147 4677 :

1895 4721 1999 4781 (Ea:
2038 4716 2406 4772 Pamitentiali
2454 4713 2752 4783 Romano.)
2815 4712 3007 4767 Credis
3065 4711 3127 4765 in
3181 4713 3359 4767 Deum
3410 4713 3517 4766 Pa-

1820 4811 1988 4873 trem,
2051 4810 2104 4859 et
2159 4804 2391 4870 Filium,
2464 4808 2521 4857 et
2574 4801 2848 4873 Spiritum
2907 4801 3204 4856 sanctum?
3270 4801 3517 4869 Respon.

1822 4895 2024 4950 Credo.
2072 4893 2261 4949 Credis
2308 4891 2460 4962 quod
2526 4890 2646 4944 istae
2688 4894 2803 4943 tres
2868 4905 3128 4959 personae
3176 4905 3326 4943 unus
3373 4889 3522 4942 Deus

1821 4984 1929 5038 sit?
1958 4984 2202 5052 Respon.
2255 4980 2450 5035 Credo.
2488 4979 2680 5034 Credis
2731 4978 2887 5049 quod
2937 4978 2997 5031 in
3047 4978 3172 5048 ipsa
3214 4978 3321 5031 ista
3352 4993 3521 5031 carne

1820 5073 1881 5127 in
1908 5088 2021 5142 qua
2049 5087 2203 5124 nunc
2229 5085 2309 5133 es,
2343 5083 2641 5138 resurgere
2674 5068 2847 5121 habes
2880 5067 2937 5121 in
2970 5067 3062 5121 die
3091 5066 3313 5137 judicii,
3346 5072 3402 5119 et
3440 5082 3523 5119 re-

1820 5161 2008 5230 cipere
2038 5159 2154 5213 sive
2207 5159 2423 5213 bonum
2456 5157 2569 5211 sive
2602 5157 2819 5210 malum
2870 5157 3022 5227 quod
3074 5154 3337 5226 gessisti?
3383 5155 3520 5208 Res-

1821 5266 1954 5322 pon.
2012 5248 2212 5304 Credo.
2276 5248 2369 5300 Vis
2422 5246 2708 5301 dimittere
2763 5245 2876 5299 illis
2932 5250 3163 5315 peccata
3216 5243 3314 5313 qui
3358 5243 3419 5295 in
3465 5247 3521 5295 te

1821 5341 2221 5409 peccaverunt,
2268 5335 2508 5390 Domino
2558 5334 2828 5389 dicente:
2868 5352 2896 5384 α
2941 5333 3001 5388 Si
3046 5348 3161 5386 non
3187 5330 3523 5385 remiseritis

1823 5426 2153 5481 hominibus
2212 5430 2446 5495 peccata
2493 5439 2714 5488 eorum,
2761 5438 2865 5476 nec
2918 5422 3083 5475 Pater
3128 5429 3313 5473 vester
3361 5418 3522 5472 vobis

1826 5515 2078 5569 dimittet
2106 5519 2335 5585 peccata
2367 5510 2591 5567 vestra?
2626 5531 2648 5559 ι
2684 5512 2933 5579 Respon.
2972 5507 3131 5563 Volo.
3176 5508 3245 5561 Et
3292 5508 3523 5578 require

59 5592 418 5668 confessiones,
476 5601 789 5656 humiliare
835 5618 895 5656 se
926 5602 1157 5667 debent,
1199 5608 1258 5656 et
1294 5618 1425 5657 cum
1466 5602 1713 5658 tristitie
1742 5623 1786 5677 ι)
1827 5603 1988 5658 abeo
2029 5603 2337 5672 diligenter
2381 5600 2430 5654 si
2474 5604 2559 5654 est
2596 5600 2972 5661 incestuosus,
3025 5601 3126 5650 aut
3167 5611 3268 5650 suo
3315 5595 3527 5649 seniori

62 5681 647 5762 Semitulacrymisque
677 5706 862 5758 orare,
914 5707 1030 5747 non
1083 5692 1269 5746 solum
1314 5708 1421 5762 pro
1466 5692 1585 5745 suis
1617 5691 1715 5746 de-

1826 5691 2106 5757 inﬁdelis;
2157 5696 2215 5744 et
2264 5690 2310 5743 si
2370 5704 2488 5743 non
2533 5688 2654 5741 vult
2707 5686 2987 5741 incestum
3041 5684 3369 5765 dimittere,
3409 5699 3526 5739 non
