3944 6394
361 407 459 458 951

1451 375 1858 460 BURcriAaDI
1901 403 2432 460 \VORMACIENSIS
2472 404 2803 460 EPISCOPl.

3784 412 3862 460 95
3873 413 3905 460 2

368 528 530 594 potes
577 525 630 578 ei
690 524 826 578 dare
882 523 1282 594 pmnitentiam
1313 541 1326 577 :
1378 524 1425 577 si
1473 529 1662 579 autem
1713 525 1852 592 vult,
1884 528 2064 596 potes.
2098 528 2145 580 Α
2183 525 2671 596 quadragesimae,
2705 541 2811 596 per
2848 525 3138 596 legitimas
3169 526 3343 580 ferias
3373 527 3546 582 debes
3583 528 3895 598 jejunare.

363 613 462 668 His
517 611 850 683 praemissis,
907 611 1279 679 pceiiitentem
1341 611 1558 682 alloqui
1607 613 1908 668 affectuose
1967 613 2064 668 de-

363 700 460 755 bet
490 699 758 754 sacerdos
787 698 877 752 his
894 698 1081 752 verbis
1111 714 1124 752 :
1156 699 1372 767 Frater,
1403 698 1521 753 noli
1571 701 1906 754 erubescere
1933 715 2065 771 pec-

367 793 490 842 cata
511 793 611 841 tua
655 785 939 852 confiteri,
989 802 1122 840 nam
1145 793 1202 841 et
1246 803 1352 857 ego
1393 792 1655 858 peccator
1685 804 1833 855 sum,
1866 793 1922 843 et
1949 788 2064 843 for-

367 876 536 930 tassis
564 875 762 946 pejora
790 891 966 946 quam
1007 879 1070 928 tu
1127 875 1328 929 feceris
1375 876 1560 930 habeo
1609 875 1776 931 facta.
1823 877 1951 930 Haec
1978 877 2067 931 id-

367 965 517 1018 circo
557 963 862 1030 admoneo,
912 962 1047 1033 quia
1095 963 1372 1018 usitatum
1421 964 1662 1018 humani
1710 964 1940 1034 generis
1991 965 2071 1018 vi-

369 1053 519 1108 tium
551 1055 656 1118 est,
689 1055 754 1105 ut
782 1051 980 1104 beatus
1036 1052 1341 1122 Gregorius
1379 1052 1536 1118 dicit,
1577 1058 1634 1106 et
1659 1054 1903 1108 labendo
1934 1069 2066 1124 pec-

372 1147 562 1195 catum
620 1139 1001 1203 committere,
1045 1145 1101 1192 et
1150 1142 1524 1194 commissum
1579 1157 1697 1194 non
1744 1140 2070 1194 conﬁtendo

372 1228 642 1300 prodere,
691 1227 788 1281 sed
831 1226 1096 1297 negando
1143 1227 1474 1294 defendere,
1524 1233 1695 1299 atque
1744 1227 2070 1281 convictum

370 1316 730 1372 defendendo
780 1316 1187 1386 multiplicare.
1241 1317 1304 1370 Et
1337 1317 1436 1386 qui
1488 1317 1713 1370 diabolo
1765 1317 2072 1387 instigante

368 1406 620 1461 nefanda
667 1404 909 1458 crimina
967 1409 1300 1475 perpetrare
1367 1421 1486 1458 non
1542 1405 1877 1468 metuimus,
1951 1403 2073 1458 haec

372 1495 593 1561 eadem,
626 1509 755 1564 quas
802 1507 974 1562 Opere
1020 1493 1236 1563 absque
1287 1494 1402 1546 ulla
1448 1493 1793 1547 verecundia
1842 1492 2074 1562 perfeci-

372 1600 522 1648 mus,
577 1581 778 1635 eodem
847 1581 1125 1635 suadente
1199 1582 1402 1635 saltem
1445 1582 1632 1636 verbis
1686 1581 2074 1635 erubescimus

374 1672 655 1740 confiteri,
705 1679 760 1725 et
810 1687 1002 1725 coram
1050 1671 1283 1724 homine
1339 1670 1439 1742 qui
1486 1670 1692 1724 similis
1737 1670 1921 1724 nostri
1969 1676 2075 1739 est,

375 1761 710 1831 eisdemque
775 1759 1013 1813 fortasse
1089 1758 1454 1829 passionibus
1507 1759 1784 1828 subjacet,
1844 1758 2078 1811 confun-

376 1851 568 1906 dimur
596 1849 782 1904 dicere
814 1847 966 1919 quod
1014 1863 1199 1902 coram
1252 1849 1387 1909 Deo,
1423 1846 1523 1917 qui
1572 1846 1767 1900 omnia
1827 1846 2076 1918 inspicit,

377 1940 592 2009 absque
638 1938 756 1991 ullo
806 1936 1017 1990 mentis
1067 1937 1272 1989 rubore
1311 1935 1669 1989 committere
1719 1951 1836 1988 non
1885 1935 2078 1989 formi-

375 2027 656 2094 davimus,
707 2025 1112 2080 detrectatione
1158 2024 1509 2078 detestanda.
1553 2023 1764 2093 Sponte
1818 2039 1956 2094 ergo
1993 2024 2080 2077 fa-

377 2123 622 2180 teamur,
675 2113 830 2185 quod
882 2113 1040 2166 nullo
1087 2116 1329 2182 cogente
1380 2111 1796 2168 commisimus.
1849 2111 1907 2166 Si
1945 2127 2079 2165 vero

383 2221 489 2258 nos
543 2207 738 2257 nostra
792 2201 1007 2255 scelera
1061 2200 1451 2264 celaverimus,
1499 2200 1571 2254 ab
1624 2200 1720 2253 illo
1754 2199 2078 2253 manifesta-

379 2292 597 2347 buntur
626 2291 725 2362 qui
752 2294 807 2344 et
837 2293 1129 2343 accusator
1157 2291 1242 2342 est
1271 2287 1487 2358 peccati
1529 2291 1586 2341 et
1622 2287 1903 2342 incentor.
1956 2289 2082 2358 Ipse

383 2380 539 2433 enim
569 2379 661 2433 hic
690 2394 792 2431 nos
823 2382 885 2431 ut
913 2392 1214 2449 peccemus
1243 2377 1502 2446 instigat,
1554 2375 1676 2447 ipse
1706 2392 1835 2430 cum
1880 2393 2082 2446 pecca-

384 2467 635 2522 verimns
679 2471 935 2532 accusat;
986 2465 1034 2518 si
1082 2480 1220 2534 ergo
1253 2464 1315 2518 in
1365 2465 1471 2519 hac
1519 2465 1637 2518 vita
1677 2465 2081 2534 preveniamus

384 2571 538 2623 eum,
593 2559 652 2609 et
678 2554 788 2624 ipsi
834 2553 1016 2608 nostri
1054 2553 1281 2607 sceleris
1327 2557 1680 2606 accusatores
1742 2552 1944 2622 simus,
1975 2569 2083 2606 ne—

387 2644 599 2716 quitias
647 2642 861 2697 diaboli
908 2642 1128 2696 inimici
1186 2641 1388 2709 nostri,
1447 2648 1501 2695 et
1544 2643 1893 2695 accusatoris
1942 2642 2082 2695 effu-

387 2733 632 2804 giemus,
661 2731 838 2786 Paulo
867 2735 1032 2798 teste,
1063 2731 1160 2800 qui
1193 2731 1271 2784 ait
1302 2747 1314 2784 :
1350 2751 1378 2779 «
1406 2730 1462 2784 Si
1490 2730 1871 2800 nosmetipsos
1923 2729 2083 2800 judi-

387 2836 667 2888 caremus,
701 2835 815 2874 non
845 2819 1043 2889 utique
1075 2817 1546 2888 dijudicaremur.
1575 2837 1603 2866 »

388 2909 521 2963 CAP.
561 2909 622 2962 V.
655 2938 726 2947 —
789 2907 987 2962 Videas
1028 2911 1206 2960 autem
1255 2922 1373 2960 eum
1416 2905 1664 2959 sacerdos
1717 2904 2085 2959 verecundan-

459 2985 593 3045 tem,
651 2993 870 3032 rursum
912 2982 1276 3046 prosequatur
1332 2994 1344 3030 :
1413 2978 1701 3039 Fortassis,
1744 2977 2083 3037 charissime,

455 3065 562 3104 non
603 3052 785 3103 omnia
838 3064 958 3116 quae
1015 3049 1234 3114 gessisti
1297 3047 1371 3100 ad
1439 3049 1751 3100 memoriam
1814 3047 1969 3100 modo
1994 3061 2085 3099 ve-

460 3123 638 3174 niunt.
694 3121 809 3185 Ego
855 3124 904 3171 te
953 3118 1317 3186 interrogabo,
1360 3123 1418 3171 tu
1447 3134 1572 3171 cave
1603 3133 1686 3180 ne,
1719 3117 1934 3170 diabolo
1954 3132 2087 3170 sua-

460 3191 634 3258 dente,
677 3189 896 3257 atiquid
931 3190 1104 3243 celare
1153 3204 1472 3258 praesumus.
1519 3189 1597 3242 Et
1654 3194 1779 3241 tunc
1843 3203 1964 3242 eum
2010 3190 2090 3241 ita

461 3294 562 3347 per
587 3279 831 3332 ordinem
858 3279 1171 3344 interroget.

466 3365 665 3420 Fecisti
695 3365 1067 3419 homicidium
1103 3365 1428 3418 voluntarie
1460 3365 1581 3417 sine
1614 3363 1950 3418 necessitate
1974 3380 2090 3416 non

395 3455 454 3509 in
484 3454 669 3522 hoste,
700 3453 796 3508 sed
829 3470 932 3524 per
965 3459 1124 3507 tuam
1168 3452 1541 3522 cupiditatem
1593 3456 1655 3506 ut
1697 3468 1800 3506 sua
1853 3450 1964 3505 sibi
1989 3451 2093 3504 tol-

396 3544 561 3611 leres,
616 3547 672 3596 et
729 3541 807 3595 sic
872 3557 1006 3595 eum
1063 3540 1437 3595 interfecisti?
1489 3539 1548 3595 Si
1597 3540 1801 3606 fecisti,
1835 3541 1922 3595 XL
1973 3539 2093 3592 dies

394 3630 714 3693 continuos,
758 3630 914 3701 quod
957 3631 1161 3700 vulgus
1202 3630 1456 3683 carinam
1503 3639 1685 3695 vocat,
1734 3629 1813 3681 ita
1859 3632 1923 3680 ut
1952 3644 2093 3681 con—

395 3720 634 3774 suetudo
664 3719 845 3788 est,in
860 3735 1006 3790 pane
1035 3722 1091 3772 et
1107 3717 1713 3789 aquadebesjejunare
1741 3733 1754 3781 ;
1789 3722 1846 3770 et
1875 3723 2093 3787 septem

395 3825 597 3874 annos,
631 3814 940 3880 sequentes
971 3807 1050 3861 sic
1077 3807 1362 3862 observes.

464 3897 724 3951 Primum
773 3911 987 3949 annum
1035 3900 1162 3964 post
1191 3895 1319 3948 illos
1347 3894 1430 3947 XL
1458 3893 1600 3960 dies,
1628 3896 1816 3946 totum
1865 3910 1896 3945 a
1937 3891 2090 3958 vino,

397 3983 658 4049 medoue,
706 3982 1006 4052 sagimine,
1057 3985 1113 4034 et
1170 4001 1201 4034 a
1250 3997 1413 4034 caseo
1469 3987 1527 4034 et
1578 3980 1648 4034 ab
1697 3979 1856 4033 omni
1893 3977 2096 4049 pingui

395 4071 548 4142 pisce
579 4069 863 4124 abstinere
893 4069 1064 4123 debes
1099 4085 1112 4121 :
1147 4069 1254 4121 nisi
1301 4067 1358 4120 in
1389 4067 1500 4120 illis
1547 4067 1702 4121 festis
1753 4067 1954 4120 diebus
1998 4066 2097 4137 qui

395 4160 456 4214 in
487 4159 587 4212 illo
618 4158 908 4227 episcopio
941 4173 974 4210 a
1009 4161 1212 4209 cuncto
1247 4156 1459 4224 populo
1509 4155 1889 4208 celebrantur.
1937 4156 1997 4208 Et
2048 4155 2095 4206 si

397 4247 473 4302 sis
523 4247 584 4300 in
641 4261 852 4316 magno
903 4245 1128 4310 itinere,
1175 4245 1236 4296 in
1284 4244 1443 4314 regio
1492 4245 1672 4309 hoste,
1704 4243 1792 4296 vel
1823 4243 1882 4296 in
1917 4243 2095 4312 regali

398 4339 576 4402 curte,
613 4335 700 4388 vel
747 4334 808 4388 in
854 4333 1048 4403 aliqua
1096 4332 1432 4386 inﬁrmitate
1487 4332 1752 4385 detentus
1809 4331 1906 4394 sis,
1961 4335 2096 4384 tunc

397 4425 565 4479 liceat
594 4422 698 4476 tibi
731 4439 845 4476 uno
873 4421 1131 4487 denario,
1164 4421 1251 4474 vel
1294 4419 1477 4490 pretio
1508 4419 1682 4473 unius
1720 4419 1964 4487 denarii,
1997 4424 2096 4472 aut

399 4520 512 4568 tres
564 4527 847 4582 pauperes
891 4509 1195 4580 pascendo,
1265 4507 1493 4562 tertiam
1549 4508 1771 4574 feriam,
1832 4507 2094 4579 quintam

397 4602 619 4666 feriam,
647 4599 948 4653 sabbatum
979 4597 1259 4652 redimere
1293 4613 1304 4650 :
1340 4596 1421 4650 ita
1466 4600 1660 4649 tamen
1686 4600 1749 4650 ut
1777 4612 1894 4650 una
1933 4612 1994 4650 re
2026 4595 2095 4649 de

396 4691 508 4744 illis
566 4689 749 4742 tribus
801 4685 1142 4758 supradictis
1205 4685 1403 4753 utaris,
1463 4684 1523 4738 id
1569 4689 1674 4746 est,
1741 4689 1838 4738 aut
1896 4685 2092 4739 vinum

396 4778 577 4843 bibas,
612 4782 710 4830 aut
740 4777 1061 4840 medonem,
1114 4780 1214 4828 aut
1253 4774 1533 4828 mellitam
1584 4773 1902 4826 cervisiam.
1934 4775 2095 4827 Post-

397 4882 568 4936 quam
597 4864 832 4918 domum
867 4863 1108 4929 veneris,
1152 4867 1250 4916 aut
1278 4862 1508 4916 sanitati
1548 4861 1724 4916 fueris
1777 4861 2094 4929 restitutus,

397 4953 612 5006 nullam
647 4951 935 5004 licentiam
969 4951 1177 5004 habeas
1238 4949 1577 5004 redimendi.
1632 4950 1929 5020 Completo
1960 4951 2096 5003 anni

395 5041 606 5095 circulo
661 5039 954 5092 ecclesiam
1014 5038 1417 5107 introducaris,
1485 5043 1542 5093 et
1609 5038 1762 5109 pacis
1834 5039 2093 5092 osculum

397 5129 503 5184 tibi
521 5127 885 5180 concedatur.

470 5218 530 5270 ln
560 5215 809 5269 secundo
840 5230 1013 5280 anno,
1049 5217 1106 5267 et
1145 5213 1331 5280 tertio,
1371 5213 1635 5267 similiter
1675 5213 1923 5283 jejunes,
1988 5213 2096 5266 nisi

397 5306 548 5378 quod
582 5304 809 5359 tertiam
845 5302 1070 5365 feriam,
1104 5301 1366 5370 quintam
1417 5301 1639 5366 feriam,
1677 5305 1731 5353 et
1769 5300 2094 5369 sabbatum,

395 5397 732 5464 potestatem
781 5390 991 5444 habeas
1042 5388 1365 5442 redimendi
1414 5387 1834 5457 praenominato
1885 5387 2092 5455 pretio,

356 5464 370 5479 ’
395 5480 723 5549 ubicunque
753 5495 830 5530 es.
863 5478 1080 5530 Caetera
1120 5476 1314 5529 omnia
1366 5474 1672 5543 diligenter
1703 5474 1988 5539 observes,
2032 5479 2095 5528 ut

396 5569 457 5620 in
488 5568 697 5634 primo.

470 5655 578 5704 Per
623 5651 880 5718 singulos
929 5655 1178 5720 quatuor
1226 5665 1405 5703 annos
1463 5649 1565 5720 qui
1616 5654 1935 5709 remanent,
1979 5655 2092 5704 tres

2172 613 2422 668 Primam
2455 617 2585 667 ante
2633 613 2849 668 Pascha
2895 629 3026 668 cum
3072 614 3294 668 caeteris
3339 615 3698 678 Christianis,
3752 619 3908 670 alte

2175 718 2297 756 ram
2329 709 2458 756 ante
2497 700 2864 756 festivitatem
2903 702 3086 756 sancti
3139 703 3377 757 Joannis
3427 705 3723 774 Baptista,
3760 710 3828 758 et
3858 705 3908 758 si

2176 791 2314 862 quid
2346 795 2623 856 remanet,
2675 795 2806 860 pust
2862 791 3192 862 adimpleas.
3245 793 3495 848 Tertiam
3532 799 3668 847 ante
3729 794 3909 848 Nati-

2176 880 2409 932 vitatem
2443 878 2691 946 Domini,
2725 897 2753 930 a
2787 878 2934 942 vino,
2971 895 3003 932 a
3055 879 3318 943 medoue,
3355 881 3571 935 mellita
3617 881 3907 946 cervisia,

2176 984 2210 1021 a
2267 984 2457 1034 carne,
2531 967 2831 1037 sagimine,
2912 973 2966 1021 et
3020 983 3054 1021 a
3101 984 3284 1037 caseo,
3345 973 3400 1023 et
3456 985 3489 1022 a
3566 969 3910 1040 pinguibus

2176 1056 2429 1128 piscibus
2465 1054 2816 1129 [abstineas].

2253 1147 2315 1200 Et
2377 1145 2438 1198 in
2493 1150 2742 1215 quatuor
2830 1144 3172 1215 supradictis
3240 1146 3425 1210 annis,
3488 1147 3660 1200 tertia
3722 1146 3908 1213 feria,

2179 1235 2381 1305 quinta
2411 1233 2573 1294 feria,
2607 1239 2663 1287 et
2702 1233 2936 1287 sabbato
2965 1233 3210 1304 accipias
3269 1235 3549 1306 quidquid
3591 1234 3760 1289 velis.
3801 1236 3907 1290 Se-

2181 1322 2427 1376 cundam
2487 1327 2679 1374 autem
2726 1321 2952 1390 feriam,
2997 1328 3280 1392 quartam,
3335 1323 3616 1378 redimere
3667 1326 3910 1396 poteris

2180 1409 2368 1480 pretio
2413 1409 2534 1480 jam
2597 1409 2941 1478 supradicto.
2997 1411 3224 1464 Sextam
3271 1411 3474 1466 feriam
3514 1428 3752 1483 semper
3797 1412 3912 1465 ob-

2184 1514 2370 1552 serves
2423 1498 2482 1550 in
2536 1513 2684 1568 pane
2741 1503 2796 1552 et
2850 1514 3019 1568 aqua.
3077 1499 3142 1552 Et
3201 1499 3289 1553 his
3343 1501 3604 1569 expletis,
3668 1517 3912 1555 sacram

2184 1587 2648 1640 communionem
2694 1587 2958 1656 accipias,
3007 1603 3075 1640 ea
3128 1588 3346 1642 ratione
3381 1593 3442 1642 ut
3474 1605 3590 1642 non
3642 1589 3723 1642 sis
3774 1589 3912 1642 sine

2186 1673 2525 1745 paenitentia
2579 1674 2841 1745 quandiu
2885 1674 3058 1740 vivas,
3120 1675 3218 1729 sed
3278 1675 3337 1730 in
3399 1675 3561 1729 omni
3617 1677 3740 1730 vita
3804 1683 3914 1731 tua

2187 1777 2387 1815 omnes
2417 1766 2600 1815 sextas
2629 1761 2796 1816 ferias
2818 1761 2880 1815 in
2911 1778 3056 1832 pane
3100 1768 3157 1816 et
3200 1779 3351 1833 aqua
3380 1764 3686 1834 poeniteas,
3741 1770 3827 1831 et,
3868 1766 3914 1817 si

2188 1850 2472 1904 redimere
2505 1851 2776 1918 volueris,
2805 1855 3146 1920 potestatem
3181 1852 3388 1906 habeas
3417 1851 3748 1907 redimendi
3781 1869 3912 1907 uno

2187 1936 2442 2005 denario,
2496 1938 2584 1992 vel
2640 1937 2827 2008 pretio
2878 1938 3050 1992 unius
3097 1937 3340 2005 denarii,
3396 1940 3483 1994 vel
3536 1956 3743 2008 pascas
3785 1946 3911 1995 tres

2187 2042 2490 2098 pauperes.

2261 2115 2372 2168 Ista
2429 2115 2745 2169 secundum
2816 2115 3274 2170 misericordiam
3336 2117 3707 2172 concedimus
3769 2118 3910 2186 tibi,

2190 2219 2310 2257 non
2367 2203 2682 2256 secundum
2740 2219 3024 2257 canonum
3067 2220 3408 2258 censuram:
3452 2205 3591 2276 quia
3647 2222 3914 2259 canones

2190 2291 2270 2345 sic
2295 2291 2642 2361 praecipiunt
2674 2308 2687 2346 :
2731 2291 2788 2346 Si
2813 2291 2943 2362 quis
2984 2308 3086 2362 per
3110 2292 3451 2347 industriam
3483 2298 3540 2347 et
3568 2310 3678 2364 per
3735 2296 3911 2364 cupi-

2189 2380 2427 2434 ditatem
2459 2380 2836 2435 homicidium
2886 2380 3105 2447 fecerit,
3155 2383 3431 2436 saaculum
3464 2382 3782 2452 relinquat,
3854 2388 3915 2436 et

2189 2469 2548 2541 ingrediatur
2589 2469 3006 2524 monasterium
3057 2470 3491 2538 monachorum,
3545 2475 3602 2525 et
3626 2471 3710 2526 ibi
3743 2473 3912 2542 jugi-

2189 2565 2278 2613 ter
2308 2560 2422 2613 Deo
2453 2557 2679 2612 serviat.

2264 2647 2471 2702 Fecisti
2528 2647 2905 2702 homicidium
2963 2662 3069 2717 pro
3127 2647 3377 2701 vindicta
3421 2649 3779 2718 parentum?
3825 2648 3912 2704 XL

2193 2736 2333 2797 dies,
2370 2735 2527 2806 quod
2558 2737 2812 2789 carinam
2866 2740 3086 2803 vocant,
3134 2736 3433 2806 poeniteas,
3489 2752 3620 2790 cum
3673 2741 3908 2805 septem

2193 2824 2567 2894 sequentibus
2607 2824 2793 2889 annis,
2827 2824 2964 2895 quia
2994 2824 3272 2878 Dominus
3295 2825 3430 2880 dicit
3459 2841 3524 2878 τα
3561 2824 3699 2879 Mihi
3722 2825 3915 2878 vindi-

2195 2918 2304 2978 cta,
2329 2917 2385 2966 et
2415 2928 2521 2983 ego
2552 2913 2887 2967 retribuam.
2924 2934 2945 2961 ι

2267 3019 2324 3074 Si
2373 3018 2556 3073 fecisti
2600 3019 2980 3073 homicidium
3035 3019 3280 3086 nolens,-
3311 3019 3392 3072 ita
3441 3024 3508 3073 ut
3553 3019 3615 3072 in
3667 3019 3762 3073 ira
3815 3025 3912 3073 tua

2200 3108 2452 3178 aliquem
2497 3109 2806 3177 'percutere
2849 3108 3044 3174 velles,
3102 3112 3160 3160 et
3204 3123 3321 3160 non
3366 3107 3644 3174 occidere,
3706 3113 3913 3161 tamen

2201 3195 2475 3262 occidisti,
2521 3197 2606 3251 XL
2654 3195 2793 3260 dies,
2829 3196 2886 3249 id
2929 3200 3034 3262 est,
3077 3195 3326 3249 carinam
3369 3196 3428 3248 in
3474 3211 3622 3265 pane
3673 3201 3730 3249 et
3759 3207 3911 3266 aqua

2203 3285 2498 3356 pmniteas,
2529 3289 2588 3338 et
2613 3289 2832 3354 septem
2884 3289 3190 3354 sequentes
3235 3300 3432 3338 annos.
3458 3277 3594 3338 'Sed
3624 3283 3683 3337 in
3717 3285 3913 3355 primo

2205 3389 2357 3426 anno
2416 3373 2646 3425 tertiam
2706 3371 2927 3432 feriam,
2984 3371 3245 3441 quintam
3310 3371 3533 3436 feriam,
3596 3372 3912 3425 sabbatum

2204 3461 2489 3515 redimere
2565 3458 2799 3531 poteris,
2858 3459 3116 3529 singulas
3170 3459 3412 3529 singulis
3476 3460 3757 3528 denariis,
3827 3462 3909 3514 vel

2206 3549 2391 3620 pretio
2438 3548 2613 3602 unius
2661 3547 2905 3612 denarii,
2955 3548 3043 3601 vel
3094 3553 3211 3601 tres
3265 3563 3546 3618 pauperes
3590 3549 3909 3618 pascendo,

2207 3637 2479 3709 Reliquos
2509 3641 2701 3691 autem
2739 3652 2832 3690 sex
2877 3652 3060 3690 annos
3099 3635 3181 3690 ita
3211 3635 3468 3702 observa,
3513 3635 3661 3689 sicut
3708 3635 3786 3690 de
3817 3637 3915 3690 ho-

2208 3725 2448 3781 micidiis
2475 3729 2675 3796 sponte
2706 3724 3028 3779 commissis
3057 3723 3430 3778 constitutum
3457 3728 3557 3777 est.

2278 3831 2482 3886 Fecisti
2507 3830 2888 3885 homicidium
2928 3831 2987 3884 in
3019 3830 3193 3897 bello,
3221 3831 3384 3900 jussu
3414 3829 3660 3900 legitimi
3687 3830 3912 3899 princi-

2205 3922 2314 3992 pis,
2344 3921 2443 3991 qui
2497 3936 2605 3990 pro
2652 3935 2792 3990 pace
2845 3921 2952 3973 hoc
3001 3918 3130 3972 ﬁeri
3171 3919 3442 3989 jusserat,
3484 3923 3538 3972 et
3566 3918 3913 3973 interfecisti

2206 4014 2516 4080 tyrannum
2563 4008 2663 4080 qui
2701 4024 2902 4078 pacem
2935 4013 3262 4079 pervertere
3323 4006 3578 4061 studuit?
3603 4012 3722 4061 tres
3767 4025 3914 4078 qua-

2209 4098 2558 4168 dragesimas
2587 4114 2690 4169 per
2721 4097 3009 4167 legitimas
3057 4096 3226 4151 ferias
3277 4096 3571 4166 pmniteas.
3620 4096 3678 4150 Si
3712 4102 3913 4151 autem

2207 4187 2372 4240 aliter
2394 4185 2590 4253 fuerit,
2638 4184 2696 4239 id
2725 4191 2828 4252 est,
2862 4185 2984 4238 sine
3025 4186 3189 4255 jussu
3237 4184 3477 4255 legitimi
3506 4183 3811 4255 principis,
3854 4191 3914 4238 ut

2206 4274 2578 4328 homicidium
2645 4278 2850 4343 sponte
2909 4272 3280 4326 commissum
3343 4272 3640 4342 pasniteas,
3701 4272 3764 4328 id
3830 4279 3914 4328 est

2125 4368 2167 4421 D
2206 4363 2460 4418 carinam
2491 4377 2666 4416 unam
2697 4377 2828 4415 cum
2859 4365 3078 4431 septem
3109 4361 3479 4432 sequentibus
3509 4360 3688 4414 annis.

2277 4466 2546 4523 Occidisti
2576 4470 2636 4520 tu
2670 4466 2812 4520 liber
2844 4482 3072 4520 servum
3103 4465 3344 4520 senioris
3380 4465 3485 4530 tui,
3519 4465 3617 4535 qui
3668 4465 3824 4520 nihil
3854 4467 3909 4518 in

2211 4562 2262 4611 te
2292 4555 2568 4626 peccavit,
2601 4555 2698 4609 sed
2742 4555 2904 4626 jussu
2954 4554 3197 4608 senioris
3249 4554 3370 4607 tui?
3414 4554 3501 4608 XL
3531 4553 3673 4618 dies,
3734 4555 3794 4609 id
3832 4562 3911 4607 est

2205 4645 2458 4699 carinam
2503 4644 2565 4698 in
2611 4659 2756 4714 pane
2805 4650 2863 4698 et
2901 4660 3049 4713 aqua
3096 4659 3225 4697 cum
3284 4647 3500 4712 septem
3529 4645 3913 4712 sequentibus

2210 4735 2375 4788 annis
2407 4733 2701 4804 poeniteas,
2725 4736 2784 4785 et
2805 4733 2996 4786 senior
3024 4736 3159 4786 tuus
3206 4731 3489 4798 similiter,
3543 4731 3652 4784 nisi
3711 4749 3911 4785 servus

2207 4824 2278 4878 sit
2307 4823 2401 4877 fur
2427 4825 2526 4876 aut
2559 4822 2723 4886 latro,
2767 4827 2825 4874 et
2878 4818 3120 4891 [senior]
3174 4837 3276 4890 pro
3311 4836 3447 4890 pace
3490 4819 3740 4873 aliorum
3787 4820 3910 4874 fieri

2206 4910 2525 4981 1‘»r£ecipiat.

2277 5016 2335 5071 Si
2386 5020 2578 5070 autem
2631 5021 2688 5069 tu
2740 5032 2935 5069 servus
2992 5030 3332 5068 conservum
3383 5018 3545 5068 tuum
3582 5014 3751 5082 jussu
3811 5016 3908 5068 do-

2206 5105 2350 5158 mini
2382 5105 2466 5159 tui
2521 5103 2796 5172 occidisti,
2836 5103 3104 5158 dominus
3150 5108 3283 5157 tuus
3333 5102 3721 5173 quadraginta
3767 5103 3905 5166 dies,

2208 5194 2263 5248 id
2297 5197 2381 5247 est
2410 5191 2686 5258 carinam,
2720 5193 2780 5246 in
2819 5209 2967 5262 pane
2997 5197 3053 5246 et
3083 5208 3232 5262 aqua
3252 5207 3383 5245 cum
3419 5197 3640 5260 septem
3663 5208 3908 5262 sequen-

2209 5281 2360 5334 tibus
2391 5281 2558 5334 annis
2591 5281 2869 5351 pmnitere
2923 5281 3112 5346 debet,
3164 5285 3221 5334 et
3278 5285 3338 5333 tu
3387 5284 3503 5334 tres
3535 5280 3906 5351 quadragesi-

2207 5385 2347 5436 mas,
2405 5384 2510 5438 per
2567 5367 2855 5438 legitimas
2905 5369 3094 5435 ferias,
3156 5371 3390 5438 excepto
3451 5367 3556 5421 nisi
3614 5384 3721 5438 pro
3773 5383 3904 5439 pace

2205 5456 2501 5510 communi
2532 5455 2714 5511 ﬁeret.

2276 5562 2616 5616 Consiliatus
2659 5579 2716 5616 es
2764 5563 3139 5617 homicidium
3186 5568 3243 5616 et
3285 5579 3398 5616 non
3432 5563 3634 5628 fecisti,
3672 5568 3729 5616 et
3763 5563 3900 5616 occi-

2205 5668 2300 5705 sus
2329 5656 2413 5704 est
2464 5652 2635 5704 homo
2689 5656 2923 5721 propter
2973 5652 3111 5706 illud
3162 5651 3511 5704 consilium?
3542 5652 3628 5704 XL
3667 5652 3808 5713 dies,
3851 5650 3897 5702 id
