4592 6466
532 430 630 481 953
1348 420 1817 476 DECRETORUM
1859 422 2045 477 LIBRI
2081 423 2186 478 XX.
2228 452 2299 462 —
2339 422 2547 477 LIBER
2586 421 2888 477 DECIMUS
2927 421 3171 478 NONUS.

3909 425 4012 477 954

529 554 610 604 est
630 547 904 610 carinam,
955 547 1016 600 in
1062 560 1211 616 pane
1244 548 1299 599 et
1345 559 1513 615 aqua,
1571 559 1700 597 cum
1731 548 1950 614 septem
1984 560 2224 615 sequen-
2255 547 2302 600 Α
2408 546 2519 599 Aut
2548 544 2614 610 si,
2656 549 2717 599 tu
2775 544 2932 615 operi
2978 543 3294 598 necessario
3331 544 3467 598 dum
3496 542 3769 609 instabas,
3802 544 4012 597 securis

528 638 676 693 tibus
706 635 872 690 annis
912 634 1209 705 pceniteas.

596 723 917 796 Explorasti
965 724 1051 776 vel
1106 722 1430 792 speculatus
1482 736 1542 774 es
1591 720 1842 791 aliquem
1900 720 2215 787 hominem,

529 820 583 870 et
610 814 689 867 sic
717 811 1007 866 tradidisti
1038 810 1205 863 illum
1236 810 1296 863 in
1329 825 1530 863 manus
1561 809 1924 863 inimicorum
1958 825 2215 875 suorum,

529 908 583 957 et
629 901 848 955 occisus
880 900 1001 954 est?
1035 898 1118 954 XL
1161 899 1301 965 dies,
1358 898 1416 952 id
1467 903 1553 953 est
1583 898 1833 951 carinam
1888 897 1945 950 in
1976 914 2122 967 pane
2163 902 2220 951 et

528 1006 675 1061 aqua
729 988 1027 1060 pmniteas,
1063 991 1120 1040 et
1173 991 1393 1056 septem
1435 991 1736 1055 sequentes
1787 1001 1967 1039 annos
1994 986 2074 1039 ita
2111 986 2214 1039 oh-

530 1093 713 1132 serves
745 1080 807 1130 ut
842 1074 1193 1129 consuetudo
1216 1078 1320 1128 est.

600 1165 775 1220 Fuisti
804 1180 933 1217 cum
966 1163 1091 1218 aliis
1118 1162 1217 1231 qui
1254 1167 1656 1232 pugnaverunt
1697 1167 1894 1217 contra
1944 1163 2212 1233 aliquem,

527 1260 625 1308 aut
654 1255 714 1306 in
746 1254 916 1306 domo
948 1252 1200 1322 propria,
1234 1256 1331 1305 aut
1350 1252 1410 1303 in
1434 1251 1664 1304 alterius
1684 1252 1876 1316 domo,
1899 1256 1997 1304 aut
2023 1253 2216 1322 aliquo

525 1343 648 1396 loco
680 1341 779 1394 ubi
805 1356 864 1395 se
887 1340 1193 1394 defendere
1227 1344 1568 1408 speraverat,
1603 1343 1659 1392 et
1714 1339 1965 1407 lapidem
1998 1338 2056 1392 in
2085 1356 2216 1394 eum

526 1429 838 1501 projecisti,
870 1433 969 1481 aut
998 1427 1287 1496 sagittam,
1323 1434 1419 1479 aut
1449 1427 1727 1497 spiculum
1760 1427 1989 1497 aliquod
2011 1427 2216 1481 adver-

527 1535 621 1572 sus
651 1533 785 1571 eum
812 1516 1016 1570 misisti
1041 1524 1097 1569 et
1147 1514 1399 1569 occidere
1449 1514 1693 1581 voluisti,
1726 1520 1783 1568 et
1813 1532 1926 1568 non
1965 1521 2050 1568 est
2082 1532 2113 1568 a
2161 1521 2215 1569 te

524 1622 849 1677 percussus,
886 1621 989 1658 nec
1018 1605 1369 1670 vulneratus,
1408 1609 1597 1657 tamen
1630 1604 1699 1657 ab
1746 1603 1873 1659 aliis
1902 1620 2031 1657 cum
2088 1604 2212 1674 qui-

526 1696 630 1749 bus
657 1692 785 1748 ea'm
815 1693 1217 1763 impugnabas,
1253 1692 1472 1745 occisus
1506 1691 1625 1744 est?
1656 1692 1766 1757 XL,
1820 1691 1956 1758 dies,
1997 1691 2054 1745 id
2108 1698 2213 1760 est,

525 1782 781 1838 carinam
820 1782 882 1835 in
927 1797 1074 1851 pane
1128 1784 1185 1834 et
1217 1796 1366 1850 aqua
1407 1780 1702 1849 paeniteas,
1752 1784 1807 1833 et
1861 1785 2079 1849 septem
2125 1797 2209 1834 se-
2247 1820 2285 1872 Β

524 1875 766 1942 quentes
801 1885 983 1924 annos
1008 1869 1088 1923 ita
1117 1869 1379 1922 observes
1400 1874 1465 1922 ut
1494 1868 1848 1921 consuetudo
1879 1873 1980 1922 est.

596 1958 801 2012 Fecisti
860 1957 1250 2027 parricidium,
1302 1957 1357 2010 id
1444 1962 1528 2010 est
1592 1956 1919 2010 interfecisti
1972 1962 2212 2027 patrem,

524 2051 789 2112 matrem,
848 2046 1106 2110 fratrem,
1168 2060 1443 2108 sororem,
1504 2049 1796 2113 patruum,
1855 2046 2212 2111 avunculem,

523 2139 915 2201 materteram,
950 2132 1204 2200 amitam,
1230 2134 1315 2186 vel
1347 2133 1580 2203 aliquod
1602 2133 1714 2187 tale
1746 2133 1966 2187 fecisti?
1992 2134 2038 2186 si
2059 2150 2212 2198 casu,

522 2239 641 2276 non
682 2227 907 2293 sponte.
939 2238 1127 2291 neque
1154 2221 1214 2274 in
1245 2220 1331 2274 ira
1376 2225 1476 2274 tua
1503 2224 1799 2290 percutere
1838 2221 2085 2285 voluisti,
2120 2223 2215 2275 sed

522 2327 652 2364 casu
683 2311 892 2375 evenit,
942 2315 1003 2363 ut
1032 2309 1403 2363 homicidium
1439 2314 1641 2378 sponte
1683 2308 2052 2362 commissum
2097 2326 2217 2378 pos-

522 2399 707 2453 nitere
721 2400 916 2453 debes.
946 2398 1001 2453 Si
1023 2403 1215 2451 autem
1236 2397 1687 2461 exindustria,et
1708 2397 1765 2449 in
1790 2398 1874 2450 ira
1888 2403 1983 2451 tua
2014 2398 2215 2466 fecisti,

520 2486 674 2539 istud
702 2486 1004 2539 observare
1026 2484 1215 2550 debes,
1237 2489 1301 2536 ut
1317 2499 1420 2551 per
1446 2483 1610 2536 unius
1627 2483 1761 2535 anni
1780 2482 2053 2536 circulum
2085 2490 2215 2537 ante

519 2575 671 2628 fores
704 2573 955 2627 basilica
992 2589 1159 2626 orans
1188 2572 1416 2627 Domini
1463 2572 1824 2625 clementiam
1868 2588 2211 2641 perseveres.

520 2662 820 2732 Completo
860 2661 999 2715 anni
1047 2661 1278 2726 circulo,
1337 2659 1716 2713 introducaris
1774 2658 1835 2711 in
1890 2658 2212 2713 Ecclesiam.

519 2752 737 2804 Tamen
785 2750 846 2804 in
878 2750 1088 2818 angulo
1129 2747 1408 2817 Ecclesiae,
1458 2763 1640 2817 usque
1688 2747 1824 2801 dum
1876 2748 2043 2800 unius
2082 2747 2216 2800 anni

518 2840 774 2909 spatium
824 2837 1078 2903 ﬁniatur,
1112 2842 1244 2891 stes.
1297 2836 1396 2891 His
1436 2835 1515 2889 ita
1547 2835 1809 2905 peractis,
1841 2835 1886 2888 si
1935 2836 2214 2905 paeniten-

519 2926 610 2980 tiae
644 2927 863 2980 fructus
894 2925 953 2979 in
1004 2930 1056 2978 te
1096 2923 1467 2993 conspicitur,
1520 2923 1775 2993 corporis
1831 2928 1887 2976 et
1924 2923 2217 2993 sanguinis

520 3014 751 3067 Domini
774 3013 1061 3083 particeps
1090 3012 1211 3078 tias,
1242 3016 1440 3065 utnon
1467 3010 1765 3065 obdureris
1797 3012 2210 3081 desperatione,

2329 633 2554 703 fugerat
2605 633 2672 687 de
2738 648 2912 686 manu
2966 637 3084 699 tua,
3117 638 3216 685 aut
3269 632 3482 686 ferrum
3531 633 3754 702 lapsum
3809 636 3891 685 est
3943 633 4012 687 de

2328 721 2655 787 manubrio,
2690 726 2746 773 et
2782 708 3004 774 socium
3036 727 3089 774 et
3118 721 3365 775 amicum
3413 725 3578 774 tuum
3636 726 4010 790 percusserat,

2329 816 2384 863 et
2413 811 2627 863 occisus
2675 809 2794 863 est?
2827 810 2873 863 si
2920 810 3028 863 ista
3058 810 3259 876 fecisti,
3311 815 3409 864 aut
3437 811 3547 863 alia
3601 811 3804 865 horum
3856 810 4010 863 simi-

2329 899 2423 963 lia,
2455 904 2510 953 et
2539 899 2758 954 nullam
2814 900 3019 952 malam
3079 899 3433 953 voluntatem
3493 900 3760 953 adversus
3813 916 4011 967 supra-

2330 987 2506 1040 dictas
2597 1003 2889 1057 personas,
2975 988 3060 1040 vel
3130 987 3368 1041 istorum
3453 987 3665 1041 similes
3742 986 4012 1050 habuisti,

2327 1075 2705 1146 quadraginta
2751 1076 2890 1140 dies,
2948 1077 3097 1146 quod
3155 1078 3359 1146 vulgus
3418 1076 3667 1130 carinam
3712 1081 3893 1140 vocat,
3937 1076 4016 1127 ita

2327 1168 2392 1217 ut
2434 1163 2778 1217 consuetudo
2808 1169 2911 1229 est,
2959 1164 3230 1232 jejunes:
3292 1170 3349 1217 et
3404 1164 3657 1233 quinque
3714 1167 4014 1233 sequentes

2327 1268 2504 1305 annos
2535 1252 2828 1321 poeniteas.
2867 1252 3220 1306 Abstinentia
3267 1258 3457 1305 autem
3493 1252 3749 1304 ciborum
3779 1254 3837 1303 in
3895 1251 4014 1303 istis

2326 1341 2583 1410 quinque
2634 1340 2797 1393 annis
2860 1339 3306 1393 misericorditer
3343 1340 3647 1399 tribtiatur.
3712 1340 3789 1392 ita
3840 1343 3901 1392 ut
3952 1339 4013 1392 in

2326 1428 2511 1498 primo
2544 1445 2693 1481 anno
2728 1430 2849 1482 illas
2888 1434 3001 1481 tres
3040 1429 3232 1496 ferias,
3265 1428 3511 1491 tertiam,
3547 1428 3829 1497 quintam,
3887 1427 4013 1480 sab-

2325 1517 2521 1570 batum
2589 1518 2867 1570 redimere
2926 1517 3106 1585 possis
3157 1533 3269 1570 uno
3334 1516 3590 1582 denario,
3658 1516 3739 1567 vel
3827 1515 4011 1584 pretio

2325 1605 2494 1657 unius
2553 1606 2817 1659 denarii:
2855 1606 2939 1658 vel
2988 1610 3100 1658 tres
3154 1621 3433 1673 pauperes
3474 1604 3775 1673 pascendo.
3833 1604 3899 1656 Et
3956 1603 4013 1655 iu

2324 1693 2438 1746 alio
2472 1710 2619 1747 anno
2674 1710 2872 1747 omnes
2914 1694 3103 1761 ferias,
3156 1699 3385 1763 excepta
3428 1698 3582 1745 sexta
3632 1691 3790 1753 feria,
3840 1707 4010 1761 quam

2325 1797 2550 1851 semper
2578 1784 2637 1835 in
2671 1798 2817 1851 pane
2842 1788 2899 1835 et
2946 1798 3095 1852 aqua
3133 1781 3396 1851 jejunare
3438 1781 3629 1846 debes,
3679 1784 4015 1849 potestatem

2324 1870 2535 1923 habeas
2566 1870 2883 1923 redimendi
2932 1875 3241 1939 prmtaxato
3292 1869 3493 1940 pretio.
3542 1871 3606 1923 Et
3656 1868 3733 1921 sic
3764 1868 4015 1939 reliquos

2325 1975 2505 2012 annos
2538 1960 2837 2012 observare
2869 1959 3060 2012 debes.

2396 2046 2452 2101 Si
2484 2051 2676 2099 autem
2732 2062 2861 2100 cum
2911 2048 3079 2099 fratre
3114 2050 3233 2111 tuo,
3266 2046 3351 2098 vel
3402 2061 3531 2099 cum
3590 2043 3740 2097 socio
3789 2043 3907 2096 ibas
3954 2042 4015 2095 in

2326 2135 2524 2189 silvam
2582 2135 2651 2187 ad
2708 2134 3048 2187 succidenda
3104 2134 3280 2202 ligna,
3361 2138 3437 2199 et,
3519 2131 4014 2201 appropinquante

2326 2240 2523 2277 casura
2554 2222 2721 2275 unius
2760 2223 3000 2290 arboris,
3058 2227 3116 2275 tu
3158 2222 3382 2275 dicebas
3436 2221 3598 2273 fratri
3627 2221 3712 2273 vel
3759 2219 3909 2272 socio
3956 2222 4014 2272 ut

2325 2314 2569 2381 fugeret,
2629 2316 2684 2364 et
2738 2312 2833 2365 ille
2890 2310 3116 2380 fugiens
3164 2310 3269 2363 sub
3323 2309 3524 2363 arbore
3553 2324 3853 2379 oppressus
3915 2315 4015 2372 est,

2327 2400 2599 2454 innocens
2629 2400 2740 2453 eris
2769 2416 2803 2451 a
2841 2405 3025 2452 morte
3053 2398 3251 2468 ipsius.

2397 2489 2454 2541 Si
2485 2493 2679 2541 autem
2726 2504 2791 2540 ex
2826 2486 3045 2540 incuria
3078 2492 3173 2539 tua
3204 2486 3291 2539 vel
3342 2484 3716 2555 negligenlia,
3754 2483 3891 2537 dum
3922 2482 4016 2535 ille

2319 2574 2483 2643 juxta
2533 2580 2586 2627 te
2617 2575 2785 2628 aliam
2837 2575 3098 2628 arborem
3140 2574 3434 2641 incideret,
3490 2580 3549 2626 tu
3608 2588 3721 2625 non
3778 2588 4018 2641 praemo-

2327 2664 2503 2716 nuisti
2528 2679 2657 2716 cum
2689 2664 2746 2716 in
2788 2670 3067 2733 tempore,
3098 2668 3161 2716 ut
3189 2663 3529 2732 prawideret
3555 2676 3813 2714 casuram
3844 2660 4016 2712 arbo-

2325 2751 2421 2815 ris,
2464 2756 2521 2804 et
2578 2751 2656 2804 sic
2721 2768 2786 2804 ex
2840 2756 2939 2805 tua
2983 2750 3205 2804 incuria
3260 2766 3565 2819 oppressus
3624 2754 3708 2802 est
3760 2754 3817 2801 et
3861 2763 4016 2801 mor-

2325 2842 2455 2890 tuus
2483 2854 2495 2891 :
2529 2843 2666 2890 tunc
2700 2838 2869 2891 debes
2914 2838 3190 2907 pcenitere
3222 2844 3283 2890 ut
3340 2836 3643 2902 homicida,
3696 2835 3793 2888 sed
3822 2840 4015 2888 tamen

2325 2926 2508 2978 multo
2544 2925 2720 2979 levius
2751 2942 2921 2995 quam
2962 2924 3105 2978 illud
3136 2924 3290 2995 quod
3347 2940 3412 2978 ex
3468 2922 3749 2977 industria
3802 2923 4014 2976 factum

2325 3019 2428 3066 est.

518 3102 764 3155 Carnem
806 3117 921 3155 non
972 3100 1281 3154 manduces
1314 3099 1582 3153 omnibus
1640 3099 1839 3154 diebus
1893 3100 2023 3153 vitae
2078 3104 2210 3154 tum.
2249 3096 2288 3150 C
2397 3101 2664 3155 Occidisti
2718 3102 3005 3154 seniorem
3048 3105 3233 3166 tuum,
3293 3101 3379 3153 vei
3444 3099 3505 3152 iu
3557 3098 3799 3152 concilio
3856 3097 4014 3151 fuisti

514 3190 753 3261 Jejunes
782 3195 973 3243 autem
1026 3205 1208 3259 usque
1263 3189 1331 3242 ad
1388 3203 1599 3242 nonam
1649 3188 1918 3258 quotidie,
1971 3189 2216 3258 exceptis

515 3279 677 3333 festis
718 3277 924 3333 diebus
969 3281 1139 3347 atque
1171 3276 1490 3331 dominicis.
1525 3275 2050 3330 Abstineas'autem
2077 3282 2131 3330 te
2184 3294 2216 3329 a

516 3366 671 3435 vino,
720 3366 986 3431 medone,
1016 3366 1228 3419 mellita
1258 3364 1496 3419 cervisia
1532 3370 1663 3418 tres
1691 3364 1812 3418 dies
1850 3381 1952 3434 per
2004 3364 2215 3418 hebdo-

516 3455 775 3509 madam.
838 3457 1009 3508 Arma
1075 3458 1301 3523 portare
1363 3469 1481 3506 non
1550 3452 1775 3515 audeas,
1850 3452 1956 3505 nisi
2019 3458 2217 3506 contra

514 3558 801 3612 paganos.
838 3544 902 3595 Et
929 3540 1256 3611 ubicunque
1302 3540 1387 3593 ire
1443 3539 1712 3607 volueris,
1763 3540 1921 3593 nullo
1958 3540 2214 3593 vehiculo

515 3629 845 3694 deducaris,
884 3630 981 3683 sed
1013 3629 1256 3699 pedibus
1281 3627 1532 3698 propriis
1562 3643 1785 3697 pergas.
1818 3626 1902 3680 Ab
1931 3644 2125 3692 uxore,
2170 3628 2215 3680 si

513 3710 759 3785 habeas,
788 3734 903 3772 non
924 3719 1204 3787 separeris
1238 3733 1250 3770 :
1285 3716 1331 3769 si
1360 3721 1548 3769 autem
1579 3731 1695 3768 non
1726 3714 2011 3779 habueris,
2046 3716 2215 3769 aliam

512 3824 633 3862 non
686 3808 883 3862 ducas.
944 3807 1188 3876 Tempus
1247 3809 1438 3858 autem
1496 3803 1667 3873 hujus
1721 3802 2092 3871 pmnitentiae,
2156 3804 2215 3857 in

514 3891 777 3962 episcopi
798 3888 882 3944 tui
900 3889 974 3942 sit
994 3888 1251 3956 arbritio,
1280 3894 1359 3956 ut,
1384 3888 1699 3942 secundum
1729 3887 2215 3941 conversationem

512 3983 699 4044 tuam,
743 3982 843 4031 aut
874 3977 1179 4030 extendere
1218 3978 1305 4030 vel
1330 3977 1611 4043 minuere,
1643 3977 1842 4029 valeat.

589 4065 803 4120 Fecisti
834 4064 1207 4119 homicidium
1243 4080 1398 4130 casu,
1427 4064 1508 4118 ita
1563 4069 1628 4117 ut
1683 4064 1902 4117 nullum
1959 4062 2215 4117 occidere

514 4154 715 4218 velles,
751 4154 838 4207 vel
869 4153 1038 4207 ferire
1088 4152 1361 4206 voluisses
1389 4152 1449 4205 in
1497 4152 1583 4205 ira
1620 4156 1737 4217 tua,
1778 4152 1893 4205 sive
1926 4151 2084 4221 virga
2116 4168 2213 4204 seu

512 4242 695 4308 ferro,
731 4242 848 4296 sive
897 4241 1091 4311 aliquo
1122 4257 1332 4310 genere
1381 4241 1613 4310 ﬂagelli,
1647 4241 1744 4294 sed
1777 4245 1839 4293 tu
1882 4240 2216 4310 simpliciter

511 4330 657 4396 ibas,
713 4333 819 4384 aut
869 4328 931 4382 in
982 4329 1181 4383 silvam
1237 4334 1526 4397 venatum,
1586 4334 1644 4383 et
1714 4330 1893 4383 feram
1947 4329 2212 4398 sagittare

512 4418 776 4485 voluisti,
836 4425 893 4471 et
940 4417 988 4470 si
1034 4417 1363 4487 improvise,
1421 4423 1477 4471 te
1530 4418 1758 4472 nolente
1798 4421 1854 4471 et
1905 4416 2209 4481 nesciente,

510 4524 619 4578 pro
661 4508 790 4562 fera
822 4506 1119 4560 occidisti?

582 4599 703 4649 Aut
758 4595 807 4648 si
847 4595 1071 4665 jocatus
1110 4592 1267 4647 fuisti
1305 4608 1433 4645 cum
1487 4591 1774 4662 aliquibus
1822 4592 2071 4662 aliquem
2134 4592 2217 4644 lu-

508 4685 675 4750 dum,
712 4686 773 4737 et
801 4682 1055 4751 aliquam
1086 4697 1230 4746 rem,
1267 4680 1382 4733 sive
1412 4680 1711 4745 aviculam,
1762 4680 1879 4733 sive
1927 4680 2215 4750 quoddam

505 4772 668 4826 aliud
702 4770 942 4838 animal,
976 4769 1063 4822 vel
1086 4769 1146 4822 in
1179 4769 1312 4822 ludo
1342 4768 1550 4838 aliquid
1600 4768 1827 4837 sagitta,
1862 4770 1945 4822 vel
1987 4768 2212 4834 baculo,

502 4862 592 4914 vel
625 4858 828 4930 lapide
858 4861 1157 4928 percutere
1206 4856 1452 4923 voluisti,
1510 4862 1567 4909 et
1596 4857 1674 4909 sic
1702 4862 1801 4909 aut
1830 4856 2086 4923 fratrem,
2120 4861 2217 4911 aut

502 4949 700 5003 ﬁlium
735 4953 923 5012 tuum,
953 4950 1049 4999 aut
1086 4946 1338 5015 aliquem
1368 4942 1663 4999 hominem
1704 4944 2070 5011 interfecisti;

576 5039 695 5090 Aut
727 5034 777 5087 si
828 5033 1015 5087 stabas
1058 5033 1116 5086 in
1174 5034 1296 5087 loco
1358 5033 1609 5103 publico,
1651 5032 1767 5086 sive
1823 5032 1881 5086 in
1942 5033 2216 5086 curticula

501 5130 627 5191 tua,
688 5123 808 5176 sive
863 5121 922 5176 in
978 5122 1102 5175 loco
1151 5122 1285 5185 alio,
1339 5127 1395 5175 et
1452 5126 1673 5191 petram
1726 5124 1959 5190 propter
2026 5122 2210 5174 locum

500 5209 860 5281 projiciebas
914 5209 972 5262 in
1005 5208 1171 5263 illum
1225 5210 1412 5263 locum
1465 5208 1563 5263 ubi
1619 5209 1841 5262 nullum
1902 5208 2108 5275 vidisti,
2160 5213 2215 5263 et

502 5298 659 5354 nulli
690 5297 998 5351 insidiatus
1029 5313 1109 5362 es,
1144 5302 1201 5350 et
1226 5302 1421 5351 tamen
1451 5296 1706 5351 occidisti
1741 5297 2028 5367 aliquem;

570 5390 692 5442 Aut
722 5386 772 5439 si
804 5384 1014 5456 aliquis
1071 5389 1127 5439 te
1179 5390 1445 5456 coegerat
1494 5389 1557 5439 ut
1613 5401 1804 5439 secum
1864 5385 2108 5451 luderes,
2159 5389 2214 5437 et

496 5481 561 5530 tu
589 5473 808 5530 fortior
836 5472 1015 5538 fuisti,
1048 5489 1180 5528 eum
1210 5474 1409 5528 subtus
1439 5477 1492 5527 te
1524 5472 1790 5541 stravisti,
1820 5478 1919 5526 aut
1974 5472 2094 5541 ipse
2134 5477 2207 5539 te,

495 5568 556 5618 et
586 5564 657 5631 si,
727 5579 763 5615 a
794 5566 893 5615 tuo
924 5561 1011 5615 vel
1063 5578 1096 5615 a
1126 5578 1229 5616 suo
1258 5562 1489 5616 cultello
1546 5561 1893 5628 vulneratus,
1947 5566 2209 5614 mortuus

494 5657 582 5707 est
600 5668 615 5718 ;

2326 3197 2389 3245 ut
2436 3192 2803 3256 occideretur,
2852 3192 2939 3244 vel
2983 3206 3217 3243 uxorem
3264 3194 3442 3253 tuam,
3495 3193 3711 3258 partem
3765 3186 4015 3256 corporis

2325 3280 2447 3334 tui?
2479 3280 2589 3337 dua
2622 3279 2861 3333 consilia
2887 3279 3266 3349 proponimus
3309 3277 3442 3343 tibi;
3467 3276 3611 3344 elige
3638 3277 3845 3329 horum
3872 3276 4012 3328 duo-

2326 3385 2452 3422 rum
2486 3370 2639 3439 quod
2682 3368 2782 3421 tibi
2813 3368 3039 3420 cliarius
3065 3368 3153 3419 sit.
3185 3366 3337 3420 Istud
3368 3382 3545 3418 unum
3573 3370 3657 3418 est
3689 3382 3700 3418 :
3736 3364 4014 3433 Relinque

2328 3459 2474 3512 istud
2506 3458 2707 3526 fragile
2740 3457 3035 3519 saeculum,
3082 3460 3138 3508 et
3167 3454 3467 3523 ingredere
3495 3453 3922 3518 monasterium,
3959 3456 4014 3504 et

2324 3546 2625 3601 humiliare
2648 3544 2750 3597 sub
2792 3560 2966 3597 manu
3013 3543 3232 3596 abbatis
3265 3562 3280 3595 :
3310 3547 3364 3595 et
3417 3548 3619 3595 cuncta
3650 3557 3778 3610 quas
3810 3540 3912 3595 tibi
3946 3540 4013 3593 ab

2322 3651 2388 3688 eo
2414 3634 2627 3687 fuerint
2653 3633 2955 3701 imperata,
2991 3630 3235 3699 simplici
3265 3630 3457 3682 animo
3490 3630 3749 3690 observa,

2396 3721 2718 3776 Secundum
2752 3726 2945 3773 autem
3005 3718 3311 3772 consilium
3374 3718 3481 3770 tale
3513 3722 3596 3769 est
3629 3733 3640 3770 :
3681 3718 3856 3770 Arma
3911 3714 4013 3768 de-

2322 3824 2490 3877 pone,
2554 3811 2610 3860 et
2666 3811 2868 3859 cuncta
2926 3804 3218 3859 saecularia
3296 3803 3523 3873 negotia
3586 3802 3831 3867 dimitte,
3889 3817 4009 3854 car-

2327 3910 2458 3947 nem
2515 3899 2571 3947 et
2628 3894 2882 3963 sagimen
2943 3892 3210 3945 omnibus
3267 3890 3467 3943 diebus
3524 3890 3651 3943 vitae
3707 3894 3821 3941 tum
3898 3904 4013 3941 non

2325 3983 2610 4049 comedas,
2659 3987 2890 4052 excepto
2938 3997 3052 4034 uno
3112 3980 3203 4033 die
3262 3977 3711 4033 Resurrectionis
3762 3976 4009 4041 Domini,

2324 4076 2379 4124 et
2410 4088 2522 4124 uno
2571 4071 2663 4124 die
2725 4072 3097 4135 Pentecostes,
3128 4072 3182 4121 et
3212 4083 3327 4120 uno
3361 4067 3451 4120 die
3502 4066 3715 4121 Natalis
3766 4066 4010 4119 Domini.

2324 4159 2554 4213 Casteris
2575 4157 2928 4226 temporibus
2960 4156 3017 4209 in
3048 4171 3197 4224 pane
3231 4160 3285 4208 et
3313 4170 3482 4225 aqua,
3519 4159 3573 4207 et
3604 4153 3891 4207 interdum
3932 4152 4012 4205 le-

2324 4246 2657 4315 guminibus
2706 4251 2762 4299 et
2802 4245 3051 4298 oleribus
3095 4243 3391 4313 pmniteas.
3446 4244 3510 4296 In
3548 4241 3804 4312 jejuniis,
3838 4240 3898 4293 in
3929 4240 4014 4293 vi-

2326 4334 2496 4405 giliis,
2528 4339 2583 4386 et
2612 4333 2991 4393 orationibus,
3023 4338 3078 4385 et
3117 4334 3493 4401 eleemosynis
3519 4345 3818 4399 persevera
3856 4330 4014 4381 omni

2325 4427 2603 4491 tempore.
2638 4421 2864 4486 Vinum,
2900 4424 2955 4473 et
3001 4419 3327 4484 medonem,
3382 4424 3436 4471 et
3498 4417 3776 4470 mellitam
3835 4416 4011 4469 cervi-

2326 4509 2467 4563 siam
2496 4524 2791 4579 nunquam
2839 4507 3018 4571 bibas,
3071 4507 3182 4560 nisi
3223 4507 3280 4559 in
3329 4505 3439 4558 illis
3469 4504 3755 4574 praedictis
3806 4504 4011 4568 tribus,

2324 4597 2542 4651 diebus.
2580 4598 2820 4650 Uxorem
2852 4611 2923 4649 ne
2972 4595 3164 4659 ducas,
3198 4592 3573 4646 concubinam
3616 4608 3733 4645 non
3780 4592 4012 4655 habeas,

2326 4683 2672 4738 adulterium
2726 4699 2840 4735 non
2878 4681 3070 4745 facias,
3104 4682 3317 4750 absque
3362 4696 3460 4750 spe
3499 4679 3752 4749 conjugii
3782 4679 3840 4731 in
3887 4694 4014 4749 per-

2326 4779 2498 4842 petuo
2527 4787 2777 4825 maneas.
2815 4772 3120 4841 Nunquam
3167 4774 3219 4822 te
3250 4770 3400 4822 laves
3451 4768 3509 4820 in
3541 4768 3768 4835 balneo,
3797 4783 4008 4837 equum

2324 4877 2436 4914 non
2469 4860 2759 4924 ascendas,
2811 4874 3040 4912 causam
3073 4863 3228 4911 tuam
3280 4862 3335 4911 et
3363 4856 3599 4910 alterius
3628 4856 3687 4909 in
3733 4862 4013 4909 conventu

2324 4948 2580 5002 fidelium
2613 4963 2728 5000 non
2762 4962 2916 5016 agas.
2949 4947 3010 5000 In
3042 4945 3318 4999 conviviis
3348 4945 3669 4998 laetantium
3716 4960 4012 5015 nunquam

2323 5035 2540 5089 sedeas.
2590 5036 2653 5087 ln
2704 5034 2933 5088 ecclesia
2990 5038 3320 5104 segregatus
3375 5034 3447 5087 ab
3503 5032 3629 5086 aliis
3681 5021 4015 5086 Christianis

2324 5127 2450 5192 post
2493 5123 2700 5176 ostium
2732 5122 3027 5177 humiliter
3084 5128 3215 5175 stes.
3271 5120 3722 5190 lngredientium
3763 5124 3817 5172 et
3849 5135 4009 5187 egre-

2324 5211 2603 5264 dientium
2636 5211 2991 5265 orationibus
3014 5210 3347 5280 suppliciter
3368 5216 3420 5262 te
3444 5206 3831 5260 commendesf
3855 5207 4012 5259 Com-

2323 5299 2639 5353 munitione
2671 5300 2810 5353 sacri
2843 5300 3095 5369 corporis
3128 5303 3182 5351 et
3210 5295 3506 5367 sanguinis
3538 5294 3768 5348 Domini
3796 5294 4013 5346 cunctis

2322 5386 2522 5439 diebus
2571 5387 2701 5439 vitae
2751 5390 2863 5439 tuae
2912 5385 3213 5455 indignum
3248 5388 3301 5436 te
3352 5382 3655 5435 existimes.
3701 5382 3763 5434 1n
3811 5380 4011 5433 ultimo

2321 5480 2514 5528 autem
2549 5475 2796 5527 termino
2837 5473 2962 5525 vita:
2995 5478 3123 5537 tum,
3155 5486 3259 5540 pro
3290 5469 3515 5534 viatico,
3549 5468 3595 5521 si
3627 5468 4011 5523 observaveris

2321 5560 2642 5625 consilium,
2676 5565 2737 5615 ut
2766 5559 3027 5629 accipias,
3050 5557 3154 5611 tibi
3185 5556 3564 5610 concedimus.

2392 5649 2678 5713 Occidisti,
2739 5654 2836 5702 aut
2890 5648 2950 5701 in
3006 5646 3247 5700 concilio
3299 5645 3454 5699 fuisti
3538 5650 3600 5698 ut
3661 5643 4011 5698 occideretur
