3944 6392
205 423 310 474 955

1305 415 1712 471 BURCHARDI
1751 411 2283 468 WORMACIENSIS
2320 407 2640 466 EPISGOPI

3627 409 3733 460 956

204 543 490 616 paenitens
519 541 618 613 qui
665 540 892 611 publice
950 540 1272 612 paeniteret,
1305 545 1362 595 et
1408 540 1469 594 in
1524 541 1649 609 ipso
1703 539 1913 593 vestitu
1940 541 1988 593 Α
2028 537 2196 592 debet
2233 553 2355 592 esse
2403 536 2524 591 sine
2551 535 2912 606 pmnitentia.
2953 536 3190 604 Tamen,
3218 536 3538 590 secundum
3573 537 3736 590 Wor-

209 633 298 687 vel
350 630 550 686 habitu
595 634 744 684 esset
801 646 915 700 quo
977 630 1162 684 solent
1191 629 1276 682 illi
1333 644 1453 682 esse
1501 628 1601 699 qui
1657 627 1910 682 carinam

205 718 510 791 jejunant?
541 718 589 772 si
606 717 793 772 fecisti
822 717 1096 789 idipsum,
1137 717 1307 771 debes
1321 717 1586 788 jejunare
1617 716 1768 786 quod
1790 715 1911 786 ipse

209 810 524 879 inceperat,
559 811 616 860 et
671 806 777 860 boc
801 811 986 860 totum
1019 806 1318 860 observare
1351 805 1503 876 quod
1557 811 1712 859 retro
1763 821 1912 874 prte-

210 902 443 966 ceptum
470 901 554 950 est
583 896 654 950 de
707 895 796 949 his
830 895 932 965 qui
984 893 1259 949 homicidi
1315 899 1519 964 sponte
1564 898 1620 948 et
1661 909 1765 964 per
1811 909 1910 947 cu-

208 985 513 1057 piditatem
546 983 979 1037 commiserunt.

286 1073 489 1128 Fecisti
529 1072 950 1126 truncationem
1010 1086 1311 1135 manuum,
1370 1075 1471 1124 aut
1529 1071 1763 1141 pedum,
1814 1075 1915 1124 aut

213 1163 407 1217 oculos
464 1161 652 1215 fratris
701 1161 785 1214 tui
825 1159 1047 1227 eruisti,
1103 1165 1202 1212 aut
1254 1159 1569 1212 vulnerasti
1623 1159 1913 1229 aliquem?

213 1267 320 1321 pro
367 1251 748 1315 truncatione,
808 1249 942 1320 quia
993 1247 1322 1318 proximum
1374 1253 1430 1301 et
1481 1248 1716 1300 fratrem
1748 1252 1913 1301 tuum

217 1338 464 1393 debilem
496 1342 552 1392 et
596 1337 704 1391 sibi
751 1337 1014 1390 inutilem
1072 1336 1275 1400 fecisti,
1327 1335 1437 1389 nisi
1467 1352 1572 1405 pro
1601 1335 1775 1401 furto,
1816 1339 1916 1389 aut

213 1444 318 1499 pro
378 1425 699 1494 latrocinio,
771 1426 886 1480 sive
947 1442 1052 1495 pro
1111 1441 1251 1496 pace
1310 1423 1609 1478 communi
1663 1424 1908 1492 fecisses,

214 1529 396 1570 unum
447 1531 663 1568 annum
689 1513 940 1584 graviter
976 1513 1256 1584 pmnitere
1287 1513 1478 1567 debes.
1537 1514 1646 1566 Pro
1679 1513 1914 1566 vulnera

214 1609 424 1672 autem,
457 1603 505 1657 si
549 1619 720 1674 grave
750 1609 855 1668 est,
907 1607 963 1656 et
988 1602 1277 1656 cicatrices
1308 1602 1591 1656 deformes
1623 1601 1910 1668 habuerit,

213 1709 279 1747 eo
310 1693 462 1763 quod
492 1693 822 1762 proximum
851 1697 1017 1745 tuum
1060 1695 1116 1745 et
1146 1691 1377 1746 fratrem
1425 1691 1742 1745 deformem
1782 1690 1912 1744 red-

211 1781 441 1844 dideris,
477 1781 859 1853 quadraginta
889 1780 1010 1834 dies
1050 1779 1109 1833 in
1141 1795 1290 1850 pane
1345 1783 1402 1834 et
1451 1795 1600 1850 aqua
1633 1779 1911 1850 poenitere

215 1869 408 1925 debes.

284 1957 622 2013 lnterfecisti
669 1958 854 2011 furem
895 1961 993 2011 aut
1020 1957 1326 2020 latronem,
1361 1956 1462 2010 ubi
1507 1956 1916 2026 comprehendi

213 2051 434 2118 poterat
491 2046 707 2116 absque
786 2045 1089 2111 occisione,
1168 2051 1227 2099 et
1275 2051 1471 2099 tamen
1547 2044 1917 2098 interfecisti?

213 2135 351 2206 quia
381 2135 452 2188 ad
492 2134 806 2206 imaginem
867 2133 968 2187 Dei
1005 2137 1245 2201 creatus,
1297 2139 1354 2186 et
1409 2133 1466 2186 in
1505 2133 1741 2187 nomine
1791 2133 1917 2204 ejus

215 2223 557 2293 baptizatus,
590 2229 647 2276 et
678 2222 956 2292 sanguine
989 2223 1114 2292 ejus
1141 2221 1473 2292 redemptus
1505 2225 1607 2288 est,
1667 2221 1752 2276 XL
1795 2221 1915 2275 dies

215 2327 331 2365 non
359 2311 537 2364 intres
567 2311 625 2363 in
645 2310 974 2376 Ecclesiam,
1005 2310 1172 2363 lanea
1191 2314 1341 2363 veste
1370 2309 1625 2375 indutus,
1666 2309 1735 2367 ab
1777 2309 1917 2363 escis

215 2405 272 2453 et
325 2399 554 2469 potibus
586 2399 687 2469 qui
738 2399 1029 2454 interdicti
1087 2402 1238 2465 sunt,
1301 2402 1359 2453 et
1404 2414 1437 2451 a
1469 2403 1613 2464 toro,
1665 2415 1696 2452 a
1726 2399 1918 2468 gladio

215 2493 270 2542 et
302 2489 371 2542 ab
401 2489 659 2559 equitatu
693 2488 820 2542 illos
861 2487 1218 2558 supradictos
1247 2487 1367 2542 dies
1398 2493 1453 2540 te
1511 2486 1815 2541 abstineas.
1851 2489 1917 2541 In

212 2576 380 2630 tertia
411 2581 602 2629 autem
649 2576 809 2644 feria,
847 2583 902 2630 et
945 2576 1004 2630 in
1039 2575 1239 2646 quinta
1283 2580 1339 2629 et
1369 2575 1427 2628 in
1458 2574 1691 2628 sabbato
1720 2575 1914 2646 aliquo

218 2681 429 2735 genere
486 2664 867 2734 leguminum,
946 2665 1032 2718 vel
1098 2663 1350 2717 oleribus
1415 2667 1471 2716 et
1541 2663 1750 2732 pomis,
1828 2664 1915 2716 vel

216 2752 408 2822 parvis
455 2753 742 2822 pisciculis
794 2770 924 2808 cum
988 2752 1265 2808 mediocri
1320 2752 1556 2806 cervisia
1616 2757 1798 2818 utere,
1860 2757 1916 2806 et

216 2844 552 2911 temperate.
604 2842 660 2897 Si
705 2848 896 2896 autem
947 2841 1069 2895 sine
1111 2842 1226 2895 odii
1271 2841 1661 2908 meditatione,
1707 2845 1760 2894 te
1790 2845 1916 2894 tua-

217 2946 328 3000 que
355 2930 673 2997 liberando,
708 2930 922 2984 diaboli
962 2931 1287 2984 membrum
1311 2929 1666 2995 interfecisti,
1711 2945 1915 2982 secun-

219 3019 354 3072 dum
389 3018 807 3088 indulgentiam
851 3018 997 3086 dico,
1044 3025 1284 3089 propter
1313 3018 1628 3088 imaginem
1684 3017 1802 3083 Dei,
1871 3018 1920 3070 si

2023 626 2311 680 maciense
2341 625 2670 690 consilium,
2702 624 2781 678 ita
2808 623 2979 678 debes
3009 624 3290 694 paenitere
3323 640 3336 678 :
3372 623 3429 678 Si
3466 625 3731 679 sacerdo-

2022 720 2140 769 tem
2169 713 2488 768 voluntarie
2517 711 2809 779 occideris,
2853 727 3083 766 carnem
3116 727 3231 766 non
3285 713 3619 780 manduces,
3674 717 3732 768 et

2023 803 2223 857 vinum
2270 819 2388 856 non
2417 802 2580 856 bibas
2635 802 2853 855 cunctis
2873 801 3076 856 diebus
3129 801 3258 856 vitae
3305 806 3438 856 tuae.
3495 802 3731 873 Jejunes

2025 891 2282 964 quotidie
2312 907 2495 962 usque
2530 891 2597 945 ad
2640 906 2956 961 vesperam,
2999 890 3250 960 exceptis
3282 889 3484 944 diebus
3539 890 3721 958 festis,

2023 985 2194 1052 atque
2217 979 2546 1048 Dominicis,
2581 996 2740 1033 arma
2762 995 2876 1033 non
2910 979 3076 1044 feras,
3113 994 3328 1049 equum
3359 995 3479 1032 non
3527 995 3728 1033 ascen-

2025 1069 2144 1135 das,
2195 1068 2488 1122 ecclesiam
2528 1083 2632 1138 per
2675 1067 3140 1139 quinquennium
3195 1083 3312 1121 non
3360 1067 3728 1138 ingrediaris,

2024 1157 2123 1211 sed
2179 1161 2310 1210 ante
2367 1157 2518 1211 fores
2574 1157 2826 1210 ecclesia:
2873 1161 3004 1210 stes.
3067 1157 3199 1210 Post
3259 1156 3731 1226 quinquennium

2024 1246 2319 1300 ecclesiam
2361 1245 2685 1315 ingredere,
2730 1245 2984 1299 nondum
3019 1260 3154 1298 vero
3177 1245 3583 1311 communices,
3630 1245 3731 1299 sed

2023 1334 2084 1388 in
2113 1335 2324 1405 angulo
2357 1335 2607 1388 ecclesiae
2639 1339 2750 1387 stes
2792 1334 2878 1387 vel
2909 1333 3132 1388 sedeas.
3159 1333 3298 1388 Cum
3330 1337 3524 1387 autem
3553 1332 3733 1388 fuerit

2024 1423 2347 1478 duodecimi
2377 1423 2514 1476 anni
2556 1422 2801 1476 circulus
2831 1422 3053 1489 ﬁnitus,
3105 1421 3571 1476 communicandi
3623 1421 3733 1476 tibi

2024 1511 2254 1566 licentia
2283 1512 2645 1577 concedatur,
2689 1515 2750 1564 et
2775 1510 3073 1581 equitandi
3092 1510 3382 1563 tribuatur
3407 1509 3725 1564 remisssio.

2026 1601 2252 1655 Maneas
2279 1605 2473 1654 autem
2524 1599 2583 1652 in
2639 1599 2876 1670 reliquis
2906 1598 3404 1652 observationibus
3458 1603 3574 1652 tres
3605 1598 3730 1652 dies

2026 1705 2130 1760 per
2167 1687 2610 1755 hebdomadam,
2647 1693 2711 1741 ut
2738 1687 3049 1757 perfectius
3077 1686 3374 1757 puriﬁcari
3421 1679 3722 1741 merearis.

2683 1778 2756 1831 De
2782 1777 3048 1846 perjuria.

2099 1863 2299 1921 Fecisti
2323 1863 2645 1935 perjurium
2675 1880 2782 1934 pro
2813 1864 3166 1935 cupiditate?
3195 1864 3280 1919 XL
3310 1863 3432 1918 dies
3464 1864 3524 1917 in
3576 1879 3729 1933 pane

2025 1959 2084 2009 et
2131 1970 2299 2024 aqua,
2375 1953 2524 2024 quod
2582 1954 2788 2023 vulgus
2845 1953 3096 2006 carinam
3152 1957 3333 2016 vocat,
3390 1957 3447 2006 et
3503 1958 3730 2022 septem

2027 2047 2330 2114 sequentes
2384 2058 2566 2096 annos
2596 2043 2676 2095 ita
2706 2041 2969 2096 observes
3016 2046 3081 2094 ut
3111 2040 3465 2095 consuetudo
3493 2045 3597 2094 est.
3666 2041 3736 2095 Et

2027 2132 2286 2203 quandiu
2316 2132 2486 2196 vivas,
2527 2146 2725 2183 omnes
2757 2135 2942 2183 sextas
2970 2129 3144 2182 ferias
3196 2129 3254 2182 in
3286 2144 3434 2198 pane
3465 2133 3522 2182 et
3574 2145 3730 2200 aqua

2019 2221 2269 2291 jejunes.
2317 2219 2384 2272 Et
2437 2218 2482 2271 si
2532 2219 2816 2272 redimere
2867 2217 3135 2282 volueris,
3199 2233 3316 2270 uno
3347 2215 3607 2281 denario,
3640 2217 3734 2271 vel

2025 2308 2209 2380 pretio
2255 2307 2426 2362 unius
2475 2306 2718 2374 denarii,
2775 2307 2865 2359 vel
2909 2311 3024 2358 tres
3076 2320 3361 2374 pauperes
3414 2305 3725 2374 pascendo,

2026 2401 2365 2468 potestatem
2414 2396 2622 2449 habeas
2667 2394 3009 2448 redimendi.
3067 2395 3278 2448 Tamen
3311 2392 3731 2447 Pcenitentialis

2026 2487 2318 2541 Romanus
2372 2483 2683 2553 praecipit:
2743 2483 2802 2538 Si
2872 2483 3003 2553 quis
3063 2497 3167 2552 per
3217 2481 3594 2552 cupiditatem
3663 2498 3724 2535 se

2026 2571 2389 2645 pejeraverit,
2430 2587 2631 2625 omnes
2678 2587 2770 2624 res
2818 2587 2946 2624 suas
2998 2570 3228 2635 vendat,
3261 2576 3314 2622 et
3374 2569 3726 2640 pauperibus

2025 2663 2349 2728 distribuat,
2393 2665 2449 2716 et
2477 2661 2889 2714 monasterium
2945 2659 3253 2730 ingressus,
3284 2659 3410 2729 jugi
3433 2658 3725 2730 pceniten-

2025 2752 2108 2806 tia
2135 2767 2193 2804 se
2224 2751 2444 2814 subdat,

2101 2840 2302 2895 Fecisti
2349 2838 2668 2908 perjurium
2728 2837 2932 2903 sciens,
2996 2841 3058 2892 et
3104 2835 3246 2891 alios
3299 2835 3360 2889 in
3407 2834 3736 2906 perjurium

2030 2929 2353 2984 adduxisti?
2382 2928 2466 2981 XL
2491 2927 2619 2981 dies
2671 2925 2732 2980 in
2785 2942 2933 2997 pane
2992 2931 3050 2980 et
3103 2941 3272 2996 aqua,
3327 2923 3482 2994 quod
3529 2924 3736 2994 vulgus

2029 3018 2284 3072 carinam
2325 3021 2506 3082 vocat,
2535 3016 2817 3086 pcenitere
2847 3015 3037 3079 debes,
3071 3019 3127 3068 et
3155 3018 3375 3083 septem
3427 3018 3738 3082 sequentes

217 3106 436 3177 aliquid
461 3107 722 3176 jejunare
755 3107 1023 3173 volueris,
1055 3106 1270 3160 bonum
1300 3111 1384 3159 est
1419 3107 1543 3173 tibi,
1576 3111 1632 3160 et
1671 3106 1918 3160 eleemo-
1953 3107 1994 3160 C
2032 3123 2234 3172 annos,
2290 3106 2368 3160 ita
2424 3109 2488 3159 ut
2541 3103 2894 3158 consuetudo
2952 3109 3055 3170 est,
3105 3103 3406 3157 observare
3443 3101 3634 3155 debes.
3676 3102 3739 3154 Et

220 3211 388 3265 synas
416 3195 651 3264 largiter
675 3195 781 3249 fac.
811 3195 870 3250 Si
915 3195 1218 3266 presbyter
1263 3195 1464 3249 eadem
1517 3194 1735 3262 fecerit,
1804 3210 1920 3248 non

222 3284 589 3353 deponatur:
658 3288 873 3350 tamen,
943 3283 1200 3354 quandiu
1268 3283 1436 3350 vivat,
1520 3283 1920 3354 paenitentiam

223 3376 376 3443 agat.

291 3459 582 3514 Accusasti
615 3460 888 3530 aliquem,
923 3465 980 3514 et
1007 3475 1111 3530 per
1153 3465 1310 3514 tuam
1340 3460 1759 3514 accusationem
1826 3477 1919 3515 oc-

221 3547 370 3601 cisus
395 3551 498 3615 est,
535 3547 644 3602 nisi
676 3564 780 3619 pro
806 3548 985 3619 pace?
1017 3547 1401 3618 quadraginta
1429 3543 1641 3602 dies'in
1670 3565 1818 3619 pane
1867 3553 1925 3603 et

225 3654 390 3709 aqua,
427 3639 577 3709 quod
611 3638 861 3692 carinam
896 3643 1120 3704 vocant,
1149 3653 1280 3691 cum
1311 3642 1530 3708 septem
1555 3637 1924 3709 sequentibus

223 3726 388 3779 annis
419 3725 700 3796 poenitere
730 3726 916 3780 debes.
951 3726 1009 3781 Si
1041 3731 1233 3779 autem
1265 3741 1371 3795 per
1405 3730 1562 3779 tuam
1602 3727 1923 3779 delaturam

224 3815 549 3870 debilitatus
603 3821 708 3880 est,
767 3821 881 3869 tres
946 3814 1412 3886 quadragesimas
1469 3830 1574 3884 per
1636 3814 1925 3884 legitimas

225 3903 398 3958 ferias
425 3903 704 3974 poenitere
737 3903 926 3958 debes.

297 3992 506 4062 Cepisti
527 3991 800 4062 aliquem,
829 3997 887 4044 et
914 3990 1195 4044 tradidisti
1225 4005 1355 4044 eum
1398 3991 1456 4044 in
1509 3990 1680 4043 talem
1733 3990 1925 4043 locum

224 4081 326 4136 ubi
346 4085 444 4134 aut
464 4080 679 4134 occisus
711 4085 816 4144 est,
841 4084 939 4132 aut
971 4078 1228 4132 membra
1270 4081 1393 4149 ejus
1422 4077 1723 4132 truncata?
1759 4078 1927 4131 simi-

225 4170 358 4224 liter
382 4169 648 4240 jejunare
676 4167 872 4236 debes,
903 4167 1164 4238 quamvis
1193 4167 1346 4222 dicas
1378 4167 1532 4237 quod
1562 4182 1677 4220 non
1737 4182 1803 4220 ea
1835 4183 1925 4220 ra-

226 4259 381 4312 tione
433 4274 564 4311 eum
621 4257 757 4312 illuc
810 4257 1068 4311 traderes
1119 4262 1185 4310 ut
1246 4257 1331 4309 vel
1371 4255 1770 4310 debilitaretur
1839 4257 1924 4309 vel

226 4347 600 4402 occideretur.

298 4436 562 4492 Occidisti
609 4440 672 4490 tu
721 4435 860 4506 ipse,
895 4439 994 4488 aut
1039 4433 1248 4506 aliquis
1295 4449 1399 4504 per
1430 4437 1593 4488 tuum
1625 4433 1928 4488 consilium

229 4526 483 4597 aliquem
513 4542 579 4579 ex
606 4524 998 4579 ecclesiasticis
1027 4523 1163 4577 viris
1198 4525 1312 4577 Deo
1367 4523 1588 4590 dicatis,
1636 4528 1733 4577 aut
1770 4523 1930 4594 psal—

227 4615 478 4681 mistam,
519 4619 618 4668 aut
648 4613 973 4682 ostiarium,
1008 4617 1107 4666 aut
1136 4613 1435 4681 lectorem,
1468 4617 1567 4666 aut
1596 4611 1929 4666 exorcistam

199 4709 328 4769 ,aut
359 4703 704 4774 acolytbum,
737 4707 838 4757 aut
867 4701 1304 4768 subdiaconum,
1337 4705 1437 4755 aut
1465 4701 1789 4767 diaconum,
1832 4705 1931 4754 aut

229 4790 665 4862 presbyterum?
704 4789 760 4846 Si
805 4789 1006 4856 fecisti,
1063 4789 1324 4859 singulos
1366 4788 1620 4855 ordines,
1673 4789 1929 4859 singulos

231 4880 442 4949 gradus
473 4879 838 4949 singulariter
883 4879 1166 4948 paenitere
1214 4877 1405 4932 debes.
1467 4879 1549 4930 Ita
1604 4877 1930 4932 faciendum

232 4973 316 5023 est
345 4967 468 5033 tibi,
501 4972 568 5020 ut
596 4983 699 5037 pro
731 4966 1049 5033 Psalmista,
1081 4965 1175 5020 XL
1203 4965 1326 5019 dies
1366 4964 1427 5018 in
1456 4981 1604 5036 pane
1655 4971 1712 5020 et
1757 4981 1928 5036 aqua,

232 5056 386 5128 quod
433 5054 740 5110 Teutonice
803 5054 997 5109 carina
1049 5060 1300 5120 vocatur,
1364 5070 1495 5108 cum
1560 5060 1782 5125 septem
1843 5071 1929 5108 se-

232 5144 542 5217 quentibus
597 5143 764 5198 annis
824 5143 1120 5213 pceniteas.
1187 5144 1296 5197 Pro
1353 5142 1586 5197 ostiario
1643 5143 1928 5211 similiter,

231 5252 335 5306 pro
392 5235 602 5288 lectore
666 5233 956 5298 similiter,
1011 5248 1114 5304 pro
1165 5232 1445 5286 exorcista
1489 5232 1773 5300 similiter,
1828 5249 1932 5303 pro

235 5323 533 5394 acoloytho
557 5322 842 5386 similiter,
867 5338 974 5393 pro
997 5321 1346 5376 subdiacono
1371 5320 1658 5389 similiter,
1687 5337 1794 5391 pro
1818 5320 1934 5374 dia-

233 5429 377 5466 cono
411 5411 692 5479 similiter,
715 5428 821 5481 pro
844 5411 1177 5481 presbytero
1211 5409 1475 5464 similiter
1507 5425 1520 5462 :
1555 5409 1692 5479 quia
1740 5408 1935 5462 omnia

234 5499 533 5569 presbyter
560 5505 687 5553 octo
718 5499 946 5553 ordines
986 5499 1178 5554 habet.
1212 5498 1593 5568 Quapropter,
1621 5496 1809 5550 omnis
1837 5496 1936 5566 qui

237 5585 581 5640 interfecerit
615 5587 933 5640 voluntarie
971 5587 1393 5656 presbyterum,
1441 5586 1520 5640 ita
1550 5584 1721 5640 debet
1750 5585 1935 5656 poeni-

237 5679 379 5738 tere,
413 5676 477 5726 ut
499 5676 626 5724 octo
653 5673 964 5727 homicidia
992 5677 1196 5742 sponte
1215 5674 1541 5741 commissa,
1564 5678 1619 5728 et
1639 5689 1938 5744 nunquam

2031 3201 2114 3251 tot
2146 3194 2402 3266 perjuria
2424 3194 2596 3248 debes
2620 3193 2905 3263 jejunare,
2934 3197 3077 3262 quot
3125 3191 3390 3244 homines
3438 3189 3623 3243 sciens
3667 3189 3738 3243 ad

2028 3284 2349 3357 perjurium
2398 3281 2706 3349 adduxisti,
2748 3285 2803 3335 et
2842 3280 2954 3350 ipsi
2993 3279 3356 3350 suaperjuria
3404 3278 3738 3346 emendent,

2031 3378 2090 3428 ut
2118 3389 2292 3443 supra
2316 3376 2576 3426 notatum
2600 3375 2702 3434 est,
2738 3370 2787 3424 si
2821 3369 3066 3424 scientes
3089 3369 3367 3423 fecerunt.
3387 3366 3487 3422 Sin
3519 3371 3736 3432 autem,

2029 3461 2230 3516 levius.

2103 3548 2303 3605 Fecisti
2335 3547 2656 3620 perjurium
2687 3550 2935 3611 coactus,
2974 3549 3030 3599 et
3079 3561 3185 3616 pro
3229 3543 3588 3608 necessitate,
3638 3548 3741 3597 aut

2029 3655 2136 3710 pro
2186 3638 2302 3692 vita
2329 3635 2468 3692 tua?
2505 3636 2643 3707 quia
2682 3634 2928 3690 dilexisti
2958 3650 3167 3704 corpus
3214 3634 3345 3703 plus
3389 3648 3564 3704 quam
3607 3632 3738 3685 ani-

2033 3743 2208 3794 mam,
2268 3726 2651 3798 quadraginta
2700 3724 2840 3790 dies,
2901 3723 2956 3776 id
3011 3727 3095 3776 est
3143 3722 3417 3787 carinam,
3467 3721 3528 3773 in
3587 3735 3739 3791 pane

2032 3821 2088 3869 et
2130 3832 2281 3887 aqua
2329 3815 2607 3886 poenitere
2645 3813 2838 3881 debes,
2875 3817 2931 3866 et
2956 3828 3158 3866 omnes
3185 3817 3373 3865 sextas
3403 3810 3573 3864 ferias
3604 3825 3738 3881 quas

2032 3909 2165 3958 sunt
2193 3904 2254 3958 in
2277 3904 2444 3957 unius
2475 3901 2614 3956 anni
2636 3901 2869 3968 circulo,
2902 3901 2964 3955 in
2990 3916 3139 3970 pane
3167 3906 3226 3954 et
3250 3916 3400 3971 aqua
3429 3899 3738 3970 pceniteas,

2035 3999 2089 4048 et
2116 4009 2231 4048 non
2255 3992 2522 4047 redimas.

2568 4083 2641 4135 De
2681 4081 2848 4134 otioso
2871 4078 3202 4147 juramento.

2107 4168 2425 4225 Promisisti
2456 4167 2746 4222 meretrici
2765 4167 2855 4221 vel
2877 4166 3153 4220 adulterae
3181 4165 3508 4236 juramento
3539 4163 3740 4231 fidem,

2036 4263 2136 4313 aut
2173 4257 2396 4328 aliquid
2450 4257 2564 4311 tale
2613 4271 2744 4310 cum
2789 4255 3120 4326 juramento
3184 4251 3525 4322 promisisti,
3592 4254 3754 4323 quod

1958 4379 2002 4433 Β
2043 4352 2242 4402 contra
2271 4348 2364 4416 jus
2421 4361 2710 4399 canonum
2753 4343 2942 4398 esset?
2993 4341 3275 4413 poeniteas
3325 4341 3752 4413 juramentum,

2039 4441 2097 4491 et
2145 4437 2346 4505 frange
2389 4433 2818 4504 jusjurandum,
2880 4436 2937 4486 et
2982 4431 3128 4485 illud
3161 4430 3368 4484 melius
3425 4435 3483 4484 et
3532 4431 3750 4501 justi’us

2037 4527 2122 4580 est
2152 4539 2325 4594 quam
2373 4537 2712 4593 permanere
2757 4520 2819 4575 in
2873 4519 3057 4590 stupri
3111 4515 3332 4588 flagitio
3376 4524 3478 4572 aut
3533 4519 3594 4572 in
3627 4520 3744 4574 alio

2039 4613 2232 4683 aliquo
2253 4612 2420 4676 malo,
2455 4610 2593 4681 quia
2621 4609 2897 4680 scriptum
2928 4613 3012 4662 est
3043 4624 3056 4662 :
3097 4630 3119 4656 ε
3178 4607 3398 4678 lnjusta
3426 4612 3556 4661 vota
3583 4607 3742 4662 fran-

2039 4701 2229 4773 genda
2259 4704 2409 4754 sunt.
2447 4720 2473 4749 ››

2111 4789 2168 4844 Si
2191 4788 2399 4860 jurasti
2445 4803 2549 4858 per
2576 4786 2848 4857 capillum
2882 4784 3005 4850 Dei,
3066 4787 3176 4837 aut
3211 4797 3314 4854 per
3367 4786 3538 4851 caput
3592 4781 3739 4849 ejus,

2040 4879 2127 4933 vel
2159 4877 2271 4931 alio
2301 4876 2470 4931 modo
2514 4874 2870 4945 blasphemia
2919 4877 3118 4926 contra
3147 4873 3328 4926 Deum
3356 4886 3495 4923 usus
3525 4869 3742 4936 fueras,

2041 4968 2090 5022 si
2124 4967 2297 5021 semel
2354 4963 2611 5019 nesciens
2665 4963 2868 5025 fecisti,
2926 4966 3146 5031 septem
3203 4959 3324 5014 dies
3382 4958 3441 5011 in
3489 4973 3636 5028 pane
3691 4963 3751 5011 et

2041 5072 2191 5128 aqua
2227 5054 2525 5125 pmniteas.
2576 5052 2634 5107 Si
2693 5051 2940 5105 secundo
3001 5051 3088 5102 vel
3147 5047 3337 5112 tertio,
3392 5046 3745 5115 increpatus,

2041 5143 2250 5214 fecisti,
2279 5144 2366 5198 XV
2405 5143 2524 5196 dies
2572 5142 2633 5194 in
2673 5156 2819 5211 pane
2859 5143 2916 5193 et
2964 5154 3115 5209 aqua
3165 5135 3466 5207 pceniteas.
3527 5134 3586 5190 Si
3641 5150 3750 5204 per

2042 5233 2251 5289 cmlum
2328 5235 2428 5285 aut
2481 5245 2585 5301 per
2638 5234 2876 5295 terram,
2934 5227 3050 5280 sive
3100 5240 3203 5296 per
3249 5225 3425 5277 solem
3499 5222 3587 5276 vel
3646 5238 3752 5292 per

2042 5324 2262 5385 lunam,
2297 5325 2395 5374 aut
2445 5335 2548 5391 per
2596 5319 2768 5372 aliam
2822 5316 3076 5386 aliquam
3130 5318 3474 5378 creaturam,
3507 5311 3592 5365 XV
3626 5311 3752 5366 dies

2044 5410 2105 5464 in
2130 5425 2277 5479 pane
2312 5412 2367 5461 et
2397 5421 2548 5477 aqua
2569 5405 2870 5476 pmniteas.

2115 5497 2172 5552 Si
2204 5499 2558 5549 sacramento
2615 5499 2670 5548 te
2713 5491 2982 5562 obligasti
3015 5495 3080 5544 ut
3129 5489 3200 5543 ad
3253 5502 3452 5559 pacem
3509 5486 3755 5556 alicujus

2047 5584 2269 5639 inimici
2296 5584 2382 5637 tui
2412 5583 2573 5636 nullo
2609 5581 2780 5635 modo
2811 5578 3048 5645 redires,
3079 5594 3186 5648 pro
3223 5574 3477 5647 perjurio
3529 5589 3752 5628 annum

2050 5688 2233 5726 unum
2273 5689 2305 5725 a
2348 5685 2586 5740 corpore
2628 5673 2686 5723 et
2714 5666 2994 5739 sanguine
3027 5663 3258 5722 Domini
3288 5663 3364 5717 sis
3415 5666 3753 5734 segregatus
