3944 6452
190 491 294 542 957
1049 489 1530 547 DECRETORUM
1572 491 1761 546 LIBRI
1798 490 1907 546 XX.

1950 517 2017 529 —
2056 489 2265 545 LIBER
2306 488 2615 546 DECIMUS
2654 490 2894 547 NONUS.

3620 496 3723 549 958

191 618 250 667 et
276 612 365 668 XL
393 611 516 666 dies
548 611 609 665 in
648 627 799 682 pane
824 617 879 667 et
919 627 1068 683 aqua
1118 613 1426 683 p:eniteas:
1458 614 1531 668 ad
1570 614 1907 669 charitatem
1935 615 1983 669 Α
2021 618 2287 683 stuprum
2334 614 2698 685 perpetrasti,
2749 615 2948 668 decem
3006 614 3130 669 dies
3186 615 3246 669 in
3305 632 3455 686 pane
3488 623 3543 671 et
3573 633 3725 687 aqua

191 716 347 765 vero,
410 716 543 771 quae
597 700 785 771 cperit
839 700 1270 756 multitudinem
1323 707 1707 774 peccatorum,
1760 704 1908 758 cele-

191 790 333 843 riter
360 789 507 844 redi.

270 877 328 932 Si
358 877 634 941 deﬁnisti,
691 878 775 932 vel
822 878 1154 949 juramento
1207 883 1264 934 te
1329 880 1648 935 obﬁrmasti
1689 881 1909 952 aliquid

198 981 365 1036 agere
397 966 552 1037 quod
591 967 707 1020 Deo
738 982 855 1021 non
880 968 1153 1038 placeret,
1201 968 1365 1039 juxta
1419 969 1650 1023 modum
1692 969 1913 1039 peccati

199 1055 604 1126 paanitentiam
653 1072 778 1128 age,
840 1062 895 1110 et
960 1057 1069 1110 hoc
1127 1058 1282 1128 quod
1322 1063 1536 1111 temere
1594 1063 1650 1111 et
1698 1058 1912 1128 injuste

201 1144 473 1211 deﬁnisti,
507 1145 570 1199 in
618 1146 848 1200 irritum
879 1151 1194 1201 revocetur.
1228 1146 1282 1201 Si
1315 1147 1531 1217 aliquid
1589 1151 1644 1201 te
1684 1147 1911 1200 incaute

198 1232 419 1303 jurasse
448 1233 791 1305 contigerat,
846 1235 998 1305 quod
1030 1236 1389 1289 observatum
1421 1238 1678 1306 pejorem
1729 1241 1911 1289 verte-

202 1327 361 1376 retur
416 1323 475 1376 in
508 1323 745 1385 exitum,
795 1324 959 1394 juxta
989 1324 1285 1395 synodalia
1316 1325 1542 1378 decreta
1572 1326 1908 1379 mutandum

202 1409 589 1479 decernimus,
638 1411 872 1483 [potius]
919 1429 1114 1483 quam,
1170 1418 1222 1467 te
1253 1420 1626 1483 permanente
1665 1413 1726 1467 in
1749 1415 1907 1483 jura-

199 1504 417 1567 mento,
450 1499 513 1553 in
546 1500 702 1555 aliud
732 1501 951 1555 crimen
984 1502 1171 1570 majus
1210 1502 1540 1556 deverteris.

918 1610 1000 1662 De
1026 1610 1198 1674 furto.

272 1713 517 1766 Furatus
573 1729 634 1765 es
666 1712 886 1783 aliquid
929 1714 999 1768 de
1029 1714 1412 1768 ecclesiastico
1461 1716 1730 1769 thesauro
1761 1715 1911 1769 infra

198 1800 520 1867 ecclesiam,
554 1801 671 1855 sive
702 1817 930 1869 aurum,
968 1802 1083 1856 sive
1114 1808 1442 1873 argentum,
1475 1805 1590 1858 sive
1631 1820 1908 1873 gemmas,

198 1889 315 1943 sive
382 1890 585 1959 libros,
657 1890 773 1945 sive
850 1892 1027 1962 pallia
1084 1892 1299 1958 altaris,
1366 1893 1481 1946 sive
1538 1893 1980 1961 sacerdotalia};

197 1978 566 2045 vestimenta;
595 1978 711 2033 sive
740 1981 885 2045 vela,
934 1980 1051 2034 sive
1082 1981 1312 2050 tapetia,
1359 1980 1476 2034 sive
1508 1981 1725 2051 aliquid
1757 1982 1909 2051 quod

201 2067 269 2121 ad
301 2068 559 2121 ecclesiae
610 2083 776 2121 usum
832 2069 919 2122 vel
969 2070 1165 2123 datum
1225 2076 1331 2135 est,
1387 2071 1477 2123 vel
1533 2071 1742 2123 factum
1784 2070 1909 2125 est?

198 2155 243 2208 si
275 2155 481 2221 fecisti,
540 2156 715 2210 redde
775 2158 925 2227 quod
965 2158 1166 2225 tulisti,
1226 2163 1282 2212 et
1340 2164 1456 2211 tres
1518 2159 1738 2211 carinas
1777 2175 1905 2211 cum

198 2250 417 2314 septem
479 2246 855 2315 sequentibus
907 2246 1073 2299 annis
1106 2247 1403 2316 poeniteas.
1450 2246 1509 2301 Si
1540 2248 1692 2317 ipsas
1723 2262 1909 2300 sacras

197 2333 475 2405 reliquias
519 2334 744 2388 furatus
774 2349 856 2403 es,
906 2334 1215 2405 reportatis
1248 2334 1444 2403 sacris,
1493 2342 1715 2405 septem
1759 2335 1907 2388 cari-

199 2438 299 2476 nas
318 2424 484 2492 jejun
494 2438 592 2476 are
608 2422 803 2477 debes.

267 2511 324 2566 Si
346 2510 639 2580 infregisti
669 2510 913 2581 alicujus
935 2508 1241 2567 Christiani
1268 2511 1503 2565 domum
1530 2527 1635 2581 per
1661 2516 1905 2576 noctem,

201 2604 254 2653 et
308 2599 391 2653 ibi
452 2598 639 2652 tulisti
679 2598 802 2670 ejus
849 2599 1266 2669 quadrupedia,
1300 2599 1358 2653 id
1399 2604 1484 2653 est
1532 2606 1631 2653 aut
1694 2616 1907 2670 equum

199 2693 294 2741 aut
344 2688 578 2754 bovem,
638 2694 738 2741 aut
790 2688 902 2741 alia
931 2687 1054 2757 ejus
1100 2688 1393 2753 animalia,
1456 2695 1557 2742 aut
1609 2688 1908 2743 fortiorem

200 2792 433 2830 causam
514 2776 803 2830 valentem
881 2776 1263 2846 quadraginta
1338 2776 1569 2844 solidos,
1654 2778 1907 2846 pretium

194 2865 386 2929 redde,
419 2868 476 2917 et
513 2880 734 2918 annum
779 2880 962 2917 unum
1016 2880 1120 2934 per
1166 2864 1454 2934 legitimas
1506 2865 1675 2919 ferias
1724 2867 1907 2935 poeni-

198 2957 312 3006 tere
343 2952 545 3006 debes.
609 2952 666 3005 Si
716 2955 908 3005 autem
966 2967 1087 3005 non
1139 2952 1352 3017 reddis,
1407 2953 1550 3006 duos
1596 2970 1775 3007 annos
1806 2971 1909 3023 per

198 3040 488 3110 legitimas
539 3039 714 3093 ferias
770 3040 1048 3110 poenitere
1096 3040 1289 3094 debes.
1343 3041 1400 3095 Si
1449 3041 1635 3111 majus
1685 3042 1906 3097 furtum

199 3128 405 3197 fecisti,
469 3128 655 3198 magis
712 3129 885 3183 debes
936 3129 1239 3197 paenitere.
1282 3131 1347 3183 Et
1394 3130 1439 3183 si
1496 3147 1646 3200 saepe
1702 3131 1901 3198 fecisti,

199 3218 355 3269 tanto
376 3216 570 3285 magis
610 3217 784 3271 debes
825 3232 1038 3288 augere
1104 3217 1524 3289 paenitentiam.
1560 3219 1619 3273 Si
1670 3236 1908 3290 parvum

201 3304 417 3359 furtum
467 3304 675 3371 fecisti,
735 3305 933 3359 decem
976 3305 1098 3361 dies
1144 3307 1206 3359 in
1273 3322 1422 3376 pane
1453 3312 1508 3361 et
1560 3324 1706 3378 aqua
1736 3308 1910 3363 debes

201 3393 517 3461 paenitere:
574 3392 738 3463 pueri
765 3392 1020 3464 quinque
1078 3393 1197 3448 dies
1247 3394 1306 3448 in
1335 3411 1485 3465 pane
1517 3400 1573 3449 et
1603 3413 1751 3467 aqua
1782 3414 1909 3467 poe-

205 3482 445 3535 niteant.

892 3573 968 3625 De
1000 3572 1223 3640 rapina.

269 3675 324 3730 Si
354 3674 627 3747 rapinam
682 3675 887 3743 fecisti,
921 3676 1150 3748 gravius
1206 3674 1378 3732 debes
1432 3678 1739 3748 poenitere:
1776 3679 1910 3750 quia

205 3764 589 3820 miserabilius
618 3770 704 3819 est
752 3765 906 3837 quod
964 3781 1068 3836 per
1121 3765 1239 3819 vim
1294 3782 1352 3819 se
1382 3766 1611 3821 vidente
1651 3767 1909 3837 rapuisti,

205 3868 371 3922 quam
402 3853 555 3924 quod
591 3852 720 3919 sibi,
779 3851 1106 3908 dormiente
1142 3854 1230 3907 vel
1263 3854 1517 3922 absente,
1568 3855 1789 3908 furatus
1831 3872 1908 3909 es.

204 3939 256 3994 Si
284 3941 472 3996 fecisti
498 3941 720 3995 furtum
752 3941 1104 3995 necessitatis
1132 3957 1321 4009 causa,
1381 3941 1460 3996 sic
1512 3942 1637 3996 dico
1686 3947 1747 3997 ut
1796 3960 1912 3997 non

204 4028 439 4085 haberes
482 4030 638 4085 unde
686 4029 923 4097 viveres,
985 4034 1041 4083 et
1070 4034 1306 4101 propter
1362 4030 1529 4084 famis
1586 4032 1908 4102 penuriam,

207 4122 260 4171 et
285 4122 511 4173 tantum
570 4118 791 4172 furatus
847 4134 906 4171 es
958 4118 1226 4172 victualia
1279 4123 1439 4173 extra
1482 4120 1799 4188 ecclesiam,
1858 4126 1914 4175 et

209 4220 316 4259 non
371 4210 613 4277 propter
669 4205 1146 4262 consuetudinem
1194 4207 1391 4275 fecisti,
1443 4209 1615 4263 redde
1646 4211 1797 4279 quod
1827 4214 1915 4263 tu-

209 4292 337 4359 listi,
372 4298 430 4349 et
458 4299 579 4349 tres
610 4299 794 4348 sextas
838 4294 1010 4349 ferias
1057 4294 1117 4348 in
1146 4311 1296 4365 pane
1330 4300 1387 4349 et
1418 4312 1567 4367 aqua
1608 4297 1909 4367 poeniteas.

212 4379 266 4434 Si
291 4386 482 4436 autem
513 4382 754 4436 reddere
788 4398 905 4437 non
959 4382 1199 4454 poteris,
1250 4383 1447 4438 decem
1494 4384 1617 4439 dies
1664 4386 1723 4439 in
1763 4401 1913 4456 pane

212 4472 264 4522 et
280 4485 427 4541 aqua
452 4471 756 4543 pmniteas.

854 4560 936 4614 De
982 4560 1274 4616 adulterio.

275 4664 587 4719 Maschatus
634 4681 692 4719 es
722 4682 854 4720 cum
916 4682 1093 4721 uxore
1123 4667 1375 4734 alterius,
1410 4671 1473 4721 tu
1530 4684 1646 4722 non
1699 4668 1917 4723 habens

213 4753 487 4808 uxorem?
519 4753 614 4808 XL
647 4754 768 4809 dies
790 4755 849 4809 in
872 4771 1021 4825 pane
1053 4760 1299 4825 etaqua,
1332 4756 1486 4826 quod
1527 4756 1588 4810 in
1618 4757 1916 4811 communi

212 4854 466 4896 sermone
523 4843 717 4896 carina
771 4847 1027 4911 vocatur,
1087 4859 1218 4898 cum
1269 4847 1489 4915 septem
1540 4846 1915 4916 sequentibus

213 4930 367 4984 annis
390 4931 692 5002 pasniteas.

275 5016 329 5071 Si
358 5020 677 5074 mmchatus
721 5035 781 5073 es
827 5024 885 5073 tu
922 5023 1195 5074 uxoratus
1240 5036 1369 5074 cum
1425 5020 1657 5075 alterius
1717 5038 1910 5088 uxore,

212 5105 337 5174 quia
399 5108 656 5163 habuisti
717 5109 1009 5179 quomodo
1065 5108 1339 5179 impleres
1381 5114 1539 5164 tuam
1590 5110 1910 5179 libidinem,

214 5192 343 5249 duas
372 5197 616 5265 carinas,
670 5213 802 5252 cum
854 5198 1294 5269 quatuordecim
1342 5198 1717 5270 sequentibus
1746 5201 1913 5255 annis

214 5283 481 5349 poenitere
511 5285 709 5352 debes,
750 5300 928 5340 unam
969 5284 1105 5358 quia
1164 5301 1338 5357 super
1370 5302 1606 5341 uxorem
1640 5292 1801 5342 tuam
1828 5289 1910 5342 al-

214 5372 383 5427 teram
439 5372 718 5443 habuisti,
788 5390 916 5429 ecce
993 5390 1175 5428 unum
1222 5374 1601 5429 adulterium:
1661 5376 1912 5430 habuisti

216 5458 377 5516 etiam
396 5463 637 5518 alterius
665 5478 926 5531 uxorem,
955 5478 1084 5517 ecce
1106 5462 1264 5518 aliud
1285 5463 1653 5531 adulterium,
1685 5469 1742 5519 et
1765 5481 1913 5519 nuu-

219 5562 378 5617 quam
404 5552 584 5609 debes
600 5567 727 5608 esse
756 5551 880 5607 sine
909 5551 1272 5622 poenitentia.

815 5660 891 5713 De
920 5657 1308 5724 fornicatione.

284 5740 338 5795 Si
401 5748 463 5799 tu
528 5745 752 5800 solutus
808 5745 880 5801 ab
942 5761 1123 5801 uxore
1181 5762 1313 5801 cum
1387 5745 1603 5801 femina
1677 5750 1910 5801 vacante

2016 702 2315 772 poeniteas,
2362 703 2410 756 si
2466 718 2598 757 cum
2654 702 2893 774 propria
2943 702 3167 769 ancilla,
3226 703 3492 759 similiter
3537 706 3722 775 poeni-

2016 796 2157 845 teas.

2088 880 2147 933 Si
2177 878 2445 933 dimisisti
2475 895 2737 946 uxorem,
2769 884 2950 948 tuam,
2983 886 3039 933 et
3064 881 3236 935 aliam
3267 881 3495 947 duxisti,
3530 883 3723 953 accipe

2018 968 2269 1038 priorem
2313 984 2570 1033 uxorem,
2613 973 2669 1021 et
2710 968 2964 1022 carinam
2998 985 3173 1023 unam
3214 970 3276 1023 in
3306 986 3453 1040 pane
3487 976 3545 1025 et
3576 988 3725 1041 aqua

2017 1072 2145 1110 cum
2179 1063 2397 1125 septem
2429 1057 2799 1127 sequentibus
2841 1058 3007 1110 annis
3040 1058 3339 1127 pceniteas,
3370 1059 3506 1129 quia
3545 1060 3721 1129 scrip-

2019 1151 2183 1215 ptum
2206 1151 2321 1199 est:
2351 1170 2375 1191 α
2400 1146 2557 1209 Quod
2582 1147 2730 1199 Deus
2752 1147 3064 1217 conjunxit,
3084 1147 3257 1201 homo
3282 1164 3397 1200 non
3420 1155 3663 1219 separet.
3696 1171 3716 1196 η

2019 1234 2171 1288 Nulli
2191 1235 2321 1287 licet
2372 1251 2607 1287 uxorem
2639 1251 2801 1288 suam
2843 1234 3153 1299 dimittere,
3198 1236 3307 1289 nisi
3338 1253 3507 1290 causa
3536 1237 3721 1289 forni-

2019 1324 2280 1387 cationis,
2311 1323 2367 1377 id
2401 1329 2506 1387 est,
2536 1324 2583 1375 si
2643 1324 2766 1393 ipsa
2803 1324 3149 1377 adulterium
3192 1341 3320 1378 cum
3374 1325 3484 1377 alio
3519 1342 3724 1394 perpe-

2018 1410 2283 1477 traverit;
2319 1416 2453 1464 tunc
2510 1411 2640 1464 licet
2695 1412 2852 1465 illam
2894 1412 3184 1465 dimittere
3217 1418 3451 1483 propter
3482 1413 3723 1467 fornica-

2017 1499 2257 1564 tionem,
2286 1500 2381 1553 sed
2430 1500 2529 1553 illa
2555 1500 2780 1553 vivente
2808 1499 2983 1553 aliam
3038 1516 3154 1553 non
3223 1500 3449 1555 dueere.
3515 1501 3624 1554 Sed
3675 1502 3723 1555 si

2020 1587 2099 1642 sic
2129 1588 2337 1657 privati
2375 1589 2661 1642 voluerint
2724 1605 3083 1659 permanere,
3142 1594 3204 1642 ut
3236 1593 3440 1641 neuter
3489 1588 3722 1642 illorum

2020 1694 2077 1730 se
2136 1693 2309 1746 super
2361 1678 2606 1730 alterum
2653 1678 2721 1731 de
2782 1677 3019 1731 discidio
3081 1677 3540 1747 proclamaverit,
3600 1692 3722 1729 ma-

2021 1770 2197 1819 neant
2227 1766 2324 1818 sic.
2360 1766 2417 1820 Si
2475 1770 2670 1820 autem
2709 1782 2767 1818 se
2824 1766 2892 1819 de
2925 1765 3164 1820 discidio
3222 1765 3720 1835 proclamaverint,

2019 1855 2156 1905 tunc
2186 1854 2438 1922 primnm
2470 1855 2772 1925 episcopus
2794 1858 3023 1924 peracta
3054 1854 3205 1908 inter
3234 1870 3329 1907 eos
3360 1853 3717 1924 pcenitentia,

2019 1938 2079 1991 id
2111 1942 2193 1991 est
2223 1946 2351 2009 post
2382 1944 2717 2010 septennem
2758 1940 3176 2011 paenitentiam,
3211 1941 3256 1993 si
3295 1940 3587 2011 petierint,
3631 1940 3724 1994 de-

2020 2026 2117 2080 bet
2148 2044 2245 2081 eos
2271 2029 2662 2083 reconciliare.
2705 2030 2918 2083 Eadem
2950 2030 3039 2082 lex
3070 2029 3179 2082 erit
3222 2030 3427 2082 marito
3454 2029 3723 2082 adversus

2022 2132 2279 2183 uxorem,
2314 2117 2361 2170 si
2392 2118 2514 2188 ipse
2568 2118 2910 2173 adulterium
2944 2118 3376 2188 perpetraverit,
3431 2122 3486 2170 et
3516 2117 3562 2169 si
3600 2117 3724 2187 ipsa

2021 2205 2281 2272 voluerit,
2341 2214 2581 2276 propter
2632 2206 3063 2261 fornicationem
3105 2212 3295 2277 potest
3343 2206 3613 2259 maritum
3644 2206 3725 2258 di-

2020 2293 2268 2356 mittere,
2302 2295 2503 2348 eadem
2556 2295 2777 2349 ratione
2835 2312 2948 2365 qua
2978 2311 3150 2365 supra
3192 2295 3262 2348 de
3303 2310 3477 2347 uxore
3508 2294 3722 2347 adulte-

2019 2382 2168 2436 rium
2192 2388 2556 2454 perpetrante
2585 2384 2800 2437 dictum
2834 2386 2937 2437 est.

2090 2490 2371 2560 Accepisti
2421 2506 2678 2557 uxorem,
2731 2496 2786 2543 et
2816 2507 2931 2544 non
2971 2489 3151 2544 fecisti
3210 2489 3440 2560 nuptias
3472 2488 3722 2559 publice,

2021 2582 2076 2632 et
2106 2595 2221 2631 non
2248 2579 2452 2632 venisti
2507 2580 2576 2633 ad
2623 2580 2918 2633 ecclesiam
2955 2584 3015 2632 tu
3063 2584 3120 2633 et
3147 2595 3291 2633 uxor
3339 2584 3456 2645 tua,
3514 2583 3571 2631 et
3600 2594 3717 2631 non

2018 2667 2316 2736 accepistis
2376 2667 2837 2721 benedictionem
2906 2686 2939 2721 a
2987 2669 3302 2735 sacerdote,
3359 2667 3505 2721 sicut
3547 2667 3607 2720 in
3637 2683 3723 2719 ca-

2020 2756 2269 2810 nonibus
2300 2756 2574 2826 scriptum
2602 2763 2705 2821 est,
2757 2762 2813 2810 et
2843 2773 2953 2809 non
2987 2757 3197 2810 dotasti
3255 2773 3381 2809 eam
3415 2757 3549 2809 dote
3580 2771 3719 2824 qua-

2018 2844 2288 2915 licunque
2328 2845 2582 2915 potuisti,
2644 2845 2761 2897 sive
2800 2850 2970 2910 terra,
3028 2846 3143 2898 sive
3189 2845 3496 2898 mobilibus
3528 2844 3721 2907 rebus,

2019 2949 2176 2996 auro,
2248 2940 2506 3003 argento,
2568 2934 2656 2986 vel
2713 2933 3031 3003 mancipiis,
3087 2934 3174 2987 vel
3222 2932 3590 2997 animalibus,
3633 2932 3723 2985 vel

2011 3021 2175 3090 juxta
2222 3022 2659 3091 possibilitatem
2714 3027 2902 3076 tuam:
2964 3028 3275 3091 postremo,
3328 3024 3414 3075 vel
3464 3020 3722 3087 denario,

2017 3112 2100 3162 vel
2133 3110 2319 3180 pretio
2349 3111 2519 3164 unius
2551 3110 2791 3170 denarii,
2826 3112 2911 3164 vel
2939 3110 3126 3180 pretio
3170 3110 3344 3164 unius
3382 3110 3559 3175 oboli,
3589 3112 3722 3162 tan-

1940 3189 1980 3243 (ἶ
2018 3203 2140 3254 tum
2173 3204 2235 3253 ut
2264 3200 2459 3253 dotata
2500 3200 2705 3255 fieret?
2736 3199 2794 3254 Si
2845 3216 2960 3252 non
2995 3200 3197 3263 fecisti,
3241 3204 3357 3252 tres
3395 3199 3723 3267 Quadrage-

2021 3288 2195 3341 simas
2221 3303 2323 3358 per
2352 3287 2640 3358 legitimas
2670 3288 2840 3342 ferias
2866 3288 3142 3357 paenitere
3174 3288 3362 3342 debes.

2096 3394 2297 3449 Fecisti
2353 3395 2795 3449 fornicationem
2852 3410 2983 3449 cum
3036 3394 3474 3462 sanctimoniali,
3536 3394 3591 3448 id
3644 3399 3726 3448 est

2020 3499 2151 3537 cum
2209 3500 2422 3553 sponsa
2451 3484 2701 3538 Christi?
2730 3484 2786 3539 Si
2834 3484 3038 3549 fecisti,
3092 3485 3177 3538 XL
3232 3483 3354 3538 dies
3401 3485 3462 3537 in
3492 3500 3640 3554 pane
3673 3490 3728 3538 et

2020 3588 2189 3643 aqua,
2223 3573 2374 3642 quod
2408 3573 2664 3626 carinam
2725 3578 2951 3640 vocant,
2991 3588 3120 3625 cum
3179 3579 3400 3643 septem
3440 3573 3726 3644 sequenti-

2020 3660 2126 3715 bus
2155 3660 2322 3714 annis
2352 3660 2646 3730 poeniteas,
2691 3664 2749 3713 et
2774 3659 3029 3730 quandiu
3077 3659 3251 3721 vivas,
3310 3677 3509 3715 omnes
3541 3666 3724 3715 sextas

2020 3748 2192 3803 ferias
2224 3749 2282 3802 in
2321 3765 2469 3818 pane
2490 3755 2548 3803 et
2578 3764 2726 3819 aqua
2748 3748 3030 3801 observes.

2092 3852 2147 3907 Si
2179 3852 2481 3923 corrupisti
2535 3851 2839 3923 virginem,
2884 3857 2940 3906 et
2991 3857 3185 3923 postea
3238 3853 3498 3907 eamdem
3548 3870 3729 3908 susce-

2027 3941 2155 4011 pisti
2180 3957 2439 4008 uxorem,
2474 3957 2540 3995 eo
2572 3942 2725 4012 quod
2755 3941 2903 3994 solas
2934 3942 3187 4011 nuptias,
3215 3942 3369 4011 quod
3408 3942 3727 3996 maximum

2023 4036 2129 4097 est,
2152 4030 2399 4097 violasti,
2426 4046 2643 4084 annum
2676 4046 2857 4084 unum
2913 4046 3015 4100 per
3071 4030 3361 4101 legitimas
3410 4031 3577 4084 ferias
3608 4048 3728 4101 pce-

2022 4119 2221 4173 niteas.
2271 4118 2330 4172 Si
2387 4124 2582 4172 autem
2614 4135 2730 4173 non
2787 4118 2998 4172 duxisti
3042 4135 3171 4173 eam
3224 4124 3350 4190 post
3399 4120 3730 4191 corruptio-

2023 4224 2157 4262 nem
2216 4224 2472 4275 uxorem,
2508 4209 2651 4261 duos
2699 4224 2882 4261 annos
2922 4224 3024 4279 per
3071 4208 3359 4279 legitimas
3408 4209 3575 4263 ferias
3607 4225 3726 4279 pos-

2024 4297 2229 4352 niteas.

2098 4403 2379 4473 Accepisti
2431 4403 2589 4457 illam
2619 4403 2725 4458 tibi
2774 4420 3033 4470 uxorem,
3067 4420 3243 4474 quam
3290 4403 3437 4457 alter
3489 4400 3600 4455 sibi
3631 4402 3728 4455 de-

1944 4466 1988 4520 D
2028 4466 2355 4564 sponsatam
2406 4492 2734 4546 habuerat?
2768 4491 2991 4545 dimitte
3021 4466 3233 4557 Villam,
3268 4490 3403 4560 quia
3433 4505 3732 4560 nunquam

2022 4585 2215 4650 potest
2246 4579 2349 4633 tibi
2379 4579 2503 4632 ﬁeri
2534 4580 2812 4649 legitima,
2844 4584 2898 4632 et
2938 4579 3020 4632 XL
3054 4578 3173 4633 dies
3197 4578 3256 4631 in
3292 4593 3439 4649 pane
3475 4581 3530 4631 et
3559 4594 3727 4646 aqua,

2026 4668 2182 4739 quod
2235 4668 2486 4722 carinam
2542 4672 2757 4734 vocant,
2804 4682 2933 4720 cum
2986 4667 3077 4719 VII
3138 4664 3511 4736 sequentibus
3569 4666 3733 4719 annis

2025 4756 2323 4827 pceniteas.

2098 4861 2358 4932 Rapuisti
2380 4875 2616 4914 uxorem
2645 4864 2825 4925 tuam,
2876 4864 2930 4913 et
2968 4860 3022 4913 vi
3050 4859 3174 4913 sine
3202 4859 3493 4914 voluntate
3522 4858 3724 4913 mulie-

2027 4950 2124 5016 ris,
2159 4951 2245 5005 vel
2276 4952 2580 5020 parentum
2600 4947 2661 5001 in
2693 4964 2942 5019 quorum
2964 4948 3371 5003 mundiburdio
3400 4947 3724 5012 tenebatur,

2021 5040 2181 5093 illam
2208 5038 2548 5093 adduxisti?
2578 5037 2637 5093 Si
2679 5037 2895 5105 fecisti;
2931 5055 3036 5093 nec
3086 5040 3244 5093 illam
3294 5038 3508 5093 habere
3539 5038 3729 5102 debes,

2021 5128 2335 5182 secundum
2366 5143 2653 5181 canonum
2683 5128 3104 5195 auctoritatem,
3140 5144 3243 5183 nec
3271 5127 3444 5182 aliam
3479 5142 3733 5197 unquam

2021 5232 2269 5271 canones
2299 5220 2353 5270 te
2386 5216 2597 5270 habere
2633 5217 2974 5271 concedunt.
3008 5217 3064 5271 Si
3089 5222 3300 5271 *autem
3340 5215 3439 5269 illa
3491 5230 3733 5268 consen-

2020 5305 2169 5359 tiens
2213 5321 2331 5359 non
2392 5305 2600 5372 fuerat,
2650 5306 2711 5359 in
2744 5305 2988 5360 Domino
3043 5305 3329 5359 licentiam
3377 5303 3585 5357 habeat
3624 5317 3731 5355 nu-

2018 5393 2212 5448 bendi.
2243 5396 2325 5449 Tu
2381 5400 2575 5448 autem
2624 5394 2710 5448 XL
2740 5394 2883 5460 dies,
2934 5394 2993 5448 id
3026 5398 3130 5459 est,
3164 5392 3435 5456 carinam,
3491 5391 3552 5444 in
3582 5406 3731 5461 pane

2021 5487 2077 5536 et
2108 5499 2257 5553 aqua
2282 5482 2580 5553 poeniteas,
2618 5487 2675 5536 et
2706 5483 2797 5535 νυ
2854 5486 3157 5551 sequentes
3208 5496 3423 5533 annos:
3472 5485 3549 5545 et,
3598 5480 3735 5550 quia
3778 5550 3785 5555 λ

2019 5570 2276 5641 legitima
2333 5570 2600 5640 conjugia
2645 5569 2743 5624 Dei
2802 5573 3090 5640 praecepto
3150 5573 3284 5622 sunt
3346 5567 3626 5635 ordinata,
3680 5573 3737 5621 et

2020 5659 2251 5729 quia.ex
2281 5658 2507 5714 duobus
2548 5657 2889 5728 corporibus
2924 5672 3105 5710 unum
3156 5672 3223 5711 ex
3273 5656 3374 5711 Dei
3400 5658 3564 5727 jussu
3604 5671 3735 5708 con-

2019 5746 2229 5814 ﬁcitur,
2265 5753 2323 5802 et
2350 5746 2487 5817 quia
2522 5762 2638 5800 non
2670 5746 2841 5800 debet
2879 5745 3004 5800 ﬁeri
3034 5745 3357 5816 legitimum
3399 5743 3733 5815 conjugium
