  <div class='ocr_page' id='page_1' title='image "/cluster/home/n/w/nwhite01/storage/ocr_20150623/140-141/uc1.31175018559917/487.png"; bbox 0 0 3944 6400; ppageno 0'>
   <div class='ocr_carea' id='block_1_1' title="bbox 245 417 348 470">
    <p class='ocr_par' dir='ltr' id='par_1_1' title="bbox 245 417 348 470">
     <span class='ocr_line' id='line_1_1' title="bbox 245 417 348 470; baseline -0.019 0"><span class='ocrx_word' id='word_1_1' title='bbox 245 417 348 470; x_wconf 84' lang='grc'>959</span> 
     </span>
    </p>
   </div>
   <div class='ocr_carea' id='block_1_2' title="bbox 1338 410 2683 467">
    <p class='ocr_par' dir='ltr' id='par_1_2' title="bbox 1338 410 2683 467">
     <span class='ocr_line' id='line_1_2' title="bbox 1338 410 2683 467; baseline -0.004 0"><span class='ocrx_word' id='word_1_2' title='bbox 1338 411 1740 467; x_wconf 80' lang='lat' dir='ltr'>BURCHARDI</span> <span class='ocrx_word' id='word_1_3' title='bbox 1782 410 2313 467; x_wconf 78' lang='lat' dir='ltr'>WORMACIENSIS</span> <span class='ocrx_word' id='word_1_4' title='bbox 2351 410 2683 466; x_wconf 86' lang='lat' dir='ltr'>EPISCOPI.</span> 
     </span>
    </p>
   </div>
   <div class='ocr_carea' id='block_1_3' title="bbox 3660 413 3766 465">
    <p class='ocr_par' dir='ltr' id='par_1_3' title="bbox 3660 413 3766 465">
     <span class='ocr_line' id='line_1_3' title="bbox 3660 413 3766 465; baseline -0.009 0"><span class='ocrx_word' id='word_1_5' title='bbox 3660 413 3766 465; x_wconf 87' lang='lat'><strong>960</strong></span> 
     </span>
    </p>
   </div>
   <div class='ocr_carea' id='block_1_4' title="bbox 243 532 3766 605">
    <p class='ocr_par' dir='ltr' id='par_1_4' title="bbox 243 532 3766 605">
     <span class='ocr_line' id='line_1_4' title="bbox 243 532 3766 605; baseline -0.001 -15"><span class='ocrx_word' id='word_1_6' title='bbox 243 535 356 590; x_wconf 88' lang='lat' dir='ltr'>nisi</span> <span class='ocrx_word' id='word_1_7' title='bbox 383 551 452 589; x_wconf 77' lang='lat' dir='ltr'>ex</span> <span class='ocrx_word' id='word_1_8' title='bbox 481 549 761 588; x_wconf 89' lang='lat' dir='ltr'>consensu</span> <span class='ocrx_word' id='word_1_9' title='bbox 789 533 1094 588; x_wconf 88' lang='lat' dir='ltr'>amborum</span> <span class='ocrx_word' id='word_1_10' title='bbox 1119 539 1175 587; x_wconf 92' lang='lat' dir='ltr'>et</span> <span class='ocrx_word' id='word_1_11' title='bbox 1204 537 1530 604; x_wconf 89' lang='lat' dir='ltr'>parentum,</span> <span class='ocrx_word' id='word_1_12' title='bbox 1555 538 1637 598; x_wconf 84' lang='lat' dir='ltr'>tu,</span> <span class='ocrx_word' id='word_1_13' title='bbox 1671 532 1771 602; x_wconf 86' lang='lat' dir='ltr'>qui</span> <span class='ocrx_word' id='word_1_14' title='bbox 1809 534 2025 603; x_wconf 10' lang='lat' dir='ltr'>san-7A</span> <span class='ocrx_word' id='word_1_15' title='bbox 2136 533 2504 587; x_wconf 87' lang='lat' dir='ltr'>Concubuisti</span> <span class='ocrx_word' id='word_1_16' title='bbox 2528 549 2660 588; x_wconf 90' lang='lat' dir='ltr'>cum</span> <span class='ocrx_word' id='word_1_17' title='bbox 2693 549 2869 588; x_wconf 83' lang='lat' dir='ltr'>uxore</span> <span class='ocrx_word' id='word_1_18' title='bbox 2907 537 3007 587; x_wconf 87' lang='lat' dir='ltr'>tua</span> <span class='ocrx_word' id='word_1_19' title='bbox 3035 533 3130 588; x_wconf 92' lang='lat' dir='ltr'>die</span> <span class='ocrx_word' id='word_1_20' title='bbox 3161 532 3484 588; x_wconf 86' lang='lat' dir='ltr'>dominica?</span> <span class='ocrx_word' id='word_1_21' title='bbox 3514 538 3766 605; x_wconf 86' lang='lat' dir='ltr'>quatuor</span> 
     </span>
    </p>
   </div>
   <div class='ocr_carea' id='block_1_5' title="bbox 246 621 1948 692">
    <p class='ocr_par' dir='ltr' id='par_1_5' title="bbox 246 621 1948 692">
     <span class='ocr_line' id='line_1_5' title="bbox 246 621 1948 692; baseline -0.002 -13"><span class='ocrx_word' id='word_1_22' title='bbox 246 630 403 680; x_wconf 87' lang='lat' dir='ltr'>ctum</span> <span class='ocrx_word' id='word_1_23' title='bbox 447 624 594 678; x_wconf 87' lang='lat' dir='ltr'>illud</span> <span class='ocrx_word' id='word_1_24' title='bbox 621 623 999 678; x_wconf 87' lang='lat' dir='ltr'>constitutum</span> <span class='ocrx_word' id='word_1_25' title='bbox 1030 623 1274 678; x_wconf 83' lang='lat' dir='ltr'>turbasti</span> <span class='ocrx_word' id='word_1_26' title='bbox 1325 625 1381 677; x_wconf 91' lang='lat' dir='ltr'>et</span> <span class='ocrx_word' id='word_1_27' title='bbox 1406 621 1644 689; x_wconf 81' lang='lat' dir='ltr'>violasti,</span> <span class='ocrx_word' id='word_1_28' title='bbox 1688 621 1810 675; x_wconf 84' lang='lat' dir='ltr'>sine</span> <span class='ocrx_word' id='word_1_29' title='bbox 1849 638 1948 692; x_wconf 87' lang='lat' dir='ltr'>spe</span> 
     </span>
    </p>
   </div>
   <div class='ocr_carea' id='block_1_6' title="bbox 244 713 882 784">
    <p class='ocr_par' dir='ltr' id='par_1_6' title="bbox 244 713 882 784">
     <span class='ocr_line' id='line_1_6' title="bbox 244 713 882 784; baseline -0.003 -16"><span class='ocrx_word' id='word_1_30' title='bbox 244 713 501 784; x_wconf 89' lang='lat' dir='ltr'>conjugii</span> <span class='ocrx_word' id='word_1_31' title='bbox 521 728 882 783; x_wconf 82' lang='lat' dir='ltr'>permaneas.</span> 
     </span>
    </p>
   </div>
   <div class='ocr_carea' id='block_1_7' title="bbox 318 799 1947 873">
    <p class='ocr_par' dir='ltr' id='par_1_7' title="bbox 318 799 1947 873">
     <span class='ocr_line' id='line_1_7' title="bbox 318 799 1947 873; baseline -0.004 -15"><span class='ocrx_word' id='word_1_32' title='bbox 318 802 569 873; x_wconf 88' lang='lat' dir='ltr'>Contigit</span> <span class='ocrx_word' id='word_1_33' title='bbox 620 801 724 856; x_wconf 91' lang='lat' dir='ltr'>tibi</span> <span class='ocrx_word' id='word_1_34' title='bbox 781 804 844 854; x_wconf 89' lang='lat' dir='ltr'>ut</span> <span class='ocrx_word' id='word_1_35' title='bbox 901 817 1046 855; x_wconf 85' lang='lat' dir='ltr'>uxor</span> <span class='ocrx_word' id='word_1_36' title='bbox 1083 805 1182 854; x_wconf 89' lang='lat' dir='ltr'>tua</span> <span class='ocrx_word' id='word_1_37' title='bbox 1238 805 1293 853; x_wconf 93' lang='lat' dir='ltr'>te</span> <span class='ocrx_word' id='word_1_38' title='bbox 1323 799 1547 853; x_wconf 90' lang='lat' dir='ltr'>conscio</span> <span class='ocrx_word' id='word_1_39' title='bbox 1598 805 1656 852; x_wconf 94' lang='lat' dir='ltr'>et</span> <span class='ocrx_word' id='word_1_40' title='bbox 1688 800 1947 852; x_wconf 81' lang='lat' dir='ltr'>hortante</span> 
     </span>
    </p>
   </div>
   <div class='ocr_carea' id='block_1_8' title="bbox 247 888 1946 957">
    <p class='ocr_par' dir='ltr' id='par_1_8' title="bbox 247 888 1946 957">
     <span class='ocr_line' id='line_1_8' title="bbox 247 888 1946 957; baseline -0.004 -11"><span class='ocrx_word' id='word_1_41' title='bbox 247 907 378 946; x_wconf 91' lang='lat' dir='ltr'>cum</span> <span class='ocrx_word' id='word_1_42' title='bbox 409 891 524 944; x_wconf 89' lang='lat' dir='ltr'>alio</span> <span class='ocrx_word' id='word_1_43' title='bbox 565 890 710 956; x_wconf 91' lang='lat' dir='ltr'>viro,</span> <span class='ocrx_word' id='word_1_44' title='bbox 733 890 833 943; x_wconf 91' lang='lat' dir='ltr'>illa</span> <span class='ocrx_word' id='word_1_45' title='bbox 871 895 1064 943; x_wconf 84' lang='lat' dir='ltr'>autem</span> <span class='ocrx_word' id='word_1_46' title='bbox 1093 889 1324 941; x_wconf 87' lang='lat' dir='ltr'>nolente</span> <span class='ocrx_word' id='word_1_47' title='bbox 1369 888 1716 941; x_wconf 83' lang='lat' dir='ltr'>adulterium</span> <span class='ocrx_word' id='word_1_48' title='bbox 1746 903 1946 957; x_wconf 88' lang='lat' dir='ltr'>perpe-</span> 
     </span>
    </p>
   </div>
   <div class='ocr_carea' id='block_1_9' title="bbox 246 977 1946 1047">
    <p class='ocr_par' dir='ltr' id='par_1_9' title="bbox 246 977 1946 1047">
     <span class='ocr_line' id='line_1_9' title="bbox 246 977 1946 1047; baseline -0.003 -13"><span class='ocrx_word' id='word_1_49' title='bbox 246 980 458 1035; x_wconf 81' lang='lat' dir='ltr'>traret?</span> <span class='ocrx_word' id='word_1_50' title='bbox 510 979 569 1034; x_wconf 90' lang='lat' dir='ltr'>Si</span> <span class='ocrx_word' id='word_1_51' title='bbox 600 979 805 1043; x_wconf 79' lang='lat' dir='ltr'>fecisti,</span> <span class='ocrx_word' id='word_1_52' title='bbox 846 979 928 1033; x_wconf 86' lang='lat' dir='ltr'>XL</span> <span class='ocrx_word' id='word_1_53' title='bbox 955 978 1096 1041; x_wconf 89' lang='lat' dir='ltr'>dies,</span> <span class='ocrx_word' id='word_1_54' title='bbox 1133 978 1186 1030; x_wconf 89' lang='lat' dir='ltr'>id</span> <span class='ocrx_word' id='word_1_55' title='bbox 1215 982 1316 1042; x_wconf 90' lang='lat' dir='ltr'>est,</span> <span class='ocrx_word' id='word_1_56' title='bbox 1373 977 1647 1044; x_wconf 84' lang='lat' dir='ltr'>carinam,</span> <span class='ocrx_word' id='word_1_57' title='bbox 1683 977 1742 1029; x_wconf 93' lang='lat' dir='ltr'>in</span> <span class='ocrx_word' id='word_1_58' title='bbox 1801 991 1946 1047; x_wconf 91' lang='lat' dir='ltr'>pane</span> 
     </span>
    </p>
   </div>
   <div class='ocr_carea' id='block_1_10' title="bbox 248 1065 1948 1139">
    <p class='ocr_par' dir='ltr' id='par_1_10' title="bbox 248 1065 1948 1139">
     <span class='ocr_line' id='line_1_10' title="bbox 248 1065 1948 1139; baseline -0.003 -15"><span class='ocrx_word' id='word_1_59' title='bbox 248 1074 305 1125; x_wconf 93' lang='lat' dir='ltr'>et</span> <span class='ocrx_word' id='word_1_60' title='bbox 353 1084 502 1139; x_wconf 87' lang='lat' dir='ltr'>aqua</span> <span class='ocrx_word' id='word_1_61' title='bbox 545 1070 822 1138; x_wconf 73' lang='lat' dir='ltr'>pmniteas</span> <span class='ocrx_word' id='word_1_62' title='bbox 849 1072 906 1120; x_wconf 90' lang='lat' dir='ltr'>et</span> <span class='ocrx_word' id='word_1_63' title='bbox 962 1072 1178 1137; x_wconf 83' lang='lat' dir='ltr'>septem</span> <span class='ocrx_word' id='word_1_64' title='bbox 1211 1082 1415 1133; x_wconf 87' lang='lat' dir='ltr'>annos,</span> <span class='ocrx_word' id='word_1_65' title='bbox 1470 1082 1649 1118; x_wconf 90' lang='lat' dir='ltr'>unum</span> <span class='ocrx_word' id='word_1_66' title='bbox 1673 1082 1737 1118; x_wconf 80' lang='lat' dir='ltr'>ex</span> <span class='ocrx_word' id='word_1_67' title='bbox 1770 1065 1858 1119; x_wconf 85' lang='lat' dir='ltr'>his</span> <span class='ocrx_word' id='word_1_68' title='bbox 1887 1065 1948 1119; x_wconf 87' lang='lat' dir='ltr'>in</span> 
     </span>
    </p>
   </div>
   <div class='ocr_carea' id='block_1_11' title="bbox 248 1154 1947 1227">
    <p class='ocr_par' dir='ltr' id='par_1_11' title="bbox 248 1154 1947 1227">
     <span class='ocr_line' id='line_1_11' title="bbox 248 1154 1947 1227; baseline -0.001 -19"><span class='ocrx_word' id='word_1_69' title='bbox 248 1171 393 1226; x_wconf 89' lang='lat' dir='ltr'>pane</span> <span class='ocrx_word' id='word_1_70' title='bbox 421 1160 478 1209; x_wconf 88' lang='lat' dir='ltr'>et</span> <span class='ocrx_word' id='word_1_71' title='bbox 514 1172 665 1227; x_wconf 89' lang='lat' dir='ltr'>aqua</span> <span class='ocrx_word' id='word_1_72' title='bbox 706 1155 1004 1225; x_wconf 76' lang='lat' dir='ltr'>poeniteas,</span> <span class='ocrx_word' id='word_1_73' title='bbox 1065 1159 1121 1207; x_wconf 92' lang='lat' dir='ltr'>et</span> <span class='ocrx_word' id='word_1_74' title='bbox 1175 1170 1474 1225; x_wconf 87' lang='lat' dir='ltr'>nunquam</span> <span class='ocrx_word' id='word_1_75' title='bbox 1506 1154 1581 1206; x_wconf 88' lang='lat' dir='ltr'>sis</span> <span class='ocrx_word' id='word_1_76' title='bbox 1611 1154 1734 1206; x_wconf 87' lang='lat' dir='ltr'>sine</span> <span class='ocrx_word' id='word_1_77' title='bbox 1765 1154 1947 1223; x_wconf 60' lang='lat' dir='ltr'>paeni-</span> 
     </span>
    </p>
   </div>
   <div class='ocr_carea' id='block_1_12' title="bbox 251 1243 1944 1312">
    <p class='ocr_par' dir='ltr' id='par_1_12' title="bbox 251 1243 1944 1312">
     <span class='ocr_line' id='line_1_12' title="bbox 251 1243 1944 1312; baseline -0.002 -14"><span class='ocrx_word' id='word_1_78' title='bbox 251 1245 444 1298; x_wconf 78' lang='lat' dir='ltr'>tentia.</span> <span class='ocrx_word' id='word_1_79' title='bbox 498 1245 556 1299; x_wconf 88' lang='lat' dir='ltr'>Si</span> <span class='ocrx_word' id='word_1_80' title='bbox 615 1252 806 1298; x_wconf 83' lang='lat' dir='ltr'>autem</span> <span class='ocrx_word' id='word_1_81' title='bbox 876 1259 1016 1296; x_wconf 85' lang='lat' dir='ltr'>uxor</span> <span class='ocrx_word' id='word_1_82' title='bbox 1073 1247 1171 1296; x_wconf 88' lang='lat' dir='ltr'>tua</span> <span class='ocrx_word' id='word_1_83' title='bbox 1225 1245 1334 1296; x_wconf 90' lang='lat' dir='ltr'>hoc</span> <span class='ocrx_word' id='word_1_84' title='bbox 1390 1244 1636 1312; x_wconf 88' lang='lat' dir='ltr'>probare</span> <span class='ocrx_word' id='word_1_85' title='bbox 1670 1243 1944 1311; x_wconf 85' lang='lat' dir='ltr'>potuerit,</span> 
     </span>
    </p>
   </div>
   <div class='ocr_carea' id='block_1_13' title="bbox 251 1332 1944 1403">
    <p class='ocr_par' dir='ltr' id='par_1_13' title="bbox 251 1332 1944 1403">
     <span class='ocr_line' id='line_1_13' title="bbox 251 1332 1944 1403; baseline -0.001 -17"><span class='ocrx_word' id='word_1_86' title='bbox 251 1333 404 1403; x_wconf 90' lang='lat' dir='ltr'>quod</span> <span class='ocrx_word' id='word_1_87' title='bbox 457 1338 553 1386; x_wconf 88' lang='lat' dir='ltr'>tua</span> <span class='ocrx_word' id='word_1_88' title='bbox 599 1333 767 1402; x_wconf 87' lang='lat' dir='ltr'>culpa</span> <span class='ocrx_word' id='word_1_89' title='bbox 801 1336 856 1385; x_wconf 93' lang='lat' dir='ltr'>et</span> <span class='ocrx_word' id='word_1_90' title='bbox 886 1338 984 1385; x_wconf 90' lang='lat' dir='ltr'>tuo</span> <span class='ocrx_word' id='word_1_91' title='bbox 1018 1332 1204 1401; x_wconf 86' lang='lat' dir='ltr'><strong>jussu,</strong></span> <span class='ocrx_word' id='word_1_92' title='bbox 1273 1348 1332 1384; x_wconf 88' lang='lat' dir='ltr'>se</span> <span class='ocrx_word' id='word_1_93' title='bbox 1399 1336 1678 1385; x_wconf 79' lang='lat' dir='ltr'>renuente</span> <span class='ocrx_word' id='word_1_94' title='bbox 1707 1336 1764 1384; x_wconf 90' lang='lat' dir='ltr'>et</span> <span class='ocrx_word' id='word_1_95' title='bbox 1795 1332 1944 1384; x_wconf 90' lang='lat' dir='ltr'>relu-</span> 
     </span>
    </p>
   </div>
   <div class='ocr_carea' id='block_1_14' title="bbox 247 1419 1949 1490">
    <p class='ocr_par' dir='ltr' id='par_1_14' title="bbox 247 1419 1949 1490">
     <span class='ocr_line' id='line_1_14' title="bbox 247 1419 1949 1490; baseline -0.002 -15"><span class='ocrx_word' id='word_1_96' title='bbox 247 1425 455 1486; x_wconf 88' lang='lat' dir='ltr'>ctante,</span> <span class='ocrx_word' id='word_1_97' title='bbox 485 1421 798 1474; x_wconf 79' lang='lat' dir='ltr'>adulterata</span> <span class='ocrx_word' id='word_1_98' title='bbox 820 1421 910 1486; x_wconf 86' lang='lat' dir='ltr'>sit,</span> <span class='ocrx_word' id='word_1_99' title='bbox 929 1420 972 1472; x_wconf 93' lang='lat' dir='ltr'>si</span> <span class='ocrx_word' id='word_1_100' title='bbox 995 1436 1053 1473; x_wconf 91' lang='lat' dir='ltr'>se</span> <span class='ocrx_word' id='word_1_101' title='bbox 1075 1419 1366 1473; x_wconf 89' lang='lat' dir='ltr'>continere</span> <span class='ocrx_word' id='word_1_102' title='bbox 1395 1435 1510 1473; x_wconf 92' lang='lat' dir='ltr'>non</span> <span class='ocrx_word' id='word_1_103' title='bbox 1540 1423 1744 1490; x_wconf 86' lang='lat' dir='ltr'>potest.</span> <span class='ocrx_word' id='word_1_104' title='bbox 1769 1420 1949 1472; x_wconf 90' lang='lat' dir='ltr'>nubat</span> 
     </span>
    </p>
   </div>
   <div class='ocr_carea' id='block_1_15' title="bbox 248 1508 1946 1577">
    <p class='ocr_par' dir='ltr' id='par_1_15' title="bbox 248 1508 1946 1577">
     <span class='ocr_line' id='line_1_15' title="bbox 248 1508 1946 1577; baseline -0.001 -13"><span class='ocrx_word' id='word_1_105' title='bbox 248 1510 340 1564; x_wconf 93' lang='lat' dir='ltr'>cui</span> <span class='ocrx_word' id='word_1_106' title='bbox 369 1510 632 1577; x_wconf 87' lang='lat' dir='ltr'>voluerit,</span> <span class='ocrx_word' id='word_1_107' title='bbox 666 1514 892 1562; x_wconf 88' lang='lat' dir='ltr'>tantum</span> <span class='ocrx_word' id='word_1_108' title='bbox 924 1511 983 1562; x_wconf 87' lang='lat' dir='ltr'>in</span> <span class='ocrx_word' id='word_1_109' title='bbox 1007 1509 1271 1562; x_wconf 89' lang='lat' dir='ltr'>Domino.</span> <span class='ocrx_word' id='word_1_110' title='bbox 1314 1511 1397 1562; x_wconf 92' lang='lat' dir='ltr'>Tu</span> <span class='ocrx_word' id='word_1_111' title='bbox 1431 1514 1623 1562; x_wconf 90' lang='lat' dir='ltr'>autem</span> <span class='ocrx_word' id='word_1_112' title='bbox 1656 1508 1777 1561; x_wconf 85' lang='lat' dir='ltr'>sine</span> <span class='ocrx_word' id='word_1_113' title='bbox 1809 1525 1946 1562; x_wconf 90' lang='lat' dir='ltr'>uxo-</span> 
     </span>
    </p>
   </div>
   <div class='ocr_carea' id='block_1_16' title="bbox 248 1596 1950 1667">
    <p class='ocr_par' dir='ltr' id='par_1_16' title="bbox 248 1596 1950 1667">
     <span class='ocr_line' id='line_1_16' title="bbox 248 1596 1950 1667; baseline -0.002 -15"><span class='ocrx_word' id='word_1_114' title='bbox 248 1598 332 1652; x_wconf 85' lang='lat' dir='ltr'>ria</span> <span class='ocrx_word' id='word_1_115' title='bbox 361 1614 460 1666; x_wconf 87' lang='lat' dir='ltr'>spe</span> <span class='ocrx_word' id='word_1_116' title='bbox 500 1599 560 1651; x_wconf 92' lang='lat' dir='ltr'>in</span> <span class='ocrx_word' id='word_1_117' title='bbox 613 1602 890 1667; x_wconf 87' lang='lat' dir='ltr'>perpetuo</span> <span class='ocrx_word' id='word_1_118' title='bbox 945 1613 1302 1667; x_wconf 85' lang='lat' dir='ltr'>permaneas.</span> <span class='ocrx_word' id='word_1_119' title='bbox 1342 1597 1442 1651; x_wconf 90' lang='lat' dir='ltr'>Illa</span> <span class='ocrx_word' id='word_1_120' title='bbox 1505 1602 1696 1650; x_wconf 87' lang='lat' dir='ltr'>autem</span> <span class='ocrx_word' id='word_1_121' title='bbox 1743 1596 1790 1649; x_wconf 91' lang='lat' dir='ltr'>si</span> <span class='ocrx_word' id='word_1_122' title='bbox 1819 1613 1950 1649; x_wconf 89' lang='lat' dir='ltr'>con-</span> 
     </span>
    </p>
   </div>
   <div class='ocr_carea' id='block_1_17' title="bbox 246 1685 1948 1756">
    <p class='ocr_par' dir='ltr' id='par_1_17' title="bbox 246 1685 1948 1756">
     <span class='ocr_line' id='line_1_17' title="bbox 246 1685 1948 1756; baseline -0.001 -16"><span class='ocrx_word' id='word_1_123' title='bbox 246 1688 496 1740; x_wconf 88' lang='lat' dir='ltr'>sentiens</span> <span class='ocrx_word' id='word_1_124' title='bbox 551 1687 758 1753; x_wconf 85' lang='lat' dir='ltr'>fuerat,</span> <span class='ocrx_word' id='word_1_125' title='bbox 816 1686 1016 1740; x_wconf 90' lang='lat' dir='ltr'>eadem</span> <span class='ocrx_word' id='word_1_126' title='bbox 1072 1685 1298 1756; x_wconf 89' lang='lat' dir='ltr'>jejunet</span> <span class='ocrx_word' id='word_1_127' title='bbox 1341 1702 1468 1756; x_wconf 74' lang='lat' dir='ltr'>quae</span> <span class='ocrx_word' id='word_1_128' title='bbox 1507 1685 1610 1740; x_wconf 90' lang='lat' dir='ltr'>tibi</span> <span class='ocrx_word' id='word_1_129' title='bbox 1652 1687 1948 1756; x_wconf 89' lang='lat' dir='ltr'>proposita</span> 
     </span>
    </p>
   </div>
   <div class='ocr_carea' id='block_1_18' title="bbox 249 1776 1449 1846">
    <p class='ocr_par' dir='ltr' id='par_1_18' title="bbox 249 1776 1449 1846">
     <span class='ocr_line' id='line_1_18' title="bbox 249 1776 1449 1846; baseline -0.002 -16"><span class='ocrx_word' id='word_1_130' title='bbox 249 1781 401 1843; x_wconf 91' lang='lat' dir='ltr'>sunt,</span> <span class='ocrx_word' id='word_1_131' title='bbox 435 1782 492 1831; x_wconf 92' lang='lat' dir='ltr'>et</span> <span class='ocrx_word' id='word_1_132' title='bbox 521 1777 644 1830; x_wconf 89' lang='lat' dir='ltr'>sine</span> <span class='ocrx_word' id='word_1_133' title='bbox 673 1793 774 1846; x_wconf 89' lang='lat' dir='ltr'>spe</span> <span class='ocrx_word' id='word_1_134' title='bbox 813 1776 1066 1846; x_wconf 88' lang='lat' dir='ltr'>conjugii</span> <span class='ocrx_word' id='word_1_135' title='bbox 1096 1779 1449 1845; x_wconf 89' lang='lat' dir='ltr'>permaneat.</span> 
     </span>
    </p>
   </div>
   <div class='ocr_carea' id='block_1_19' title="bbox 316 1882 1947 1954">
    <p class='ocr_par' dir='ltr' id='par_1_19' title="bbox 316 1882 1947 1954">
     <span class='ocr_line' id='line_1_19' title="bbox 316 1882 1947 1954; baseline -0.001 -17"><span class='ocrx_word' id='word_1_136' title='bbox 316 1882 600 1954; x_wconf 80' lang='lat' dir='ltr'>Accepisti</span> <span class='ocrx_word' id='word_1_137' title='bbox 647 1899 887 1937; x_wconf 84' lang='lat' dir='ltr'>uxorem</span> <span class='ocrx_word' id='word_1_138' title='bbox 920 1887 1222 1952; x_wconf 81' lang='lat' dir='ltr'>cognatam</span> <span class='ocrx_word' id='word_1_139' title='bbox 1272 1887 1452 1947; x_wconf 84' lang='lat' dir='ltr'>tuam,</span> <span class='ocrx_word' id='word_1_140' title='bbox 1510 1882 1600 1935; x_wconf 88' lang='lat' dir='ltr'>vel</span> <span class='ocrx_word' id='word_1_141' title='bbox 1657 1898 1830 1952; x_wconf 90' lang='lat' dir='ltr'>quam</span> <span class='ocrx_word' id='word_1_142' title='bbox 1851 1898 1947 1936; x_wconf 87' lang='lat' dir='ltr'>co-</span> 
     </span>
    </p>
   </div>
   <div class='ocr_carea' id='block_1_20' title="bbox 249 1972 1949 2043">
    <p class='ocr_par' dir='ltr' id='par_1_20' title="bbox 249 1972 1949 2043">
     <span class='ocr_line' id='line_1_20' title="bbox 249 1972 1949 2043; baseline 0.001 -17"><span class='ocrx_word' id='word_1_143' title='bbox 249 1979 457 2043; x_wconf 80' lang='lat' dir='ltr'>gnatus</span> <span class='ocrx_word' id='word_1_144' title='bbox 496 1973 743 2027; x_wconf 84' lang='lat' dir='ltr'>habuit?</span> <span class='ocrx_word' id='word_1_145' title='bbox 774 1972 1028 2042; x_wconf 89' lang='lat' dir='ltr'>separari</span> <span class='ocrx_word' id='word_1_146' title='bbox 1079 1972 1252 2027; x_wconf 83' lang='lat' dir='ltr'>debes</span> <span class='ocrx_word' id='word_1_147' title='bbox 1304 1972 1372 2026; x_wconf 88' lang='lat' dir='ltr'>ab</span> <span class='ocrx_word' id='word_1_148' title='bbox 1431 1988 1516 2039; x_wconf 91' lang='lat' dir='ltr'>ea,</span> <span class='ocrx_word' id='word_1_149' title='bbox 1560 1976 1618 2026; x_wconf 91' lang='lat' dir='ltr'>et</span> <span class='ocrx_word' id='word_1_150' title='bbox 1674 1973 1949 2042; x_wconf 81' lang='lat' dir='ltr'>pcenitere</span> 
     </span>
    </p>
   </div>
   <div class='ocr_carea' id='block_1_21' title="bbox 241 2061 1950 2132">
    <p class='ocr_par' dir='ltr' id='par_1_21' title="bbox 241 2061 1950 2132">
     <span class='ocr_line' id='line_1_21' title="bbox 241 2061 1950 2132; baseline 0.001 -17"><span class='ocrx_word' id='word_1_151' title='bbox 241 2062 401 2132; x_wconf 80' lang='lat' dir='ltr'>juxta</span> <span class='ocrx_word' id='word_1_152' title='bbox 475 2063 711 2117; x_wconf 86' lang='lat' dir='ltr'>modum</span> <span class='ocrx_word' id='word_1_153' title='bbox 771 2062 1176 2132; x_wconf 88' lang='lat' dir='ltr'>cognationis:</span> <span class='ocrx_word' id='word_1_154' title='bbox 1233 2061 1370 2132; x_wconf 87' lang='lat' dir='ltr'>quia</span> <span class='ocrx_word' id='word_1_155' title='bbox 1418 2061 1596 2115; x_wconf 88' lang='lat' dir='ltr'>sancti</span> <span class='ocrx_word' id='word_1_156' title='bbox 1650 2064 1844 2116; x_wconf 88' lang='lat' dir='ltr'>Patres</span> <span class='ocrx_word' id='word_1_157' title='bbox 1894 2071 1950 2117; x_wconf 90' lang='lat' dir='ltr'>et</span> 
     </span>
    </p>
   </div>
   <div class='ocr_carea' id='block_1_22' title="bbox 248 2149 1947 2220">
    <p class='ocr_par' dir='ltr' id='par_1_22' title="bbox 248 2149 1947 2220">
     <span class='ocr_line' id='line_1_22' title="bbox 248 2149 1947 2220; baseline 0.001 -16"><span class='ocrx_word' id='word_1_158' title='bbox 248 2157 444 2205; x_wconf 86' lang='lat' dir='ltr'>sancta</span> <span class='ocrx_word' id='word_1_159' title='bbox 498 2151 732 2205; x_wconf 89' lang='lat' dir='ltr'>illorum</span> <span class='ocrx_word' id='word_1_160' title='bbox 789 2156 1002 2204; x_wconf 86' lang='lat' dir='ltr'>statuta</span> <span class='ocrx_word' id='word_1_161' title='bbox 1053 2149 1281 2204; x_wconf 90' lang='lat' dir='ltr'>incestis</span> <span class='ocrx_word' id='word_1_162' title='bbox 1336 2151 1836 2220; x_wconf 86' lang='lat' dir='ltr'>conjunctionibus</span> <span class='ocrx_word' id='word_1_163' title='bbox 1866 2152 1947 2205; x_wconf 93' lang='lat' dir='ltr'>nil</span> 
     </span>
    </p>
   </div>
   <div class='ocr_carea' id='block_1_23' title="bbox 246 2239 1949 2309">
    <p class='ocr_par' dir='ltr' id='par_1_23' title="bbox 246 2239 1949 2309">
     <span class='ocr_line' id='line_1_23' title="bbox 246 2239 1949 2309; baseline 0 -16"><span class='ocrx_word' id='word_1_164' title='bbox 246 2255 484 2309; x_wconf 83' lang='lat' dir='ltr'>prorsus</span> <span class='ocrx_word' id='word_1_165' title='bbox 530 2239 716 2293; x_wconf 63' lang='lat' dir='ltr'>veniae</span> <span class='ocrx_word' id='word_1_166' title='bbox 772 2244 1086 2300; x_wconf 90' lang='lat' dir='ltr'>reservant,</span> <span class='ocrx_word' id='word_1_167' title='bbox 1119 2255 1307 2308; x_wconf 89' lang='lat' dir='ltr'>neque</span> <span class='ocrx_word' id='word_1_168' title='bbox 1353 2255 1660 2292; x_wconf 87' lang='lat' dir='ltr'>numerum</span> <span class='ocrx_word' id='word_1_169' title='bbox 1701 2255 1949 2308; x_wconf 90' lang='lat' dir='ltr'>genera-</span> 
     </span>
    </p>
   </div>
   <div class='ocr_carea' id='block_1_24' title="bbox 245 2317 1948 2390">
    <p class='ocr_par' dir='ltr' id='par_1_24' title="bbox 245 2317 1948 2390">
     <span class='ocr_line' id='line_1_24' title="bbox 245 2317 1948 2390; baseline 0.001 -10"><span class='ocrx_word' id='word_1_170' title='bbox 245 2327 473 2380; x_wconf 90' lang='lat' dir='ltr'>tionum</span> <span class='ocrx_word' id='word_1_171' title='bbox 505 2327 809 2383; x_wconf 80' lang='lat' dir='ltr'>definiunt.</span> <span class='ocrx_word' id='word_1_172' title='bbox 855 2327 964 2382; x_wconf 90' lang='lat' dir='ltr'>Sed</span> <span class='ocrx_word' id='word_1_173' title='bbox 1025 2327 1081 2381; x_wconf 93' lang='lat' dir='ltr'>id</span> <span class='ocrx_word' id='word_1_174' title='bbox 1146 2317 1487 2390; x_wconf 74' lang='lat' dir='ltr'>statuerunt,</span> <span class='ocrx_word' id='word_1_175' title='bbox 1524 2332 1586 2380; x_wconf 91' lang='lat' dir='ltr'>ut</span> <span class='ocrx_word' id='word_1_176' title='bbox 1625 2328 1768 2381; x_wconf 91' lang='lat' dir='ltr'>nulli</span> <span class='ocrx_word' id='word_1_177' title='bbox 1792 2328 1948 2382; x_wconf 87' lang='lat' dir='ltr'>Chri-</span> 
     </span>
    </p>
   </div>
   <div class='ocr_carea' id='block_1_25' title="bbox 248 2415 1947 2488">
    <p class='ocr_par' dir='ltr' id='par_1_25' title="bbox 248 2415 1947 2488">
     <span class='ocr_line' id='line_1_25' title="bbox 248 2415 1947 2488; baseline 0.001 -19"><span class='ocrx_word' id='word_1_178' title='bbox 248 2415 434 2469; x_wconf 91' lang='lat' dir='ltr'>stiano</span> <span class='ocrx_word' id='word_1_179' title='bbox 463 2415 630 2469; x_wconf 89' lang='lat' dir='ltr'>liceat</span> <span class='ocrx_word' id='word_1_180' title='bbox 678 2416 746 2469; x_wconf 91' lang='lat' dir='ltr'>de</span> <span class='ocrx_word' id='word_1_181' title='bbox 786 2415 1023 2486; x_wconf 88' lang='lat' dir='ltr'>propria</span> <span class='ocrx_word' id='word_1_182' title='bbox 1055 2415 1552 2486; x_wconf 82' lang='lat' dir='ltr'>consanguinitate</span> <span class='ocrx_word' id='word_1_183' title='bbox 1587 2433 1690 2470; x_wconf 89' lang='lat' dir='ltr'>seu</span> <span class='ocrx_word' id='word_1_184' title='bbox 1728 2433 1947 2488; x_wconf 88' lang='lat' dir='ltr'>cogna—</span> 
     </span>
    </p>
   </div>
   <div class='ocr_carea' id='block_1_26' title="bbox 248 2505 1946 2575">
    <p class='ocr_par' dir='ltr' id='par_1_26' title="bbox 248 2505 1946 2575">
     <span class='ocr_line' id='line_1_26' title="bbox 248 2505 1946 2575; baseline 0 -16"><span class='ocrx_word' id='word_1_185' title='bbox 248 2505 406 2559; x_wconf 90' lang='lat' dir='ltr'>tione</span> <span class='ocrx_word' id='word_1_186' title='bbox 437 2521 672 2559; x_wconf 83' lang='lat' dir='ltr'>uxorem</span> <span class='ocrx_word' id='word_1_187' title='bbox 705 2505 982 2574; x_wconf 90' lang='lat' dir='ltr'>accipere,</span> <span class='ocrx_word' id='word_1_188' title='bbox 1023 2521 1203 2575; x_wconf 90' lang='lat' dir='ltr'>usque</span> <span class='ocrx_word' id='word_1_189' title='bbox 1236 2508 1374 2558; x_wconf 93' lang='lat' dir='ltr'>dum</span> <span class='ocrx_word' id='word_1_190' title='bbox 1429 2505 1726 2575; x_wconf 83' lang='lat' dir='ltr'>generatio</span> <span class='ocrx_word' id='word_1_191' title='bbox 1759 2522 1946 2560; x_wconf 89' lang='lat' dir='ltr'>recor-</span> 
     </span>
    </p>
   </div>
   <div class='ocr_carea' id='block_1_27' title="bbox 249 2593 1944 2662">
    <p class='ocr_par' dir='ltr' id='par_1_27' title="bbox 249 2593 1944 2662">
     <span class='ocr_line' id='line_1_27' title="bbox 249 2593 1944 2662; baseline 0.001 -17"><span class='ocrx_word' id='word_1_192' title='bbox 249 2593 504 2658; x_wconf 87' lang='lat' dir='ltr'>daretur,</span> <span class='ocrx_word' id='word_1_193' title='bbox 565 2598 1022 2662; x_wconf 87' lang='lat' dir='ltr'>cognosceretur,</span> <span class='ocrx_word' id='word_1_194' title='bbox 1090 2600 1191 2647; x_wconf 91' lang='lat' dir='ltr'>aut</span> <span class='ocrx_word' id='word_1_195' title='bbox 1246 2593 1528 2647; x_wconf 88' lang='lat' dir='ltr'>memoria</span> <span class='ocrx_word' id='word_1_196' title='bbox 1580 2595 1944 2648; x_wconf 84' lang='lat' dir='ltr'>retineretur.</span> 
     </span>
    </p>
   </div>
   <div class='ocr_carea' id='block_1_28' title="bbox 247 2681 1949 2754">
    <p class='ocr_par' dir='ltr' id='par_1_28' title="bbox 247 2681 1949 2754">
     <span class='ocr_line' id='line_1_28' title="bbox 247 2681 1949 2754; baseline 0.002 -20"><span class='ocrx_word' id='word_1_197' title='bbox 247 2681 391 2745; x_wconf 88' lang='lat' dir='ltr'>Quia</span> <span class='ocrx_word' id='word_1_198' title='bbox 428 2687 658 2735; x_wconf 88' lang='lat' dir='ltr'>sanctus</span> <span class='ocrx_word' id='word_1_199' title='bbox 688 2682 996 2750; x_wconf 83' lang='lat' dir='ltr'>Gregorius</span> <span class='ocrx_word' id='word_1_200' title='bbox 1048 2681 1219 2736; x_wconf 84' lang='lat' dir='ltr'>dicit:</span> <span class='ocrx_word' id='word_1_201' title='bbox 1258 2699 1286 2732; x_wconf 74' lang='grc' dir='ltr'>α</span> <span class='ocrx_word' id='word_1_202' title='bbox 1346 2682 1404 2737; x_wconf 91' lang='lat' dir='ltr'>Si</span> <span class='ocrx_word' id='word_1_203' title='bbox 1435 2682 1563 2752; x_wconf 88' lang='lat' dir='ltr'>quis</span> <span class='ocrx_word' id='word_1_204' title='bbox 1618 2683 1687 2736; x_wconf 93' lang='lat' dir='ltr'>de</span> <span class='ocrx_word' id='word_1_205' title='bbox 1717 2684 1949 2754; x_wconf 87' lang='lat' dir='ltr'>propria</span> 
     </span>
    </p>
   </div>
   <div class='ocr_carea' id='block_1_29' title="bbox 246 2769 1946 2842">
    <p class='ocr_par' dir='ltr' id='par_1_29' title="bbox 246 2769 1946 2842">
     <span class='ocr_line' id='line_1_29' title="bbox 246 2769 1946 2842; baseline 0.001 -19"><span class='ocrx_word' id='word_1_206' title='bbox 246 2770 606 2838; x_wconf 83' lang='lat' dir='ltr'>cognatione,</span> <span class='ocrx_word' id='word_1_207' title='bbox 641 2772 724 2823; x_wconf 88' lang='lat' dir='ltr'>vel</span> <span class='ocrx_word' id='word_1_208' title='bbox 758 2787 931 2841; x_wconf 76' lang='lat' dir='ltr'>quam</span> <span class='ocrx_word' id='word_1_209' title='bbox 963 2776 1239 2840; x_wconf 89' lang='lat' dir='ltr'>cognatus</span> <span class='ocrx_word' id='word_1_210' title='bbox 1287 2770 1490 2824; x_wconf 89' lang='lat' dir='ltr'>habuit</span> <span class='ocrx_word' id='word_1_211' title='bbox 1521 2769 1580 2824; x_wconf 89' lang='lat' dir='ltr'>in</span> <span class='ocrx_word' id='word_1_212' title='bbox 1612 2771 1946 2842; x_wconf 88' lang='lat' dir='ltr'>conjugium</span> 
     </span>
    </p>
   </div>
   <div class='ocr_carea' id='block_1_30' title="bbox 248 2858 1946 2930">
    <p class='ocr_par' dir='ltr' id='par_1_30' title="bbox 248 2858 1946 2930">
     <span class='ocr_line' id='line_1_30' title="bbox 248 2858 1946 2930; baseline 0.001 -19"><span class='ocrx_word' id='word_1_213' title='bbox 248 2858 494 2924; x_wconf 84' lang='lat' dir='ltr'>duxerit,</span> <span class='ocrx_word' id='word_1_214' title='bbox 536 2859 842 2914; x_wconf 87' lang='lat' dir='ltr'>anathema</span> <span class='ocrx_word' id='word_1_215' title='bbox 874 2859 965 2913; x_wconf 88' lang='lat' dir='ltr'>sit.</span> <span class='ocrx_word' id='word_1_216' title='bbox 995 2881 1022 2908; x_wconf 71' lang='grc' dir='ltr'><strong><em>ι</em></strong></span> <span class='ocrx_word' id='word_1_217' title='bbox 1055 2860 1418 2928; x_wconf 83' lang='lat' dir='ltr'>Quapropter</span> <span class='ocrx_word' id='word_1_218' title='bbox 1446 2859 1589 2913; x_wconf 88' lang='lat' dir='ltr'>scire</span> <span class='ocrx_word' id='word_1_219' title='bbox 1609 2859 1780 2914; x_wconf 85' lang='lat' dir='ltr'>debes</span> <span class='ocrx_word' id='word_1_220' title='bbox 1810 2859 1946 2930; x_wconf 86' lang='lat' dir='ltr'>quia</span> 
     </span>
    </p>
   </div>
   <div class='ocr_carea' id='block_1_31' title="bbox 247 2947 1945 3014">
    <p class='ocr_par' dir='ltr' id='par_1_31' title="bbox 247 2947 1945 3014">
     <span class='ocr_line' id='line_1_31' title="bbox 247 2947 1945 3014; baseline 0.001 -14"><span class='ocrx_word' id='word_1_221' title='bbox 247 2962 366 3000; x_wconf 91' lang='lat' dir='ltr'>non</span> <span class='ocrx_word' id='word_1_222' title='bbox 406 2952 489 3001; x_wconf 87' lang='lat' dir='ltr'>est</span> <span class='ocrx_word' id='word_1_223' title='bbox 543 2948 623 3001; x_wconf 90' lang='lat' dir='ltr'>ita</span> <span class='ocrx_word' id='word_1_224' title='bbox 677 2952 743 3002; x_wconf 91' lang='lat' dir='ltr'>ut</span> <span class='ocrx_word' id='word_1_225' title='bbox 791 2947 958 3001; x_wconf 90' lang='lat' dir='ltr'>multi</span> <span class='ocrx_word' id='word_1_226' title='bbox 1015 2948 1334 3002; x_wconf 87' lang='lat' dir='ltr'>sacerdotes</span> <span class='ocrx_word' id='word_1_227' title='bbox 1389 2949 1598 3001; x_wconf 88' lang='lat' dir='ltr'>multos</span> <span class='ocrx_word' id='word_1_228' title='bbox 1645 2948 1945 3014; x_wconf 87' lang='lat' dir='ltr'>seducunt,</span> 
     </span>
    </p>
   </div>
   <div class='ocr_carea' id='block_1_32' title="bbox 246 3035 1943 3107">
    <p class='ocr_par' dir='ltr' id='par_1_32' title="bbox 246 3035 1943 3107">
     <span class='ocr_line' id='line_1_32' title="bbox 246 3035 1943 3107; baseline 0.001 -19"><span class='ocrx_word' id='word_1_229' title='bbox 246 3035 496 3089; x_wconf 87' lang='lat' dir='ltr'>dicentes</span> <span class='ocrx_word' id='word_1_230' title='bbox 523 3037 675 3106; x_wconf 91' lang='lat' dir='ltr'>quod</span> <span class='ocrx_word' id='word_1_231' title='bbox 709 3036 767 3089; x_wconf 93' lang='lat' dir='ltr'>in</span> <span class='ocrx_word' id='word_1_232' title='bbox 795 3037 916 3106; x_wconf 87' lang='lat' dir='ltr'>ipso</span> <span class='ocrx_word' id='word_1_233' title='bbox 949 3041 1181 3105; x_wconf 90' lang='lat' dir='ltr'>peccato</span> <span class='ocrx_word' id='word_1_234' title='bbox 1212 3035 1551 3106; x_wconf 80' lang='lat' dir='ltr'>pcenitentia</span> <span class='ocrx_word' id='word_1_235' title='bbox 1597 3053 1715 3090; x_wconf 91' lang='lat' dir='ltr'>esse</span> <span class='ocrx_word' id='word_1_236' title='bbox 1747 3035 1943 3107; x_wconf 88' lang='lat' dir='ltr'>possit.</span> 
     </span>
    </p>
   </div>
   <div class='ocr_carea' id='block_1_33' title="bbox 2061 621 3260 694">
    <p class='ocr_par' dir='ltr' id='par_1_33' title="bbox 2061 621 3260 694">
     <span class='ocr_line' id='line_1_33' title="bbox 2061 621 3260 694; baseline 0.003 -20"><span class='ocrx_word' id='word_1_237' title='bbox 2061 621 2182 674; x_wconf 89' lang='lat' dir='ltr'>dies</span> <span class='ocrx_word' id='word_1_238' title='bbox 2212 621 2273 674; x_wconf 92' lang='lat' dir='ltr'>in</span> <span class='ocrx_word' id='word_1_239' title='bbox 2304 638 2453 691; x_wconf 91' lang='lat' dir='ltr'>pane</span> <span class='ocrx_word' id='word_1_240' title='bbox 2485 627 2540 675; x_wconf 89' lang='lat' dir='ltr'>et</span> <span class='ocrx_word' id='word_1_241' title='bbox 2574 639 2724 694; x_wconf 90' lang='lat' dir='ltr'>aqua</span> <span class='ocrx_word' id='word_1_242' title='bbox 2753 621 3032 692; x_wconf 66' lang='lat' dir='ltr'>paenitere</span> <span class='ocrx_word' id='word_1_243' title='bbox 3053 622 3260 677; x_wconf 85' lang='lat' dir='ltr'>debes?</span> 
     </span>
    </p>
   </div>
   <div class='ocr_carea' id='block_1_34' title="bbox 2130 710 3764 781">
    <p class='ocr_par' dir='ltr' id='par_1_34' title="bbox 2130 710 3764 781">
     <span class='ocr_line' id='line_1_34' title="bbox 2130 710 3764 781; baseline 0 -16"><span class='ocrx_word' id='word_1_244' title='bbox 2130 710 2547 781; x_wconf 85' lang='lat' dir='ltr'>Coinquinatus</span> <span class='ocrx_word' id='word_1_245' title='bbox 2579 727 2639 764; x_wconf 90' lang='lat' dir='ltr'>es</span> <span class='ocrx_word' id='word_1_246' title='bbox 2667 727 2798 764; x_wconf 92' lang='lat' dir='ltr'>cum</span> <span class='ocrx_word' id='word_1_247' title='bbox 2833 727 3010 764; x_wconf 84' lang='lat' dir='ltr'>uxore</span> <span class='ocrx_word' id='word_1_248' title='bbox 3051 716 3148 764; x_wconf 87' lang='lat' dir='ltr'>tua</span> <span class='ocrx_word' id='word_1_249' title='bbox 3175 711 3234 764; x_wconf 92' lang='lat' dir='ltr'>in</span> <span class='ocrx_word' id='word_1_250' title='bbox 3265 710 3764 781; x_wconf 83' lang='lat' dir='ltr'>Quadragesima?</span> 
     </span>
    </p>
   </div>
   <div class='ocr_carea' id='block_1_35' title="bbox 2059 798 3763 870">
    <p class='ocr_par' dir='ltr' id='par_1_35' title="bbox 2059 798 3763 870">
     <span class='ocr_line' id='line_1_35' title="bbox 2059 798 3763 870; baseline 0 -18"><span class='ocrx_word' id='word_1_251' title='bbox 2059 798 2144 853; x_wconf 86' lang='lat' dir='ltr'><strong>XL</strong></span> <span class='ocrx_word' id='word_1_252' title='bbox 2172 799 2291 852; x_wconf 88' lang='lat' dir='ltr'>dies</span> <span class='ocrx_word' id='word_1_253' title='bbox 2317 799 2378 852; x_wconf 91' lang='lat' dir='ltr'>in</span> <span class='ocrx_word' id='word_1_254' title='bbox 2425 815 2571 868; x_wconf 91' lang='lat' dir='ltr'>pane</span> <span class='ocrx_word' id='word_1_255' title='bbox 2603 803 2658 852; x_wconf 92' lang='lat' dir='ltr'>et</span> <span class='ocrx_word' id='word_1_256' title='bbox 2709 815 2860 870; x_wconf 88' lang='lat' dir='ltr'>aqua</span> <span class='ocrx_word' id='word_1_257' title='bbox 2905 799 3181 869; x_wconf 72' lang='lat' dir='ltr'>paenitere</span> <span class='ocrx_word' id='word_1_258' title='bbox 3221 798 3413 865; x_wconf 89' lang='lat' dir='ltr'>debes,</span> <span class='ocrx_word' id='word_1_259' title='bbox 3469 803 3567 852; x_wconf 85' lang='lat' dir='ltr'>aut</span> <span class='ocrx_word' id='word_1_260' title='bbox 3604 799 3763 855; x_wconf 81' lang='lat' dir='ltr'>XXVI</span> 
     </span>
    </p>
   </div>
   <div class='ocr_carea' id='block_1_36' title="bbox 2057 886 3765 958">
    <p class='ocr_par' dir='ltr' id='par_1_36' title="bbox 2057 886 3765 958">
     <span class='ocr_line' id='line_1_36' title="bbox 2057 886 3765 958; baseline 0.001 -18"><span class='ocrx_word' id='word_1_261' title='bbox 2057 886 2267 940; x_wconf 90' lang='lat' dir='ltr'>solidos</span> <span class='ocrx_word' id='word_1_262' title='bbox 2297 887 2359 940; x_wconf 92' lang='lat' dir='ltr'>in</span> <span class='ocrx_word' id='word_1_263' title='bbox 2388 889 2811 958; x_wconf 87' lang='lat' dir='ltr'>eleemosynam</span> <span class='ocrx_word' id='word_1_264' title='bbox 2843 888 2999 941; x_wconf 89' lang='lat' dir='ltr'>dare.</span> <span class='ocrx_word' id='word_1_265' title='bbox 3057 887 3113 942; x_wconf 92' lang='lat' dir='ltr'>Si</span> <span class='ocrx_word' id='word_1_266' title='bbox 3144 905 3243 957; x_wconf 91' lang='lat' dir='ltr'>per</span> <span class='ocrx_word' id='word_1_267' title='bbox 3281 888 3614 942; x_wconf 87' lang='lat' dir='ltr'>ebrietatem</span> <span class='ocrx_word' id='word_1_268' title='bbox 3639 904 3765 942; x_wconf 87' lang='lat' dir='ltr'>eve-</span> 
     </span>
    </p>
   </div>
   <div class='ocr_carea' id='block_1_37' title="bbox 2057 975 3765 1047">
    <p class='ocr_par' dir='ltr' id='par_1_37' title="bbox 2057 975 3765 1047">
     <span class='ocr_line' id='line_1_37' title="bbox 2057 975 3765 1047; baseline 0 -19"><span class='ocrx_word' id='word_1_269' title='bbox 2057 975 2164 1037; x_wconf 89' lang='lat' dir='ltr'>nit,</span> <span class='ocrx_word' id='word_1_270' title='bbox 2196 977 2283 1031; x_wconf 84' lang='lat' dir='ltr'><strong>XX</strong></span> <span class='ocrx_word' id='word_1_271' title='bbox 2315 976 2434 1029; x_wconf 92' lang='lat' dir='ltr'>dies</span> <span class='ocrx_word' id='word_1_272' title='bbox 2487 976 2546 1028; x_wconf 91' lang='lat' dir='ltr'>in</span> <span class='ocrx_word' id='word_1_273' title='bbox 2581 993 2727 1045; x_wconf 91' lang='lat' dir='ltr'>pane</span> <span class='ocrx_word' id='word_1_274' title='bbox 2783 980 2839 1030; x_wconf 90' lang='lat' dir='ltr'>et</span> <span class='ocrx_word' id='word_1_275' title='bbox 2868 992 3018 1047; x_wconf 90' lang='lat' dir='ltr'>aqua</span> <span class='ocrx_word' id='word_1_276' title='bbox 3061 976 3359 1046; x_wconf 88' lang='lat' dir='ltr'>pceniteas.</span> <span class='ocrx_word' id='word_1_277' title='bbox 3404 976 3615 1046; x_wconf 85' lang='lat' dir='ltr'>Viginti</span> <span class='ocrx_word' id='word_1_278' title='bbox 3642 976 3765 1030; x_wconf 90' lang='lat' dir='ltr'>dies</span> 
     </span>
    </p>
   </div>
   <div class='ocr_carea' id='block_1_38' title="bbox 2057 1065 3765 1132">
    <p class='ocr_par' dir='ltr' id='par_1_38' title="bbox 2057 1065 3765 1132">
     <span class='ocr_line' id='line_1_38' title="bbox 2057 1065 3765 1132; baseline 0.001 -15"><span class='ocrx_word' id='word_1_279' title='bbox 2057 1069 2188 1117; x_wconf 89' lang='lat' dir='ltr'>ante</span> <span class='ocrx_word' id='word_1_280' title='bbox 2218 1066 2474 1118; x_wconf 87' lang='lat' dir='ltr'>Natalem</span> <span class='ocrx_word' id='word_1_281' title='bbox 2497 1065 2742 1129; x_wconf 88' lang='lat' dir='ltr'>Domini,</span> <span class='ocrx_word' id='word_1_282' title='bbox 2769 1069 2825 1118; x_wconf 93' lang='lat' dir='ltr'>et</span> <span class='ocrx_word' id='word_1_283' title='bbox 2851 1081 3049 1118; x_wconf 90' lang='lat' dir='ltr'>omnes</span> <span class='ocrx_word' id='word_1_284' title='bbox 3080 1065 3200 1118; x_wconf 88' lang='lat' dir='ltr'>dies</span> <span class='ocrx_word' id='word_1_285' title='bbox 3229 1065 3576 1132; x_wconf 90' lang='lat' dir='ltr'>Dominicos,</span> <span class='ocrx_word' id='word_1_286' title='bbox 3610 1069 3670 1118; x_wconf 91' lang='lat' dir='ltr'>et</span> <span class='ocrx_word' id='word_1_287' title='bbox 3701 1065 3765 1118; x_wconf 91' lang='lat' dir='ltr'>in</span> 
     </span>
    </p>
   </div>
   <div class='ocr_carea' id='block_1_39' title="bbox 2058 1152 3767 1222">
    <p class='ocr_par' dir='ltr' id='par_1_39' title="bbox 2058 1152 3767 1222">
     <span class='ocr_line' id='line_1_39' title="bbox 2058 1152 3767 1222; baseline 0.001 -17"><span class='ocrx_word' id='word_1_288' title='bbox 2058 1152 2326 1206; x_wconf 90' lang='lat' dir='ltr'>omnibus</span> <span class='ocrx_word' id='word_1_289' title='bbox 2373 1153 2646 1222; x_wconf 86' lang='lat' dir='ltr'>legitimis</span> <span class='ocrx_word' id='word_1_290' title='bbox 2669 1153 2929 1222; x_wconf 88' lang='lat' dir='ltr'>jejuniis,</span> <span class='ocrx_word' id='word_1_291' title='bbox 2975 1158 3031 1206; x_wconf 90' lang='lat' dir='ltr'>et</span> <span class='ocrx_word' id='word_1_292' title='bbox 3081 1153 3140 1206; x_wconf 92' lang='lat' dir='ltr'>in</span> <span class='ocrx_word' id='word_1_293' title='bbox 3175 1153 3447 1206; x_wconf 89' lang='lat' dir='ltr'>natalitiis</span> <span class='ocrx_word' id='word_1_294' title='bbox 3476 1153 3767 1222; x_wconf 89' lang='lat' dir='ltr'>apostolo-</span> 
     </span>
    </p>
   </div>
   <div class='ocr_carea' id='block_1_40' title="bbox 2025 1241 3766 1312">
    <p class='ocr_par' dir='ltr' id='par_1_40' title="bbox 2025 1241 3766 1312">
     <span class='ocr_line' id='line_1_40' title="bbox 2025 1241 3766 1312; baseline -0.001 -17"><span class='ocrx_word' id='word_1_295' title='bbox 2025 1257 2204 1303; x_wconf 87' lang='lat' dir='ltr'>-rum,</span> <span class='ocrx_word' id='word_1_296' title='bbox 2237 1248 2295 1294; x_wconf 86' lang='lat' dir='ltr'>et</span> <span class='ocrx_word' id='word_1_297' title='bbox 2323 1241 2382 1295; x_wconf 92' lang='lat' dir='ltr'>in</span> <span class='ocrx_word' id='word_1_298' title='bbox 2414 1241 2718 1311; x_wconf 79' lang='lat' dir='ltr'>praecipuis</span> <span class='ocrx_word' id='word_1_299' title='bbox 2750 1242 2905 1294; x_wconf 87' lang='lat' dir='ltr'>festis</span> <span class='ocrx_word' id='word_1_300' title='bbox 2944 1247 2999 1294; x_wconf 91' lang='lat' dir='ltr'>et</span> <span class='ocrx_word' id='word_1_301' title='bbox 3028 1242 3086 1295; x_wconf 90' lang='lat' dir='ltr'>in</span> <span class='ocrx_word' id='word_1_302' title='bbox 3138 1242 3400 1312; x_wconf 86' lang='lat' dir='ltr'>publicis,</span> <span class='ocrx_word' id='word_1_303' title='bbox 3445 1242 3766 1295; x_wconf 84' lang='lat' dir='ltr'>castitatem</span> 
     </span>
    </p>
   </div>
   <div class='ocr_carea' id='block_1_41' title="bbox 2059 1330 3765 1401">
    <p class='ocr_par' dir='ltr' id='par_1_41' title="bbox 2059 1330 3765 1401">
     <span class='ocr_line' id='line_1_41' title="bbox 2059 1330 3765 1401; baseline -0.002 -16"><span class='ocrx_word' id='word_1_304' title='bbox 2059 1331 2228 1385; x_wconf 89' lang='lat' dir='ltr'>debes</span> <span class='ocrx_word' id='word_1_305' title='bbox 2260 1331 2561 1384; x_wconf 90' lang='lat' dir='ltr'>custodire.</span> <span class='ocrx_word' id='word_1_306' title='bbox 2597 1330 2655 1383; x_wconf 93' lang='lat' dir='ltr'>Si</span> <span class='ocrx_word' id='word_1_307' title='bbox 2687 1335 2879 1383; x_wconf 87' lang='lat' dir='ltr'>autem</span> <span class='ocrx_word' id='word_1_308' title='bbox 2912 1347 3024 1384; x_wconf 90' lang='lat' dir='ltr'>non</span> <span class='ocrx_word' id='word_1_309' title='bbox 3063 1331 3381 1401; x_wconf 88' lang='lat' dir='ltr'>custodisti,</span> <span class='ocrx_word' id='word_1_310' title='bbox 3419 1332 3504 1386; x_wconf 79' lang='lat' dir='ltr'>XL</span> <span class='ocrx_word' id='word_1_311' title='bbox 3553 1331 3676 1385; x_wconf 89' lang='lat' dir='ltr'>dies</span> <span class='ocrx_word' id='word_1_312' title='bbox 3703 1330 3765 1383; x_wconf 89' lang='lat' dir='ltr'>in</span> 
     </span>
    </p>
   </div>
   <div class='ocr_carea' id='block_1_42' title="bbox 2057 1419 2784 1490">
    <p class='ocr_par' dir='ltr' id='par_1_42' title="bbox 2057 1419 2784 1490">
     <span class='ocr_line' id='line_1_42' title="bbox 2057 1419 2784 1490; baseline -0.003 -17"><span class='ocrx_word' id='word_1_313' title='bbox 2057 1435 2205 1490; x_wconf 90' lang='lat' dir='ltr'>pane</span> <span class='ocrx_word' id='word_1_314' title='bbox 2234 1424 2292 1472; x_wconf 90' lang='lat' dir='ltr'>et</span> <span class='ocrx_word' id='word_1_315' title='bbox 2321 1436 2470 1490; x_wconf 88' lang='lat' dir='ltr'>aqua</span> <span class='ocrx_word' id='word_1_316' title='bbox 2491 1419 2784 1489; x_wconf 74' lang='lat' dir='ltr'>pmuiteas.</span> 
     </span>
    </p>
   </div>
   <div class='ocr_carea' id='block_1_43' title="bbox 2597 1545 3225 1609">
    <p class='ocr_par' dir='ltr' id='par_1_43' title="bbox 2597 1545 3225 1609">
     <span class='ocr_line' id='line_1_43' title="bbox 2597 1545 3225 1609; baseline 0 -13"><span class='ocrx_word' id='word_1_317' title='bbox 2597 1545 2676 1597; x_wconf 84' lang='lat' dir='ltr'>De</span> <span class='ocrx_word' id='word_1_318' title='bbox 2718 1545 2862 1609; x_wconf 80' lang='lat' dir='ltr'>falso</span> <span class='ocrx_word' id='word_1_319' title='bbox 2908 1545 3225 1598; x_wconf 74' lang='lat' dir='ltr'>testimonio.</span> 
     </span>
    </p>
   </div>
   <div class='ocr_carea' id='block_1_44' title="bbox 2133 1647 3766 1713">
    <p class='ocr_par' dir='ltr' id='par_1_44' title="bbox 2133 1647 3766 1713">
     <span class='ocr_line' id='line_1_44' title="bbox 2133 1647 3766 1713; baseline 0.001 -12"><span class='ocrx_word' id='word_1_320' title='bbox 2133 1647 2311 1702; x_wconf 87' lang='lat' dir='ltr'>Fuisti</span> <span class='ocrx_word' id='word_1_321' title='bbox 2342 1647 2399 1700; x_wconf 92' lang='lat' dir='ltr'>in</span> <span class='ocrx_word' id='word_1_322' title='bbox 2434 1647 2573 1700; x_wconf 88' lang='lat' dir='ltr'>falso</span> <span class='ocrx_word' id='word_1_323' title='bbox 2631 1647 2983 1713; x_wconf 88' lang='lat' dir='ltr'>testimonio,</span> <span class='ocrx_word' id='word_1_324' title='bbox 3016 1647 3097 1701; x_wconf 90' lang='lat' dir='ltr'>ita</span> <span class='ocrx_word' id='word_1_325' title='bbox 3141 1647 3267 1702; x_wconf 92' lang='lat' dir='ltr'>dico</span> <span class='ocrx_word' id='word_1_326' title='bbox 3301 1652 3364 1700; x_wconf 92' lang='lat' dir='ltr'>ut</span> <span class='ocrx_word' id='word_1_327' title='bbox 3403 1647 3766 1702; x_wconf 81' lang='lat' dir='ltr'>testimonia-</span> 
     </span>
    </p>
   </div>
   <div class='ocr_carea' id='block_1_45' title="bbox 2058 1736 3762 1806">
    <p class='ocr_par' dir='ltr' id='par_1_45' title="bbox 2058 1736 3762 1806">
     <span class='ocr_line' id='line_1_45' title="bbox 2058 1736 3762 1806; baseline 0.001 -17"><span class='ocrx_word' id='word_1_328' title='bbox 2058 1752 2149 1790; x_wconf 90' lang='lat' dir='ltr'>res</span> <span class='ocrx_word' id='word_1_329' title='bbox 2178 1741 2234 1790; x_wconf 93' lang='lat' dir='ltr'>et</span> <span class='ocrx_word' id='word_1_330' title='bbox 2263 1736 2581 1789; x_wconf 84' lang='lat' dir='ltr'>afﬁrmares</span> <span class='ocrx_word' id='word_1_331' title='bbox 2608 1737 2717 1790; x_wconf 90' lang='lat' dir='ltr'>hoc</span> <span class='ocrx_word' id='word_1_332' title='bbox 2747 1751 2946 1789; x_wconf 91' lang='lat' dir='ltr'>verum</span> <span class='ocrx_word' id='word_1_333' title='bbox 3012 1751 3133 1789; x_wconf 91' lang='lat' dir='ltr'>esse</span> <span class='ocrx_word' id='word_1_334' title='bbox 3156 1736 3310 1806; x_wconf 92' lang='lat' dir='ltr'>quod</span> <span class='ocrx_word' id='word_1_335' title='bbox 3365 1736 3571 1789; x_wconf 85' lang='lat' dir='ltr'>falsum</span> <span class='ocrx_word' id='word_1_336' title='bbox 3615 1741 3762 1804; x_wconf 89' lang='lat' dir='ltr'>erat,</span> 
     </span>
    </p>
   </div>
   <div class='ocr_carea' id='block_1_46' title="bbox 1989 1816 3766 1895">
    <p class='ocr_par' dir='ltr' id='par_1_46' title="bbox 1989 1816 3766 1895">
     <span class='ocr_line' id='line_1_46' title="bbox 1989 1816 3766 1895; baseline 0 -16"><span class='ocrx_word' id='word_1_337' title='bbox 1989 1816 2030 1871; x_wconf 85' lang='grc' dir='ltr'>Β</span> <span class='ocrx_word' id='word_1_338' title='bbox 2063 1830 2119 1879; x_wconf 89' lang='lat' dir='ltr'>et</span> <span class='ocrx_word' id='word_1_339' title='bbox 2150 1826 2256 1880; x_wconf 92' lang='lat' dir='ltr'>hoc</span> <span class='ocrx_word' id='word_1_340' title='bbox 2277 1825 2459 1879; x_wconf 89' lang='lat' dir='ltr'>fecisti</span> <span class='ocrx_word' id='word_1_341' title='bbox 2480 1829 2715 1895; x_wconf 90' lang='lat' dir='ltr'>propter</span> <span class='ocrx_word' id='word_1_342' title='bbox 2743 1840 2998 1878; x_wconf 89' lang='lat' dir='ltr'>amorem</span> <span class='ocrx_word' id='word_1_343' title='bbox 3033 1824 3290 1894; x_wconf 84' lang='lat' dir='ltr'>alicujus,</span> <span class='ocrx_word' id='word_1_344' title='bbox 3331 1825 3447 1878; x_wconf 87' lang='lat' dir='ltr'>sive</span> <span class='ocrx_word' id='word_1_345' title='bbox 3478 1840 3583 1894; x_wconf 92' lang='lat' dir='ltr'>per</span> <span class='ocrx_word' id='word_1_346' title='bbox 3611 1841 3766 1894; x_wconf 66' lang='lat' dir='ltr'>prae-</span> 
     </span>
    </p>
   </div>
   <div class='ocr_carea' id='block_1_47' title="bbox 2059 1913 3766 1983">
    <p class='ocr_par' dir='ltr' id='par_1_47' title="bbox 2059 1913 3766 1983">
     <span class='ocr_line' id='line_1_47' title="bbox 2059 1913 3766 1983; baseline -0.001 -15"><span class='ocrx_word' id='word_1_347' title='bbox 2059 1914 2263 1980; x_wconf 91' lang='lat' dir='ltr'>mium,</span> <span class='ocrx_word' id='word_1_348' title='bbox 2297 1914 2412 1967; x_wconf 87' lang='lat' dir='ltr'>sive</span> <span class='ocrx_word' id='word_1_349' title='bbox 2471 1919 2711 1983; x_wconf 80' lang='lat' dir='ltr'>propter</span> <span class='ocrx_word' id='word_1_350' title='bbox 2764 1913 3079 1967; x_wconf 83' lang='lat' dir='ltr'>timorem?</span> <span class='ocrx_word' id='word_1_351' title='bbox 3135 1913 3194 1968; x_wconf 90' lang='lat' dir='ltr'>Si</span> <span class='ocrx_word' id='word_1_352' title='bbox 3221 1913 3420 1978; x_wconf 90' lang='lat' dir='ltr'>fecisti,</span> <span class='ocrx_word' id='word_1_353' title='bbox 3461 1913 3543 1966; x_wconf 87' lang='lat' dir='ltr'>ita</span> <span class='ocrx_word' id='word_1_354' title='bbox 3588 1913 3766 1968; x_wconf 89' lang='lat' dir='ltr'>debes</span> 
     </span>
    </p>
   </div>
   <div class='ocr_carea' id='block_1_48' title="bbox 2059 2002 3767 2073">
    <p class='ocr_par' dir='ltr' id='par_1_48' title="bbox 2059 2002 3767 2073">
     <span class='ocr_line' id='line_1_48' title="bbox 2059 2002 3767 2073; baseline -0.001 -16"><span class='ocrx_word' id='word_1_355' title='bbox 2059 2003 2337 2073; x_wconf 70' lang='lat' dir='ltr'>pmnitere</span> <span class='ocrx_word' id='word_1_356' title='bbox 2367 2003 2512 2056; x_wconf 88' lang='lat' dir='ltr'>sicut</span> <span class='ocrx_word' id='word_1_357' title='bbox 2533 2002 2901 2068; x_wconf 87' lang='lat' dir='ltr'>adulterium,</span> <span class='ocrx_word' id='word_1_358' title='bbox 2933 2007 2991 2055; x_wconf 92' lang='lat' dir='ltr'>et</span> <span class='ocrx_word' id='word_1_359' title='bbox 3022 2002 3326 2056; x_wconf 87' lang='lat' dir='ltr'>homicidia</span> <span class='ocrx_word' id='word_1_360' title='bbox 3371 2006 3575 2072; x_wconf 80' lang='lat' dir='ltr'>sponte</span> <span class='ocrx_word' id='word_1_361' title='bbox 3607 2018 3767 2055; x_wconf 80' lang='lat' dir='ltr'>eom-</span> 
     </span>
    </p>
   </div>
   <div class='ocr_carea' id='block_1_49' title="bbox 2059 2089 3768 2158">
    <p class='ocr_par' dir='ltr' id='par_1_49' title="bbox 2059 2089 3768 2158">
     <span class='ocr_line' id='line_1_49' title="bbox 2059 2089 3768 2158; baseline -0.002 -12"><span class='ocrx_word' id='word_1_362' title='bbox 2059 2093 2252 2158; x_wconf 88' lang='lat' dir='ltr'>missa,</span> <span class='ocrx_word' id='word_1_363' title='bbox 2286 2091 2530 2145; x_wconf 91' lang='lat' dir='ltr'>Domino</span> <span class='ocrx_word' id='word_1_364' title='bbox 2564 2091 2815 2145; x_wconf 90' lang='lat' dir='ltr'>dicente:</span> <span class='ocrx_word' id='word_1_365' title='bbox 2845 2110 2872 2141; x_wconf 78' lang='grc' dir='ltr'>ι(</span> <span class='ocrx_word' id='word_1_366' title='bbox 2920 2092 2994 2144; x_wconf 91' lang='lat' dir='ltr'>De</span> <span class='ocrx_word' id='word_1_367' title='bbox 3025 2091 3195 2144; x_wconf 91' lang='lat' dir='ltr'>corde</span> <span class='ocrx_word' id='word_1_368' title='bbox 3245 2089 3396 2143; x_wconf 91' lang='lat' dir='ltr'>enim</span> <span class='ocrx_word' id='word_1_369' title='bbox 3431 2095 3642 2144; x_wconf 85' lang='lat' dir='ltr'>exeunt</span> <span class='ocrx_word' id='word_1_370' title='bbox 3666 2090 3768 2143; x_wconf 81' lang='lat' dir='ltr'>ho-</span> 
     </span>
    </p>
   </div>
   <div class='ocr_carea' id='block_1_50' title="bbox 2059 2179 3765 2247">
    <p class='ocr_par' dir='ltr' id='par_1_50' title="bbox 2059 2179 3765 2247">
     <span class='ocr_line' id='line_1_50' title="bbox 2059 2179 3765 2247; baseline -0.001 -13"><span class='ocrx_word' id='word_1_371' title='bbox 2059 2181 2310 2247; x_wconf 89' lang='lat' dir='ltr'>micidia,</span> <span class='ocrx_word' id='word_1_372' title='bbox 2345 2180 2644 2245; x_wconf 89' lang='lat' dir='ltr'>adulteria,</span> <span class='ocrx_word' id='word_1_373' title='bbox 2677 2180 2846 2244; x_wconf 90' lang='lat' dir='ltr'>furta,</span> <span class='ocrx_word' id='word_1_374' title='bbox 2901 2180 3041 2233; x_wconf 88' lang='lat' dir='ltr'>falsa</span> <span class='ocrx_word' id='word_1_375' title='bbox 3073 2179 3418 2233; x_wconf 86' lang='lat' dir='ltr'>testimonia.</span> <span class='ocrx_word' id='word_1_376' title='bbox 3448 2200 3469 2226; x_wconf 75' lang='grc' dir='ltr'>ι</span> <span class='ocrx_word' id='word_1_377' title='bbox 3516 2179 3581 2232; x_wconf 89' lang='lat' dir='ltr'>Et</span> <span class='ocrx_word' id='word_1_378' title='bbox 3632 2179 3765 2232; x_wconf 92' lang='lat' dir='ltr'>ideo</span> 
     </span>
    </p>
   </div>
   <div class='ocr_carea' id='block_1_51' title="bbox 2058 2266 3766 2339">
    <p class='ocr_par' dir='ltr' id='par_1_51' title="bbox 2058 2266 3766 2339">
     <span class='ocr_line' id='line_1_51' title="bbox 2058 2266 3766 2339; baseline -0.004 -14"><span class='ocrx_word' id='word_1_379' title='bbox 2058 2269 2228 2325; x_wconf 86' lang='lat' dir='ltr'>debet</span> <span class='ocrx_word' id='word_1_380' title='bbox 2272 2269 2541 2324; x_wconf 90' lang='lat' dir='ltr'>similiter</span> <span class='ocrx_word' id='word_1_381' title='bbox 2594 2268 2874 2339; x_wconf 73' lang='lat' dir='ltr'>poenitere</span> <span class='ocrx_word' id='word_1_382' title='bbox 2931 2272 2986 2321; x_wconf 91' lang='lat' dir='ltr'>et</span> <span class='ocrx_word' id='word_1_383' title='bbox 3042 2266 3530 2321; x_wconf 83' lang='lat' dir='ltr'>excommunicari</span> <span class='ocrx_word' id='word_1_384' title='bbox 3587 2267 3766 2320; x_wconf 90' lang='lat' dir='ltr'>falsus</span> 
     </span>
    </p>
   </div>
   <div class='ocr_carea' id='block_1_52' title="bbox 2055 2355 3768 2425">
    <p class='ocr_par' dir='ltr' id='par_1_52' title="bbox 2055 2355 3768 2425">
     <span class='ocr_line' id='line_1_52' title="bbox 2055 2355 3768 2425; baseline -0.002 -13"><span class='ocrx_word' id='word_1_385' title='bbox 2055 2359 2235 2423; x_wconf 90' lang='lat' dir='ltr'>testis,</span> <span class='ocrx_word' id='word_1_386' title='bbox 2270 2358 2416 2411; x_wconf 91' lang='lat' dir='ltr'>sicut</span> <span class='ocrx_word' id='word_1_387' title='bbox 2445 2357 2690 2423; x_wconf 89' lang='lat' dir='ltr'>adulter,</span> <span class='ocrx_word' id='word_1_388' title='bbox 2725 2363 2779 2410; x_wconf 91' lang='lat' dir='ltr'>et</span> <span class='ocrx_word' id='word_1_389' title='bbox 2809 2357 2922 2423; x_wconf 90' lang='lat' dir='ltr'>fur,</span> <span class='ocrx_word' id='word_1_390' title='bbox 2974 2362 3029 2409; x_wconf 90' lang='lat' dir='ltr'>et</span> <span class='ocrx_word' id='word_1_391' title='bbox 3068 2356 3376 2411; x_wconf 89' lang='lat' dir='ltr'>homicida.</span> <span class='ocrx_word' id='word_1_392' title='bbox 3420 2355 3479 2409; x_wconf 90' lang='lat' dir='ltr'>Si</span> <span class='ocrx_word' id='word_1_393' title='bbox 3525 2361 3768 2425; x_wconf 87' lang='lat' dir='ltr'>propter</span> 
     </span>
    </p>
   </div>
   <div class='ocr_carea' id='block_1_53' title="bbox 2057 2442 3767 2515">
    <p class='ocr_par' dir='ltr' id='par_1_53' title="bbox 2057 2442 3767 2515">
     <span class='ocr_line' id='line_1_53' title="bbox 2057 2442 3767 2515; baseline -0.002 -14"><span class='ocrx_word' id='word_1_394' title='bbox 2057 2447 2328 2502; x_wconf 89' lang='lat' dir='ltr'>timorem</span> <span class='ocrx_word' id='word_1_395' title='bbox 2382 2446 2564 2500; x_wconf 91' lang='lat' dir='ltr'>fecisti</span> <span class='ocrx_word' id='word_1_396' title='bbox 2641 2445 2795 2498; x_wconf 91' lang='lat' dir='ltr'>illius</span> <span class='ocrx_word' id='word_1_397' title='bbox 2849 2461 2882 2498; x_wconf 91' lang='lat' dir='ltr'>a</span> <span class='ocrx_word' id='word_1_398' title='bbox 2949 2462 3062 2515; x_wconf 91' lang='lat' dir='ltr'>quo</span> <span class='ocrx_word' id='word_1_399' title='bbox 3120 2445 3327 2497; x_wconf 89' lang='lat' dir='ltr'>timere</span> <span class='ocrx_word' id='word_1_400' title='bbox 3394 2442 3648 2513; x_wconf 87' lang='lat' dir='ltr'>potuisti,</span> <span class='ocrx_word' id='word_1_401' title='bbox 3711 2449 3767 2497; x_wconf 90' lang='lat' dir='ltr'>et</span> 
     </span>
    </p>
   </div>
   <div class='ocr_carea' id='block_1_54' title="bbox 2057 2531 3762 2605">
    <p class='ocr_par' dir='ltr' id='par_1_54' title="bbox 2057 2531 3762 2605">
     <span class='ocr_line' id='line_1_54' title="bbox 2057 2531 3762 2605; baseline -0.002 -16"><span class='ocrx_word' id='word_1_402' title='bbox 2057 2536 2316 2590; x_wconf 86' lang='lat' dir='ltr'>membra</span> <span class='ocrx_word' id='word_1_403' title='bbox 2340 2535 2594 2605; x_wconf 83' lang='lat' dir='ltr'>perdere,</span> <span class='ocrx_word' id='word_1_404' title='bbox 2619 2538 2716 2587; x_wconf 89' lang='lat' dir='ltr'>aut</span> <span class='ocrx_word' id='word_1_405' title='bbox 2737 2533 2930 2598; x_wconf 82' lang='lat' dir='ltr'>vitam,</span> <span class='ocrx_word' id='word_1_406' title='bbox 2965 2539 3023 2587; x_wconf 90' lang='lat' dir='ltr'>et</span> <span class='ocrx_word' id='word_1_407' title='bbox 3049 2533 3119 2586; x_wconf 90' lang='lat' dir='ltr'>ad</span> <span class='ocrx_word' id='word_1_408' title='bbox 3147 2533 3417 2586; x_wconf 91' lang='lat' dir='ltr'>ultimum</span> <span class='ocrx_word' id='word_1_409' title='bbox 3449 2531 3601 2584; x_wconf 89' lang='lat' dir='ltr'>bona</span> <span class='ocrx_word' id='word_1_410' title='bbox 3642 2537 3762 2598; x_wconf 88' lang='lat' dir='ltr'>tua,</span> 
     </span>
    </p>
   </div>
   <div class='ocr_carea' id='block_1_55' title="bbox 2056 2613 3764 2693">
    <p class='ocr_par' dir='ltr' id='par_1_55' title="bbox 2056 2613 3764 2693">
     <span class='ocr_line' id='line_1_55' title="bbox 2056 2613 3764 2693; baseline -0.003 -14"><span class='ocrx_word' id='word_1_411' title='bbox 2056 2629 2190 2680; x_wconf 92' lang='lat' dir='ltr'>tunc</span> <span class='ocrx_word' id='word_1_412' title='bbox 2225 2624 2415 2678; x_wconf 88' lang='lat' dir='ltr'>divide</span> <span class='ocrx_word' id='word_1_413' title='bbox 2465 2622 2886 2693; x_wconf 60' lang='lat' dir='ltr'>paenitentiam,</span> <span class='ocrx_word' id='word_1_414' title='bbox 2940 2626 2996 2675; x_wconf 91' lang='lat' dir='ltr'>et</span> <span class='ocrx_word' id='word_1_415' title='bbox 3047 2627 3240 2691; x_wconf 82' lang='lat' dir='ltr'>postea</span> <span class='ocrx_word' id='word_1_416' title='bbox 3268 2613 3526 2691; x_wconf 45' lang='lat' dir='ltr'>&#39;praavide</span> <span class='ocrx_word' id='word_1_417' title='bbox 3557 2636 3630 2675; x_wconf 88' lang='lat' dir='ltr'>ne</span> <span class='ocrx_word' id='word_1_418' title='bbox 3659 2621 3764 2675; x_wconf 87' lang='lat' dir='ltr'>tibi</span> 
     </span>
    </p>
   </div>
   <div class='ocr_carea' id='block_1_56' title="bbox 2056 2712 2638 2782">
    <p class='ocr_par' dir='ltr' id='par_1_56' title="bbox 2056 2712 2638 2782">
     <span class='ocr_line' id='line_1_56' title="bbox 2056 2712 2638 2782; baseline -0.005 -13"><span class='ocrx_word' id='word_1_419' title='bbox 2056 2713 2296 2769; x_wconf 87' lang='lat' dir='ltr'>ulterius</span> <span class='ocrx_word' id='word_1_420' title='bbox 2325 2712 2638 2782; x_wconf 81' lang='lat' dir='ltr'>contingat.</span> 
     </span>
    </p>
   </div>
   <div class='ocr_carea' id='block_1_57' title="bbox 2660 2817 3149 2884">
    <p class='ocr_par' dir='ltr' id='par_1_57' title="bbox 2660 2817 3149 2884">
     <span class='ocr_line' id='line_1_57' title="bbox 2660 2817 3149 2884; baseline -0.004 -12"><span class='ocrx_word' id='word_1_421' title='bbox 2660 2817 2744 2872; x_wconf 87' lang='lat' dir='ltr'>De</span> <span class='ocrx_word' id='word_1_422' title='bbox 2771 2820 2889 2871; x_wconf 84' lang='lat' dir='ltr'>arte</span> <span class='ocrx_word' id='word_1_423' title='bbox 2914 2818 3149 2884; x_wconf 81' lang='lat' dir='ltr'>magica.</span> 
     </span>
    </p>
   </div>
   <div class='ocr_carea' id='block_1_58' title="bbox 2125 2919 3767 2995">
    <p class='ocr_par' dir='ltr' id='par_1_58' title="bbox 2125 2919 3767 2995">
     <span class='ocr_line' id='line_1_58' title="bbox 2125 2919 3767 2995; baseline -0.005 -15"><span class='ocrx_word' id='word_1_424' title='bbox 2125 2924 2358 2980; x_wconf 84' lang='lat' dir='ltr'>Violasti</span> <span class='ocrx_word' id='word_1_425' title='bbox 2405 2924 2752 2995; x_wconf 86' lang='lat' dir='ltr'>sepulcrum,</span> <span class='ocrx_word' id='word_1_426' title='bbox 2786 2922 2864 2976; x_wconf 88' lang='lat' dir='ltr'>ita</span> <span class='ocrx_word' id='word_1_427' title='bbox 2893 2921 3041 2989; x_wconf 91' lang='lat' dir='ltr'>dico,</span> <span class='ocrx_word' id='word_1_428' title='bbox 3091 2921 3229 2974; x_wconf 89' lang='lat' dir='ltr'>dum</span> <span class='ocrx_word' id='word_1_429' title='bbox 3261 2919 3512 2989; x_wconf 87' lang='lat' dir='ltr'>aliquem</span> <span class='ocrx_word' id='word_1_430' title='bbox 3543 2919 3767 2974; x_wconf 89' lang='lat' dir='ltr'>videres</span> 
     </span>
    </p>
   </div>
   <div class='ocr_carea' id='block_1_59' title="bbox 2056 3008 3767 3086">
    <p class='ocr_par' dir='ltr' id='par_1_59' title="bbox 2056 3008 3767 3086">
     <span class='ocr_line' id='line_1_59' title="bbox 2056 3008 3767 3086; baseline -0.006 -16"><span class='ocrx_word' id='word_1_431' title='bbox 2056 3015 2321 3086; x_wconf 88' lang='lat' dir='ltr'>sepelire,</span> <span class='ocrx_word' id='word_1_432' title='bbox 2354 3018 2410 3067; x_wconf 91' lang='lat' dir='ltr'>et</span> <span class='ocrx_word' id='word_1_433' title='bbox 2441 3013 2503 3066; x_wconf 90' lang='lat' dir='ltr'>in</span> <span class='ocrx_word' id='word_1_434' title='bbox 2561 3017 2724 3066; x_wconf 90' lang='lat' dir='ltr'>nocte</span> <span class='ocrx_word' id='word_1_435' title='bbox 2784 3011 3128 3080; x_wconf 83' lang='lat' dir='ltr'>infringeres</span> <span class='ocrx_word' id='word_1_436' title='bbox 3168 3010 3493 3080; x_wconf 89' lang='lat' dir='ltr'>sepulcrum</span> <span class='ocrx_word' id='word_1_437' title='bbox 3525 3012 3582 3062; x_wconf 91' lang='lat' dir='ltr'>et</span> <span class='ocrx_word' id='word_1_438' title='bbox 3609 3008 3767 3061; x_wconf 86' lang='lat' dir='ltr'>tolle-</span> 
     </span>
    </p>
   </div>
   <div class='ocr_carea' id='block_1_60' title="bbox 247 3095 3768 3194">
    <p class='ocr_par' dir='ltr' id='par_1_60' title="bbox 247 3095 3768 3194">
     <span class='ocr_line' id='line_1_60' title="bbox 247 3095 3768 3194; baseline -0.004 -32"><span class='ocrx_word' id='word_1_439' title='bbox 247 3124 414 3176; x_wconf 63' lang='lat' dir='ltr'>verbi</span> <span class='ocrx_word' id='word_1_440' title='bbox 447 3095 653 3193; x_wconf 28' lang='lat' dir='ltr'>graia,</span> <span class='ocrx_word' id='word_1_441' title='bbox 715 3124 762 3177; x_wconf 68' lang='lat' dir='ltr'>si</span> <span class='ocrx_word' id='word_1_442' title='bbox 793 3095 852 3178; x_wconf 65' lang='grc' dir='ltr'>ιίι</span> <span class='ocrx_word' id='word_1_443' title='bbox 912 3095 1083 3177; x_wconf 66' lang='grc' dir='ltr'>πίοάο</span> <span class='ocrx_word' id='word_1_444' title='bbox 1143 3095 1353 3178; x_wconf 50' lang='lat' dir='ltr'>habere</span> <span class='ocrx_word' id='word_1_445' title='bbox 1411 3130 1712 3194; x_wconf 57' lang='lat' dir='ltr'>cognatam</span> <span class='ocrx_word' id='word_1_446' title='bbox 1748 3095 1944 3190; x_wconf 50' lang='lat' dir='ltr'><strong>‘mam’</strong></span> <span class='ocrx_word' id='word_1_447' title='bbox 1981 3096 2022 3152; x_wconf 90' lang='lat' dir='ltr'>C</span> <span class='ocrx_word' id='word_1_448' title='bbox 2058 3122 2149 3161; x_wconf 90' lang='lat' dir='ltr'>res</span> <span class='ocrx_word' id='word_1_449' title='bbox 2171 3103 2510 3194; x_wconf 86' lang='lat' dir='ltr'>vestimenta</span> <span class='ocrx_word' id='word_1_450' title='bbox 2540 3102 2707 3172; x_wconf 82' lang='lat' dir='ltr'>ejus?</span> <span class='ocrx_word' id='word_1_451' title='bbox 2736 3100 2793 3156; x_wconf 92' lang='lat' dir='ltr'>Si</span> <span class='ocrx_word' id='word_1_452' title='bbox 2815 3099 3016 3166; x_wconf 85' lang='lat' dir='ltr'>fecisti,</span> <span class='ocrx_word' id='word_1_453' title='bbox 3051 3100 3097 3153; x_wconf 90' lang='lat' dir='ltr'>II</span> <span class='ocrx_word' id='word_1_454' title='bbox 3127 3114 3306 3152; x_wconf 91' lang='lat' dir='ltr'>annos</span> <span class='ocrx_word' id='word_1_455' title='bbox 3333 3113 3436 3168; x_wconf 90' lang='lat' dir='ltr'>per</span> <span class='ocrx_word' id='word_1_456' title='bbox 3478 3095 3768 3167; x_wconf 90' lang='lat' dir='ltr'>legitimas</span> 
     </span>
    </p>
   </div>
   <div class='ocr_carea' id='block_1_61' title="bbox 248 3211 1950 3283">
    <p class='ocr_par' dir='ltr' id='par_1_61' title="bbox 248 3211 1950 3283">
     <span class='ocr_line' id='line_1_61' title="bbox 248 3211 1950 3283; baseline 0.001 -19"><span class='ocrx_word' id='word_1_457' title='bbox 248 3211 335 3264; x_wconf 91' lang='lat' dir='ltr'>vel</span> <span class='ocrx_word' id='word_1_458' title='bbox 388 3229 624 3265; x_wconf 84' lang='lat' dir='ltr'>uxorem</span> <span class='ocrx_word' id='word_1_459' title='bbox 655 3212 910 3278; x_wconf 87' lang='lat' dir='ltr'>alterius,</span> <span class='ocrx_word' id='word_1_460' title='bbox 955 3212 1041 3266; x_wconf 91' lang='lat' dir='ltr'>vel</span> <span class='ocrx_word' id='word_1_461' title='bbox 1098 3212 1314 3282; x_wconf 90' lang='lat' dir='ltr'>aliquid</span> <span class='ocrx_word' id='word_1_462' title='bbox 1368 3213 1480 3266; x_wconf 91' lang='lat' dir='ltr'>tale</span> <span class='ocrx_word' id='word_1_463' title='bbox 1538 3213 1691 3283; x_wconf 91' lang='lat' dir='ltr'>quod</span> <span class='ocrx_word' id='word_1_464' title='bbox 1729 3213 1950 3267; x_wconf 90' lang='lat' dir='ltr'>licitum</span> 
     </span>
    </p>
   </div>
   <div class='ocr_carea' id='block_1_62' title="bbox 249 3299 1950 3371">
    <p class='ocr_par' dir='ltr' id='par_1_62' title="bbox 249 3299 1950 3371">
     <span class='ocr_line' id='line_1_62' title="bbox 249 3299 1950 3371; baseline 0.001 -17"><span class='ocrx_word' id='word_1_465' title='bbox 249 3316 368 3355; x_wconf 90' lang='lat' dir='ltr'>non</span> <span class='ocrx_word' id='word_1_466' title='bbox 402 3305 567 3362; x_wconf 88' lang='lat' dir='ltr'>esset,</span> <span class='ocrx_word' id='word_1_467' title='bbox 616 3308 672 3352; x_wconf 90' lang='lat' dir='ltr'>et</span> <span class='ocrx_word' id='word_1_468' title='bbox 702 3300 872 3352; x_wconf 87' lang='lat' dir='ltr'>velles</span> <span class='ocrx_word' id='word_1_469' title='bbox 902 3299 963 3352; x_wconf 91' lang='lat' dir='ltr'>in</span> <span class='ocrx_word' id='word_1_470' title='bbox 993 3316 1061 3353; x_wconf 92' lang='lat' dir='ltr'>eo</span> <span class='ocrx_word' id='word_1_471' title='bbox 1095 3304 1322 3368; x_wconf 87' lang='lat' dir='ltr'>peccato</span> <span class='ocrx_word' id='word_1_472' title='bbox 1374 3317 1732 3371; x_wconf 88' lang='lat' dir='ltr'>permanere,</span> <span class='ocrx_word' id='word_1_473' title='bbox 1781 3307 1838 3355; x_wconf 92' lang='lat' dir='ltr'>et</span> <span class='ocrx_word' id='word_1_474' title='bbox 1867 3307 1950 3355; x_wconf 87' lang='lat' dir='ltr'>ta-</span> 
     </span>
    </p>
   </div>
   <div class='ocr_carea' id='block_1_63' title="bbox 250 3388 1950 3460">
    <p class='ocr_par' dir='ltr' id='par_1_63' title="bbox 250 3388 1950 3460">
     <span class='ocr_line' id='line_1_63' title="bbox 250 3388 1950 3460; baseline 0 -16"><span class='ocrx_word' id='word_1_475' title='bbox 250 3405 384 3444; x_wconf 90' lang='lat' dir='ltr'>men</span> <span class='ocrx_word' id='word_1_476' title='bbox 429 3389 488 3442; x_wconf 90' lang='lat' dir='ltr'>in</span> <span class='ocrx_word' id='word_1_477' title='bbox 538 3388 878 3458; x_wconf 77' lang='lat' dir='ltr'>poenitentia</span> <span class='ocrx_word' id='word_1_478' title='bbox 912 3404 1065 3441; x_wconf 88' lang='lat' dir='ltr'>esse:</span> <span class='ocrx_word' id='word_1_479' title='bbox 1095 3388 1250 3442; x_wconf 87' lang='lat' dir='ltr'>verbi</span> <span class='ocrx_word' id='word_1_480' title='bbox 1280 3389 1488 3459; x_wconf 90' lang='lat' dir='ltr'>gratia,</span> <span class='ocrx_word' id='word_1_481' title='bbox 1535 3389 1581 3442; x_wconf 91' lang='lat' dir='ltr'>si</span> <span class='ocrx_word' id='word_1_482' title='bbox 1618 3390 1786 3443; x_wconf 83' lang='lat' dir='ltr'>hodie</span> <span class='ocrx_word' id='word_1_483' title='bbox 1809 3406 1950 3460; x_wconf 89' lang='lat' dir='ltr'>qua-</span> 
     </span>
    </p>
   </div>
   <div class='ocr_carea' id='block_1_64' title="bbox 252 3475 1948 3548">
    <p class='ocr_par' dir='ltr' id='par_1_64' title="bbox 252 3475 1948 3548">
     <span class='ocr_line' id='line_1_64' title="bbox 252 3475 1948 3548; baseline 0.001 -19"><span class='ocrx_word' id='word_1_484' title='bbox 252 3475 519 3545; x_wconf 91' lang='lat' dir='ltr'>draginta</span> <span class='ocrx_word' id='word_1_485' title='bbox 570 3475 690 3530; x_wconf 91' lang='lat' dir='ltr'>dies</span> <span class='ocrx_word' id='word_1_486' title='bbox 717 3475 775 3528; x_wconf 93' lang='lat' dir='ltr'>in</span> <span class='ocrx_word' id='word_1_487' title='bbox 813 3491 956 3545; x_wconf 91' lang='lat' dir='ltr'>pane</span> <span class='ocrx_word' id='word_1_488' title='bbox 989 3482 1047 3529; x_wconf 92' lang='lat' dir='ltr'>et</span> <span class='ocrx_word' id='word_1_489' title='bbox 1078 3492 1227 3546; x_wconf 87' lang='lat' dir='ltr'>aqua</span> <span class='ocrx_word' id='word_1_490' title='bbox 1259 3493 1361 3546; x_wconf 91' lang='lat' dir='ltr'>pro</span> <span class='ocrx_word' id='word_1_491' title='bbox 1393 3493 1506 3530; x_wconf 91' lang='lat' dir='ltr'>uno</span> <span class='ocrx_word' id='word_1_492' title='bbox 1539 3478 1796 3548; x_wconf 91' lang='lat' dir='ltr'>quolibet</span> <span class='ocrx_word' id='word_1_493' title='bbox 1823 3495 1948 3548; x_wconf 91' lang='lat' dir='ltr'>pec-</span> 
     </span>
    </p>
   </div>
   <div class='ocr_carea' id='block_1_65' title="bbox 249 3565 1953 3635">
    <p class='ocr_par' dir='ltr' id='par_1_65' title="bbox 249 3565 1953 3635">
     <span class='ocr_line' id='line_1_65' title="bbox 249 3565 1953 3635; baseline 0.001 -16"><span class='ocrx_word' id='word_1_494' title='bbox 249 3570 374 3619; x_wconf 89' lang='lat' dir='ltr'>cato</span> <span class='ocrx_word' id='word_1_495' title='bbox 434 3569 693 3635; x_wconf 87' lang='lat' dir='ltr'>peractos</span> <span class='ocrx_word' id='word_1_496' title='bbox 752 3566 991 3618; x_wconf 86' lang='lat' dir='ltr'>haberes</span> <span class='ocrx_word' id='word_1_497' title='bbox 1057 3565 1117 3619; x_wconf 88' lang='lat' dir='ltr'>in</span> <span class='ocrx_word' id='word_1_498' title='bbox 1165 3565 1524 3635; x_wconf 64' lang='lat' dir='ltr'>paenitentia,</span> <span class='ocrx_word' id='word_1_499' title='bbox 1584 3570 1641 3620; x_wconf 90' lang='lat' dir='ltr'>et</span> <span class='ocrx_word' id='word_1_500' title='bbox 1715 3566 1953 3621; x_wconf 88' lang='lat' dir='ltr'>iterares</span> 
     </span>
    </p>
   </div>
   <div class='ocr_carea' id='block_1_66' title="bbox 248 3653 1952 3726">
    <p class='ocr_par' dir='ltr' id='par_1_66' title="bbox 248 3653 1952 3726">
     <span class='ocr_line' id='line_1_66' title="bbox 248 3653 1952 3726; baseline 0.001 -20"><span class='ocrx_word' id='word_1_501' title='bbox 248 3653 408 3723; x_wconf 90' lang='lat' dir='ltr'>prius</span> <span class='ocrx_word' id='word_1_502' title='bbox 436 3659 730 3724; x_wconf 88' lang='lat' dir='ltr'>peccatum</span> <span class='ocrx_word' id='word_1_503' title='bbox 765 3653 903 3707; x_wconf 88' lang='lat' dir='ltr'>nihil</span> <span class='ocrx_word' id='word_1_504' title='bbox 934 3653 1149 3707; x_wconf 90' lang='lat' dir='ltr'>valeret</span> <span class='ocrx_word' id='word_1_505' title='bbox 1167 3653 1508 3724; x_wconf 89' lang='lat' dir='ltr'>poenitentia</span> <span class='ocrx_word' id='word_1_506' title='bbox 1545 3670 1718 3726; x_wconf 88' lang='lat' dir='ltr'>quam</span> <span class='ocrx_word' id='word_1_507' title='bbox 1751 3655 1952 3725; x_wconf 87' lang='lat' dir='ltr'>fecisti,</span> 
     </span>
    </p>
   </div>
   <div class='ocr_carea' id='block_1_67' title="bbox 242 3733 1953 3819">
    <p class='ocr_par' dir='ltr' id='par_1_67' title="bbox 242 3733 1953 3819">
     <span class='ocr_line' id='line_1_67' title="bbox 242 3733 1953 3819; baseline 0.002 -25"><span class='ocrx_word' id='word_1_508' title='bbox 242 3747 404 3819; x_wconf 78' lang='lat' dir='ltr'>juxta</span> <span class='ocrx_word' id='word_1_509' title='bbox 433 3742 489 3796; x_wconf 90' lang='lat' dir='ltr'>id</span> <span class='ocrx_word' id='word_1_510' title='bbox 509 3743 659 3812; x_wconf 91' lang='lat' dir='ltr'>quod</span> <span class='ocrx_word' id='word_1_511' title='bbox 693 3741 931 3796; x_wconf 89' lang='lat' dir='ltr'>dicitur:</span> <span class='ocrx_word' id='word_1_512' title='bbox 965 3763 988 3791; x_wconf 79' lang='grc' dir='ltr'>(ι</span> <span class='ocrx_word' id='word_1_513' title='bbox 1023 3741 1178 3796; x_wconf 91' lang='lat' dir='ltr'>Sicut</span> <span class='ocrx_word' id='word_1_514' title='bbox 1231 3742 1388 3796; x_wconf 90' lang='lat' dir='ltr'>canis</span> <span class='ocrx_word' id='word_1_515' title='bbox 1419 3743 1519 3813; x_wconf 85' lang='lat' dir='ltr'>qui</span> <span class='ocrx_word' id='word_1_516' title='bbox 1550 3733 1696 3797; x_wconf 81' lang='lat' dir='ltr'>redit</span> <span class='ocrx_word' id='word_1_517' title='bbox 1734 3744 1804 3798; x_wconf 89' lang='lat' dir='ltr'>ad</span> <span class='ocrx_word' id='word_1_518' title='bbox 1858 3761 1953 3797; x_wconf 93' lang='lat' dir='ltr'>vo-</span> 
     </span>
    </p>
   </div>
   <div class='ocr_carea' id='block_1_68' title="bbox 250 3831 1956 3897">
    <p class='ocr_par' dir='ltr' id='par_1_68' title="bbox 250 3831 1956 3897">
     <span class='ocr_line' id='line_1_68' title="bbox 250 3831 1956 3897; baseline 0.002 -14"><span class='ocrx_word' id='word_1_519' title='bbox 250 3831 456 3884; x_wconf 90' lang='lat' dir='ltr'>mitum</span> <span class='ocrx_word' id='word_1_520' title='bbox 491 3847 677 3894; x_wconf 91' lang='lat' dir='ltr'>suum,</span> <span class='ocrx_word' id='word_1_521' title='bbox 715 3835 770 3883; x_wconf 93' lang='lat' dir='ltr'>et</span> <span class='ocrx_word' id='word_1_522' title='bbox 801 3847 931 3884; x_wconf 91' lang='lat' dir='ltr'>sues</span> <span class='ocrx_word' id='word_1_523' title='bbox 981 3831 1053 3884; x_wconf 90' lang='lat' dir='ltr'>ad</span> <span class='ocrx_word' id='word_1_524' title='bbox 1102 3831 1404 3886; x_wconf 87' lang='lat' dir='ltr'>volutabra</span> <span class='ocrx_word' id='word_1_525' title='bbox 1436 3848 1558 3897; x_wconf 86' lang='lat' dir='ltr'>sua,</span> <span class='ocrx_word' id='word_1_526' title='bbox 1591 3851 1620 3882; x_wconf 79' lang='grc'>»</span> <span class='ocrx_word' id='word_1_527' title='bbox 1656 3831 1742 3886; x_wconf 84' lang='lat' dir='ltr'>ita‘</span> <span class='ocrx_word' id='word_1_528' title='bbox 1767 3832 1874 3886; x_wconf 90' lang='lat' dir='ltr'>erit</span> <span class='ocrx_word' id='word_1_529' title='bbox 1900 3837 1956 3886; x_wconf 92' lang='lat' dir='ltr'>et</span> 
     </span>
    </p>
   </div>
   <div class='ocr_carea' id='block_1_69' title="bbox 249 3918 1951 3990">
    <p class='ocr_par' dir='ltr' id='par_1_69' title="bbox 249 3918 1951 3990">
     <span class='ocr_line' id='line_1_69' title="bbox 249 3918 1951 3990; baseline 0.002 -19"><span class='ocrx_word' id='word_1_530' title='bbox 249 3918 540 3988; x_wconf 89' lang='lat' dir='ltr'>peccatori</span> <span class='ocrx_word' id='word_1_531' title='bbox 596 3918 697 3989; x_wconf 91' lang='lat' dir='ltr'>qui</span> <span class='ocrx_word' id='word_1_532' title='bbox 749 3918 901 3973; x_wconf 89' lang='lat' dir='ltr'>redit</span> <span class='ocrx_word' id='word_1_533' title='bbox 964 3919 1032 3972; x_wconf 87' lang='lat' dir='ltr'>ad</span> <span class='ocrx_word' id='word_1_534' title='bbox 1071 3924 1367 3987; x_wconf 90' lang='lat' dir='ltr'>peccatum</span> <span class='ocrx_word' id='word_1_535' title='bbox 1422 3920 1580 3990; x_wconf 89' lang='lat' dir='ltr'>prius</span> <span class='ocrx_word' id='word_1_536' title='bbox 1610 3921 1951 3975; x_wconf 80' lang='lat' dir='ltr'>confessum.</span> 
     </span>
    </p>
   </div>
   <div class='ocr_carea' id='block_1_70' title="bbox 252 4008 1952 4080">
    <p class='ocr_par' dir='ltr' id='par_1_70' title="bbox 252 4008 1952 4080">
     <span class='ocr_line' id='line_1_70' title="bbox 252 4008 1952 4080; baseline 0 -18"><span class='ocrx_word' id='word_1_537' title='bbox 252 4009 616 4078; x_wconf 88' lang='lat' dir='ltr'>Quapropter</span> <span class='ocrx_word' id='word_1_538' title='bbox 643 4009 786 4061; x_wconf 90' lang='lat' dir='ltr'>scias</span> <span class='ocrx_word' id='word_1_539' title='bbox 841 4023 996 4068; x_wconf 87' lang='lat' dir='ltr'>vere,</span> <span class='ocrx_word' id='word_1_540' title='bbox 1046 4008 1182 4062; x_wconf 91' lang='lat' dir='ltr'>dum</span> <span class='ocrx_word' id='word_1_541' title='bbox 1225 4009 1284 4061; x_wconf 90' lang='lat' dir='ltr'>in</span> <span class='ocrx_word' id='word_1_542' title='bbox 1335 4009 1459 4078; x_wconf 88' lang='lat' dir='ltr'>ipso</span> <span class='ocrx_word' id='word_1_543' title='bbox 1488 4016 1722 4080; x_wconf 87' lang='lat' dir='ltr'>peccato</span> <span class='ocrx_word' id='word_1_544' title='bbox 1755 4010 1952 4074; x_wconf 90' lang='lat' dir='ltr'>fueris,</span> 
     </span>
    </p>
   </div>
   <div class='ocr_carea' id='block_1_71' title="bbox 253 4093 1481 4167">
    <p class='ocr_par' dir='ltr' id='par_1_71' title="bbox 253 4093 1481 4167">
     <span class='ocr_line' id='line_1_71' title="bbox 253 4093 1481 4167; baseline -0.003 -13"><span class='ocrx_word' id='word_1_545' title='bbox 253 4093 595 4167; x_wconf 56' lang='lat' dir='ltr'>pcﬁlitentia</span> <span class='ocrx_word' id='word_1_546' title='bbox 622 4096 876 4166; x_wconf 88' lang='lat' dir='ltr'>ejusdem</span> <span class='ocrx_word' id='word_1_547' title='bbox 899 4096 1113 4166; x_wconf 89' lang='lat' dir='ltr'>peccati</span> <span class='ocrx_word' id='word_1_548' title='bbox 1143 4097 1285 4150; x_wconf 84' lang='lat' dir='ltr'>nihil</span> <span class='ocrx_word' id='word_1_549' title='bbox 1317 4098 1481 4150; x_wconf 88' lang='lat' dir='ltr'>valet.</span> 
     </span>
    </p>
   </div>
   <div class='ocr_carea' id='block_1_72' title="bbox 792 4219 1434 4288">
    <p class='ocr_par' dir='ltr' id='par_1_72' title="bbox 792 4219 1434 4288">
     <span class='ocr_line' id='line_1_72' title="bbox 792 4219 1434 4288; baseline 0 -14"><span class='ocrx_word' id='word_1_550' title='bbox 792 4223 858 4274; x_wconf 86' lang='lat' dir='ltr'>De</span> <span class='ocrx_word' id='word_1_551' title='bbox 886 4221 1143 4274; x_wconf 82' lang='lat' dir='ltr'>abusione</span> <span class='ocrx_word' id='word_1_552' title='bbox 1172 4219 1434 4288; x_wconf 77' lang='lat' dir='ltr'>conjugiz&#39;.</span> 
     </span>
    </p>
   </div>
   <div class='ocr_carea' id='block_1_73' title="bbox 2059 3192 2566 3262">
    <p class='ocr_par' dir='ltr' id='par_1_73' title="bbox 2059 3192 2566 3262">
     <span class='ocr_line' id='line_1_73' title="bbox 2059 3192 2566 3262; baseline -0.008 -12"><span class='ocrx_word' id='word_1_553' title='bbox 2059 3194 2230 3250; x_wconf 85' lang='lat' dir='ltr'>ferias</span> <span class='ocrx_word' id='word_1_554' title='bbox 2267 3192 2566 3262; x_wconf 74' lang='lat' dir='ltr'>poeniteas.</span> 
     </span>
    </p>
   </div>
   <div class='ocr_carea' id='block_1_74' title="bbox 2131 3271 3768 3345">
    <p class='ocr_par' dir='ltr' id='par_1_74' title="bbox 2131 3271 3768 3345">
     <span class='ocr_line' id='line_1_74' title="bbox 2131 3271 3768 3345; baseline -0.005 -11"><span class='ocrx_word' id='word_1_555' title='bbox 2131 3278 2480 3336; x_wconf 89' lang='lat' dir='ltr'>Consuluisti</span> <span class='ocrx_word' id='word_1_556' title='bbox 2523 3293 2744 3345; x_wconf 89' lang='lat' dir='ltr'>magos,</span> <span class='ocrx_word' id='word_1_557' title='bbox 2793 3279 2848 3329; x_wconf 92' lang='lat' dir='ltr'>et</span> <span class='ocrx_word' id='word_1_558' title='bbox 2876 3275 2937 3328; x_wconf 91' lang='lat' dir='ltr'>in</span> <span class='ocrx_word' id='word_1_559' title='bbox 2993 3275 3236 3328; x_wconf 86' lang='lat' dir='ltr'>domum</span> <span class='ocrx_word' id='word_1_560' title='bbox 3285 3277 3444 3327; x_wconf 90' lang='lat' dir='ltr'>tuam</span> <span class='ocrx_word' id='word_1_561' title='bbox 3488 3271 3768 3326; x_wconf 83' lang='lat' dir='ltr'>induxisti</span> 
     </span>
    </p>
   </div>
   <div class='ocr_carea' id='block_1_75' title="bbox 2060 3359 3764 3439">
    <p class='ocr_par' dir='ltr' id='par_1_75' title="bbox 2060 3359 3764 3439">
     <span class='ocr_line' id='line_1_75' title="bbox 2060 3359 3764 3439; baseline -0.006 -16"><span class='ocrx_word' id='word_1_562' title='bbox 2060 3367 2397 3439; x_wconf 84' lang='lat' dir='ltr'>exquirendi</span> <span class='ocrx_word' id='word_1_563' title='bbox 2427 3365 2644 3436; x_wconf 90' lang='lat' dir='ltr'>aliquid</span> <span class='ocrx_word' id='word_1_564' title='bbox 2679 3369 2798 3417; x_wconf 89' lang='lat' dir='ltr'>arte</span> <span class='ocrx_word' id='word_1_565' title='bbox 2825 3362 3103 3428; x_wconf 86' lang='lat' dir='ltr'>maleﬁca,</span> <span class='ocrx_word' id='word_1_566' title='bbox 3151 3366 3250 3416; x_wconf 91' lang='lat' dir='ltr'>aut</span> <span class='ocrx_word' id='word_1_567' title='bbox 3277 3359 3550 3431; x_wconf 82' lang='lat' dir='ltr'>expiandi</span> <span class='ocrx_word' id='word_1_568' title='bbox 3571 3376 3764 3424; x_wconf 90' lang='lat' dir='ltr'>causa,</span> 
     </span>
    </p>
   </div>
   <div class='ocr_carea' id='block_1_76' title="bbox 2061 3449 3773 3526">
    <p class='ocr_par' dir='ltr' id='par_1_76' title="bbox 2061 3449 3773 3526">
     <span class='ocr_line' id='line_1_76' title="bbox 2061 3449 3773 3526; baseline -0.006 -16"><span class='ocrx_word' id='word_1_569' title='bbox 2061 3457 2170 3520; x_wconf 89' lang='lat' dir='ltr'>vel,</span> <span class='ocrx_word' id='word_1_570' title='bbox 2203 3470 2560 3526; x_wconf 88' lang='lat' dir='ltr'>paganorum</span> <span class='ocrx_word' id='word_1_571' title='bbox 2592 3452 3067 3506; x_wconf 87' lang='lat' dir='ltr'>consuetudinem</span> <span class='ocrx_word' id='word_1_572' title='bbox 3099 3466 3363 3520; x_wconf 89' lang='lat' dir='ltr'>sequens,</span> <span class='ocrx_word' id='word_1_573' title='bbox 3406 3449 3628 3502; x_wconf 89' lang='lat' dir='ltr'>divinos</span> <span class='ocrx_word' id='word_1_574' title='bbox 3666 3449 3773 3517; x_wconf 87' lang='lat' dir='ltr'>qui</span> 
     </span>
    </p>
   </div>
   <div class='ocr_carea' id='block_1_77' title="bbox 2060 3537 3768 3609">
    <p class='ocr_par' dir='ltr' id='par_1_77' title="bbox 2060 3537 3768 3609">
     <span class='ocr_line' id='line_1_77' title="bbox 2060 3537 3768 3609; baseline -0.007 -8"><span class='ocrx_word' id='word_1_575' title='bbox 2060 3546 2166 3601; x_wconf 91' lang='lat' dir='ltr'>tibi</span> <span class='ocrx_word' id='word_1_576' title='bbox 2198 3545 2540 3609; x_wconf 90' lang='lat' dir='ltr'>divinarent,</span> <span class='ocrx_word' id='word_1_577' title='bbox 2574 3547 2636 3595; x_wconf 90' lang='lat' dir='ltr'>ut</span> <span class='ocrx_word' id='word_1_578' title='bbox 2664 3541 2854 3594; x_wconf 90' lang='lat' dir='ltr'>futura</span> <span class='ocrx_word' id='word_1_579' title='bbox 2893 3539 2963 3594; x_wconf 89' lang='lat' dir='ltr'>ab</span> <span class='ocrx_word' id='word_1_580' title='bbox 3014 3540 3096 3593; x_wconf 86' lang='lat' dir='ltr'>eis</span> <span class='ocrx_word' id='word_1_581' title='bbox 3154 3539 3480 3609; x_wconf 85' lang='lat' dir='ltr'>requireres</span> <span class='ocrx_word' id='word_1_582' title='bbox 3532 3537 3698 3608; x_wconf 89' lang='lat' dir='ltr'>quasi</span> <span class='ocrx_word' id='word_1_583' title='bbox 3735 3553 3768 3589; x_wconf 90' lang='lat' dir='ltr'>a</span> 
     </span>
    </p>
   </div>
   <div class='ocr_carea' id='block_1_78' title="bbox 2061 3625 3770 3706">
    <p class='ocr_par' dir='ltr' id='par_1_78' title="bbox 2061 3625 3770 3706">
     <span class='ocr_line' id='line_1_78' title="bbox 2061 3625 3770 3706; baseline -0.007 -17"><span class='ocrx_word' id='word_1_584' title='bbox 2061 3634 2362 3706; x_wconf 87' lang='lat' dir='ltr'>propheta,</span> <span class='ocrx_word' id='word_1_585' title='bbox 2396 3636 2450 3686; x_wconf 92' lang='lat' dir='ltr'>et</span> <span class='ocrx_word' id='word_1_586' title='bbox 2496 3632 2626 3685; x_wconf 89' lang='lat' dir='ltr'>illos</span> <span class='ocrx_word' id='word_1_587' title='bbox 2674 3629 2772 3699; x_wconf 91' lang='lat' dir='ltr'>qui</span> <span class='ocrx_word' id='word_1_588' title='bbox 2803 3633 2980 3682; x_wconf 87' lang='lat' dir='ltr'>sortes</span> <span class='ocrx_word' id='word_1_589' title='bbox 3032 3631 3316 3694; x_wconf 84' lang='lat' dir='ltr'>exercent,</span> <span class='ocrx_word' id='word_1_590' title='bbox 3379 3627 3465 3679; x_wconf 90' lang='lat' dir='ltr'>vel</span> <span class='ocrx_word' id='word_1_591' title='bbox 3511 3625 3612 3695; x_wconf 89' lang='lat' dir='ltr'>qui</span> <span class='ocrx_word' id='word_1_592' title='bbox 3664 3641 3770 3694; x_wconf 90' lang='lat' dir='ltr'>per</span> 
     </span>
    </p>
   </div>
   <div class='ocr_carea' id='block_1_79' title="bbox 2063 3711 3770 3792">
    <p class='ocr_par' dir='ltr' id='par_1_79' title="bbox 2063 3711 3770 3792">
     <span class='ocr_line' id='line_1_79' title="bbox 2063 3711 3770 3792; baseline -0.008 -14"><span class='ocrx_word' id='word_1_593' title='bbox 2063 3728 2242 3778; x_wconf 91' lang='lat' dir='ltr'>sortes</span> <span class='ocrx_word' id='word_1_594' title='bbox 2270 3725 2503 3792; x_wconf 88' lang='lat' dir='ltr'>sperant</span> <span class='ocrx_word' id='word_1_595' title='bbox 2552 3736 2611 3772; x_wconf 91' lang='lat' dir='ltr'>se</span> <span class='ocrx_word' id='word_1_596' title='bbox 2674 3719 2866 3772; x_wconf 87' lang='lat' dir='ltr'>futura</span> <span class='ocrx_word' id='word_1_597' title='bbox 2894 3716 3180 3788; x_wconf 69' lang='lat' dir='ltr'>prtescire,</span> <span class='ocrx_word' id='word_1_598' title='bbox 3235 3715 3321 3768; x_wconf 92' lang='lat' dir='ltr'>vel</span> <span class='ocrx_word' id='word_1_599' title='bbox 3371 3714 3499 3768; x_wconf 92' lang='lat' dir='ltr'>illos</span> <span class='ocrx_word' id='word_1_600' title='bbox 3551 3713 3652 3782; x_wconf 91' lang='lat' dir='ltr'>qui</span> <span class='ocrx_word' id='word_1_601' title='bbox 3681 3711 3770 3766; x_wconf 93' lang='lat' dir='ltr'>vel</span> 
     </span>
    </p>
   </div>
   <div class='ocr_carea' id='block_1_80' title="bbox 2063 3801 3770 3881">
    <p class='ocr_par' dir='ltr' id='par_1_80' title="bbox 2063 3801 3770 3881">
     <span class='ocr_line' id='line_1_80' title="bbox 2063 3801 3770 3881; baseline -0.007 -15"><span class='ocrx_word' id='word_1_602' title='bbox 2063 3811 2321 3881; x_wconf 86' lang='lat' dir='ltr'>auguriis</span> <span class='ocrx_word' id='word_1_603' title='bbox 2354 3811 2441 3863; x_wconf 88' lang='lat' dir='ltr'>vel</span> <span class='ocrx_word' id='word_1_604' title='bbox 2484 3806 2970 3861; x_wconf 87' lang='lat' dir='ltr'>incantationibus</span> <span class='ocrx_word' id='word_1_605' title='bbox 3024 3805 3362 3870; x_wconf 88' lang='lat' dir='ltr'>inserviunt,</span> <span class='ocrx_word' id='word_1_606' title='bbox 3418 3802 3484 3855; x_wconf 91' lang='lat' dir='ltr'>ad</span> <span class='ocrx_word' id='word_1_607' title='bbox 3532 3807 3589 3855; x_wconf 90' lang='lat' dir='ltr'>te</span> <span class='ocrx_word' id='word_1_608' title='bbox 3623 3801 3770 3854; x_wconf 89' lang='lat' dir='ltr'>invi-</span> 
     </span>
    </p>
   </div>
   <div class='ocr_carea' id='block_1_81' title="bbox 2063 3890 3770 3964">
    <p class='ocr_par' dir='ltr' id='par_1_81' title="bbox 2063 3890 3770 3964">
     <span class='ocr_line' id='line_1_81' title="bbox 2063 3890 3770 3964; baseline -0.007 -10"><span class='ocrx_word' id='word_1_609' title='bbox 2063 3900 2236 3954; x_wconf 87' lang='lat' dir='ltr'>tasti?</span> <span class='ocrx_word' id='word_1_610' title='bbox 2283 3899 2341 3952; x_wconf 89' lang='lat' dir='ltr'>Si</span> <span class='ocrx_word' id='word_1_611' title='bbox 2399 3896 2600 3961; x_wconf 92' lang='lat' dir='ltr'>fecisti,</span> <span class='ocrx_word' id='word_1_612' title='bbox 2657 3896 2802 3948; x_wconf 90' lang='lat' dir='ltr'>duos</span> <span class='ocrx_word' id='word_1_613' title='bbox 2853 3909 3031 3948; x_wconf 89' lang='lat' dir='ltr'>annos</span> <span class='ocrx_word' id='word_1_614' title='bbox 3092 3909 3195 3964; x_wconf 92' lang='lat' dir='ltr'>per</span> <span class='ocrx_word' id='word_1_615' title='bbox 3251 3890 3538 3961; x_wconf 90' lang='lat' dir='ltr'>legitimas</span> <span class='ocrx_word' id='word_1_616' title='bbox 3598 3890 3770 3944; x_wconf 89' lang='lat' dir='ltr'>ferias</span> 
     </span>
    </p>
   </div>
   <div class='ocr_carea' id='block_1_82' title="bbox 2063 3987 2360 4059">
    <p class='ocr_par' dir='ltr' id='par_1_82' title="bbox 2063 3987 2360 4059">
     <span class='ocr_line' id='line_1_82' title="bbox 2063 3987 2360 4059; baseline -0.02 -16"><span class='ocrx_word' id='word_1_617' title='bbox 2063 3987 2360 4059; x_wconf 72' lang='lat' dir='ltr'>pmniteas.</span> 
     </span>
    </p>
   </div>
   <div class='ocr_carea' id='block_1_83' title="bbox 2133 4067 3769 4140">
    <p class='ocr_par' dir='ltr' id='par_1_83' title="bbox 2133 4067 3769 4140">
     <span class='ocr_line' id='line_1_83' title="bbox 2133 4067 3769 4140; baseline -0.007 -9"><span class='ocrx_word' id='word_1_618' title='bbox 2133 4076 2193 4131; x_wconf 92' lang='lat' dir='ltr'>Si</span> <span class='ocrx_word' id='word_1_619' title='bbox 2222 4074 2535 4128; x_wconf 88' lang='lat' dir='ltr'>observasti</span> <span class='ocrx_word' id='word_1_620' title='bbox 2565 4071 2904 4126; x_wconf 89' lang='lat' dir='ltr'>traditiones</span> <span class='ocrx_word' id='word_1_621' title='bbox 2960 4085 3340 4140; x_wconf 87' lang='lat' dir='ltr'>paganorum,</span> <span class='ocrx_word' id='word_1_622' title='bbox 3404 4084 3568 4138; x_wconf 89' lang='lat' dir='ltr'>quas,</span> <span class='ocrx_word' id='word_1_623' title='bbox 3602 4067 3769 4136; x_wconf 88' lang='lat' dir='ltr'>quasi</span> 
     </span>
    </p>
   </div>
   <div class='ocr_carea' id='block_1_84' title="bbox 2066 4156 3769 4232">
    <p class='ocr_par' dir='ltr' id='par_1_84' title="bbox 2066 4156 3769 4232">
     <span class='ocr_line' id='line_1_84' title="bbox 2066 4156 3769 4232; baseline -0.006 -13"><span class='ocrx_word' id='word_1_624' title='bbox 2066 4161 2429 4219; x_wconf 67' lang='lat' dir='ltr'>haereditario</span> <span class='ocrx_word' id='word_1_625' title='bbox 2480 4162 2613 4232; x_wconf 90' lang='lat' dir='ltr'>jure</span> <span class='ocrx_word' id='word_1_626' title='bbox 2663 4160 2892 4215; x_wconf 88' lang='lat' dir='ltr'>diabolo</span> <span class='ocrx_word' id='word_1_627' title='bbox 2941 4158 3434 4221; x_wconf 88' lang='lat' dir='ltr'>subministrante,</span> <span class='ocrx_word' id='word_1_628' title='bbox 3492 4171 3676 4226; x_wconf 91' lang='lat' dir='ltr'>usque</span> <span class='ocrx_word' id='word_1_629' title='bbox 3708 4156 3769 4208; x_wconf 90' lang='lat' dir='ltr'>in</span> 
     </span>
    </p>
   </div>
   <div class='ocr_carea' id='block_1_85' title="bbox 2064 4243 3772 4320">
    <p class='ocr_par' dir='ltr' id='par_1_85' title="bbox 2064 4243 3772 4320">
     <span class='ocr_line' id='line_1_85' title="bbox 2064 4243 3772 4320; baseline -0.005 -15"><span class='ocrx_word' id='word_1_630' title='bbox 2064 4253 2168 4306; x_wconf 85' lang='lat' dir='ltr'>hos</span> <span class='ocrx_word' id='word_1_631' title='bbox 2195 4250 2314 4306; x_wconf 91' lang='lat' dir='ltr'>dies</span> <span class='ocrx_word' id='word_1_632' title='bbox 2363 4264 2589 4320; x_wconf 86' lang='lat' dir='ltr'>semper</span> <span class='ocrx_word' id='word_1_633' title='bbox 2638 4254 2828 4318; x_wconf 89' lang='lat' dir='ltr'>patres</span> <span class='ocrx_word' id='word_1_634' title='bbox 2863 4247 2998 4301; x_wconf 90' lang='lat' dir='ltr'>ﬁliis</span> <span class='ocrx_word' id='word_1_635' title='bbox 3031 4245 3412 4316; x_wconf 89' lang='lat' dir='ltr'>reliquerunt,</span> <span class='ocrx_word' id='word_1_636' title='bbox 3460 4243 3518 4297; x_wconf 92' lang='lat' dir='ltr'>id</span> <span class='ocrx_word' id='word_1_637' title='bbox 3573 4246 3658 4296; x_wconf 91' lang='lat' dir='ltr'>est</span> <span class='ocrx_word' id='word_1_638' title='bbox 3703 4249 3772 4297; x_wconf 90' lang='lat' dir='ltr'>ut</span> 
     </span>
    </p>
   </div>
   <div class='ocr_carea' id='block_1_86' title="bbox 327 4331 3773 4427">
    <p class='ocr_par' dir='ltr' id='par_1_86' title="bbox 327 4331 3773 4427">
     <span class='ocr_line' id='line_1_86' title="bbox 327 4331 3773 4427; baseline -0.005 -27"><span class='ocrx_word' id='word_1_639' title='bbox 327 4345 695 4400; x_wconf 88' lang='lat' dir='ltr'>Concubuisti</span> <span class='ocrx_word' id='word_1_640' title='bbox 755 4361 884 4399; x_wconf 89' lang='lat' dir='ltr'>cum</span> <span class='ocrx_word' id='word_1_641' title='bbox 937 4361 1114 4399; x_wconf 81' lang='lat' dir='ltr'>uxore</span> <span class='ocrx_word' id='word_1_642' title='bbox 1162 4349 1258 4397; x_wconf 86' lang='lat' dir='ltr'>tua</span> <span class='ocrx_word' id='word_1_643' title='bbox 1290 4345 1376 4398; x_wconf 91' lang='lat' dir='ltr'>vel</span> <span class='ocrx_word' id='word_1_644' title='bbox 1426 4359 1555 4398; x_wconf 85' lang='lat' dir='ltr'>cum</span> <span class='ocrx_word' id='word_1_645' title='bbox 1600 4342 1710 4397; x_wconf 87' lang='lat' dir='ltr'>alia</span> <span class='ocrx_word' id='word_1_646' title='bbox 1762 4343 1955 4412; x_wconf 88' lang='lat' dir='ltr'>aliqua</span> <span class='ocrx_word' id='word_1_647' title='bbox 1987 4373 2030 4427; x_wconf 71' lang='grc' dir='ltr'>Ι)</span> <span class='ocrx_word' id='word_1_648' title='bbox 2069 4342 2348 4395; x_wconf 85' lang='lat' dir='ltr'>elementa</span> <span class='ocrx_word' id='word_1_649' title='bbox 2373 4339 2606 4401; x_wconf 89' lang='lat' dir='ltr'>coleres,</span> <span class='ocrx_word' id='word_1_650' title='bbox 2645 4336 2704 4390; x_wconf 93' lang='lat' dir='ltr'>id</span> <span class='ocrx_word' id='word_1_651' title='bbox 2736 4340 2820 4389; x_wconf 83' lang='lat' dir='ltr'>est</span> <span class='ocrx_word' id='word_1_652' title='bbox 2867 4337 3063 4390; x_wconf 87' lang='lat' dir='ltr'>lunam</span> <span class='ocrx_word' id='word_1_653' title='bbox 3120 4339 3217 4388; x_wconf 88' lang='lat' dir='ltr'>aut</span> <span class='ocrx_word' id='word_1_654' title='bbox 3280 4333 3481 4427; x_wconf 70' lang='lat' dir='ltr'>solem,</span> <span class='ocrx_word' id='word_1_655' title='bbox 3515 4336 3614 4427; x_wconf 80' lang='lat' dir='ltr'>aut</span> <span class='ocrx_word' id='word_1_656' title='bbox 3646 4331 3773 4385; x_wconf 88' lang='lat' dir='ltr'>stel-</span> 
     </span>
    </p>
   </div>
   <div class='ocr_carea' id='block_1_87' title="bbox 255 4431 1958 4502">
    <p class='ocr_par' dir='ltr' id='par_1_87' title="bbox 255 4431 1958 4502">
     <span class='ocr_line' id='line_1_87' title="bbox 255 4431 1958 4502; baseline -0.003 -13"><span class='ocrx_word' id='word_1_657' title='bbox 255 4439 429 4500; x_wconf 90' lang='lat' dir='ltr'>retro,</span> <span class='ocrx_word' id='word_1_658' title='bbox 470 4433 666 4487; x_wconf 90' lang='lat' dir='ltr'>canico</span> <span class='ocrx_word' id='word_1_659' title='bbox 691 4433 896 4488; x_wconf 87' lang='lat' dir='ltr'>more?</span> <span class='ocrx_word' id='word_1_660' title='bbox 926 4432 981 4488; x_wconf 92' lang='lat' dir='ltr'>Si</span> <span class='ocrx_word' id='word_1_661' title='bbox 1010 4431 1213 4498; x_wconf 89' lang='lat' dir='ltr'>fecisti,</span> <span class='ocrx_word' id='word_1_662' title='bbox 1251 4432 1449 4486; x_wconf 89' lang='lat' dir='ltr'>decem</span> <span class='ocrx_word' id='word_1_663' title='bbox 1474 4431 1594 4486; x_wconf 88' lang='lat' dir='ltr'>dies</span> <span class='ocrx_word' id='word_1_664' title='bbox 1630 4431 1688 4485; x_wconf 91' lang='lat' dir='ltr'>in</span> <span class='ocrx_word' id='word_1_665' title='bbox 1721 4447 1869 4502; x_wconf 87' lang='lat' dir='ltr'>pane</span> <span class='ocrx_word' id='word_1_666' title='bbox 1901 4437 1958 4484; x_wconf 91' lang='lat' dir='ltr'>et</span> 
     </span>
    </p>
   </div>
   <div class='ocr_carea' id='block_1_88' title="bbox 257 4522 729 4594">
    <p class='ocr_par' dir='ltr' id='par_1_88' title="bbox 257 4522 729 4594">
     <span class='ocr_line' id='line_1_88' title="bbox 257 4522 729 4594; baseline 0 -18"><span class='ocrx_word' id='word_1_667' title='bbox 257 4539 406 4594; x_wconf 90' lang='lat' dir='ltr'>aqua</span> <span class='ocrx_word' id='word_1_668' title='bbox 433 4522 729 4593; x_wconf 75' lang='lat' dir='ltr'>pmniteas.</span> 
     </span>
    </p>
   </div>
   <div class='ocr_carea' id='block_1_89' title="bbox 325 4609 1955 4680">
    <p class='ocr_par' dir='ltr' id='par_1_89' title="bbox 325 4609 1955 4680">
     <span class='ocr_line' id='line_1_89' title="bbox 325 4609 1955 4680; baseline -0.002 -13"><span class='ocrx_word' id='word_1_669' title='bbox 325 4612 572 4667; x_wconf 82' lang='lat' dir='ltr'>Junxisti</span> <span class='ocrx_word' id='word_1_670' title='bbox 601 4617 657 4666; x_wconf 88' lang='lat' dir='ltr'>te</span> <span class='ocrx_word' id='word_1_671' title='bbox 688 4610 851 4665; x_wconf 85' lang='lat' dir='ltr'>uxori</span> <span class='ocrx_word' id='word_1_672' title='bbox 880 4614 996 4665; x_wconf 61' lang='lat' dir='ltr'>tua;</span> <span class='ocrx_word' id='word_1_673' title='bbox 1018 4615 1314 4665; x_wconf 89' lang='lat' dir='ltr'>menstruo</span> <span class='ocrx_word' id='word_1_674' title='bbox 1344 4609 1641 4680; x_wconf 86' lang='lat' dir='ltr'>tempore?</span> <span class='ocrx_word' id='word_1_675' title='bbox 1677 4609 1725 4662; x_wconf 92' lang='lat' dir='ltr'>si</span> <span class='ocrx_word' id='word_1_676' title='bbox 1754 4609 1955 4674; x_wconf 89' lang='lat' dir='ltr'>fecisti,</span> 
     </span>
    </p>
   </div>
   <div class='ocr_carea' id='block_1_90' title="bbox 256 4698 1956 4770">
    <p class='ocr_par' dir='ltr' id='par_1_90' title="bbox 256 4698 1956 4770">
     <span class='ocr_line' id='line_1_90' title="bbox 256 4698 1956 4770; baseline -0.002 -15"><span class='ocrx_word' id='word_1_677' title='bbox 256 4703 451 4755; x_wconf 89' lang='lat' dir='ltr'>decem</span> <span class='ocrx_word' id='word_1_678' title='bbox 479 4700 597 4755; x_wconf 91' lang='lat' dir='ltr'>dies</span> <span class='ocrx_word' id='word_1_679' title='bbox 625 4700 679 4754; x_wconf 93' lang='lat' dir='ltr'>in</span> <span class='ocrx_word' id='word_1_680' title='bbox 712 4716 862 4770; x_wconf 88' lang='lat' dir='ltr'>pane</span> <span class='ocrx_word' id='word_1_681' title='bbox 891 4704 948 4752; x_wconf 91' lang='lat' dir='ltr'>et</span> <span class='ocrx_word' id='word_1_682' title='bbox 993 4716 1144 4770; x_wconf 89' lang='lat' dir='ltr'>aqua</span> <span class='ocrx_word' id='word_1_683' title='bbox 1182 4699 1474 4770; x_wconf 69' lang='lat' dir='ltr'>poeniteas.</span> <span class='ocrx_word' id='word_1_684' title='bbox 1537 4699 1736 4752; x_wconf 85' lang='lat' dir='ltr'>Mulier</span> <span class='ocrx_word' id='word_1_685' title='bbox 1787 4703 1884 4751; x_wconf 89' lang='lat' dir='ltr'>tua</span> <span class='ocrx_word' id='word_1_686' title='bbox 1913 4698 1956 4751; x_wconf 93' lang='lat' dir='ltr'>si</span> 
     </span>
    </p>
   </div>
   <div class='ocr_carea' id='block_1_91' title="bbox 258 4788 1962 4858">
    <p class='ocr_par' dir='ltr' id='par_1_91' title="bbox 258 4788 1962 4858">
     <span class='ocr_line' id='line_1_91' title="bbox 258 4788 1962 4858; baseline -0.002 -14"><span class='ocrx_word' id='word_1_687' title='bbox 258 4790 559 4844; x_wconf 88' lang='lat' dir='ltr'>intraverit</span> <span class='ocrx_word' id='word_1_688' title='bbox 609 4790 905 4843; x_wconf 58' lang='lat' dir='ltr'>eccledam</span> <span class='ocrx_word' id='word_1_689' title='bbox 954 4793 1085 4843; x_wconf 89' lang='lat' dir='ltr'>ante</span> <span class='ocrx_word' id='word_1_690' title='bbox 1125 4789 1407 4842; x_wconf 90' lang='lat' dir='ltr'>mundum</span> <span class='ocrx_word' id='word_1_691' title='bbox 1461 4788 1801 4858; x_wconf 89' lang='lat' dir='ltr'>sanguinem</span> <span class='ocrx_word' id='word_1_692' title='bbox 1833 4792 1962 4856; x_wconf 90' lang='lat' dir='ltr'>post</span> 
     </span>
    </p>
   </div>
   <div class='ocr_carea' id='block_1_92' title="bbox 256 4876 1960 4950">
    <p class='ocr_par' dir='ltr' id='par_1_92' title="bbox 256 4876 1960 4950">
     <span class='ocr_line' id='line_1_92' title="bbox 256 4876 1960 4950; baseline -0.002 -17"><span class='ocrx_word' id='word_1_693' title='bbox 256 4883 508 4950; x_wconf 89' lang='lat' dir='ltr'>partum,</span> <span class='ocrx_word' id='word_1_694' title='bbox 543 4883 628 4932; x_wconf 88' lang='lat' dir='ltr'>tot</span> <span class='ocrx_word' id='word_1_695' title='bbox 661 4879 780 4932; x_wconf 90' lang='lat' dir='ltr'>dies</span> <span class='ocrx_word' id='word_1_696' title='bbox 830 4878 1123 4948; x_wconf 61' lang='lat' dir='ltr'>paeniteat,</span> <span class='ocrx_word' id='word_1_697' title='bbox 1161 4883 1301 4947; x_wconf 90' lang='lat' dir='ltr'>quot</span> <span class='ocrx_word' id='word_1_698' title='bbox 1354 4876 1589 4930; x_wconf 91' lang='lat' dir='ltr'>ecclesia</span> <span class='ocrx_word' id='word_1_699' title='bbox 1635 4892 1827 4930; x_wconf 87' lang='lat' dir='ltr'>carere</span> <span class='ocrx_word' id='word_1_700' title='bbox 1869 4877 1960 4929; x_wconf 88' lang='lat' dir='ltr'>de-</span> 
     </span>
    </p>
   </div>
   <div class='ocr_carea' id='block_1_93' title="bbox 257 4965 1958 5032">
    <p class='ocr_par' dir='ltr' id='par_1_93' title="bbox 257 4965 1958 5032">
     <span class='ocr_line' id='line_1_93' title="bbox 257 4965 1958 5032; baseline -0.003 -9"><span class='ocrx_word' id='word_1_701' title='bbox 257 4972 480 5023; x_wconf 89' lang='lat' dir='ltr'>buerat.</span> <span class='ocrx_word' id='word_1_702' title='bbox 533 4966 589 5022; x_wconf 92' lang='lat' dir='ltr'>Si</span> <span class='ocrx_word' id='word_1_703' title='bbox 626 4970 820 5020; x_wconf 84' lang='lat' dir='ltr'>autem</span> <span class='ocrx_word' id='word_1_704' title='bbox 866 4966 1225 5020; x_wconf 90' lang='lat' dir='ltr'>concubuisti</span> <span class='ocrx_word' id='word_1_705' title='bbox 1281 4981 1410 5019; x_wconf 90' lang='lat' dir='ltr'>cum</span> <span class='ocrx_word' id='word_1_706' title='bbox 1469 4981 1537 5019; x_wconf 88' lang='lat' dir='ltr'>ea</span> <span class='ocrx_word' id='word_1_707' title='bbox 1594 4966 1681 5019; x_wconf 89' lang='lat' dir='ltr'>his</span> <span class='ocrx_word' id='word_1_708' title='bbox 1738 4965 1958 5032; x_wconf 89' lang='lat' dir='ltr'>diebus,</span> 
     </span>
    </p>
   </div>
   <div class='ocr_carea' id='block_1_94' title="bbox 258 5054 1470 5127">
    <p class='ocr_par' dir='ltr' id='par_1_94' title="bbox 258 5054 1470 5127">
     <span class='ocr_line' id='line_1_94' title="bbox 258 5054 1470 5127; baseline -0.002 -17"><span class='ocrx_word' id='word_1_709' title='bbox 258 5055 467 5127; x_wconf 86' lang='lat' dir='ltr'>viginti</span> <span class='ocrx_word' id='word_1_710' title='bbox 495 5054 617 5110; x_wconf 63' lang='lat' dir='ltr'>dies</span> <span class='ocrx_word' id='word_1_711' title='bbox 647 5054 706 5108; x_wconf 92' lang='lat' dir='ltr'>in</span> <span class='ocrx_word' id='word_1_712' title='bbox 746 5071 893 5126; x_wconf 88' lang='lat' dir='ltr'>pane</span> <span class='ocrx_word' id='word_1_713' title='bbox 920 5059 975 5108; x_wconf 90' lang='lat' dir='ltr'>et</span> <span class='ocrx_word' id='word_1_714' title='bbox 997 5071 1143 5124; x_wconf 87' lang='lat' dir='ltr'>aqua</span> <span class='ocrx_word' id='word_1_715' title='bbox 1177 5054 1470 5124; x_wconf 74' lang='lat' dir='ltr'>pmniteas.</span> 
     </span>
    </p>
   </div>
   <div class='ocr_carea' id='block_1_95' title="bbox 329 5141 1962 5212">
    <p class='ocr_par' dir='ltr' id='par_1_95' title="bbox 329 5141 1962 5212">
     <span class='ocr_line' id='line_1_95' title="bbox 329 5141 1962 5212; baseline -0.004 -11"><span class='ocrx_word' id='word_1_716' title='bbox 329 5143 699 5201; x_wconf 84' lang='lat' dir='ltr'>Concubuisti</span> <span class='ocrx_word' id='word_1_717' title='bbox 785 5159 916 5196; x_wconf 89' lang='lat' dir='ltr'>cum</span> <span class='ocrx_word' id='word_1_718' title='bbox 986 5157 1162 5196; x_wconf 84' lang='lat' dir='ltr'>uxore</span> <span class='ocrx_word' id='word_1_719' title='bbox 1230 5147 1330 5195; x_wconf 88' lang='lat' dir='ltr'>tua</span> <span class='ocrx_word' id='word_1_720' title='bbox 1393 5145 1702 5212; x_wconf 89' lang='lat' dir='ltr'>postquam</span> <span class='ocrx_word' id='word_1_721' title='bbox 1775 5141 1962 5195; x_wconf 87' lang='lat' dir='ltr'>infans</span> 
     </span>
    </p>
   </div>
   <div class='ocr_carea' id='block_1_96' title="bbox 259 5230 1961 5290">
    <p class='ocr_par' dir='ltr' id='par_1_96' title="bbox 259 5230 1961 5290">
     <span class='ocr_line' id='line_1_96' title="bbox 259 5230 1961 5290; baseline -0.005 -1"><span class='ocrx_word' id='word_1_722' title='bbox 259 5239 482 5290; x_wconf 88' lang='lat' dir='ltr'>motum</span> <span class='ocrx_word' id='word_1_723' title='bbox 540 5233 600 5287; x_wconf 91' lang='lat' dir='ltr'>in</span> <span class='ocrx_word' id='word_1_724' title='bbox 631 5237 794 5287; x_wconf 89' lang='lat' dir='ltr'>utero</span> <span class='ocrx_word' id='word_1_725' title='bbox 854 5231 1112 5285; x_wconf 86' lang='lat' dir='ltr'>fecerat?</span> <span class='ocrx_word' id='word_1_726' title='bbox 1168 5231 1256 5283; x_wconf 88' lang='lat' dir='ltr'>vel</span> <span class='ocrx_word' id='word_1_727' title='bbox 1306 5231 1508 5284; x_wconf 88' lang='lat' dir='ltr'>saltem</span> <span class='ocrx_word' id='word_1_728' title='bbox 1537 5231 1624 5286; x_wconf 80' lang='lat' dir='ltr'>XL</span> <span class='ocrx_word' id='word_1_729' title='bbox 1681 5230 1802 5284; x_wconf 91' lang='lat' dir='ltr'>dies</span> <span class='ocrx_word' id='word_1_730' title='bbox 1831 5234 1961 5282; x_wconf 90' lang='lat' dir='ltr'>ante</span> 
     </span>
    </p>
   </div>
   <div class='ocr_carea' id='block_1_97' title="bbox 259 5317 1959 5390">
    <p class='ocr_par' dir='ltr' id='par_1_97' title="bbox 259 5317 1959 5390">
     <span class='ocr_line' id='line_1_97' title="bbox 259 5317 1959 5390; baseline -0.002 -17"><span class='ocrx_word' id='word_1_731' title='bbox 259 5323 538 5390; x_wconf 87' lang='lat' dir='ltr'>partum?</span> <span class='ocrx_word' id='word_1_732' title='bbox 581 5320 636 5376; x_wconf 90' lang='lat' dir='ltr'>Si</span> <span class='ocrx_word' id='word_1_733' title='bbox 689 5319 890 5385; x_wconf 89' lang='lat' dir='ltr'>fecisti,</span> <span class='ocrx_word' id='word_1_734' title='bbox 925 5318 1010 5372; x_wconf 85' lang='grc' dir='ltr'><strong>ΧΧ</strong></span> <span class='ocrx_word' id='word_1_735' title='bbox 1042 5319 1163 5372; x_wconf 89' lang='lat' dir='ltr'>dies</span> <span class='ocrx_word' id='word_1_736' title='bbox 1218 5317 1278 5371; x_wconf 89' lang='lat' dir='ltr'>in</span> <span class='ocrx_word' id='word_1_737' title='bbox 1316 5334 1464 5389; x_wconf 89' lang='lat' dir='ltr'>pane</span> <span class='ocrx_word' id='word_1_738' title='bbox 1500 5323 1556 5371; x_wconf 93' lang='lat' dir='ltr'>et</span> <span class='ocrx_word' id='word_1_739' title='bbox 1599 5334 1746 5388; x_wconf 88' lang='lat' dir='ltr'>aqua</span> <span class='ocrx_word' id='word_1_740' title='bbox 1775 5319 1959 5388; x_wconf 70' lang='lat' dir='ltr'>poeni-</span> 
     </span>
    </p>
   </div>
   <div class='ocr_carea' id='block_1_98' title="bbox 263 5414 405 5461">
    <p class='ocr_par' dir='ltr' id='par_1_98' title="bbox 263 5414 405 5461">
     <span class='ocr_line' id='line_1_98' title="bbox 263 5414 405 5461; baseline -0.007 0"><span class='ocrx_word' id='word_1_741' title='bbox 263 5414 405 5461; x_wconf 86' lang='lat' dir='ltr'>teas.</span> 
     </span>
    </p>
   </div>
   <div class='ocr_carea' id='block_1_99' title="bbox 335 5491 1961 5564">
    <p class='ocr_par' dir='ltr' id='par_1_99' title="bbox 335 5491 1961 5564">
     <span class='ocr_line' id='line_1_99' title="bbox 335 5491 1961 5564; baseline -0.002 -16"><span class='ocrx_word' id='word_1_742' title='bbox 335 5495 702 5549; x_wconf 86' lang='lat' dir='ltr'>Concubuisti</span> <span class='ocrx_word' id='word_1_743' title='bbox 770 5511 900 5549; x_wconf 93' lang='lat' dir='ltr'>cum</span> <span class='ocrx_word' id='word_1_744' title='bbox 953 5510 1127 5548; x_wconf 85' lang='lat' dir='ltr'>uxore</span> <span class='ocrx_word' id='word_1_745' title='bbox 1193 5499 1292 5546; x_wconf 88' lang='lat' dir='ltr'>tua</span> <span class='ocrx_word' id='word_1_746' title='bbox 1355 5498 1482 5564; x_wconf 89' lang='lat' dir='ltr'>post</span> <span class='ocrx_word' id='word_1_747' title='bbox 1539 5491 1961 5546; x_wconf 88' lang='lat' dir='ltr'>manifestatam</span> 
     </span>
    </p>
   </div>
   <div class='ocr_carea' id='block_1_100' title="bbox 263 5581 1964 5652">
    <p class='ocr_par' dir='ltr' id='par_1_100' title="bbox 263 5581 1964 5652">
     <span class='ocr_line' id='line_1_100' title="bbox 263 5581 1964 5652; baseline -0.001 -19"><span class='ocrx_word' id='word_1_748' title='bbox 263 5582 737 5649; x_wconf 78' lang='lat' dir='ltr'>conceptionem?</span> <span class='ocrx_word' id='word_1_749' title='bbox 791 5583 988 5636; x_wconf 88' lang='lat' dir='ltr'>decem</span> <span class='ocrx_word' id='word_1_750' title='bbox 1041 5583 1163 5636; x_wconf 91' lang='lat' dir='ltr'>dies</span> <span class='ocrx_word' id='word_1_751' title='bbox 1210 5582 1272 5634; x_wconf 92' lang='lat' dir='ltr'>in</span> <span class='ocrx_word' id='word_1_752' title='bbox 1319 5597 1468 5650; x_wconf 89' lang='lat' dir='ltr'>pane</span> <span class='ocrx_word' id='word_1_753' title='bbox 1520 5586 1578 5634; x_wconf 91' lang='lat' dir='ltr'>et</span> <span class='ocrx_word' id='word_1_754' title='bbox 1608 5596 1758 5650; x_wconf 87' lang='lat' dir='ltr'>aqua</span> <span class='ocrx_word' id='word_1_755' title='bbox 1786 5581 1964 5652; x_wconf 76' lang='lat' dir='ltr'>poeni-</span> 
     </span>
    </p>
   </div>
   <div class='ocr_carea' id='block_1_101' title="bbox 268 5675 404 5722">
    <p class='ocr_par' dir='ltr' id='par_1_101' title="bbox 268 5675 404 5722">
     <span class='ocr_line' id='line_1_101' title="bbox 268 5675 404 5722; baseline -0.029 0"><span class='ocrx_word' id='word_1_756' title='bbox 268 5675 404 5722; x_wconf 81' lang='lat' dir='ltr'>t‘eas.</span> 
     </span>
    </p>
   </div>
   <div class='ocr_carea' id='block_1_102' title="bbox 2065 4419 3770 4492">
    <p class='ocr_par' dir='ltr' id='par_1_102' title="bbox 2065 4419 3770 4492">
     <span class='ocr_line' id='line_1_102' title="bbox 2065 4419 3770 4492; baseline -0.006 -9"><span class='ocrx_word' id='word_1_757' title='bbox 2065 4431 2252 4483; x_wconf 89' lang='lat' dir='ltr'>larum</span> <span class='ocrx_word' id='word_1_758' title='bbox 2279 4442 2529 4492; x_wconf 86' lang='lat' dir='ltr'>cursum,</span> <span class='ocrx_word' id='word_1_759' title='bbox 2577 4440 2786 4478; x_wconf 91' lang='lat' dir='ltr'>novam</span> <span class='ocrx_word' id='word_1_760' title='bbox 2832 4425 3052 4488; x_wconf 90' lang='lat' dir='ltr'>lunam,</span> <span class='ocrx_word' id='word_1_761' title='bbox 3109 4427 3208 4476; x_wconf 89' lang='lat' dir='ltr'>aut</span> <span class='ocrx_word' id='word_1_762' title='bbox 3259 4421 3544 4475; x_wconf 89' lang='lat' dir='ltr'>defectum</span> <span class='ocrx_word' id='word_1_763' title='bbox 3594 4419 3770 4485; x_wconf 69' lang='lat' dir='ltr'>lunae,</span> 
     </span>
    </p>
   </div>
   <div class='ocr_carea' id='block_1_103' title="bbox 2067 4508 3770 4580">
    <p class='ocr_par' dir='ltr' id='par_1_103' title="bbox 2067 4508 3770 4580">
     <span class='ocr_line' id='line_1_103' title="bbox 2067 4508 3770 4580; baseline -0.008 -7"><span class='ocrx_word' id='word_1_764' title='bbox 2067 4523 2132 4572; x_wconf 91' lang='lat' dir='ltr'>ut</span> <span class='ocrx_word' id='word_1_765' title='bbox 2159 4517 2273 4572; x_wconf 91' lang='lat' dir='ltr'>tuis</span> <span class='ocrx_word' id='word_1_766' title='bbox 2302 4515 2649 4568; x_wconf 88' lang='lat' dir='ltr'>clamoribus</span> <span class='ocrx_word' id='word_1_767' title='bbox 2683 4518 2783 4566; x_wconf 90' lang='lat' dir='ltr'>aut</span> <span class='ocrx_word' id='word_1_768' title='bbox 2839 4511 3053 4566; x_wconf 86' lang='lat' dir='ltr'>auxilio</span> <span class='ocrx_word' id='word_1_769' title='bbox 3084 4510 3448 4580; x_wconf 90' lang='lat' dir='ltr'>splendorem</span> <span class='ocrx_word' id='word_1_770' title='bbox 3503 4508 3626 4577; x_wconf 88' lang='lat' dir='ltr'>ejus</span> <span class='ocrx_word' id='word_1_771' title='bbox 3681 4524 3770 4560; x_wconf 87' lang='lat' dir='ltr'>re-</span> 
     </span>
    </p>
   </div>
   <div class='ocr_carea' id='block_1_104' title="bbox 2067 4597 3774 4668">
    <p class='ocr_par' dir='ltr' id='par_1_104' title="bbox 2067 4597 3774 4668">
     <span class='ocr_line' id='line_1_104' title="bbox 2067 4597 3774 4668; baseline -0.006 -9"><span class='ocrx_word' id='word_1_772' title='bbox 2067 4611 2320 4660; x_wconf 87' lang='lat' dir='ltr'>staurare</span> <span class='ocrx_word' id='word_1_773' title='bbox 2378 4605 2612 4668; x_wconf 90' lang='lat' dir='ltr'>valeres,</span> <span class='ocrx_word' id='word_1_774' title='bbox 2673 4606 2771 4655; x_wconf 92' lang='lat' dir='ltr'>aut</span> <span class='ocrx_word' id='word_1_775' title='bbox 2825 4601 2925 4654; x_wconf 85' lang='lat' dir='ltr'>illa</span> <span class='ocrx_word' id='word_1_776' title='bbox 2994 4600 3280 4652; x_wconf 89' lang='lat' dir='ltr'>elementa</span> <span class='ocrx_word' id='word_1_777' title='bbox 3359 4597 3464 4651; x_wconf 91' lang='lat' dir='ltr'>tibi</span> <span class='ocrx_word' id='word_1_778' title='bbox 3535 4612 3774 4649; x_wconf 87' lang='lat' dir='ltr'>succur—</span> 
     </span>
    </p>
   </div>
   <div class='ocr_carea' id='block_1_105' title="bbox 2071 4684 3776 4760">
    <p class='ocr_par' dir='ltr' id='par_1_105' title="bbox 2071 4684 3776 4760">
     <span class='ocr_line' id='line_1_105' title="bbox 2071 4684 3776 4760; baseline -0.006 -12"><span class='ocrx_word' id='word_1_779' title='bbox 2071 4710 2194 4748; x_wconf 89' lang='lat' dir='ltr'>rere</span> <span class='ocrx_word' id='word_1_780' title='bbox 2253 4696 2352 4746; x_wconf 90' lang='lat' dir='ltr'>aut</span> <span class='ocrx_word' id='word_1_781' title='bbox 2381 4698 2439 4745; x_wconf 91' lang='lat' dir='ltr'>tu</span> <span class='ocrx_word' id='word_1_782' title='bbox 2500 4691 2612 4744; x_wconf 89' lang='lat' dir='ltr'>illis</span> <span class='ocrx_word' id='word_1_783' title='bbox 2651 4706 2864 4760; x_wconf 89' lang='lat' dir='ltr'>posses,</span> <span class='ocrx_word' id='word_1_784' title='bbox 2915 4693 3014 4743; x_wconf 88' lang='lat' dir='ltr'>aut</span> <span class='ocrx_word' id='word_1_785' title='bbox 3069 4702 3276 4741; x_wconf 89' lang='lat' dir='ltr'>novam</span> <span class='ocrx_word' id='word_1_786' title='bbox 3333 4687 3529 4738; x_wconf 90' lang='lat' dir='ltr'>lunam</span> <span class='ocrx_word' id='word_1_787' title='bbox 3583 4684 3776 4737; x_wconf 87' lang='lat' dir='ltr'>obser-</span> 
     </span>
    </p>
   </div>
   <div class='ocr_carea' id='block_1_106' title="bbox 2067 4772 3778 4852">
    <p class='ocr_par' dir='ltr' id='par_1_106' title="bbox 2067 4772 3778 4852">
     <span class='ocr_line' id='line_1_106' title="bbox 2067 4772 3778 4852; baseline -0.007 -16"><span class='ocrx_word' id='word_1_788' title='bbox 2067 4781 2212 4837; x_wconf 88' lang='lat' dir='ltr'>vasti</span> <span class='ocrx_word' id='word_1_789' title='bbox 2235 4797 2338 4852; x_wconf 89' lang='lat' dir='ltr'>pro</span> <span class='ocrx_word' id='word_1_790' title='bbox 2370 4781 2540 4834; x_wconf 88' lang='lat' dir='ltr'>modo</span> <span class='ocrx_word' id='word_1_791' title='bbox 2596 4778 2854 4832; x_wconf 87' lang='lat' dir='ltr'>facienda</span> <span class='ocrx_word' id='word_1_792' title='bbox 2899 4782 2993 4830; x_wconf 89' lang='lat' dir='ltr'>aut</span> <span class='ocrx_word' id='word_1_793' title='bbox 3045 4775 3326 4844; x_wconf 87' lang='lat' dir='ltr'>conjugiis</span> <span class='ocrx_word' id='word_1_794' title='bbox 3364 4772 3688 4827; x_wconf 87' lang='lat' dir='ltr'>sociandis?</span> <span class='ocrx_word' id='word_1_795' title='bbox 3719 4772 3778 4826; x_wconf 91' lang='lat' dir='ltr'>Si</span> 
     </span>
    </p>
   </div>
   <div class='ocr_carea' id='block_1_107' title="bbox 2068 4861 3773 4936">
    <p class='ocr_par' dir='ltr' id='par_1_107' title="bbox 2068 4861 3773 4936">
     <span class='ocr_line' id='line_1_107' title="bbox 2068 4861 3773 4936; baseline -0.008 -11"><span class='ocrx_word' id='word_1_796' title='bbox 2068 4869 2269 4936; x_wconf 87' lang='lat' dir='ltr'>fecisti,</span> <span class='ocrx_word' id='word_1_797' title='bbox 2325 4869 2468 4922; x_wconf 91' lang='lat' dir='ltr'>duos</span> <span class='ocrx_word' id='word_1_798' title='bbox 2521 4882 2704 4920; x_wconf 90' lang='lat' dir='ltr'>annos</span> <span class='ocrx_word' id='word_1_799' title='bbox 2759 4881 2861 4936; x_wconf 90' lang='lat' dir='ltr'>per</span> <span class='ocrx_word' id='word_1_800' title='bbox 2915 4863 3203 4934; x_wconf 87' lang='lat' dir='ltr'>legitimas</span> <span class='ocrx_word' id='word_1_801' title='bbox 3264 4861 3434 4915; x_wconf 88' lang='lat' dir='ltr'>ferias</span> <span class='ocrx_word' id='word_1_802' title='bbox 3475 4861 3773 4930; x_wconf 79' lang='lat' dir='ltr'>pceniteas,</span> 
     </span>
    </p>
   </div>
   <div class='ocr_carea' id='block_1_108' title="bbox 2069 4949 3780 5030">
    <p class='ocr_par' dir='ltr' id='par_1_108' title="bbox 2069 4949 3780 5030">
     <span class='ocr_line' id='line_1_108' title="bbox 2069 4949 3780 5030; baseline -0.007 -18"><span class='ocrx_word' id='word_1_803' title='bbox 2069 4959 2206 5030; x_wconf 91' lang='lat' dir='ltr'>quia</span> <span class='ocrx_word' id='word_1_804' title='bbox 2254 4957 2531 5027; x_wconf 88' lang='lat' dir='ltr'>scriptum</span> <span class='ocrx_word' id='word_1_805' title='bbox 2571 4961 2682 5008; x_wconf 90' lang='lat' dir='ltr'>est:</span> <span class='ocrx_word' id='word_1_806' title='bbox 2719 4975 2747 5002; x_wconf 83' lang='lat'><strong>«</strong></span> <span class='ocrx_word' id='word_1_807' title='bbox 2793 4954 2972 5010; x_wconf 90' lang='lat' dir='ltr'>Omne</span> <span class='ocrx_word' id='word_1_808' title='bbox 3030 4953 3416 5022; x_wconf 88' lang='lat' dir='ltr'>quodcunque</span> <span class='ocrx_word' id='word_1_809' title='bbox 3475 4949 3658 5004; x_wconf 88' lang='lat' dir='ltr'>facitis</span> <span class='ocrx_word' id='word_1_810' title='bbox 3717 4949 3780 5001; x_wconf 92' lang='lat' dir='ltr'>in</span> 
     </span>
    </p>
   </div>
   <div class='ocr_carea' id='block_1_109' title="bbox 2068 5038 3780 5114">
    <p class='ocr_par' dir='ltr' id='par_1_109' title="bbox 2068 5038 3780 5114">
     <span class='ocr_line' id='line_1_109' title="bbox 2068 5038 3780 5114; baseline -0.006 -14"><span class='ocrx_word' id='word_1_811' title='bbox 2068 5048 2243 5101; x_wconf 90' lang='lat' dir='ltr'>verbo</span> <span class='ocrx_word' id='word_1_812' title='bbox 2269 5052 2326 5100; x_wconf 92' lang='lat' dir='ltr'>et</span> <span class='ocrx_word' id='word_1_813' title='bbox 2390 5046 2449 5099; x_wconf 91' lang='lat' dir='ltr'>in</span> <span class='ocrx_word' id='word_1_814' title='bbox 2477 5059 2671 5114; x_wconf 91' lang='lat' dir='ltr'>opere,</span> <span class='ocrx_word' id='word_1_815' title='bbox 2707 5042 2903 5097; x_wconf 88' lang='lat' dir='ltr'>omnia</span> <span class='ocrx_word' id='word_1_816' title='bbox 2933 5041 2991 5095; x_wconf 90' lang='lat' dir='ltr'>in</span> <span class='ocrx_word' id='word_1_817' title='bbox 3041 5040 3273 5094; x_wconf 91' lang='lat' dir='ltr'>nomine</span> <span class='ocrx_word' id='word_1_818' title='bbox 3335 5038 3558 5093; x_wconf 91' lang='lat' dir='ltr'>Domini</span> <span class='ocrx_word' id='word_1_819' title='bbox 3599 5038 3780 5091; x_wconf 88' lang='lat' dir='ltr'>nostri</span> 
     </span>
    </p>
   </div>
   <div class='ocr_carea' id='block_1_110' title="bbox 2069 5132 2721 5191">
    <p class='ocr_par' dir='ltr' id='par_1_110' title="bbox 2069 5132 2721 5191">
     <span class='ocr_line' id='line_1_110' title="bbox 2069 5132 2721 5191; baseline -0.012 0"><span class='ocrx_word' id='word_1_820' title='bbox 2069 5138 2202 5191; x_wconf 85' lang='lat' dir='ltr'>Jesu</span> <span class='ocrx_word' id='word_1_821' title='bbox 2234 5133 2443 5189; x_wconf 87' lang='lat' dir='ltr'>Christi</span> <span class='ocrx_word' id='word_1_822' title='bbox 2475 5132 2663 5186; x_wconf 87' lang='lat' dir='ltr'>facite.</span> <span class='ocrx_word' id='word_1_823' title='bbox 2697 5152 2721 5182; x_wconf 80' lang='grc' dir='ltr'>ι)</span> 
     </span>
    </p>
   </div>
   <div class='ocr_carea' id='block_1_111' title="bbox 2143 5216 3783 5285">
    <p class='ocr_par' dir='ltr' id='par_1_111' title="bbox 2143 5216 3783 5285">
     <span class='ocr_line' id='line_1_111' title="bbox 2143 5216 3783 5285; baseline -0.009 -5"><span class='ocrx_word' id='word_1_824' title='bbox 2143 5222 2468 5280; x_wconf 89' lang='lat' dir='ltr'>Observasti</span> <span class='ocrx_word' id='word_1_825' title='bbox 2491 5220 2773 5274; x_wconf 88' lang='lat' dir='ltr'>Kalendas</span> <span class='ocrx_word' id='word_1_826' title='bbox 2816 5218 3115 5273; x_wconf 85' lang='lat' dir='ltr'>Januarias</span> <span class='ocrx_word' id='word_1_827' title='bbox 3137 5216 3248 5271; x_wconf 88' lang='lat' dir='ltr'>ritu</span> <span class='ocrx_word' id='word_1_828' title='bbox 3300 5230 3684 5285; x_wconf 88' lang='lat' dir='ltr'>paganorum,</span> <span class='ocrx_word' id='word_1_829' title='bbox 3722 5220 3783 5267; x_wconf 87' lang='lat' dir='ltr'>ut</span> 
     </span>
    </p>
   </div>
   <div class='ocr_carea' id='block_1_112' title="bbox 2070 5310 3780 5382">
    <p class='ocr_par' dir='ltr' id='par_1_112' title="bbox 2070 5310 3780 5382">
     <span class='ocr_line' id='line_1_112' title="bbox 2070 5310 3780 5382; baseline -0.009 -15"><span class='ocrx_word' id='word_1_830' title='bbox 2070 5315 2159 5369; x_wconf 90' lang='lat' dir='ltr'>vel</span> <span class='ocrx_word' id='word_1_831' title='bbox 2196 5312 2412 5382; x_wconf 88' lang='lat' dir='ltr'>aliquid</span> <span class='ocrx_word' id='word_1_832' title='bbox 2453 5311 2582 5380; x_wconf 91' lang='lat' dir='ltr'>plus</span> <span class='ocrx_word' id='word_1_833' title='bbox 2613 5310 2825 5364; x_wconf 87' lang='lat' dir='ltr'>faceres</span> <span class='ocrx_word' id='word_1_834' title='bbox 2854 5311 3089 5377; x_wconf 88' lang='lat' dir='ltr'>propter</span> <span class='ocrx_word' id='word_1_835' title='bbox 3119 5321 3330 5359; x_wconf 90' lang='lat' dir='ltr'>novum</span> <span class='ocrx_word' id='word_1_836' title='bbox 3362 5317 3578 5355; x_wconf 90' lang='lat' dir='ltr'>annum</span> <span class='ocrx_word' id='word_1_837' title='bbox 3605 5315 3780 5370; x_wconf 90' lang='lat' dir='ltr'>quam</span> 
     </span>
    </p>
   </div>
   <div class='ocr_carea' id='block_1_113' title="bbox 2071 5395 3778 5470">
    <p class='ocr_par' dir='ltr' id='par_1_113' title="bbox 2071 5395 3778 5470">
     <span class='ocr_line' id='line_1_113' title="bbox 2071 5395 3778 5470; baseline -0.01 -12"><span class='ocrx_word' id='word_1_838' title='bbox 2071 5407 2260 5467; x_wconf 91' lang='lat' dir='ltr'>antea,</span> <span class='ocrx_word' id='word_1_839' title='bbox 2302 5401 2390 5454; x_wconf 91' lang='lat' dir='ltr'>vel</span> <span class='ocrx_word' id='word_1_840' title='bbox 2419 5405 2548 5470; x_wconf 91' lang='lat' dir='ltr'>post</span> <span class='ocrx_word' id='word_1_841' title='bbox 2577 5399 2790 5452; x_wconf 91' lang='lat' dir='ltr'>soleres</span> <span class='ocrx_word' id='word_1_842' title='bbox 2819 5398 3025 5464; x_wconf 88' lang='lat' dir='ltr'>facere,</span> <span class='ocrx_word' id='word_1_843' title='bbox 3056 5396 3134 5448; x_wconf 89' lang='lat' dir='ltr'>ita</span> <span class='ocrx_word' id='word_1_844' title='bbox 3191 5395 3317 5448; x_wconf 90' lang='lat' dir='ltr'>dico</span> <span class='ocrx_word' id='word_1_845' title='bbox 3364 5397 3427 5445; x_wconf 93' lang='lat' dir='ltr'>ut</span> <span class='ocrx_word' id='word_1_846' title='bbox 3473 5397 3573 5444; x_wconf 86' lang='lat' dir='ltr'>aut</span> <span class='ocrx_word' id='word_1_847' title='bbox 3611 5405 3778 5443; x_wconf 90' lang='lat' dir='ltr'>men-</span> 
     </span>
    </p>
   </div>
   <div class='ocr_carea' id='block_1_114' title="bbox 2074 5480 3781 5557">
    <p class='ocr_par' dir='ltr' id='par_1_114' title="bbox 2074 5480 3781 5557">
     <span class='ocr_line' id='line_1_114' title="bbox 2074 5480 3781 5557; baseline -0.009 -12"><span class='ocrx_word' id='word_1_848' title='bbox 2074 5507 2195 5546; x_wconf 86' lang='lat' dir='ltr'>sam</span> <span class='ocrx_word' id='word_1_849' title='bbox 2237 5496 2397 5543; x_wconf 88' lang='lat' dir='ltr'>tuam</span> <span class='ocrx_word' id='word_1_850' title='bbox 2453 5505 2583 5542; x_wconf 91' lang='lat' dir='ltr'>cum</span> <span class='ocrx_word' id='word_1_851' title='bbox 2637 5487 2922 5557; x_wconf 89' lang='lat' dir='ltr'>lapidibus</span> <span class='ocrx_word' id='word_1_852' title='bbox 2980 5485 3062 5538; x_wconf 89' lang='lat' dir='ltr'>vel</span> <span class='ocrx_word' id='word_1_853' title='bbox 3112 5483 3296 5552; x_wconf 88' lang='lat' dir='ltr'>epulis</span> <span class='ocrx_word' id='word_1_854' title='bbox 3347 5481 3408 5534; x_wconf 91' lang='lat' dir='ltr'>in</span> <span class='ocrx_word' id='word_1_855' title='bbox 3467 5480 3640 5532; x_wconf 93' lang='lat' dir='ltr'>domo</span> <span class='ocrx_word' id='word_1_856' title='bbox 3681 5483 3781 5530; x_wconf 91' lang='lat' dir='ltr'>tua</span> 
     </span>
    </p>
   </div>
   <div class='ocr_carea' id='block_1_115' title="bbox 2074 5567 3782 5650">
    <p class='ocr_par' dir='ltr' id='par_1_115' title="bbox 2074 5567 3782 5650">
     <span class='ocr_line' id='line_1_115' title="bbox 2074 5567 3782 5650; baseline -0.008 -18"><span class='ocrx_word' id='word_1_857' title='bbox 2074 5594 2427 5650; x_wconf 73' lang='lat' dir='ltr'>praeparares</span> <span class='ocrx_word' id='word_1_858' title='bbox 2469 5593 2537 5629; x_wconf 91' lang='lat' dir='ltr'>eo</span> <span class='ocrx_word' id='word_1_859' title='bbox 2567 5581 2844 5645; x_wconf 89' lang='lat' dir='ltr'>tempore,</span> <span class='ocrx_word' id='word_1_860' title='bbox 2879 5578 2979 5627; x_wconf 91' lang='lat' dir='ltr'>aut</span> <span class='ocrx_word' id='word_1_861' title='bbox 3008 5588 3111 5643; x_wconf 88' lang='lat' dir='ltr'>per</span> <span class='ocrx_word' id='word_1_862' title='bbox 3138 5572 3288 5624; x_wconf 89' lang='lat' dir='ltr'>vicos</span> <span class='ocrx_word' id='word_1_863' title='bbox 3335 5573 3391 5623; x_wconf 90' lang='lat' dir='ltr'>et</span> <span class='ocrx_word' id='word_1_864' title='bbox 3434 5583 3535 5638; x_wconf 90' lang='lat' dir='ltr'>per</span> <span class='ocrx_word' id='word_1_865' title='bbox 3565 5567 3782 5637; x_wconf 88' lang='lat' dir='ltr'>plateas</span> 
     </span>
    </p>
   </div>
   <div class='ocr_carea' id='block_1_116' title="bbox 2075 5655 3780 5730">
    <p class='ocr_par' dir='ltr' id='par_1_116' title="bbox 2075 5655 3780 5730">
     <span class='ocr_line' id='line_1_116' title="bbox 2075 5655 3780 5730; baseline -0.009 -10"><span class='ocrx_word' id='word_1_866' title='bbox 2075 5671 2335 5720; x_wconf 85' lang='lat' dir='ltr'>cantores</span> <span class='ocrx_word' id='word_1_867' title='bbox 2365 5670 2422 5719; x_wconf 90' lang='lat' dir='ltr'>et</span> <span class='ocrx_word' id='word_1_868' title='bbox 2449 5666 2656 5719; x_wconf 89' lang='lat' dir='ltr'>choros</span> <span class='ocrx_word' id='word_1_869' title='bbox 2694 5664 3084 5730; x_wconf 49' lang='lat' dir='ltr'>duceres,.aut</span> <span class='ocrx_word' id='word_1_870' title='bbox 3111 5676 3286 5730; x_wconf 88' lang='lat' dir='ltr'>supra</span> <span class='ocrx_word' id='word_1_871' title='bbox 3331 5661 3542 5712; x_wconf 86' lang='lat' dir='ltr'>tectum</span> <span class='ocrx_word' id='word_1_872' title='bbox 3577 5655 3780 5710; x_wconf 87' lang='lat' dir='ltr'>domus</span> 
     </span>
    </p>
   </div>
  </div>
