3944 6408
125 365 227 416 961

984 364 1462 420 DECRETORUM
1508 366 1688 420 LIBRI
1730 367 1836 421 XX.
1880 398 1947 405 —
1992 368 2201 422 LIBER
2243 365 2547 421 DECIMUS
2588 365 2827 422 NONUS.

3550 373 3651 423 962

122 492 246 542 tua:
276 488 530 553 sederes,
565 502 701 540 ense
731 491 831 540 tuo
878 485 1358 556 circunsignatus,
1389 490 1453 540 ut
1498 485 1578 539 ibi
1627 486 1848 541 videres
1876 491 1923 541 A
1962 500 2093 556 ceps
2122 486 2302 554 fuisti,
2338 502 2515 541 unum
2557 503 2773 541 annum
2822 502 2927 556 per
2982 486 3264 555 legitimas
3318 485 3489 538 ferias
3543 502 3665 556 pae-

127 582 187 629 et
228 576 581 646 intelligeres
636 574 775 645 quid
825 573 929 628 tibi
976 574 1036 628 in
1085 575 1350 645 sequenti
1384 591 1532 628 anno
1594 574 1850 629 futurum

125 666 314 718 esset?
337 666 427 718 vel
455 665 516 717 in
567 664 719 718 bivio
764 662 960 717 sedisti
1009 679 1182 733 supra
1212 663 1497 716 taurinam
1544 670 1753 728 cutem,
1787 669 1854 717 ut

126 758 186 806 et
215 752 321 806 tibi
342 753 537 807 futura
569 753 677 806 tibi
716 749 1113 820 intelligeres?
1152 753 1237 804 vel
1273 751 1317 803 si
1352 767 1526 821 panes
1580 752 1852 821 praedicta

127 845 297 896 nocte
328 857 579 912 coquere
612 840 789 894 fecisti
839 846 936 894 tuo
972 839 1224 903 nomine,
1259 844 1344 907 ut,
1394 840 1441 892 si
1470 840 1614 893 bene
1669 841 1849 893 eleva~

126 935 355 997 rentur,
397 935 454 983 et
484 929 649 999 spissi
698 934 753 982 et
785 928 885 981 alti
932 928 1157 993 ﬁerent,
1200 927 1330 981 inde
1411 928 1851 997 prosperitatem

127 1022 247 1071 tum
271 1018 403 1072 vita:
434 1032 503 1071 eo
524 1034 675 1070 anno
715 1016 1104 1086 praevideres?
1139 1016 1291 1082 Ideo,
1326 1017 1461 1086 quia
1495 1018 1673 1069 Deum
1696 1033 1848 1070 creao

129 1110 318 1160 torem
370 1112 533 1160 tuum
566 1106 947 1177 dereliquisti,
982 1110 1038 1159 et
1058 1106 1127 1158 ad
1168 1106 1316 1158 idola
1345 1110 1399 1158 et
1440 1105 1506 1157 ad
1554 1105 1651 1157 illa
1708 1121 1852 1158 vana

129 1200 186 1248 te
219 1195 571 1260 convertisti,
606 1200 662 1248 et
725 1200 986 1264 apostata
1040 1194 1276 1247 effectus
1332 1209 1411 1259 es,
1469 1194 1611 1247 duos
1673 1210 1853 1247 annos

127 1299 239 1354 per
258 1284 547 1354 legitimas
574 1284 744 1337 ferias
766 1284 1067 1352 pmniteas.

204 1368 409 1422 Fecisti
452 1367 751 1438 ligaturas,
804 1373 859 1421 et
897 1366 1340 1432 incantationes,
1392 1370 1448 1419 et
1499 1366 1624 1419 illas
1668 1366 1851 1419 varias

129 1451 542 1508 fascinationes
596 1471 738 1524 quas
818 1454 1023 1508 nefarii
1092 1454 1379 1519 homines,
1442 1454 1684 1522 subulci,
1762 1456 1850 1508 vel

130 1542 393 1608 bubulci,
428 1548 482 1595 et
526 1542 815 1596 interdum
846 1547 1147 1596 venatores
1185 1542 1419 1607 faciunt,
1456 1542 1594 1595 dum
1655 1542 1852 1595 dicunt

128 1630 416 1684 diabolica
464 1630 722 1684 carmina
768 1647 940 1700 super
984 1647 1193 1701 panem
1244 1636 1341 1684 aut
1389 1648 1562 1700 super
1644 1631 1851 1684 herbas

131 1724 188 1771 et
220 1735 399 1788 super
455 1719 719 1789 quaedam
752 1720 969 1772 nefaria
998 1720 1330 1789 ligamenta,
1362 1726 1417 1772 et
1472 1722 1592 1774 haec
1641 1727 1740 1773 aut
1790 1720 1847 1773 in

129 1808 342 1861 arbore
382 1806 756 1869 abscondunt,
807 1814 905 1861 aut
948 1808 1007 1861 in
1044 1810 1193 1862 bivio
1228 1814 1327 1862 aut
1377 1809 1437 1861 in
1479 1810 1642 1863 trivio
1674 1809 1849 1878 proji-

130 1894 315 1961 ciunt,
352 1900 417 1949 ut
446 1904 545 1949 aut
572 1913 675 1948 sua
706 1896 979 1949 animalia
1019 1898 1104 1949 vel
1151 1914 1319 1950 canes
1354 1897 1600 1951 liberent
1627 1915 1658 1951 a
1692 1904 1850 1967 peste

130 1988 187 2037 et
249 2001 284 2037 a
337 1985 516 2050 clade,
568 1990 626 2038 et
683 1985 917 2039 alterius
970 1985 1259 2055 perdant?
1324 1986 1380 2039 Si
1428 1985 1629 2051 fecisti,
1706 1986 1850 2039 duos

131 2088 321 2125 annos
352 2088 454 2142 per
485 2072 768 2142 legitimas
795 2073 966 2125 ferias
995 2074 1292 2143 poeuiteas.

202 2160 547 2226 Interfuisti,
597 2166 696 2215 aut
745 2162 1084 2215 consensisti
1142 2162 1487 2216 vanitatibus
1529 2179 1671 2233 quas
1730 2179 1849 2216 mu-

128 2248 307 2303 lieres
341 2254 607 2304 exercent
654 2250 713 2303 in
744 2250 859 2302 suis
918 2250 1199 2318 laniﬁciis,
1254 2250 1313 2303 in
1361 2252 1477 2303 suis
1529 2250 1677 2318 telis,
1724 2267 1849 2321 quae

130 2352 263 2390 cum
322 2337 631 2391 ordiuntur
679 2338 821 2390 telas
900 2355 1050 2403 suas,
1112 2343 1345 2406 sperant
1421 2355 1479 2392 se
1537 2345 1849 2409 utrumque

129 2442 301 2495 posse
330 2425 540 2492 facere,
601 2441 731 2479 cum
767 2426 1251 2480 incantationibus
1284 2433 1340 2480 et
1369 2443 1498 2480 cum
1575 2442 1851 2497 aggressu

130 2515 391 2580 illarum,
422 2520 485 2567 ut
514 2520 573 2568 et
593 2516 689 2567 ﬁla
716 2516 995 2579 staminis,
1023 2519 1079 2568 et
1105 2514 1481 2586 subtegminis
1504 2517 1559 2568 in
1605 2517 1848 2569 invicem

130 2604 209 2657 ita
238 2604 729 2657 commisceantur
766 2602 891 2673 [ut],
925 2604 1035 2657 nisi
1077 2604 1164 2657 his
1212 2605 1420 2658 iterum
1456 2605 1584 2657 aliis
1640 2604 1850 2658 diaboli

132 2691 625 2746 incantationibus
672 2699 906 2745 econtra
948 2692 1307 2757 subveniant,
1370 2698 1552 2746 totum
1613 2694 1851 2762 pereat?

131 2779 188 2834 Si
220 2780 561 2845 interfuisti,
592 2784 689 2834 aut
739 2779 1093 2847 consensisti,
1131 2782 1367 2851 triginta
1399 2781 1519 2835 dies
1575 2780 1849 2851 pceniteas

134 2869 193 2922 in
223 2886 381 2941 pane
415 2873 471 2923 et
502 2886 670 2939 aqua.

201 2975 500 3044 Collegisti
531 2976 734 3029 herbas
782 2975 1171 3043 medicinales,
1214 2992 1343 3029 cum
1400 2975 1529 3029 aliis
1582 2977 1847 3030 incanta—

132 3064 392 3117 tionibus
423 3080 553 3117 cum
594 3065 853 3133 symbolo
896 3069 954 3117 et
1007 3064 1303 3117 Dominica
1335 3066 1614 3131 oratione,
1662 3065 1715 3119 id
1766 3070 1848 3119 est
1881 3054 1921 3109 C
2030 3054 2259 3109 SOIViSti
2308 3052 2596 3123 jejunium
2672 3054 2727 3107 in
2798 3054 3266 3123 Quadragesima.

132 3167 261 3206 cum
325 3153 511 3208 Credo
560 3152 620 3206 in
658 3154 838 3206 Deum
894 3158 949 3206 et
990 3153 1156 3206 Pater
1205 3159 1398 3206 noster
1440 3154 1739 3208 cantando.
1790 3154 1848 3209 Si

133 3242 300 3295 aliter
333 3241 534 3307 fecisti,
571 3241 764 3295 decem
808 3242 929 3295 dies
974 3241 1036 3294 in
1067 3258 1215 3310 pane
1264 3247 1319 3293 et
1349 3258 1500 3311 aqua
1544 3243 1845 3312 paeniteas.

200 3347 423 3402 Venisti
466 3350 538 3401 ad
592 3348 844 3419 aliquem
899 3348 1087 3400 locum
1146 3348 1217 3401 ad
1278 3348 1560 3402 orandum
1617 3348 1727 3402 nisi
1778 3348 1849 3403 ad

131 3436 430 3492 ecclesiam
484 3438 568 3489 vel
628 3438 697 3490 ad
752 3437 931 3491 alium
991 3438 1181 3490 locum
1259 3438 1590 3506 religiosum
1650 3454 1846 3508 quam.

130 3525 436 3597 episcopus
476 3531 609 3579 tuus
657 3526 739 3578 vel
776 3531 907 3579 tuus
948 3527 1211 3580 sacerdos
1249 3526 1353 3579 tibi
1407 3527 1750 3594 ostenderet,
1794 3527 1849 3580 id

133 3620 211 3668 est
243 3616 331 3668 vel
359 3615 428 3669 ad
462 3614 669 3681 fontes,
724 3615 812 3667 vel
857 3615 925 3668 ad
968 3614 1206 3684 lapides,
1240 3614 1324 3667 vel
1372 3614 1443 3668 ad
1486 3615 1735 3681 arbores,
1763 3615 1851 3669 vel
1894 3624 1897 3627 ‘

133 3701 199 3755 ad
228 3702 403 3764 bivia,
449 3707 507 3755 et
531 3701 613 3755 ibi
644 3706 739 3755 aut
785 3702 1082 3755 candelam
1119 3706 1218 3756 aut
1244 3702 1489 3755 faculam
1533 3718 1634 3772 pro
1676 3719 1850 3755 vene-

135 3792 353 3845 ratione
386 3790 496 3844 loci
530 3790 857 3857 incendisti,
904 3795 1003 3844 aut
1032 3807 1239 3861 panem
1270 3796 1369 3845 aut
1397 3791 1650 3861 aliquam
1701 3791 1853 3844 obla-

138 3880 358 3934 tionem
435 3879 573 3931 illuc
622 3878 875 3931 detulisti
943 3884 1041 3932 aut
1088 3879 1167 3932 ibi
1214 3880 1535 3946 comedisti,
1597 3885 1696 3933 aut
1743 3880 1853 3932 ali—

138 3983 310 4038 quam
352 3968 599 4021 salutem
666 3966 923 4036 corporis
953 3971 1052 4019 aut
1104 3967 1313 4020 animas
1372 3967 1454 4020 ibi
1524 3965 1852 4037 requisisti?

139 4057 191 4112 Si
230 4058 437 4123 fecisti,
486 4061 585 4110 aut
626 4057 985 4126 consensisti,
1035 4062 1149 4111 tres
1191 4073 1371 4111 annos
1406 4072 1512 4127 per
1569 4057 1856 4127 legitimas

142 4145 308 4201 ferias
338 4145 647 4217 paeniteas.

207 4252 525 4324 Requisisti
580 4257 763 4306 sortes
825 4250 885 4305 in
928 4252 1221 4307 codicibus
1267 4252 1355 4306 vel
1403 4252 1463 4305 in
1520 4251 1751 4318 tabulis,
1794 4254 1858 4305 ut

138 4341 328 4410 plures
362 4342 573 4405 solent,
606 4341 705 4410 qui
736 4340 796 4394 in
841 4341 1131 4394 Psalteriis
1177 4345 1235 4394 et
1261 4341 1321 4393 in
1374 4341 1711 4409 Evangeliis,
1762 4339 1849 4393 vel
1892 4337 1934 4392 D

140 4428 196 4482 in
222 4430 350 4484 aliis
404 4428 805 4498 hujuscemodi
871 4430 1041 4482 rebus
1098 4428 1291 4483 sortiri
1350 4429 1741 4498 praesumant?
1798 4426 1855 4481 Si

141 4515 342 4585 fecisti,
378 4517 576 4571 decem
597 4516 719 4570 dies
749 4516 1029 4588 poeniteas
1057 4517 1116 4570 in
1145 4533 1292 4587 pane
1327 4522 1381 4571 et
1407 4533 1576 4587 aqua.

210 4622 514 4678 Credidisti
553 4638 808 4694 unquam
839 4624 923 4677 vel
954 4622 1243 4693 particeps
1285 4622 1445 4676 fuisti
1495 4622 1649 4676 illius
1688 4623 1857 4692 perﬁ-

144 4709 269 4779 diae,
301 4718 369 4767 ut
422 4712 805 4766 incantatores
848 4716 905 4766 et
950 4711 1050 4783 qui
1081 4729 1139 4765 se
1185 4712 1385 4766 dicunt
1447 4716 1856 4782 tempestatum

143 4799 495 4856 immissores
546 4817 689 4869 esse,
721 4805 958 4871 possent
995 4817 1099 4871 per
1141 4800 1592 4854 incantationem
1640 4801 1852 4855 daemo-

142 4903 278 4944 num
309 4896 413 4945 aut
439 4894 809 4960 tempestates
857 4906 1219 4945 commovere
1274 4895 1375 4943 aut
1404 4896 1625 4943 mentes
1666 4889 1855 4943 homi-

146 4992 279 5033 num
335 4980 603 5034 mutare?
650 4979 707 5033 Si
755 4978 1066 5046 credidisti,
1138 4983 1235 5031 aut
1289 4978 1573 5047 particeps
1675 4978 1852 5044 fuisti,

147 5081 356 5123 annum
390 5084 572 5123 unum
608 5084 714 5139 per
743 5068 1031 5139 legitimas
1070 5067 1239 5121 ferias
1295 5066 1588 5137 paeniteas.

213 5175 518 5230 Credidisti
550 5181 650 5229 aut
681 5176 967 5247 particeps
996 5175 1158 5229 fuisti
1208 5173 1364 5228 illius
1419 5173 1851 5239 incredulitatis,

150 5266 212 5315 ut
240 5265 429 5336 aliqua
479 5264 694 5317 femina
743 5263 816 5317 sit
869 5279 997 5334 quae
1039 5279 1143 5332 per
1174 5262 1442 5333 quaedam
1483 5263 1763 5316 maleﬁcia
1802 5268 1859 5316 et

151 5346 563 5406 incantationes
595 5357 817 5405 mentes
846 5352 1146 5405 hominum
1182 5364 1509 5422 permutare
1573 5350 1773 5421 possit,
1802 5351 1857 5405 id

153 5442 233 5491 est
260 5446 356 5493 aut
388 5442 458 5494 de
490 5441 621 5494 odio
663 5441 722 5494 in
756 5456 1036 5507 amorem,
1068 5445 1167 5493 aut
1197 5439 1265 5493 de
1309 5456 1504 5493 amore
1532 5439 1591 5493 in
1638 5440 1860 5495 odium-

155 5532 245 5581 aut
278 5530 431 5584 bona
484 5528 795 5583 hominum
835 5529 1311 5583 fascinationibus
1370 5529 1507 5598 suis,
1566 5531 1665 5583 aut
1704 5529 1859 5583 dam-

153 5627 282 5671 nare
322 5625 422 5673 aut
490 5618 781 5689 surripere
828 5620 1047 5689 possit?
1091 5618 1150 5671 Si
1182 5617 1495 5685 credidisti,
1548 5620 1649 5675 aut
1686 5617 1858 5689 parti-

1966 575 2167 629 niteas.

2034 663 2335 719 Credidisti
2364 669 2429 717 ut
2482 665 2674 734 aliqua
2729 665 2939 717 femina
2991 665 3063 717 sit
3120 679 3249 733 quae
3305 663 3411 717 hoc
3486 663 3675 716 facere

1962 752 2139 821 possit
2168 752 2321 823 quod
2349 752 2635 822 quaedam,
2658 770 2689 805 a
2720 753 2951 807 diabolo
2982 753 3253 822 deceptae,
3289 768 3346 805 se
3381 752 3670 807 affirmant

1965 841 2281 895 necessario
2308 846 2364 894 et
2429 857 2497 894 ex
2554 848 2841 910 praecepto
2900 841 3083 894 facere
3158 840 3386 907 debere,
3454 841 3510 894 id
3590 846 3673 895 est

1961 946 2092 983 cum
2152 931 2473 983 daemonum
2516 930 2682 983 turba
2740 931 2800 982 in
2852 930 3292 983 similitudinem
3358 930 3670 983 mulierum

1962 1021 2448 1082 transformatam,
2485 1034 2655 1087 quam
2699 1018 2950 1083 vulgaris
3004 1018 3247 1071 stultitia
3302 1017 3529 1071 holilam
3571 1035 3673 1069 vo-

1960 1111 2067 1165 cat.
2096 1107 2264 1160 certis
2297 1107 2558 1159 noctibus
2616 1106 2873 1175 equitare
2929 1106 3137 1159 debere
3179 1123 3354 1176 super
3397 1108 3673 1177 quasdam

1961 1196 2189 1258 bestias,
2249 1199 2305 1248 et
2360 1195 2417 1248 in
2481 1210 2681 1248 eorum
2739 1211 2796 1248 se
2853 1197 3141 1247 consortio
3234 1200 3673 1249 annumeratam

1962 1284 2121 1338 esse?
2170 1284 2225 1337 Si
2264 1284 2549 1354 particeps
2569 1283 2725 1336 fuisti
2767 1283 2921 1336 illius
2968 1282 3411 1345 incredulitatis,
3454 1300 3675 1338 annum

1960 1388 2140 1425 unum
2172 1388 2276 1442 per
2308 1371 2592 1442 legitimas
2623 1371 2795 1425 ferias
2818 1372 3099 1441 poenitere
3132 1372 3326 1425 debes.

2606 1460 2689 1513 De
2712 1462 3023 1528 sacrilegio.

2034 1548 2365 1603 Maledixisti
2426 1550 2576 1619 patri
2644 1549 2731 1602 vel
2782 1550 2951 1603 matri
3009 1554 3143 1614 tuae,
3225 1549 3311 1601 vel
3371 1547 3673 1619 ﬂagellasti

1961 1656 2074 1704 eos,
2105 1642 2189 1692 vel
2242 1638 2298 1691 in
2342 1638 2535 1708 aliquo
2596 1638 3017 1691 dehonestasti?
3060 1638 3116 1691 Si
3158 1637 3361 1705 fecisti,
3427 1638 3672 1708 quadra-

1961 1728 2119 1797 ginta
2159 1728 2299 1792 dies,
2332 1742 2505 1780 unam
2554 1726 2828 1793 carinam,
2876 1727 2933 1779 in
2983 1742 3129 1795 pane
3188 1730 3243 1778 et
3300 1742 3470 1796 aqua.
3540 1741 3670 1779 cum

1961 1820 2179 1886 septem
2209 1815 2582 1886 sequentibus
2625 1816 2787 1868 annis
2841 1817 3138 1884 poeniteas,
3197 1813 3335 1883 quia
3393 1814 3675 1868 Dominus

1960 1906 2143 1960 dixit:
2181 1926 2207 1955 ‹‹
2239 1905 2346 1969 Qui
2376 1905 2734 1960 maledixerit
2764 1907 2911 1976 patri
2948 1922 3073 1973 suo,
3122 1906 3205 1957 vel
3250 1904 3441 1968 matri,
3486 1911 3673 1959 morte

1960 1994 2258 2048 moriatur.
2294 2016 2319 2041 n

2030 2082 2232 2137 Tulisti
2266 2083 2479 2153 aliquid
2512 2082 2580 2136 de
2613 2082 2992 2136 ecclesiastico
3027 2082 3334 2136 thesauro?
3361 2082 3417 2137 Si
3471 2082 3670 2147 fecisti,

1959 2171 2017 2225 in
2049 2172 2440 2242 quadruplum
2498 2173 2755 2237 restitue,
2793 2178 2891 2224 aut
2922 2178 3033 2225 tres
3085 2188 3266 2225 annos
3321 2187 3426 2241 per
3481 2172 3674 2242 legiti-

1960 2275 2083 2313 mas
2122 2260 2290 2313 ferias
2333 2260 2633 2329 pmniteas.

2033 2349 2250 2403 Duxisti
2303 2354 2403 2402 aut
2448 2349 2821 2402 transmisisti
2903 2348 2987 2401 vel
3050 2347 3356 2401 vendidisti
3422 2347 3673 2417 aliquem

1959 2438 2331 2491 hominemin
2363 2437 2775 2507 captivitatem,
2830 2437 2941 2490 nisi
2974 2454 3078 2508 pro
3138 2452 3273 2508 pace
3337 2436 3671 2490 communi?

1959 2526 2018 2579 Si
2079 2526 2283 2591 fecisti,
2330 2528 2503 2579 reduc
2560 2542 2692 2579 eum
2742 2526 2787 2578 si
2842 2526 3091 2594 poteris:
3128 2526 3215 2578 sin
3269 2530 3481 2593 autem,
3525 2525 3673 2579 duos

1958 2631 2141 2667 annos
2170 2631 2272 2684 per
2303 2614 2593 2684 legitimas
2621 2613 2790 2666 ferias
2837 2614 3136 2684 paeniteas.

2028 2703 2418 2756 Concremasti
2468 2703 2704 2755 domum
2747 2704 2829 2755 vel
2863 2718 3057 2755 aream
3109 2702 3363 2770 alterius,
3401 2702 3517 2756 odii
3556 2718 3675 2755 me-

1957 2789 2275 2843 ditatione?
2299 2789 2356 2843 Si
2383 2789 2586 2856 fecisti,
2617 2790 2790 2842 redde
2819 2790 3116 2855 damnum,
3142 2795 3199 2843 et
3233 2806 3412 2843 unum
3457 2806 3675 2843 annum

1956 2894 2059 2948 per
2086 2879 2375 2948 legitimas
2416 2878 2586 2931 ferias
2618 2876 2913 2948 pceniteas.

2484 2968 2558 3019 De
2588 2970 2891 3034 contemptu
2914 2966 3137 3033 jejunii.

3366 3059 3677 3124 antequam

1956 3143 2342 3213 vespertinum
2377 3143 2765 3196 celebraretur
2797 3142 3073 3206 ofﬁcium,
3107 3142 3217 3195 nisi
3250 3149 3484 3213 propter
3519 3144 3679 3196 intir-

1958 3232 2259 3287 mitatem?
2292 3230 2349 3285 Si
2381 3232 2580 3297 fecisti,
2634 3248 2739 3301 pro
2786 3247 3132 3301 unoquoque
3163 3232 3252 3284 die
3295 3237 3411 3284 tres
3451 3232 3573 3285 dies
3614 3232 3673 3285 in

1960 3336 2106 3391 pane
2139 3325 2194 3372 et
2224 3336 2373 3389 aqua
2404 3320 2684 3388 pcenitere
2731 3318 2903 3372 debes
2937 3334 2949 3371 ε
3007 3319 3143 3388 quia
3188 3335 3435 3373 canones
3472 3319 3675 3388 praeci-

1960 3408 2129 3478 piunt
2169 3408 2323 3478 quod
2379 3408 2439 3460 in
2518 3407 2968 3476 Quadragesima
3053 3408 3405 3460 currendum
3480 3409 3555 3461 sit
3608 3408 3680 3461 ad

1960 3497 2215 3561 missam,
2241 3499 2295 3548 et
2311 3494 2522 3548 auditis
2542 3495 2847 3548 missarum
2869 3495 3328 3549 solemnitatibus
3374 3500 3429 3549 et
3454 3512 3681 3566 vesper-

1960 3585 2095 3639 tinis
2127 3585 2348 3649 ofﬁciis,
2395 3585 2612 3654 largitis
2641 3584 3040 3654 eleemosynis,
3074 3586 3143 3638 ad
3178 3586 3367 3639 cibum
3411 3587 3682 3640 acceden-

1961 3676 2099 3729 dum
2130 3690 2272 3727 esse.
2315 3673 2373 3727 Si
2432 3678 2621 3727 autem
2679 3673 2885 3743 aliquis
2931 3673 3268 3727 necessitate
3340 3675 3681 3728 constrictus

1961 3762 2131 3819 fuerit
2164 3766 2225 3815 ut
2254 3761 2324 3815 ad
2361 3762 2658 3814 ecclesiam
2700 3762 2892 3813 venire
2944 3777 3061 3814 non
3094 3762 3292 3831 possit,
3325 3766 3380 3815 et
3444 3763 3681 3817 missam

1962 3851 2161 3905 audire
2194 3865 2308 3903 non
2357 3849 2557 3919 possit,
2606 3849 2887 3902 aestimata
2926 3850 3249 3920 vespertina
3294 3851 3456 3918 hora,
3514 3868 3675 3905 com-

1963 3941 2116 4011 pleta
2149 3939 2427 4005 oratione,
2455 3938 2744 4008 jejunium
2801 3939 3001 3992 solvat.

2036 4028 2439 4098 Contempsisti
2471 4027 2751 4081 indictum
2794 4026 3080 4097 jejunium
3115 4045 3145 4081 a
3177 4034 3369 4082 sancta
3403 4028 3674 4096 Ecclesia,

1966 4123 2021 4172 et
2049 4117 2281 4172 noluisti
2331 4117 2470 4171 illud
2521 4118 2821 4171 observare
2862 4132 2993 4171 cum
3039 4118 3261 4172 czeteris
3300 4118 3680 4173 Christianis?

1963 4207 2049 4261 XX
2084 4205 2205 4259 dies
2234 4205 2293 4258 in
2325 4221 2473 4274 pane
2506 4210 2563 4258 et
2585 4221 2734 4276 aqua
2766 4206 3064 4275 poeniteas.

2037 4293 2265 4349 Solvisti
2293 4293 2579 4363 jejunium
2598 4294 2857 4357 Quatuor
2873 4299 3221 4363 temporum,
3251 4299 3308 4348 et
3344 4311 3459 4349 non
3496 4301 3681 4350 custo-

1968 4383 2099 4437 disti
2158 4382 2297 4436 illud
2354 4398 2483 4435 cum
2566 4383 2786 4435 caeteris
2841 4382 3215 4436 Christianis?
3283 4384 3367 4437 XL
3429 4384 3550 4438 dies
3620 4385 3681 4438 in

1964 4490 2112 4544 pane
2134 4476 2189 4527 et
2219 4488 2367 4542 aqua
2400 4472 2701 4542 poeniteas.

2032 4559 2309 4629 Jejunasti
2339 4559 2490 4613 diem
2515 4558 2875 4612 Dominicum
2906 4563 3147 4628 propter
3170 4558 3579 4613 abstinentiam
3626 4564 3683 4613 et

1964 4650 2349 4719 religionem?
2375 4648 2457 4702 XX
2495 4648 2617 4701 dies
2649 4647 2708 4700 in
2735 4662 2883 4716 pane
2914 4650 2972 4700 et
3009 4663 3158 4717 aqua
3184 4648 3484 4717 poeniteas.

2034 4738 2236 4792 Sinon
2294 4734 2606 4790 observasti
2650 4734 2940 4805 jejunium
3017 4736 3256 4789 Litania:
3314 4737 3570 4807 majoris,
3624 4742 3681 4791 et

1964 4828 2189 4882 dierum
2251 4824 2660 4895 Rogationum,
2693 4826 2751 4875 et
2806 4822 3134 4892 vigiliarum
3183 4829 3535 4893 sanctorum,
3596 4826 3679 4880 ΧΧ

1965 4916 2087 4970 dies
2120 4915 2177 4968 in
2210 4929 2359 4984 pane
2389 4917 2446 4966 et
2471 4928 2622 4983 aqua
2652 4911 2956 4982 pceuiteas.

2038 5001 2285 5072 Coegisti
2335 5000 2561 5071 publice
2616 5000 2992 5071 pmnitentem
3026 5002 3372 5057 manducare
3402 5007 3458 5057 et
3482 5003 3680 5059 bibere

1965 5091 2115 5145 ultra
2136 5090 2189 5144 id
2224 5089 2378 5160 quod
2408 5088 2517 5142 sibi
2540 5090 2886 5160 imperatum
2917 5090 3121 5159 fuerat,
3156 5091 3266 5145 nisi
3307 5092 3377 5146 ad
3430 5109 3683 5162 praesens

1965 5195 2071 5249 pro
2099 5194 2165 5231 eo
2199 5179 2620 5248 eleemosynam
2651 5178 2944 5233 dedisses?
2969 5178 3027 5233 Si
3061 5179 3262 5244 fecisti,
3301 5180 3499 5234 deCem
3561 5180 3684 5235 dies

1967 5265 2027 5319 in
2059 5282 2206 5335 pane
2233 5268 2289 5319 et
2318 5282 2468 5336 aqua
2502 5266 2804 5335 pmniteas.

2038 5351 2446 5423 Contempsisti
2474 5353 2729 5424 aliquem
2783 5370 2909 5408 cum
2958 5358 3018 5407 tu
3046 5353 3361 5424 jejunares,
3413 5354 3689 5425 quijeju-

1968 5457 2105 5495 nare
2136 5458 2251 5495 non
2274 5447 2501 5512 poterat
2537 5450 2594 5496 et
2628 5443 3046 5497 manducabat?
3077 5443 3133 5497 Si
3161 5443 3365 5512 fecisti,
3424 5444 3682 5517 quinque

1969 5529 2091 5584 dies
2123 5529 2183 5585 in
2220 5547 2368 5602 pane
2402 5536 2449 5585 et
2488 5547 2637 5602 aqua
2663 5532 2961 5602 poeniteas.

2041 5618 2266 5674 Solvisti
2288 5619 2578 5689 jejunium
2612 5619 2674 5673 in
2723 5620 2895 5676 Coena
2946 5619 3197 5687 Domini,
3233 5625 3289 5676 et
3319 5623 3379 5677 in
3432 5621 3680 5678 Sabbato
