3944 6386
271 303 374 354 963

1363 298 1772 354 BURCHARDI
1811 297 2346 354 WORMACIENSIS
2385 297 2721 355 EPISCOPI.

3697 302 3802 355 964

272 427 488 488 sancto,
547 421 706 476 utin
748 421 861 474 illis
909 420 1134 475 duobus
1204 420 1406 475 diebus
1461 421 1819 492 frequentius
1877 438 1970 476 co-
2002 423 2049 475 A
2088 421 2322 494 spiritus
2381 421 2487 477 hoc
2534 423 2769 492 patitur,
2827 422 3080 477 inﬁdelis
3127 438 3292 477 mens
3345 423 3470 478 haec
3543 440 3668 480 non
3740 426 3801 479 in

271 514 534 567 mederes
585 527 760 582 quam
815 511 876 563 in
925 509 1164 580 reliquis
1234 510 1700 580 Quadragesimaa
1751 511 1973 577 diebus,

273 606 508 672 excepto
540 601 598 654 in
631 615 809 667 caena,
862 600 950 653 vel
1005 599 1357 653 infirmitatis
1413 598 1624 653 causa?
1658 600 1716 654 Si
1772 600 1972 668 fecisti,

273 691 470 745 decem
512 689 631 744 dies
663 688 721 742 in
745 703 894 759 pane
916 692 971 741 et
997 703 1146 758 aqua
1178 687 1474 758 pmniteas.

806 777 888 830 De
915 777 1047 842 gula
1075 781 1126 829 et
1157 777 1435 830 ebrietate.

344 863 599 918 Habuisti
648 863 704 916 in
728 861 1138 916 consuetudine
1172 866 1232 915 ut
1261 862 1389 931 plus
1440 862 1769 916 comederes
1789 866 1845 916 et
1895 863 1974 916 bi-

269 955 433 1009 beres
479 967 653 1024 quam
700 951 802 1005 tibi
865 966 1091 1004 necesse
1147 952 1337 1004 esset?
1408 950 1464 1003 Si
1502 951 1704 1018 fecisti,
1778 952 1976 1005 decem

272 1043 392 1097 dies
438 1041 499 1094 in
543 1055 694 1110 pane
735 1044 788 1092 et
820 1055 970 1109 aqua
1001 1038 1299 1109 paeniteas,
1344 1039 1478 1108 quia
1509 1039 1785 1092 Dominus
1838 1039 1978 1094 dicit

268 1131 330 1185 in
362 1128 665 1200 Evangelio
699 1144 711 1183 :
746 1149 768 1176 ε
805 1128 1076 1181 Videtene
1121 1133 1432 1197 graventur
1486 1128 1658 1182 corda
1691 1132 1876 1181 vestra
1915 1129 1976 1182 in

270 1219 502 1290 crapula
529 1221 586 1271 et
614 1215 905 1271 ebrietate.
934 1235 962 1265 ι)

343 1305 538 1361 Bibisti
578 1321 834 1376 unquam
865 1309 1110 1371 tantum,
1149 1308 1209 1358 ut
1246 1320 1351 1375 per
1393 1304 1731 1360 ebrietatem
1787 1305 1977 1358 vomi-

268 1401 393 1451 tum
422 1393 680 1449 faceres?
713 1394 771 1449 Si
801 1393 1004 1460 fecisti,
1059 1392 1390 1464 quindecim
1420 1393 1542 1448 dies
1586 1394 1860 1465 poeniteas
1916 1394 1977 1447 in

268 1500 417 1556 pane
445 1487 500 1538 et
530 1499 697 1554 aqua.

339 1570 638 1626 Inebriasti
677 1576 731 1625 te
782 1586 1035 1642 unquam
1092 1587 1197 1641 per
1220 1571 1580 1642 jactantiam,
1610 1572 1690 1625 ita
1742 1571 1868 1624 dico
1910 1575 1976 1624 ut

268 1660 593 1731 gloriareris
620 1660 678 1712 in
713 1660 821 1713 hoc
866 1659 1018 1730 quod
1047 1659 1188 1712 alios
1218 1659 1279 1712 in
1313 1665 1453 1729 potu
1479 1661 1707 1714 vincere
1759 1676 1972 1730 posses,

267 1755 324 1804 et
346 1750 444 1812 sic,
476 1765 580 1819 per
631 1754 792 1802 tuam
836 1747 1143 1802 vanitatem
1176 1751 1230 1802 et
1258 1763 1362 1818 per
1415 1753 1575 1803 tuam
1624 1749 1976 1804 exhortatio-

265 1855 420 1907 nem,
453 1843 508 1892 te
538 1842 595 1891 et
624 1838 766 1891 alios
795 1837 865 1890 ad
898 1837 1232 1890 ebrietatem
1263 1836 1578 1906 perduxisti
1600 1837 1628 1891 ?
1657 1837 1714 1892 Si
1773 1838 1976 1905 fecisti,

266 1929 505 1998 triginta
531 1926 651 1982 dies
683 1925 959 1996 pceniteas
989 1924 1049 1978 in
1075 1941 1224 1994 pane
1253 1929 1308 1978 et
1326 1941 1495 1996 aqua.

339 2016 540 2071 Fecisti
601 2016 878 2069 vomitum
955 2014 1213 2083 corporis
1274 2019 1329 2067 et
1385 2013 1682 2084 sanguinis
1750 2014 1977 2068 Domini

264 2109 504 2174 propter
552 2101 932 2158 ebrietatem?
974 2101 1030 2156 Si
1064 2101 1262 2165 fecisti,
1321 2102 1704 2172 quadraginta
1759 2102 1880 2156 dies
1917 2103 1977 2155 in

264 2209 414 2262 pane
445 2196 500 2246 et
527 2207 679 2262 aqua
709 2190 1007 2260 pceniteas.

338 2281 395 2335 Si
455 2296 557 2350 per
612 2277 931 2350 nequitiam
1003 2278 1182 2332 alium
1244 2278 1675 2343 inebriasti,XX
1733 2279 1854 2333 dies
1918 2280 1977 2334 in

265 2385 415 2440 pane
437 2373 492 2422 et
520 2384 669 2439 aqua
702 2367 996 2438 pmniteas.
1030 2366 1084 2421 Si
1126 2383 1230 2437 per
1263 2366 1476 2420 bonam
1535 2368 1908 2436 voluntatem,
1935 2370 1975 2423 Χ

267 2459 388 2512 dies
419 2458 478 2511 in
510 2473 656 2528 pane
688 2461 744 2511 et
769 2472 919 2527 aqua
958 2456 1259 2526 pmniteas.

852 2547 924 2598 De
949 2546 1381 2612 irreligiositate.

341 2633 648 2704 Neglexisti
681 2636 742 2686 ut
787 2649 906 2686 non
958 2633 1243 2702 acciperes
1275 2649 1481 2702 corpus
1511 2639 1566 2686 et
1632 2634 1974 2701 sanguinem

267 2723 518 2789 Domini,
551 2723 674 2776 istis
731 2726 981 2792 quatuor
1039 2721 1412 2792 temporibus,
1445 2721 1502 2774 id
1555 2726 1642 2774 est
1700 2721 1759 2774 in
1812 2738 1973 2776 coena

266 2812 516 2878 Domini,
549 2816 606 2865 et
659 2810 717 2864 in
765 2811 999 2875 Pascha,
1032 2814 1088 2863 et
1117 2809 1176 2862 in
1231 2811 1576 2873 Pentecoste,
1611 2815 1667 2863 et
1697 2810 1757 2863 in
1790 2811 1974 2864 Natali

266 2900 517 2968 Domini,
550 2904 605 2953 et
633 2903 812 2953 totam
855 2897 1367 2968 Quadragesimam
1401 2913 1520 2951 non
1559 2902 1614 2950 te
1647 2899 1972 2952 sustinuisti

264 3083 484 3147 septem
513 3077 651 3142 dies,
683 3081 782 3128 aut
803 3074 1059 3144 quinque
1085 3073 1205 3127 dies
1230 3080 1359 3127 ante
1394 3074 1781 3142 acceptionem
1823 3075 1966 3128 sacri

264 3164 520 3234 corporis
552 3161 824 3216 Domini?
854 3162 912 3216 Si
958 3162 1067 3214 ista
1102 3161 1426 3230 neglexisti,
1471 3162 1552 3214 XX
1578 3161 1699 3215 dies
1729 3162 1789 3215 in
1819 3179 1966 3233 pane

268 3257 325 3306 et
353 3267 502 3322 aqua
523 3251 696 3304 debes
726 3249 1023 3318 paenitere.

340 3336 615 3408 Sprevisti
667 3337 901 3390 missam
952 3336 1039 3388 vel
1097 3335 1438 3400 orationem,
1473 3337 1559 3390 vel
1619 3338 1967 3394 oblationem

265 3425 559 3496 conjugati
592 3423 928 3496 presbyteri,
970 3423 1048 3476 ita
1095 3422 1220 3477 dico
1278 3429 1341 3476 ut
1373 3424 1550 3477 nolles
1584 3429 1681 3478 tua
1738 3433 1967 3495 peccata

265 3515 373 3569 sibi
405 3514 686 3579 confiteri,
715 3513 803 3567 vel
824 3514 894 3566 ab
926 3529 992 3566 eo
1023 3511 1279 3582 accipere
1309 3527 1516 3581 corpus
1537 3517 1592 3566 et
1628 3517 1966 3584 sanguinem

268 3603 515 3670 Domini,
547 3603 619 3657 ob
646 3604 754 3656 hoc
778 3601 912 3672 quia
940 3605 1206 3672 peccator
1236 3599 1340 3654 tibi
1369 3617 1489 3654 esse
1539 3601 1866 3659 videretur?
1909 3605 1965 3660 Si

263 3693 466 3762 fecisti,
504 3708 683 3746 unum
709 3707 926 3746 annum
957 3706 1060 3761 per
1087 3689 1376 3760 legitimas
1401 3689 1568 3743 ferias
1592 3692 1890 3762 poeniteas.

796 3781 927 3834 Item
957 3779 1022 3832 de
1051 3784 1168 3832 arte
1198 3781 1428 3844 magica.

337 3869 641 3925 Credidisti
677 3872 775 3922 aut
813 3867 1096 3937 particeps
1141 3866 1296 3919 fuisti
1335 3866 1488 3919 illius
1529 3865 1964 3933 incredulitatis,

266 3958 420 4028 quod
451 3956 713 4028 quaedam
746 3956 1031 4008 sceleratas
1063 3954 1330 4006 mulieres
1348 3959 1497 4006 retro
1525 3960 1653 4023 post
1699 3957 1966 4010 Satanam

265 4061 572 4110 conversw,
606 4044 938 4097 daemonum
980 4042 1343 4096 illusionibus
1374 4045 1430 4094 et
1472 4042 1967 4111 phantasmatibus

268 4135 536 4197 seductze,
581 4131 824 4185 credunt
854 4135 909 4183 et
956 4129 1305 4198 profitentur
1351 4147 1408 4184 se
1457 4130 1750 4184 nocturnis
1809 4132 1967 4185 horis

2088 511 2303 578 animo,
2339 511 2434 564 sed
2477 511 2533 564 in
2559 527 2800 582 corpore
2826 513 3056 566 evenire
3110 512 3402 582 opinatur.
3466 513 3606 578 Quis
3636 514 3796 569 enim

2088 614 2201 652 non
2230 599 2290 652 in
2320 599 2534 654 somnis
2554 604 2611 653 et
2644 601 2940 654 nocturnis
2965 601 3284 655 visionibus
3314 608 3472 656 extra
3542 603 3804 674 seipsum

2087 687 2365 755 educitur,
2401 692 2455 740 et
2505 688 2688 741 multa
2727 688 2880 742 videt
2926 688 3268 744 dormiendo
3317 706 3448 761 quas
3495 706 3800 762 nunquam

2085 776 2312 847 viderat.
2362 775 2698 848 vigilando?
2753 776 2893 840 Quis
2930 793 3062 831 vero
3114 783 3233 832 tam
3264 780 3474 833 stultus
3529 783 3588 833 et
3626 779 3804 833 hebes

2087 865 2280 935 sitqui
2330 865 2452 918 hazc
2490 865 2702 932 omnia,
2735 881 2866 936 quae
2895 866 2956 919 in
2996 866 3118 920 solo
3169 866 3375 936 spiritu
3406 866 3573 934 ﬁunt,
3627 867 3802 921 etiam

2085 953 2146 1006 in
2222 968 2460 1024 corpore
2543 953 2793 1007 accidere
2872 954 3223 1008 arbitretur?
3307 955 3449 1009 Cum
3542 955 3804 1010 Ezechiel

2084 1043 2367 1112 propheta
2399 1041 2644 1096 visiones
2671 1042 2899 1096 Domini
2929 1042 2989 1096 in
3019 1041 3247 1112 spiritu,
3281 1059 3402 1097 non
3434 1043 3496 1097 in
3526 1059 3797 1114 corpore,

2085 1131 2225 1184 vidit
2282 1136 2340 1184 et
2402 1131 2641 1195 audivit,
2699 1130 2843 1184 sicut
2898 1130 3021 1201 ipse
3098 1129 3280 1185 dicit:
3333 1151 3360 1180 α
3414 1131 3640 1197 Statim,
3705 1132 3798 1184 in-

2087 1218 2229 1288 quit,
2263 1217 2346 1270 fui
2375 1217 2437 1270 in
2493 1218 2718 1287 spiritu.
2749 1238 2776 1268 ι
2834 1219 2895 1272 Et
2949 1219 3160 1273 Paulus
3190 1235 3306 1273 non
3359 1220 3534 1274 audet
3577 1235 3637 1274 se
3703 1219 3801 1274 di-

2086 1322 2212 1360 cere
2262 1311 2491 1375 raptum
2548 1306 2606 1359 in
2657 1322 2918 1377 corpore.
2977 1307 3256 1362 Omnibus
3302 1307 3497 1379 itaque
3569 1307 3801 1379 publice

2086 1395 2548 1449 annuntiandum
2610 1401 2696 1450 est
2766 1395 2920 1466 quod
2978 1395 3078 1467 qui
3133 1397 3272 1450 talia
3321 1401 3378 1450 et
3431 1396 3519 1450 his
3587 1396 3801 1450 similia

2087 1483 2288 1548 credit,
2347 1482 2520 1538 fidem
2571 1484 2794 1554 perdit:
2829 1489 2884 1538 et
2915 1484 3015 1555 qui
3065 1485 3238 1540 ﬁdem
3297 1489 3510 1540 rectam
3561 1485 3624 1539 in
3681 1487 3797 1540 Deo

2087 1589 2205 1626 non
2264 1572 2453 1639 habet,
2515 1572 2608 1627 hic
2661 1589 2775 1626 non
2829 1578 2914 1627 est
2970 1573 3112 1644 ejus,
3174 1575 3268 1628 sed
3327 1574 3483 1627 illius
3512 1573 3575 1627 in
3622 1589 3802 1645 quem

2090 1661 2288 1728 credit,
2331 1661 2387 1714 id
2427 1665 2511 1714 est
2549 1661 2781 1715 diaboli.
2826 1663 2968 1715 Nam
3022 1662 3092 1716 de
3145 1663 3384 1716 Domino
3415 1667 3611 1716 nostro
3667 1663 3803 1716 scri-

2093 1754 2256 1818 ptum
2284 1753 2409 1802 est:
2444 1769 2473 1798 ‹
2533 1749 2742 1803 Omnia
2789 1765 2891 1819 per
2938 1749 3129 1820 ipsum
3183 1750 3330 1804 facta
3384 1756 3538 1818 sunt,
3572 1755 3629 1804 et
3672 1751 3800 1805 sine

2089 1836 2215 1906 ipso
2248 1836 2459 1890 factum
2500 1842 2584 1890 est
2631 1836 2796 1890 nihil.
2834 1856 2862 1889 »
2907 1837 2964 1892 Si
3009 1837 3303 1892 credidisti
3357 1839 3460 1892 has
3490 1839 3795 1906 vanitates,

2090 1924 2230 1978 duos
2262 1940 2441 1978 annos
2471 1941 2575 1996 per
2614 1924 2904 1996 legitimas
2943 1925 3114 1979 ferias
3141 1926 3438 1997 paeniteas.

2159 2013 2479 2067 Ohservasti
2527 2013 2793 2068 excubias
2841 2014 3081 2083 funeris,
3145 2015 3202 2070 id
3231 2021 3315 2068 est
3361 2014 3671 2069 interfuisti
3710 2015 3798 2069 vi-

2087 2102 2236 2172 giliis
2292 2102 2633 2156 cadaverum
2713 2107 3073 2156 mortuorum
3150 2102 3248 2156 ubi
3337 2103 3796 2158 Christianorum

2086 2205 2326 2258 corpora
2357 2190 2468 2243 ritu
2508 2205 2872 2260 paganorum
2922 2190 3410 2252 custodiebantur,
3458 2195 3516 2245 et
3552 2193 3798 2246 cantasti

2085 2277 2168 2331 ibi
2187 2277 2468 2332 diabolica
2517 2277 2790 2343 carmina,
2819 2281 2875 2331 et
2909 2277 3096 2331 fecisti
3146 2278 3226 2332 ibi
3275 2277 3605 2332 saltationes
3651 2293 3796 2348 quas

2084 2367 2292 2438 pagani
2322 2367 2552 2422 diabolo
2587 2367 2824 2420 docente
2876 2366 3318 2433 adinvenerunt;
3375 2371 3430 2422 et
3461 2366 3541 2421 ibi
3571 2366 3792 2432 bibisti,

2085 2460 2142 2508 et
2168 2455 2462 2508 cachinnis
2505 2471 2606 2508 ora
2660 2455 2994 2522 dissolvisti,
3028 2461 3103 2521 et,
3157 2455 3313 2509 omni
3342 2455 3554 2526 pietate
3609 2459 3667 2510 et
3709 2455 3792 2509 af-

2082 2543 2235 2598 fectu
2288 2543 2581 2598 charitatis
2611 2544 2952 2615 postposito,
3005 2543 3167 2612 quasi
3207 2544 3276 2598 de
3315 2544 3568 2598 fraterna
3610 2548 3797 2598 morte

2084 2634 2367 2686 exsultare
2414 2632 2570 2686 visus
2605 2631 2703 2686 es?
2753 2632 2810 2687 Si
2854 2632 3056 2700 fecisti,
3096 2634 3220 2687 ΧΧΧ
3266 2632 3386 2687 dies
3434 2633 3494 2686 in
3534 2647 3680 2703 pane
3739 2639 3799 2686 et

2083 2737 2232 2792 aqua
2261 2720 2561 2791 poeniteas.
3047 2770 3057 2777 .

2677 2812 2752 2864 De
2788 2812 3185 2879 superstitione.

2155 2897 2356 2951 Fecisti
2400 2897 2753 2968 phylacteria
2805 2899 3107 2966 diabolica,
3163 2899 3249 2952 vel
3307 2903 3620 2952 caracteres
3670 2898 3796 2952 dia-

146 3025 157 3033 -
263 3004 297 3041 a
325 2988 502 3057 coitu,
534 2993 592 3042 et
619 2993 816 3057 postea
845 2986 905 3040 in
939 2986 1062 3040 aliis
1113 2986 1398 3056 praedictis
1448 2986 1809 3055 temporibus
1869 2993 1967 3042 aut
2001 2981 2041 3034 C
2081 2984 2297 3038 bolicos
2331 3001 2475 3055 quos
2506 2985 2738 3056 quidam
2781 2986 3011 3040 diabolo
3051 2986 3328 3040 suadente
3357 2986 3543 3039 facere
3582 2986 3794 3050 solent,

2078 3074 2167 3126 vel
2197 3073 2424 3142 herbas,
2455 3075 2540 3127 vel
2579 3074 2867 3141 succinos;
2901 3075 2988 3128 vel
3020 3074 3281 3145 quintam
3339 3075 3541 3128 feriam
3588 3074 3650 3127 in
3693 3074 3800 3128 ho-

2077 3177 2276 3215 norem
2334 3161 2482 3216 Jovis
2529 3163 2866 3216 honorasti?
2923 3163 2979 3218 Si
3037 3163 3220 3217 fecisti
3271 3163 3357 3216 vel
3430 3162 3792 3231 consensisti,

2075 3250 2454 3320 quadraginta
2479 3251 2598 3304 dies
2626 3252 2685 3304 in
2727 3268 2876 3321 pane
2907 3256 2962 3305 et
2993 3268 3141 3322 aqua
3165 3252 3466 3322 pmniteas.

2146 3338 2494 3408 Couspirasti
2530 3355 2660 3393 cum
2696 3339 2822 3392 aliis
2865 3339 3296 3394 insidiatoribus
3326 3345 3526 3394 contra
3570 3339 3794 3410 episco-

2073 3443 2214 3497 pum
2244 3433 2430 3491 tuum,
2464 3432 2562 3480 aut
2599 3428 2869 3481 adversus
2910 3433 3307 3498 cooperatores
3337 3445 3492 3494 suos,
3522 3429 3601 3482 ita
3661 3429 3795 3483 dico
3885 3430 3896 3437 ’

2081 3513 2180 3588 [ut]
2217 3516 2304 3568 vel
2337 3515 2656 3569 doctrinam
2685 3516 2775 3569 vel
2807 3521 3094 3587 praecepta
3123 3516 3210 3570 tui
3238 3516 3495 3587 episcopi
3525 3517 3613 3570 vel
3656 3533 3791 3586 pre-

2076 3603 2292 3673 sbyteri
2351 3604 2623 3658 irrideres
2673 3604 2761 3658 vel
2799 3604 3221 3658 subsannares?
3270 3604 3328 3659 Si
3377 3604 3579 3669 fecisti,
3647 3621 3794 3675 qua-

2076 3691 2345 3761 draginta
2371 3691 2492 3745 dies
2521 3691 2581 3745 in
2615 3707 2764 3761 pane
2790 3697 2846 3746 et
2875 3708 3025 3762 aqua
3055 3691 3355 3761 pasniteas.

2147 3779 2454 3836 Comedisti
2501 3780 2722 3850 aliquid
2774 3778 2843 3833 de
2893 3779 3234 3850 idolothyto,
3295 3779 3351 3834 id
3396 3783 3480 3834 est
3508 3779 3578 3834 de
3630 3779 3795 3834 obla-

2077 3868 2327 3921 tionibus
2373 3883 2500 3938 quaz
2532 3867 2591 3921 in
2623 3867 2971 3938 quibusdam
3021 3868 3161 3922 locis
3198 3869 3268 3922 ad
3313 3868 3576 3938 sepulcra
3629 3884 3798 3923 mor—

2076 3961 2309 4010 tuorum
2342 3955 2508 4024 fiunt,
2542 3957 2631 4010 vel
2686 3956 2755 4010 ad
2788 3956 2989 4021 fontes,
3040 3962 3141 4010 aut
3172 3957 3243 4011 ad
3292 3957 3546 4023 arbores,
3584 3963 3685 4011 aut
3723 3958 3798 4012 ad

2076 4043 2316 4114 lapides,
2359 4048 2456 4098 aut
2504 4045 2572 4099 ad
2604 4044 2772 4109 bivia,
2806 4049 2905 4098 aut
2947 4045 3188 4115 portasti
3218 4044 3279 4099 in
3336 4061 3606 4116 aggerem
3644 4046 3796 4116 lapi-

2076 4133 2198 4199 des,
2257 4139 2352 4187 aut
2410 4133 2611 4204 capitis
2656 4133 2933 4204 ligaturas
2979 4133 3050 4188 ad
3096 4149 3289 4189 cruces
3343 4150 3474 4205 quae
3505 4134 3565 4188 in
3627 4134 3800 4188 biviis

263 4238 396 4276 cum
429 4221 606 4275 Diana
658 4233 1013 4289 paganorum
1046 4217 1173 4284 dea,
1205 4222 1262 4270 et
1291 4233 1419 4271 cum
1449 4218 1754 4272 innumera
1809 4221 1965 4274 mul—
1993 4261 2035 4316 Β
2075 4223 2411 4292 ponuntur?
2459 4222 2515 4277 Si
2563 4222 2765 4288 fecisti,
2818 4227 2916 4276 aut
2960 4223 3324 4276 consentiens
3370 4223 3430 4276 in
3503 4222 3800 4294 aliqubius

265 4311 511 4366 titudine
545 4309 850 4363 mulierum
907 4306 1164 4377 equitare
1196 4322 1369 4376 super
1397 4307 1674 4377 quasdam
1732 4307 1960 4375 bestias,

265 4405 321 4455 et
350 4400 529 4454 multa
557 4405 839 4452 terrarum
887 4396 1072 4464 spatia
1112 4394 1472 4465 intempesta:
1523 4396 1704 4448 noctis
1735 4397 1964 4451 silentio

264 4487 633 4560 pertransire,
665 4486 902 4555 ejusque
931 4484 1287 4554 jussionibus
1319 4486 1472 4538 velut
1499 4485 1747 4539 dominae
1779 4485 1967 4539 obedi-

265 4595 348 4644 re,
372 4583 428 4632 et
473 4577 642 4631 certis
676 4575 936 4628 noctibus
967 4574 1032 4627 ad
1083 4574 1207 4642 ejus
1237 4574 1531 4629 servitium
1560 4575 1819 4628 evocari?
1859 4575 1967 4630 Sed

263 4667 484 4720 utinam
520 4667 608 4719 ha:
666 4665 800 4718 solae
857 4663 915 4716 in
973 4661 1214 4733 perfidia
1245 4678 1346 4715 sua
1398 4662 1697 4731 perissent,
1751 4667 1808 4716 et
1852 4678 1969 4715 non

265 4757 475 4810 multos
523 4769 714 4807 secum
787 4753 847 4805 in
905 4750 1257 4804 infirmitatis
1316 4750 1612 4804 interitum
1657 4749 1971 4821 pertraxis-

265 4846 411 4898 sent!
455 4845 594 4896 Nam
625 4843 932 4895 innumera
981 4839 1310 4906 multitudo,
1343 4840 1448 4893 hac
1505 4840 1644 4893 falsa
1699 4839 1971 4911 opinione

265 4933 520 5002 decepta,
554 4931 674 4984 haec
722 4945 856 4982 vera
895 4944 1016 4982 esse
1057 4929 1254 4995 credit,
1309 4933 1366 4982 et
1409 4929 1693 4983 credendo
1723 4945 1755 4982 a
1820 4933 1975 4982 recta

265 5020 379 5074 fide
435 5019 642 5084 deviat,
667 5023 723 5072 et
753 5018 811 5071 in
872 5033 1066 5071 errore
1116 5032 1473 5087 paganorum
1501 5018 1762 5085 volvitur,
1842 5011 1974 5070 cum

265 5107 486 5180 aliquid
523 5106 839 5160 divinitatis
893 5110 992 5159 aut
1043 5106 1296 5159 numinis
1349 5111 1503 5159 extra
1560 5121 1741 5159 unum
1793 5105 1974 5158 Deum

266 5213 387 5252 esse
419 5196 749 5250 arbitratur.
783 5193 892 5249 Sed
925 5193 1186 5248 diabolus
1207 5193 1579 5247 transformat
1605 5209 1664 5248 se
1695 5194 1754 5246 in
1788 5192 1973 5246 diver-

264 5302 459 5341 sarum
510 5300 893 5355 personarum
947 5283 1161 5353 species
1217 5290 1389 5355 atque
1441 5283 1865 5349 similitudines,
1921 5287 1977 5336 et

262 5380 542 5442 mentem,
575 5390 746 5444 quam
781 5373 1066 5443 captivam
1101 5375 1274 5438 tenet,
1325 5372 1382 5425 in
1415 5371 1630 5426 somnis
1674 5371 1972 5439 deludens,

264 5463 435 5516 modo
469 5463 619 5528 lata,
651 5463 822 5516 modo
851 5461 1064 5528 tristia,
1115 5461 1286 5515 modo
1336 5460 1659 5530 incognitas
1703 5474 1978 5528 personas

266 5550 590 5614 ostendens,
629 5566 734 5618 per
786 5551 950 5605 devia
979 5565 1222 5619 quaeque
1253 5547 1503 5615 deducit,
1552 5553 1608 5603 et
1657 5563 1789 5602 cum
1826 5549 1979 5602 solus

2075 4310 2254 4377 fuisti,
2288 4310 2526 4381 triginta
2550 4311 2670 4365 dies
2699 4311 2758 4364 in
2789 4327 2935 4382 pane
2965 4316 3022 4365 et
3059 4327 3210 4382 aqua
3251 4313 3554 4382 poeniteas.

2615 4401 2748 4454 Item
2773 4400 2840 4453 de
2867 4405 2984 4454 arte
3015 4401 3244 4468 magica.

2150 4485 2345 4541 Misisti
2418 4485 2601 4540 ﬁlium
2642 4491 2809 4540 tuum
2863 4488 2954 4541 vel
2986 4487 3165 4541 filiam
3221 4501 3395 4557 super
3438 4489 3654 4540 tectum
3695 4492 3798 4543 aut

2076 4592 2250 4647 super
2279 4576 2570 4630 fornacem
2627 4591 2734 4645 pro
2793 4575 2987 4646 aliqua
3037 4575 3302 4642 sanitate,
3348 4576 3437 4629 vel
3485 4557 3826 4630 incendisti.

2078 4682 2260 4736 grana
2284 4664 2383 4718 ubi
2407 4670 2670 4719 mortuus
2700 4665 2876 4719 homo
2925 4669 3068 4730 erat,
3120 4665 3208 4718 vel
3240 4664 3538 4735 cingulum
3574 4665 3795 4719 mortui

2077 4770 2183 4825 pro
2215 4753 2424 4808 damno
2455 4753 2696 4824 alicujus
2726 4756 2786 4807 in
2825 4754 3004 4808 nodos
3054 4753 3353 4824 colligasti,
3394 4754 3483 4807 vel
3545 4753 3805 4823 pectines

2080 4843 2291 4913 quibus
2331 4842 2687 4896 mulierculas
2742 4843 2935 4897 lanam
2991 4843 3311 4913 discerpere
3364 4842 3552 4895 solent
3625 4858 3806 4912 supra

2080 4931 2252 4986 funus
2283 4930 2655 5000 complosisti,
2718 4932 2806 4985 vel
2865 4931 3098 5002 quando
3139 4930 3485 4985 efferebatur
3537 4929 3714 4985 funus
3774 4947 3806 4984 e

2083 5019 2275 5089 domo,
2304 5021 2630 5089 plaustrum
2681 5019 2741 5074 in
2772 5020 2886 5074 duo
2918 5019 3199 5086 dividisti,
3241 5024 3300 5073 et
3329 5019 3502 5073 funus
3535 5035 3640 5086 per
3679 5035 3803 5073 me-

2083 5109 2238 5163 diam
2285 5107 2626 5162 divisionem
2676 5109 2918 5178 plaustri
2963 5113 3260 5179 asportare
3307 5107 3535 5162 fecisti?
3592 5107 3650 5162 Si
3712 5108 3805 5162 fe-

2084 5196 2231 5263 cisti,
2264 5200 2364 5250 aut
2393 5197 2760 5252 consentiens
2788 5196 2970 5264 fuisti,
3001 5197 3087 5251 XX
3117 5196 3238 5251 dies
3263 5196 3324 5250 in
3356 5211 3506 5266 pane
3552 5200 3609 5249 et
3649 5211 3806 5267 aqua

2086 5284 2384 5355 pceniteas.

2159 5371 2360 5426 Fecisti
2393 5373 2521 5428 illas
2577 5373 2853 5428 vanitates
2881 5377 2982 5450 aut
3037 5373 3374 5428 consensisti
3426 5389 3569 5444 quas
3614 5373 3800 5427 stultae

2087 5461 2359 5515 mulieres
2385 5462 2569 5516 facere
2613 5463 2819 5529 solent,
2866 5459 3059 5534 [quas,]
3119 5462 3256 5516 dum
3295 5462 3536 5516 cadaver
3582 5462 3800 5516 mortui

2088 5548 2341 5602 hominis
2371 5548 2556 5604 adhuc
2577 5548 2640 5606 in
2667 5549 2838 5606 domo
2860 5550 3029 5620 jacet,
3061 5554 3302 5605 currunt
3347 5549 3418 5605 ad
3459 5565 3696 5622 aquam,
3741 5555 3798 5604 et
