3944 6388
176 317 280 369 965

1022 310 1496 367 DECRETORUM
1540 311 1725 365 LIBRI
1764 310 1866 364 XX.
1912 339 1958 347 —
2021 309 2233 364 LIBER
2272 308 2574 363 DECIMUS
2612 306 2862 363 NONUS.

3610 311 3711 361 966

177 439 475 494 adducunt
511 435 683 491 tacite
725 451 821 489 vas
856 451 987 490 cum
1029 451 1197 505 aqua,
1246 438 1322 500 et,
1374 451 1505 488 cum
1537 435 1881 489 sublevatur.
1917 435 1963 487 A
2002 437 2058 487 et
2101 449 2276 487 uxore
2320 436 2419 487 tua
2440 432 2761 502 ignorante,
2789 432 3025 485 intravit
3064 447 3228 484 soror
3259 431 3453 485 uxoris
3483 436 3621 499 tuae,
3658 437 3715 486 et

180 540 397 594 corpus
436 522 675 585 mortui,
720 520 980 574 eamdem
1021 536 1229 590 aquam
1248 520 1501 573 fundunt
1521 520 1721 573 subtus
1745 520 1895 572 fere-

171 618 350 679 trum,
385 617 442 665 et
471 612 580 664 hoc
611 611 935 674 observant,
980 608 1118 662 dum
1150 612 1304 662 extra
1337 608 1575 661 domum
1610 612 1873 677 asporta-

173 706 272 755 tur
301 702 500 766 funus,
547 697 655 771 [ut]
682 714 797 751 non
823 697 993 750 altius
1024 713 1196 767 quam
1230 697 1299 750 ad
1322 712 1511 766 genua
1531 697 1804 761 elevetur,
1829 701 1884 749 et

179 791 294 845 hoc
348 789 571 843 faciunt
624 804 729 858 pro
787 786 1035 857 quadam
1093 785 1381 839 sanitate?
1436 786 1494 840 Si
1536 785 1737 852 fecisti,
1800 789 1899 839 aut

178 875 549 944 consensisti,
582 878 623 930 X
667 875 788 929 dies
824 875 886 928 in
918 891 1067 946 pane
1108 879 1165 928 et
1206 891 1354 945 aqua
1394 874 1564 928 debes
1594 873 1895 943 pcenitere-

258 965 464 1020 Fecisti
506 970 609 1018 aut
657 964 995 1019 consensisti
1036 963 1190 1034 quod
1243 963 1479 1033 quidam
1529 962 1745 1016 faciunt
1792 963 1898 1015 ho-

179 1054 330 1109 mini
365 1053 575 1119 occiso,
604 1069 734 1106 cum
770 1053 1089 1123 sepelitur?
1132 1053 1279 1105 Dant
1325 1052 1379 1105 ei
1411 1052 1471 1103 in
1517 1068 1753 1105 manum
1785 1067 1900 1105 un-

182 1147 471 1213 guentum
503 1142 817 1213 quoddam,
853 1141 1014 1211 quasi
1046 1141 1146 1194 illo
1179 1145 1472 1210 unguento
1498 1144 1627 1211 post
1656 1145 1900 1193 mortem

185 1233 400 1284 vulnus
433 1231 624 1283 sanari
650 1230 848 1300 possit,
882 1236 941 1283 et
972 1232 1052 1283 sic
1095 1246 1225 1283 cum
1264 1234 1559 1298 unguento
1588 1229 1892 1300 sepeliunt.

186 1319 249 1375 Si
281 1319 490 1385 fecisti,
516 1319 613 1374 XX
645 1318 765 1372 dies
792 1319 849 1373 in
871 1335 1017 1389 pane
1049 1324 1106 1372 et
1135 1334 1284 1389 aqua
1314 1318 1612 1388 pmniteas.

261 1408 465 1462 Fecisti
497 1408 716 1477 aliquid
750 1408 836 1460 vel
868 1407 1061 1461 dixisti
1092 1407 1153 1460 in
1175 1424 1517 1477 quocunque
1548 1422 1719 1476 opere
1747 1407 1900 1477 quod

184 1496 476 1550 inchoasti
535 1512 639 1566 per
696 1496 1027 1567 sortilegam
1076 1496 1164 1549 vel
1214 1497 1495 1565 magicam
1545 1501 1751 1565 artem,
1792 1495 1904 1548 nisi

190 1584 292 1638 Dei
325 1600 539 1638 nomen
569 1584 847 1638 invocasti
893 1583 920 1637 ?
945 1584 1003 1639 Si
1041 1583 1243 1651 fecisti,
1297 1585 1337 1638 X
1387 1584 1509 1638 dies
1567 1584 1626 1637 in
1673 1600 1819 1655 pane
1848 1588 1905 1637 et

187 1690 344 1743 aqua
377 1673 550 1726 debes
580 1673 878 1743 paenitere.

260 1761 467 1815 Fecisti
500 1760 715 1831 aliquid
748 1762 857 1814 tale
884 1760 1054 1831 quale
1086 1759 1299 1830 pagani
1348 1760 1607 1813 fecerunt
1629 1764 1683 1813 et
1717 1760 1902 1813 adhuc

186 1852 411 1905 faciunt
442 1850 501 1903 in
545 1850 786 1903 Kalend.
836 1848 1114 1913 Januarii,
1156 1848 1217 1901 in
1260 1848 1507 1915 cervulo,
1555 1848 1638 1900 vel
1695 1847 1756 1900 in
1810 1863 1901 1900 ve-

190 1939 373 2010 gula?
400 1938 459 1993 Si
490 1937 691 2006 fecisti,
758 1936 993 2007 triginta
1037 1936 1158 1990 dies
1189 1936 1247 1989 in
1306 1952 1454 2006 pane
1500 1940 1556 1989 et
1592 1952 1742 2006 aqua
1787 1952 1906 2005 poe-

194 2028 404 2081 niteas.

269 2114 576 2170 Detraxisti
606 2114 692 2168 vel
725 2113 1071 2167 maledixisti
1115 2112 1284 2167 alicui
1328 2129 1498 2167 causa
1547 2113 1815 2167 invidiae?
1848 2112 1906 2166 Si

186 2204 400 2271 fecisti,
459 2209 679 2274 septem
733 2202 852 2258 dies
905 2203 962 2255 in
1017 2218 1164 2272 pane
1226 2206 1284 2255 et
1341 2218 1490 2271 aqua
1541 2202 1713 2255 debes
1783 2218 1903 2272 pce-

196 2293 408 2347 nitere.

266 2381 474 2435 Fecisti
523 2379 680 2451 quod
733 2381 929 2449 plures
978 2379 1234 2433 faciunt?
1273 2380 1521 2450 Scopant
1576 2380 1765 2433 locum
1808 2379 1907 2432 ubi

190 2471 383 2525 facere
415 2471 603 2523 solent
633 2470 826 2539 ignem
859 2468 915 2522 in
948 2469 1121 2522 domo
1174 2485 1292 2533 sua,
1338 2473 1393 2521 et
1444 2468 1681 2521 mittunt
1728 2484 1907 2538 grana

196 2559 407 2613 hordei
440 2558 624 2612 adhuc
654 2559 777 2611 loco
797 2558 980 2611 calido
1016 2573 1028 2610 :
1058 2562 1130 2621 et,
1170 2557 1216 2609 si
1246 2556 1504 2609 salierint
1525 2572 1722 2625 grana,
1753 2558 1906 2626 peri-

197 2649 468 2703 culosum
526 2649 663 2713 erit;
716 2648 762 2700 si
812 2652 1002 2700 autem
1058 2646 1137 2699 ibi
1181 2647 1624 2715 permanserint,
1688 2646 1907 2700 bonum

194 2739 327 2793 erit.
366 2737 425 2791 Si
459 2736 661 2802 fecisti,
720 2739 917 2791 decem
971 2735 1092 2789 dies
1140 2734 1200 2788 in
1254 2751 1402 2805 pane
1455 2738 1509 2788 et
1549 2751 1699 2805 aqua
1728 2735 1908 2805 poeni-

198 2828 345 2878 teas.

273 2909 477 2965 Fecisti
509 2909 663 2980 quod
695 2908 931 2979 quidam
963 2907 1196 2975 faciunt,
1220 2907 1357 2961 dum
1392 2906 1626 2960 visitant
1655 2906 1910 2978 aliquem

2005 527 2067 575 tu
2117 521 2332 592 putasti
2404 536 2530 575 eam
2593 536 2830 574 uxorem
2862 525 3020 574 tuam
3065 536 3206 584 esse,
3256 525 3311 573 et
3359 520 3716 574 concubuisti

2006 627 2137 664 cum
2186 627 2272 677 ea,
2331 610 2380 663 si
2439 610 2641 676 fecisti,
2705 609 3042 679 paenitentia
3098 614 3347 679 peracta,
3387 608 3715 679 legitimum

2004 702 2168 752 tuum
2198 696 2535 767 conjugium
2560 697 2770 750 habere
2794 696 3031 765 poteris.
3058 697 3153 749 illa
3197 701 3393 765 autem
3434 698 3712 764 adultera,

2005 787 2178 856 digna
2209 786 2459 839 vindicta
2491 784 2659 839 debet
2686 784 2890 855 afﬂigi,
2924 790 2981 838 et
3026 785 3084 839 in
3125 789 3408 838 aeternum
3444 787 3713 857 conjugio

2010 874 2239 945 privari,

2562 961 2691 1014 Item
2714 960 2778 1013 de
2796 962 3178 1026 fornicatione.

2082 1049 2282 1103 Fecisti
2333 1048 2766 1101 fornicationem
2816 1064 2943 1101 cum
3005 1050 3229 1102 duabus
3278 1049 3591 1116 sororibus,
3653 1057 3709 1105 et

2010 1153 2173 1192 soror
2202 1152 2454 1190 sororem
2487 1153 2520 1189 a
2550 1143 2604 1189 te
2635 1141 2949 1205 stupratam
2980 1153 3094 1189 non
3120 1138 3500 1207 intellexerat,
3552 1144 3609 1194 et
3650 1145 3714 1194 tu

2008 1225 2407 1297 posteriorem,
2456 1240 2713 1278 sororem
2762 1224 2969 1294 prioris
3026 1242 3147 1280 esse
3182 1226 3501 1295 ignorasti?
3535 1228 3592 1282 Si
3638 1229 3715 1282 fe-

2010 1316 2156 1381 cisti,
2193 1320 2412 1384 septem
2444 1330 2623 1367 annos
2654 1329 2756 1384 per
2798 1313 3085 1384 legitimas
3114 1314 3283 1367 ferias
3322 1315 3495 1370 debes
3525 1317 3712 1386 paeni-

2011 1409 2152 1466 tere,
2207 1408 2263 1456 et
2286 1407 2412 1473 post
2443 1407 2607 1472 potes
2636 1403 2723 1456 uti
2761 1402 3022 1471 legitimo
3070 1403 3363 1473 conjugio.
3401 1405 3463 1458 Et
3492 1404 3608 1459 illm
3635 1422 3719 1459 so-

2012 1508 2188 1559 rores,
2224 1490 2270 1544 si
2310 1491 2481 1561 digne
2528 1491 2925 1561 pmnituerint,
2973 1495 3031 1544 et
3068 1490 3116 1544 si
3148 1508 3208 1545 se
3254 1492 3549 1547 continere
3598 1510 3715 1548 non

2014 1578 2319 1642 valuerint,
2345 1580 2567 1632 nubant
2593 1578 2651 1631 in
2706 1578 2967 1632 Domino.
3002 1578 3058 1631 Si
3087 1586 3279 1632 autem
3323 1595 3440 1633 non
3482 1580 3715 1651 ignora-

2014 1672 2236 1734 verunt,
2272 1683 2452 1737 usque
2482 1667 2553 1720 ad
2578 1672 2820 1720 mortem
2844 1666 3179 1738 poeniteant,
3210 1672 3268 1721 et
3295 1684 3355 1722 se
3381 1685 3414 1721 a
3444 1670 3715 1741 conjugio

2014 1757 2351 1811 abstineant.
3578 1802 3579 1805 η

2085 1845 2287 1899 Fecisti
2380 1844 2818 1898 fornicationem
2891 1861 3019 1898 cum
3089 1845 3284 1915 aliqua
3357 1846 3589 1915 femina,
3660 1852 3717 1901 et

2014 1934 2188 1987 frater
2240 1939 2375 1987 tuus
2419 1938 2475 1986 te
2529 1933 2741 1986 sciente
2796 1933 3056 1987 eamdem
3114 1935 3276 1989 duxit
3315 1937 3597 1991 uxorem?
3659 1938 3715 1992 Si

2014 2022 2215 2088 fecisti,
2266 2038 2333 2075 eo
2386 2022 2542 2092 quod
2610 2022 2847 2075 fratrem
2892 2027 3056 2076 tuum
3096 2023 3312 2076 crimen
3361 2025 3575 2091 celasti,
3628 2042 3715 2079 se-

2017 2114 2175 2180 ptem
2228 2126 2409 2163 annos
2448 2126 2553 2180 per
2590 2109 2878 2179 legitimas
2936 2110 3104 2164 ferias
3154 2113 3452 2181 poeniteas,
3485 2119 3543 2168 et
3589 2120 3714 2184 post

2014 2200 2437 2271 pmnitentiam,
2490 2204 2553 2253 tu
2596 2204 2651 2253 et
2688 2198 2867 2253 frater
2912 2216 3116 2253 uxores
3169 2201 3426 2271 accipere
3474 2205 3710 2271 potestis

2015 2294 2237 2343 tantum
2269 2288 2329 2341 in
2362 2288 2623 2341 Domino.
2660 2288 2860 2341 Mulier
2891 2294 3083 2341 autem
3113 2305 3295 2358 usque
3344 2289 3417 2343 ad
3461 2295 3716 2344 mortem

2016 2378 2311 2447 poeniteat,
2338 2382 2395 2429 et
2424 2376 2545 2429 sine
2578 2392 2678 2446 spe
2709 2376 2965 2446 conjugii
2996 2382 3349 2446 permaneat.

2090 2465 2289 2518 Fecisti
2319 2464 2757 2519 fornicationem
2788 2481 2919 2518 cum
2954 2465 3191 2518 tiliastra
3239 2467 3376 2519 tua?
3409 2465 3466 2521 Si
3508 2466 3715 2535 fecisti,

2018 2569 2122 2607 nec
2172 2558 2409 2606 matrem
2463 2569 2565 2606 nec
2611 2553 2791 2606 tiliam
2832 2554 3044 2623 poteris
3096 2554 3328 2622 habere,
3380 2571 3484 2608 nec
3514 2559 3574 2609 tu
3606 2572 3717 2625 po-

2017 2642 2155 2694 teris
2184 2656 2419 2693 uxorem
2461 2640 2739 2710 accipere,
2790 2658 2895 2694 nec
2935 2641 3031 2694 illa
3061 2642 3355 2709 maritum,
3408 2644 3506 2697 sed
3540 2661 3718 2715 usque

2017 2730 2090 2783 ad
2141 2735 2387 2782 mortem
2428 2730 2711 2799 pcenitere
2772 2729 3010 2783 debetis.
3070 2731 3215 2784 Uxor
3262 2737 3454 2785 autem
3500 2738 3617 2801 tua,
3671 2733 3718 2786 si

2016 2822 2321 2887 postquam
2363 2818 2630 2887 cognovit
2670 2818 2824 2888 quod
2875 2833 3005 2871 cum
3053 2818 3172 2871 ﬁlia
3222 2835 3323 2872 sua
3370 2820 3717 2875 adulterium

2017 2910 2413 2975 perpetratum
2450 2906 2721 2973 habuisti,
2774 2911 2965 2959 tecum
3008 2922 3123 2959 non
3155 2907 3481 2976 concubuit,
3536 2909 3718 2964 nubat

196 2998 501 3053 inﬁrmum
535 3014 549 3049 :
604 3012 734 3050 cum
781 2995 1375 3066 appropinquaverint
1421 2996 1619 3049 domui
1668 2996 1765 3049 ubi
1818 2996 1903 3049 in-
1941 2999 1981 3053 Ο
2017 2994 2077 3048 in
2110 2993 2380 3061 Domino,
2412 2994 2458 3047 si
2490 2994 2751 3048 voluerit.

198 3086 405 3141 ﬁrmus
432 3085 743 3151 decumbit,
779 3085 825 3138 si
858 3084 1183 3138 invenerint
1206 3084 1458 3154 aliquem
1480 3084 1731 3152 lapidem
1746 3084 1911 3154 juxta

193 3177 505 3247 jacentem,
558 3174 861 3227 revolvunt
908 3173 1180 3243 lapidem,
1232 3176 1288 3225 et
1329 3172 1635 3242 requirunt
1680 3172 1741 3226 in
1785 3174 1908 3226 loco

198 3263 302 3316 ubi
327 3262 557 3333 jacebat
585 3259 751 3330 lapis,
781 3261 827 3312 si
854 3258 934 3313 ibi
965 3259 1035 3313 sit
1066 3259 1283 3330 aliquid
1316 3259 1513 3313 subtus
1544 3260 1696 3329 quod
1736 3260 1909 3326 vivat,

199 3353 260 3404 et
308 3349 355 3401 si
406 3348 739 3402 invenerint
798 3347 879 3399 ibi
926 3347 1235 3413 lubricum,
1306 3352 1406 3399 aut
1470 3363 1747 3410 muscam,
1814 3352 1912 3402 aut

198 3438 528 3499 formicam,
560 3441 661 3490 aut
703 3435 922 3505 aliquid
972 3434 1126 3505 quod
1171 3451 1230 3488 se
1273 3441 1519 3500 moveat,
1574 3442 1711 3489 tunc
1749 3437 1908 3490 afﬁr-

200 3520 367 3580 mant
426 3529 711 3595 mgrotum
766 3524 1180 3577 convalescere.
1244 3523 1301 3577 Si
1356 3529 1549 3577 autem
1631 3525 1775 3578 nihil
1830 3525 1910 3578 ibi

196 3614 530 3669 invenerint
560 3611 711 3683 quod
745 3628 804 3665 se
851 3616 1095 3676 moveat,
1139 3611 1337 3665 dicunt
1367 3628 1492 3665 esse
1540 3613 1907 3667 moriturum.

197 3703 256 3758 Si
288 3701 494 3767 fecisti,
520 3706 618 3755 aut
648 3700 959 3767 credidisti,
996 3700 1202 3770 viginti
1240 3699 1360 3753 dies
1398 3700 1458 3753 in
1488 3716 1637 3770 pane
1672 3707 1730 3754 et
1761 3718 1912 3772 aqua

196 3790 500 3862 pmniteas.

272 3877 477 3933 Fecisti
504 3876 756 3947 pueriles
782 3892 946 3929 arcus
973 3876 1266 3945 parvulos,
1300 3880 1356 3929 et
1403 3892 1716 3945 puerorum
1754 3882 1910 3930 sutu-

196 3965 365 4032 ralia,
419 3970 476 4017 et
524 3963 814 4034 projecisti
866 3958 993 4016 sive
1049 3963 1109 4016 in
1157 3963 1456 4017 cellarium
1505 3965 1627 4017 sive
1676 3965 1737 4018 in
1782 3965 1909 4019 hor-

198 4069 368 4109 reum
399 4057 584 4120 tuum,
620 4058 682 4106 ut
706 4052 883 4122 satyri
912 4052 999 4105 vel
1039 4051 1211 4122 pilosi
1253 4068 1383 4105 cum
1432 4052 1513 4106 eis
1544 4053 1626 4107 ibi
1649 4053 1909 4123 jocaren-

198 4146 314 4194 tur.
362 4145 428 4194 ut
471 4140 577 4193 tibi
630 4140 875 4194 aliorum
944 4140 1094 4195 bona
1145 4146 1593 4212 comportarent,
1652 4148 1708 4196 et
1772 4143 1907 4197 inde

199 4229 378 4285 ditior
408 4228 616 4283 ﬁeres?
665 4228 725 4283 Si
778 4228 981 4295 fecisti,
1012 4229 1055 4283 X
1088 4229 1207 4283 dies
1254 4230 1313 4282 in
1343 4246 1491 4299 pane
1517 4235 1572 4284 et
1604 4247 1754 4302 aqua
1782 4248 1905 4302 pce—

197 4319 404 4372 niieas.

270 4404 480 4460 Fecisti
514 4404 669 4475 quod
700 4405 934 4475 quidam
965 4404 1183 4459 faciunt
1233 4404 1292 4458 in
1333 4405 1597 4459 Kalendis
1628 4406 1905 4473 Januarii,

196 4492 257 4547 id
318 4497 410 4547 est
453 4493 514 4546 in
572 4498 766 4547 octava
830 4493 1048 4547 Natalis
1106 4493 1373 4549 Domini?
1431 4493 1540 4557 Qui
1595 4510 1662 4548 ea
1714 4500 1909 4549 sancta

191 4586 367 4636 nocte
398 4581 583 4647 ﬁlant,
625 4585 783 4647 nent,
833 4587 1141 4648 consuunt,
1194 4598 1394 4636 omnes
1434 4599 1577 4652 opus
1608 4585 1906 4653 quodcun-

192 4686 309 4742 que
338 4669 593 4741 incipere
625 4675 884 4741 possunt.
911 4670 1139 4725 diabolo
1167 4670 1502 4741 instigante,
1528 4678 1765 4742 propter
1796 4690 1871 4727 no
1891 4704 1909 4714 -

195 4775 334 4813 vum
366 4775 582 4813 annum
648 4759 969 4829 incipiunt?
1010 4758 1069 4813 Si
1098 4759 1301 4827 fecisti,
1357 4760 1739 4831 quadraginta
1788 4762 1908 4816 dies

194 4848 258 4902 in
286 4864 437 4919 pane
465 4853 521 4901 et
552 4864 699 4919 aqua
732 4848 1036 4918 pmniteas.

773 4938 903 4991 Item
931 4936 997 4990 de
1026 4935 1316 4991 adulterio.

273 5023 649 5081 Concubuisti
704 5040 833 5078 cum
885 5041 1080 5079 sorore
1140 5027 1336 5079 uxoris
1384 5023 1539 5079 tuae?
1590 5025 1647 5080 Si
1700 5026 1904 5094 fecisti,

195 5119 466 5169 neutram
498 5113 731 5168 habeas.
792 5114 856 5167 Et
893 5113 940 5166 si
970 5114 1070 5166 illa
1118 5130 1248 5184 quas
1274 5130 1417 5167 uxor
1444 5118 1540 5167 tua
1590 5114 1719 5181 fuit,
1767 5131 1908 5168 con-

194 5203 311 5256 scia
345 5201 576 5255 sceleris
607 5217 725 5254 non
755 5201 885 5269 fuit,
921 5200 968 5254 si
998 5218 1055 5254 se
1082 5202 1377 5256 continere
1411 5218 1526 5256 non
1558 5204 1698 5269 vult,
1730 5203 1907 5257 nubat

194 5290 256 5344 in
285 5289 533 5344 Domino
559 5288 651 5343 cui
698 5289 853 5343 velit.
906 5291 989 5343 Tu
1021 5294 1214 5343 autem
1268 5296 1325 5344 et
1354 5290 1612 5345 adultera
1644 5294 1767 5345 sine
1807 5308 1905 5361 spe

194 5379 452 5449 conjugii
522 5378 931 5448 permaneatis,
1022 5383 1097 5445 et,
1148 5379 1406 5449 quandiu
1464 5379 1685 5447 vivatis,
1739 5380 1906 5451 juxta

196 5472 486 5538 praecepta
519 5466 854 5533 sacerdotis,
884 5468 1282 5537 paenitentiam
1316 5468 1484 5538 agite.

263 5553 321 5612 Si
351 5556 599 5611 absente
628 5570 802 5609 uxore
832 5560 931 5610 tua
970 5556 1031 5611 in
1058 5556 1270 5611 lectum
1312 5561 1497 5619 tuum,
1533 5562 1589 5614 te
1616 5557 1904 5613 nesciente

2093 3082 2299 3137 Fecisti
2328 3082 2770 3137 fornicationem
2804 3099 2933 3137 cum
2983 3100 3225 3137 noverca
3253 3086 3392 3138 tua?
3421 3086 3479 3140 Si
3510 3087 3714 3154 fecisti,

2020 3187 2208 3242 neque
2239 3176 2299 3224 tu
2331 3188 2517 3242 neque
2565 3172 2689 3242 ipsa
2735 3173 2976 3225 ulterius
3022 3172 3093 3225 ad
3138 3174 3477 3243 conjugium
3525 3192 3721 3245 perve-

2018 3261 2145 3314 nire
2196 3261 2450 3331 potestis.
2504 3262 2673 3314 Pater
2711 3266 2907 3315 autem
2957 3265 3114 3327 tuus,
3164 3262 3211 3314 si
3248 3264 3512 3329 voluerit,
3547 3265 3718 3318 aliam

2019 3349 2276 3418 accipere
2298 3353 2505 3418 potest'

2092 3437 2296 3490 Fecisti
2340 3437 2784 3491 fornicationem
2837 3454 2968 3492 cum
3019 3454 3194 3491 uxore
3244 3438 3439 3493 fratris
3489 3440 3619 3494 tui?
3663 3440 3720 3494 Si

2019 3524 2220 3590 fecisti,
2255 3525 2534 3594 poenitere
2556 3525 2810 3590 debetis,
2854 3531 2911 3580 tu
2958 3532 3014 3579 et
3046 3526 3170 3596 ipsa
3219 3543 3400 3597 usque
3447 3528 3517 3581 ad
3564 3545 3718 3583 mor-

2020 3617 2156 3677 tem,
2185 3617 2241 3665 et
2274 3613 2398 3665 sine
2429 3629 2528 3682 spe
2555 3611 2811 3682 conjugii
2856 3630 3217 3683 permanere.
3270 3616 3464 3669 Frater
3526 3623 3720 3671 autem

2019 3705 2168 3763 tuus,
2202 3700 2250 3753 si
2279 3701 2417 3765 vult,
2450 3699 2620 3752 aliam
2642 3700 2896 3770 accipiat.

2090 3787 2293 3842 Fecisti
2346 3788 2785 3842 fornicationem
2856 3804 2985 3843 cum
3041 3806 3251 3860 sponsa
3316 3790 3421 3845 ﬁlii
3488 3792 3592 3858 tui,
3662 3800 3719 3848 et

2018 3881 2214 3947 postea
2252 3876 2406 3930 ﬁlius
2436 3882 2569 3930 tuus
2598 3878 2761 3931 duxit
2790 3894 2916 3932 eam
2976 3881 3253 3934 uxorem?
3287 3881 3344 3934 Si
3390 3882 3592 3949 fecisti,
3647 3900 3715 3937 eo

2019 3965 2173 4036 quod
2211 3965 2427 4019 crimen
2458 3965 2653 4019 celasti
2686 3966 2871 4020 ﬁlium
2912 3971 3098 4033 tuum,
3132 3984 3313 4039 usque
3349 3970 3421 4023 ad
3478 3977 3719 4026 mortem

2018 4054 2319 4124 poeniteas,
2371 4059 2430 4107 et
2487 4055 2611 4108 sine
2676 4071 2775 4124 spe
2833 4056 3087 4127 conjugii
3139 4073 3496 4126 permaneas.
3546 4061 3723 4114 Filius

2020 4150 2210 4197 autem
2242 4148 2395 4209 tuus,
2428 4160 2495 4197 eo
2549 4144 2699 4214 quod
2749 4146 3051 4216 ignorabat
3109 4153 3405 4217 peccatum
3463 4155 3651 4216 tuum,
3676 4151 3724 4204 si

2020 4233 2159 4299 vult,
2194 4233 2368 4286 aliam
2395 4233 2657 4302 accipiat.
2695 4233 2795 4287 llla
2827 4240 3040 4302 autem,
3078 4237 3414 4303 poenitentia
3466 4245 3721 4308 peracta,

2019 4321 2142 4374 sine
2174 4337 2273 4391 spe
2301 4322 2553 4392 conjugii
2584 4327 2935 4391 permaneat.

2050 4406 2051 4409 “
2093 4410 2295 4464 Fecisti
2349 4410 2787 4464 fornicationem
2833 4427 2964 4465 cum
3013 4418 3197 4466 matre
3248 4412 3384 4467 tua?
3428 4414 3488 4467 Si
3516 4414 3722 4483 fecisti,

2016 4500 2101 4553 XV
2131 4514 2312 4552 annos
2340 4514 2443 4567 per
2488 4498 2771 4567 legitimas
2818 4499 2989 4553 ferias
3042 4502 3363 4569 poeniteas:
3416 4518 3598 4556 unum
3643 4503 3724 4573 {ex

2017 4586 2107 4639 his
2138 4586 2198 4639 in
2237 4602 2384 4655 pane
2419 4590 2473 4639 et
2504 4602 2670 4656 aqua,
2703 4592 2756 4639 et
2785 4587 3002 4657 absque
3036 4605 3136 4657 spe
3182 4589 3441 4659 conjugii
3492 4607 3720 4660 perma-

2017 4690 2173 4739 neas,
2207 4679 2262 4728 et
2293 4690 2593 4744 nunquam
2623 4675 2700 4727 sis
2740 4674 2864 4728 sine
2913 4677 3270 4745 pmnitentia.
3327 4680 3500 4732 Mater
3528 4686 3721 4734 autem

2017 4767 2135 4830 tua,
2170 4762 2217 4816 si
2265 4763 2626 4816 consentiens
2667 4778 2783 4817 non
2834 4762 2961 4830 fuit,
3005 4765 3167 4835 juxta
3203 4766 3508 4822 arbitrium
3539 4785 3722 4823 sacer-

2018 4851 2164 4905 dotis
2196 4850 2472 4921 pmniteat
2505 4867 2518 4904 :
2549 4855 2606 4905 et
2632 4852 2681 4905 si
2711 4868 2769 4905 se
2797 4853 3090 4908 continere
3119 4872 3235 4909 non
3268 4858 3407 4925 vult,
3443 4858 3622 4913 nubat
3662 4859 3723 4913 in

2019 4940 2283 4994 Domino.

2086 5026 2289 5081 Fecisti
2324 5026 2764 5083 fornicationem
2813 5046 2947 5086 cum
2998 5038 3255 5088 comatre
3302 5036 3442 5089 tua?
3488 5035 3545 5090 Si
3592 5035 3724 5089 feci-

2017 5115 2107 5181 sti,
2153 5116 2407 5186 separari
2457 5116 2631 5171 debes
2676 5117 2745 5171 ab
2799 5135 2886 5187 ea,
2937 5124 2994 5174 et
3041 5121 3423 5192 quadraginta
3472 5123 3612 5189 dies,
3665 5124 3722 5178 id

2016 5206 2100 5257 est
2129 5204 2404 5272 carinam,
2438 5205 2498 5260 in
2539 5222 2689 5276 pane
2732 5211 2788 5261 et
2835 5224 3005 5278 aqua,
3055 5225 3186 5264 cum
3230 5214 3449 5279 septem
3477 5226 3725 5281 sequen-

2016 5292 2169 5345 tibus
2201 5293 2368 5346 annis
2400 5295 2696 5365 paenitere.

2089 5381 2292 5435 Fecisti
2340 5383 2775 5438 fornicationem
2834 5400 2965 5438 cum
3034 5384 3211 5438 ﬁliola
3276 5390 3376 5439 tua
3435 5386 3725 5456 spirituali

2016 5485 2190 5541 quam
2231 5471 2300 5525 de
2344 5470 2502 5526 fonte
2556 5472 2875 5543 suscepisti,
2939 5476 3035 5525 aut
3089 5474 3160 5527 ad
3215 5490 3418 5529 manus
3471 5476 3725 5547 episcopi

2014 5558 2288 5613 tenuisti?
2321 5560 2377 5616 Si
2407 5561 2611 5630 fecisti,
2640 5561 2892 5632 separari
2942 5560 3115 5616 debes
3143 5561 3214 5617 ab
3261 5578 3349 5629 ea,
3385 5568 3442 5619 et
3466 5565 3549 5619 XL
3577 5566 3720 5630 dies,
