3944 6388
243 324 342 374 967

1321 315 1500 371 BUHC
1513 316 1551 368 H
1563 315 1726 368 ARDI
1769 312 1925 368 WOB
1937 313 2310 370 MACIENSIS
2349 311 2659 367 EPISCOPI
2671 351 2682 363 .

3653 313 3766 364 968

243 444 396 516 quod
423 443 676 496 carinam
718 444 941 506 vocant,
973 455 1103 493 cum
1137 443 1357 510 septem
1389 437 1754 510 sequentibus
1783 438 1948 492 annis
1971 444 2019 495 Α
2058 440 2229 493 fratre
2261 447 2359 492 tuo
2387 437 2601 492 carnali
2640 435 2796 490 idem
2844 435 3030 490 scelus
3062 437 3425 507 perpetrasti,
3460 438 3546 491 XV
3577 454 3768 493 annos

242 531 543 602 pmnitere.

776 621 850 672 De
874 616 1107 671 discidio
1141 617 1406 684 conjugii.

311 707 568 762 Teuuisti
619 706 805 761 ﬁlium
863 711 1046 774 tuum,
1107 707 1196 758 vel
1246 705 1444 772 ﬁliam,
1499 705 1582 757 vel
1638 703 1942 757 ﬁliastrum

242 801 430 862 tuum,
462 797 549 850 vel
604 796 902 850 ﬁliastram
943 799 1123 860 tuam,
1179 794 1248 847 ad
1296 792 1813 859 conﬁrmationem,
1856 794 1940 844 vol

240 901 272 938 a
306 885 461 939 fonte
503 882 827 953 suscepisti,
871 887 926 936 et
964 882 1093 936 ideo
1139 882 1247 935 hoc
1295 881 1472 934 fecisti
1524 887 1589 934 ut
1641 880 1940 934 discidium

241 975 460 1027 faceres
489 974 642 1027 inter
670 979 724 1026 te
756 978 814 1025 et
844 987 1078 1025 uxorem
1107 971 1306 1024 tuam?
1337 970 1391 1023 Si
1441 971 1740 1038 episcopus
1789 969 1944 1023 aliud

242 1062 542 1116 consilium
568 1061 699 1115 inde
730 1060 914 1114 facere
957 1059 1228 1125 noluerit,
1283 1063 1417 1110 tunc
1461 1058 1716 1127 separari
1772 1058 1946 1112 debes

242 1150 315 1203 ab
346 1165 520 1202 uxore
550 1153 668 1214 tua,
712 1151 768 1201 et
808 1147 892 1201 XL
940 1147 1081 1212 dies,
1137 1145 1292 1218 quod
1327 1147 1580 1200 carinam
1628 1150 1853 1211 vocant,
1885 1145 1945 1198 in

243 1253 390 1308 pane
421 1243 478 1292 et
508 1252 658 1307 aqua
686 1251 819 1290 cum
868 1239 1089 1304 septem
1141 1234 1514 1304 sequentibus
1559 1235 1727 1288 annis
1756 1234 1946 1304 poeni-

241 1332 364 1381 tere
394 1325 587 1392 debes,
621 1329 677 1378 et
705 1339 1007 1394 nunquam
1051 1323 1222 1377 debes
1256 1339 1376 1376 esse
1403 1323 1526 1376 sine
1583 1321 1939 1391 paenitentia,

244 1419 299 1468 et
328 1414 448 1468 sine
477 1429 578 1483 spe
611 1412 870 1483 conjugii
920 1411 1091 1466 debes
1139 1427 1500 1482 permanere.
1551 1412 1702 1465 Uxor
1753 1415 1944 1464 autem

242 1507 360 1568 tua,
394 1503 437 1555 si
470 1518 528 1555 se
559 1501 853 1554 continere
889 1517 1003 1554 non
1034 1504 1240 1570 potest,
1275 1500 1456 1553 nubat
1483 1499 1542 1552 in
1572 1499 1834 1552 Domino.

312 1590 592 1660 Accepisti
621 1589 946 1654 mulierem,
983 1593 1040 1642 et
1088 1588 1338 1642 habuisti
1381 1604 1506 1642 eam
1539 1587 1774 1658 aliquod
1809 1593 1946 1640 tem-

241 1697 369 1751 pus,
423 1694 702 1741 mensem,
753 1683 853 1731 aut
901 1683 1034 1744 tres,
1092 1682 1192 1730 aut
1237 1683 1532 1746 postremo
1593 1691 1832 1740 annum,
1889 1681 1944 1729 et

242 1775 380 1823 tunc
420 1768 676 1838 primum
717 1767 908 1822 dixisti
957 1772 1013 1820 te
1061 1782 1183 1820 esse
1215 1766 1438 1836 frigidae
1471 1771 1713 1833 naturae,
1772 1766 1853 1819 ita
1881 1770 1944 1818 ut

243 1874 359 1911 non
388 1856 669 1928 potuisses
701 1856 851 1909 coire
886 1871 1016 1908 cum
1048 1872 1111 1908 ea
1147 1870 1250 1907 nec
1279 1870 1410 1908 cum
1459 1854 1568 1907 alia
1594 1853 1785 1924 aliqua
1819 1870 1831 1906 :
1889 1859 1946 1906 et

242 1946 288 1998 si
321 1946 418 1998 illa
444 1961 575 2016 quae
604 1960 744 1998 uxor
771 1949 868 1997 tua
899 1960 1020 1996 esse
1053 1942 1271 2010 debuit,
1300 1942 1502 1995 eadem
1535 1941 1784 1995 afﬁrmat
1814 1957 1943 2011 quas

241 2039 305 2088 tu
334 2034 473 2088 dicis
508 2049 520 2087 :
556 2038 612 2086 et
650 2032 697 2086 si
749 2031 980 2102 probari
1005 2035 1196 2100 potest
1240 2046 1346 2100 per
1394 2035 1612 2084 rectum
1640 2030 1942 2100 judicium,

243 2123 323 2176 ita
369 2138 492 2176 esse
546 2126 612 2175 ut
653 2121 862 2188 dicitis,
913 2119 1165 2190 separari
1209 2119 1466 2188 potestis,
1516 2124 1708 2172 tamen
1751 2135 1816 2172 ea
1851 2135 1943 2171 ra-

246 2212 401 2265 tione
450 2214 534 2276 ut,
568 2210 618 2263 si
664 2212 724 2262 tu
771 2213 906 2278 post
953 2208 1126 2262 aliam
1174 2207 1477 2278 acceperis,
1529 2223 1659 2260 reus
1706 2207 1944 2277 perjurii

245 2298 598 2369 dijudiceris,
640 2302 697 2351 et
739 2297 971 2363 iterum,
1021 2301 1150 2366 post
1196 2301 1487 2366 peractam
1526 2295 1942 2366 paenitentiam,

243 2389 439 2458 priora
462 2386 750 2439 connubia
780 2400 1055 2438 renovare
1076 2384 1315 2437 debetis.
1345 2385 1446 2437 illa
1475 2389 1665 2436 autem
1698 2384 1743 2436 si
1766 2383 1942 2453 prior,

244 2478 376 2546 post
427 2489 644 2527 annum
697 2477 796 2527 aut
838 2473 1163 2538 dimidium,
1216 2473 1287 2525 ad
1333 2473 1666 2542 episcopum
1723 2479 1824 2526 aut
1873 2473 1944 2526 ad

247 2564 371 2633 ejus
426 2562 667 2616 missum
717 2578 776 2614 se
821 2561 1282 2631 proclamaverit,
1341 2566 1399 2614 et
1445 2562 1583 2615 dicit
1629 2560 1781 2631 quod
1832 2577 1944 2615 non

246 2651 612 2720 cognovisses
650 2665 801 2717 eam,
847 2655 906 2702 et
951 2656 1124 2720 negat
1171 2651 1425 2720 aliquam
1477 2651 1944 2703 commixtionem

244 2739 399 2793 inter
428 2756 526 2792 vos
556 2755 678 2793 esse
711 2755 724 2792 :
757 2743 823 2792 tu
854 2743 1044 2792 autem
1073 2737 1324 2792 afﬁrmas
1356 2739 1511 2808 quod
1539 2755 1686 2793 uxor
1724 2745 1822 2793 tua
1853 2741 1942 2806 sit,

241 2829 350 2882 tibi
370 2828 720 2882 credendum
751 2832 852 2891 est,
885 2845 952 2881 eo
987 2828 1143 2898 quod
1170 2830 1352 2898 :caput
1385 2828 1642 2881 mulieris
1672 2844 1732 2882 es
1763 2845 1775 2882 :
1813 2829 1948 2900 quia

245 2916 293 2970 si
323 2933 381 2970 se
428 2918 781 2987 proclamare
826 2917 1103 2983 voluerat,
1166 2932 1268 2969 cur
1312 2917 1511 2970 tandiu
1566 2917 1782 2971 tacuit?
1824 2918 1947 2973 Cito

2052 544 2157 598 per
2187 528 2473 598 legitimas
2493 527 2662 580 ferias
2689 524 2970 595 poenitere
2989 525 3178 579 debes.

2123 615 2180 670 Si
2229 632 2359 670 cum
2410 615 2660 668 masculo
2705 613 2857 668 intra
2903 629 3085 680 coxas,
3144 619 3211 668 ut
3257 614 3494 684 quidam
3548 615 3762 680 solent,

2053 705 2489 759 fornicationem
2522 701 2725 768 fecisti,
2766 701 2846 754 ita
2883 701 3028 768 dico,
3069 704 3135 755 ut
3161 706 3325 755 tuum
3366 702 3529 756 virile
3571 717 3765 756 mem-

2053 791 2223 846 brum
2272 793 2424 846 intra
2453 807 2616 845 coxas
2667 789 2899 843 alterius
2944 789 3227 858 mitteres,
3253 794 3310 844 et
3355 789 3436 844 sic
3482 790 3765 861 agitando

2055 897 2249 934 semen
2302 879 2662 934 etfunderes?
2723 879 2782 932 Si
2837 878 3038 944 fecisti,
3091 880 3176 932 XL
3224 879 3346 932 dies
3399 879 3457 933 in
3502 895 3653 950 pane
3704 883 3766 934 et

2055 985 2204 1040 aqua
2234 970 2530 1039 paeniteas.

2128 1058 2328 1112 Fecisti
2393 1055 2852 1117 fornicationem,
2911 1060 2975 1108 ut
3031 1054 3266 1126 quidam
3317 1055 3502 1110 facere
3547 1055 3763 1118 solent,

2055 1146 2134 1199 ita
2174 1147 2300 1200 dico
2333 1149 2396 1198 ut
2448 1150 2512 1199 tu
2577 1145 2638 1197 in
2686 1159 2926 1197 manum
2974 1148 3134 1197 tuam
3177 1149 3463 1198 veretrum
3520 1144 3767 1198 alterius

2055 1235 2358 1306 acciperes,
2392 1238 2449 1287 et
2478 1233 2623 1286 alter
2659 1237 2823 1286 tuum
2874 1231 2936 1286 in
2983 1248 3166 1299 suam,
3225 1237 3283 1286 et
3310 1233 3390 1286 sic
3429 1232 3768 1286 alternatim

2055 1332 2277 1378 veretra
2336 1323 2602 1377 manibus
2657 1322 2860 1376 vestris
2907 1321 3356 1387 commoveritis,
3405 1325 3469 1375 ut
3519 1322 3598 1374 sic
3657 1337 3770 1392 per

2053 1413 2211 1466 illam
2247 1412 2682 1466 delectationem
2721 1427 2918 1465 semen
2949 1426 2982 1464 a
3014 1417 3068 1464 te
3095 1409 3520 1480 projiceres?Si
3547 1410 3767 1476 fecisti,

2057 1503 2293 1572 triginta
2325 1501 2446 1556 dies
2477 1501 2536 1554 in
2560 1517 2706 1572 pane
2731 1505 2788 1553 et
2811 1516 2960 1570 aqua
2990 1500 3285 1570 poeniteas.

2127 1589 2330 1644 Fecisti
2357 1590 2512 1643 solus
2561 1594 2750 1642 tecum
2793 1588 3251 1653 fornicationem,
3310 1590 3374 1640 ut
3403 1586 3644 1656 quidam
3677 1587 3769 1640 fa-

2056 1696 2180 1733 cere
2215 1680 2420 1744 solent,
2453 1678 2532 1731 ita
2562 1677 2688 1731 dico
2739 1682 2801 1730 ut
2840 1677 2961 1746 ipse
3017 1681 3181 1730 tuum
3226 1675 3387 1728 virile
3430 1675 3769 1729 membrum

2057 1769 2117 1822 in
2141 1783 2377 1821 manum
2416 1771 2577 1820 tuam
2603 1766 2912 1835 acciperes,
2945 1770 3002 1818 et
3032 1765 3110 1819 sic
3141 1765 3378 1819 duceres
3407 1765 3768 1836 praeputium

2055 1863 2241 1922 tuum,
2273 1861 2328 1909 et
2359 1872 2534 1909 manu
2563 1856 2800 1924 propria
2829 1870 3222 1907 commoveres
3273 1859 3334 1908 ut
3363 1853 3442 1906 sic
3473 1869 3576 1923 per
3601 1853 3770 1906 dele-

2055 1946 2361 1999 ctationem
2392 1960 2590 1998 semen
2619 1959 2653 1997 a
2683 1947 2738 1996 te
2775 1943 3121 2013 projiceres?
3153 1942 3211 1997 Si
3244 1941 3443 2009 fecisti,
3476 1943 3515 1994 X
3554 1941 3675 1996 dies
3703 1942 3771 1994 in

2055 2049 2202 2103 pane
2234 2037 2290 2087 et
2318 2049 2465 2103 aqua
2496 2032 2793 2102 poeniteas.

2127 2121 2324 2175 Fecisti
2353 2121 2812 2187 fornicationem,
2853 2125 2917 2173 ut
2947 2118 3181 2190 quidam
3233 2118 3416 2172 facere
3449 2118 3655 2185 solent,
3697 2125 3770 2172 ut

2055 2215 2117 2263 tu
2147 2213 2310 2263 tuum
2339 2209 2499 2262 virile
2533 2209 2858 2262 membrum
2890 2207 2950 2260 in
2980 2195 3202 2277 lignum
3247 2205 3625 2276 perforatum,
3659 2211 3771 2260 aut

2055 2298 2116 2350 in
2146 2297 2374 2368 aliquod
2408 2296 2740 2366 hujusmodi
2775 2296 3032 2349 mitteres
3067 2301 3127 2348 ut
3156 2295 3235 2348 sic
3268 2310 3372 2365 per
3401 2294 3560 2348 illam
3597 2309 3764 2348 com-

2058 2386 2374 2439 motionem
2404 2389 2460 2438 et
2500 2384 2940 2439 delectationem
2989 2401 3023 2438 a
3060 2389 3116 2437 te
3167 2399 3361 2437 semen
3411 2383 3770 2452 projiceres?

2059 2475 2117 2528 Si
2147 2475 2348 2540 fecisti,
2379 2473 2471 2527 XX
2499 2473 2620 2527 dies
2647 2473 2707 2526 in
2738 2489 2888 2544 pane
2915 2477 2970 2526 et
2997 2488 3148 2543 aqua
3174 2471 3468 2543 poeniteas.

2131 2563 2344 2616 Dedisti
2402 2563 2660 2616 osculum
2712 2562 2884 2615 alicui
2949 2561 3180 2615 feminas
3232 2575 3336 2630 per
3387 2558 3767 2613 immundum

2057 2652 2424 2714 desiderium,
2460 2657 2518 2704 et
2542 2651 2620 2704 sic
2649 2655 2703 2704 te
2731 2649 3020 2720 polluisti?
3049 2650 3109 2704 Si
3145 2649 3344 2715 fecisti,
3389 2653 3506 2702 tres
3539 2647 3660 2702 dies
3703 2649 3770 2702 in

2057 2757 2206 2812 pane
2239 2747 2295 2794 et
2322 2757 2472 2811 aqua
2501 2739 2779 2810 paanitere
2811 2740 3004 2794 debes.
3043 2739 3102 2794 Si
3131 2739 3284 2792 intra
3325 2737 3620 2791 ecclesiam
3652 2736 3768 2790 hoc

2058 2829 2395 2898 contigerat,
2423 2829 2506 2883 ΧΧ
2538 2829 2659 2882 dies
2687 2829 2744 2882 in
2773 2844 2921 2898 pane
2945 2832 3000 2881 et
3029 2844 3179 2898 aqua
3204 2826 3504 2897 pceniteas.

2132 2917 2333 2972 Fecisti
2391 2915 2827 2970 fornicationem
2881 2921 3076 2969 contra
3131 2919 3417 2978 naturam,
3463 2913 3521 2967 id
3571 2917 3657 2966 est
3701 2917 3770 2966 ut

247 3005 399 3058 etin
449 3021 620 3075 parvo
666 3010 926 3074 tempore
974 3004 1117 3058 scire
1173 3005 1381 3058 mulier
1427 3005 1616 3074 potuit
1661 3005 1707 3058 si
1755 3022 1948 3060 secum
1983 3003 2023 3055 C
2061 3024 2188 3060 cum
2249 3005 2517 3059 masculis
2574 3006 2661 3058 vel
2720 3021 2851 3058 cum
2911 3003 3257 3057 animalibus
3308 3001 3512 3066 coires,
3564 3001 3624 3054 id
3675 3006 3770 3055 est

245 3093 398 3146 coire
429 3093 731 3161 potuisses,
777 3093 825 3145 si
852 3097 1047 3146 autem
1088 3108 1146 3146 se
1189 3094 1383 3146 statim
1423 3093 1482 3146 in
1523 3093 1647 3162 ipsa
1677 3093 1947 3161 novitate,

250 3185 383 3249 post
413 3196 670 3234 mensem
697 3185 796 3232 aut
841 3184 1198 3250 postremum
1253 3186 1380 3250 post
1411 3182 1572 3245 duos,
1622 3198 1680 3234 se
1729 3183 1797 3236 ad
1824 3183 1950 3252 epi-

247 3284 488 3338 scopum
516 3269 600 3323 vel
631 3269 698 3322 ad
733 3269 856 3338 ejus
908 3268 1148 3321 missum
1193 3269 1650 3338 proclamaverit,
1705 3270 1902 3324 dicens
1935 3288 1946 3325 :

247 3357 386 3410 Volo
412 3361 596 3410 mater
627 3372 769 3423 esse,
802 3357 933 3409 volo
970 3356 1122 3409 ﬁlios
1185 3373 1503 3426 procreare,
1554 3364 1611 3411 et
1660 3358 1790 3413 ideo
1824 3376 1951 3413 ma-

246 3445 421 3498 ritum
475 3445 699 3515 accepi;
752 3445 850 3498 sed
911 3445 1051 3515 quia
1101 3443 1185 3497 vir
1249 3461 1422 3515 quem
1479 3446 1671 3516 accepi
1728 3446 1953 3516 frigidae

249 3538 472 3586 naturae
502 3537 608 3599 est,
643 3549 755 3586 non
812 3537 1096 3602 potestea
1133 3532 1316 3586 facere
1361 3537 1598 3604 propter
1647 3550 1776 3604 quae
1817 3551 1951 3588 eum

247 3620 438 3690 accepi
473 3637 486 3674 :
521 3621 566 3674 si
594 3621 826 3692 probari
855 3624 1040 3692 potest
1070 3636 1171 3691 per
1199 3625 1418 3675 rectum
1445 3621 1751 3692 judicium,
1786 3638 1949 3691 sepa-

245 3711 360 3762 rari
393 3711 650 3780 potestis,
683 3714 739 3763 et
767 3709 865 3762 illa
895 3709 1075 3762 nubat
1096 3709 1157 3762 in
1192 3709 1456 3776 Domino,
1489 3710 1534 3762 si
1565 3711 1706 3764 vult.

774 3799 914 3852 Item
947 3798 1013 3851 de
1041 3799 1422 3864 fornicatione.

319 3886 521 3940 Fecisti
562 3885 1002 3940 fornicationem
1049 3901 1179 3939 cum
1211 3903 1406 3940 sorore
1438 3886 1580 3941 tua?
1635 3887 1692 3941 Si
1744 3887 1946 3953 fecisti,

246 3975 287 4030 Χ
317 3989 500 4028 annos
528 3990 632 4044 per
658 3974 943 4043 legitimas
971 3974 1162 4040 ferias,
1212 3991 1389 4028 unum
1441 3990 1510 4027 ex
1557 3975 1648 4028 his
1699 3974 1760 4028 in
1801 3992 1949 4045 pane

248 4067 307 4116 et
366 4078 515 4132 aqua
560 4062 862 4132 poeniteas,
913 4066 970 4115 et
1016 4062 1273 4132 quandiu
1327 4063 1500 4128 vivas,
1549 4063 1949 4132 paenitentiam

248 4166 405 4219 agas,
439 4155 494 4203 et
527 4151 603 4202 sis
650 4149 773 4203 sine
830 4166 928 4219 spe
977 4149 1249 4220 conjugii.
1298 4151 1469 4204 Soror
1517 4156 1708 4204 autem
1739 4156 1859 4220 tua,
1904 4151 1950 4204 si

1959 3770 1981 3786 ο

2059 3111 2190 3150 cum
2217 3111 2383 3165 equa,
2426 3109 2557 3147 cum
2597 3085 2781 3160 vacca,
2842 3093 2929 3146 vel
2964 3110 3094 3147 cum
3126 3092 3306 3157 asina,
3352 3091 3440 3144 vel
3473 3106 3604 3144 cum
3646 3091 3766 3144 alio

2061 3184 2260 3254 aliquo
2294 3182 2572 3236 animali?
2595 3182 2653 3236 Si
2695 3182 2871 3235 semel
2909 3181 2994 3235 vel
3036 3181 3136 3235 bis'
3165 3179 3348 3234 fecisti
3381 3195 3393 3233 :
3431 3184 3490 3232 et
3531 3178 3579 3232 si
3614 3194 3765 3232 uxo-

2058 3288 2202 3338 rem,
2244 3287 2360 3324 non
2401 3271 2672 3337 habuisti,
2724 3271 2872 3341 quod
2915 3269 3230 3340 adimplere
3263 3273 3423 3322 tuam
3454 3266 3767 3321 libidinem

2057 3360 2362 3432 potuisses,
2403 3358 2786 3429 quadraginta
2819 3358 2962 3423 dies,
3016 3359 3075 3410 in
3119 3373 3265 3428 pane
3304 3361 3362 3410 et
3391 3372 3561 3426 aqua,
3605 3356 3768 3426 quod

2059 3448 2312 3502 carinam
2343 3450 2562 3513 vocant,
2597 3461 2726 3499 cum
2757 3451 2978 3515 septem
3019 3444 3393 3515 sequentibus
3445 3443 3609 3496 annis
3638 3459 3768 3512 pcn-

2058 3537 2242 3590 nitere
2299 3536 2494 3600 debes,
2547 3537 2603 3587 et
2649 3550 2946 3604 nunquam
2996 3534 3073 3586 sis
3135 3533 3255 3586 sine
3300 3531 3658 3603 paenitentia.
3713 3532 3773 3586 Si

2060 3631 2251 3679 autem
2285 3639 2523 3677 uxorem
2554 3623 2825 3686 habuisti,
2861 3623 3058 3676 decem
3100 3638 3279 3676 annos
3322 3637 3427 3692 per
3474 3620 3771 3692 legitimas

2058 3714 2226 3768 ferias
2283 3713 2564 3783 pcenitere
2616 3712 2808 3766 debes.
2869 3711 2928 3766 Si
2986 3715 3178 3765 autem
3229 3711 3291 3764 in
3352 3710 3771 3764 consuetudine

2059 3801 2310 3856 habuisti
2335 3801 2474 3855 illud
2515 3801 2718 3867 scelus,
2750 3800 2841 3855 XV
2889 3815 3069 3853 annos
3117 3815 3222 3870 per
3264 3799 3552 3868 legitimas
3591 3798 3772 3852 ferias

2061 3890 2338 3960 pcenitere
2364 3890 2555 3943 debes.
2589 3889 2648 3943 Si
2677 3890 2736 3941 in
2769 3887 3011 3958 pueritia
3038 3887 3141 3941 tibi
3187 3887 3526 3957 contigerat,
3573 3886 3614 3940 C
3643 3887 3771 3940 dies

2061 3980 2121 4031 in
2146 3994 2295 4048 pane
2328 3981 2383 4030 et
2411 3993 2563 4047 aqua
2593 3976 2764 4030 debes
2793 3975 3092 4044 poenitere.

2129 4065 2188 4120 Si
2220 4069 2413 4118 autem
2463 4079 2658 4117 servus
2699 4066 2784 4116 est
2827 4064 2926 4134 qui
2963 4063 3087 4117 haec
3111 4061 3327 4129 fecerit,
3363 4065 3419 4116 et
3463 4067 3766 4129 uxoratus,

2059 4158 2118 4208 et
2145 4169 2275 4207 cum
2307 4153 2650 4207 animalibus
2679 4157 2894 4223 peccat,
2943 4151 2990 4206 si
3041 4168 3172 4206 cum
3205 4151 3391 4221 scopis
3416 4150 3562 4205 bene
3595 4151 3767 4206 casti-

246 4239 610 4292 consentiens
657 4254 776 4291 non
819 4239 944 4302 fuit,
983 4238 1321 4308 poenitentia
1364 4244 1611 4308 peracta,
1645 4239 1692 4293 si
1723 4256 1781 4293 se
1811 4256 1947 4294 con-
1981 4281 2025 4336 D
2065 4247 2253 4312 gatur,
2305 4246 2420 4295 tres
2472 4257 2650 4295 annos
2694 4256 2798 4311 per
2826 4241 3111 4311 legitimas
3158 4240 3329 4294 ferias
3376 4240 3672 4310 poeniteat.
3707 4240 3770 4295 Si

247 4326 431 4380 tinere
456 4343 570 4380 non
600 4332 805 4397 potest,
834 4327 1014 4380 nubat
1033 4327 1093 4379 in
1121 4328 1378 4381 Domino.

322 4416 521 4469 Fecisti
579 4415 1012 4469 fornicationem
1071 4431 1202 4470 cum
1253 4417 1432 4470 amita
1494 4417 1582 4470 vel
1640 4422 1951 4472 matertera

250 4510 368 4571 tua,
408 4506 495 4558 vel
537 4521 665 4558 cum
695 4521 870 4559 uxore
907 4505 1099 4576 patrui
1138 4506 1222 4558 vel
1264 4506 1530 4560 avunculi
1569 4507 1695 4560 tui?
1723 4507 1778 4560 Si
1809 4507 1947 4561 feci-

247 4593 340 4660 sti,
373 4593 441 4647 de
481 4611 571 4647 cm
605 4610 781 4647 annos
803 4609 908 4664 per
936 4593 1225 4664 legitimas
1256 4595 1426 4648 ferias
1457 4595 1734 4665 poenitere
1755 4597 1947 4663 debes,

247 4694 365 4733 unu
462 4696 530 4734 ex
562 4679 650 4733 his
680 4680 736 4734 in
769 4698 916 4752 pane
949 4687 1004 4736 et
1029 4699 1196 4753 aqua,
1225 4687 1282 4736 et
1312 4683 1569 4754 quandiu
1600 4684 1777 4751 vivas,
1828 4685 1950 4738 sine

247 4768 589 4837 p::nitentia
629 4785 748 4822 non
794 4770 890 4836 sis,
943 4775 999 4824 et
1045 4771 1168 4824 sine
1217 4787 1317 4842 spe
1366 4772 1564 4826 uxoria
1611 4789 1951 4842 permanere

250 4858 443 4922 i‘ebes,
500 4857 609 4910 nisi
663 4858 965 4929 episcopus
1034 4861 1285 4931 aliquam
1335 4861 1792 4917 misericordiam
1845 4861 1951 4916 tibi

250 4946 561 4999 concedere
595 4946 856 5001 voluerit.

321 5033 523 5088 Fecisti
595 5033 1034 5089 fornicationem
1092 5036 1240 5091 sicut
1298 5037 1610 5092 Sodomitas
1669 5038 1947 5106 fecerunt,

247 5122 329 5176 ita
353 5127 416 5176 ut
444 5122 502 5176 in
535 5124 774 5177 masculi
803 5129 964 5194 terga
994 5129 1050 5177 et
1083 5126 1140 5178 in
1172 5127 1490 5196 postoriora
1525 5128 1745 5197 virgam
1792 5132 1950 5182 tuam

247 5211 610 5278 immitteres,
668 5218 724 5267 et
764 5213 845 5266 sic
886 5229 1079 5267 secum
1123 5216 1306 5269 coires
1349 5232 1506 5270 more
1561 5216 1950 5272 Sodomitico?

246 5299 305 5354 Si
334 5315 569 5353 uxorem
597 5299 868 5368 habuisti,
900 5299 955 5354 et
986 5302 1162 5354 semel
1197 5302 1282 5355 vel
1308 5303 1395 5355 bis
1441 5303 1648 5368 fecisti,
1691 5304 1732 5357 X
1771 5319 1950 5357 annos

247 5403 354 5457 per
405 5388 690 5457 legitimas
725 5389 896 5443 ferias
944 5391 1224 5460 poenitere
1273 5390 1462 5458 debes,
1517 5407 1696 5444 unum
1751 5409 1816 5445 ex
1863 5392 1950 5446 his

249 5474 312 5527 in
363 5491 510 5543 pane
540 5481 599 5529 et
645 5492 814 5546 aqua.
847 5477 906 5531 Si
953 5478 1015 5530 in
1062 5478 1473 5532 consuetudine
1523 5478 1794 5549 habuisti,
1848 5480 1950 5534 XII

252 5576 436 5614 annos
465 5577 570 5630 per
613 5564 896 5632 legitimas
944 5565 1115 5617 ferias
1161 5566 1441 5634 pmnitere
1489 5567 1681 5621 debes.
1732 5567 1788 5622 Si
1819 5584 1949 5622 cum

2065 4335 2256 4385 autem
2289 4346 2484 4384 servus
2528 4329 2650 4382 sine
2698 4345 2873 4383 uxore
2922 4329 3042 4383 haec
3080 4329 3299 4395 fecerit,
3333 4328 3475 4382 item
3506 4329 3765 4382 verberi-

2059 4420 2165 4474 bus
2192 4420 2518 4489 castigatus,
2558 4419 2702 4472 duos
2738 4435 2919 4472 annos
2967 4434 3073 4489 per
3109 4417 3397 4487 legitimas
3437 4416 3609 4471 ferias
3640 4433 3766 4488 pce-

2060 4508 2258 4562 niteat.
2292 4507 2351 4562 Si
2400 4511 2596 4561 autem
2643 4506 2772 4560 talis
2823 4511 2909 4560 est
2949 4522 3146 4560 servus
3188 4511 3250 4559 ut
3294 4505 3474 4572 gratis
3527 4505 3772 4561 verbera

2059 4597 2180 4669 pati
2203 4613 2322 4652 non
2357 4596 2517 4663 velit,
2551 4600 2608 4650 et
2636 4601 2720 4650 est
2769 4599 2890 4650 tam
2938 4595 3114 4666 digna
3146 4611 3416 4666 persona,
3468 4595 3548 4649 ita
3576 4595 3769 4665 paeni-

2059 4691 2176 4740 teat
2203 4691 2267 4740 ut
2296 4686 2392 4740 ille
2415 4686 2514 4756 qui
2531 4685 2820 4756 ingenuus
2839 4688 2942 4738 est.

2665 4776 2739 4828 De
2767 4772 2985 4828 illicitis
3011 4773 3164 4827 cibis.

2131 4861 2445 4918 Comedisti
2494 4863 2742 4917 scabiem
2795 4861 3156 4932 corporalem
3205 4876 3310 4931 pro
3366 4859 3558 4930 aliquo
3611 4860 3771 4914 sani-

2060 4957 2197 5018 tate,
2227 4955 2326 5006 aut
2355 4951 2549 5006 bibisti
2580 4954 2816 5022 propter
2865 4950 3212 5004 solutionem
3268 4949 3612 5003 vermiculos
3667 4951 3773 5021 qui

2059 5039 2309 5111 pediculi
2341 5043 2634 5104 vocantur,
2665 5038 2753 5092 vel
2785 5037 2977 5092 bibisti
3027 5038 3252 5091 urinam
3299 5037 3636 5102 humanam,
3693 5037 3773 5090 si-

2059 5145 2126 5183 ve
2156 5134 2404 5182 stercora
2431 5127 2621 5197 aliqua
2661 5126 2957 5181 comedisti
2989 5143 3093 5198 pro
3135 5126 3380 5180 sanitate
3419 5126 3659 5196 aliqua?
3711 5125 3774 5181 Si

2059 5216 2261 5282 fecisti,
2291 5217 2379 5270 ΧΧ
2406 5215 2528 5270 dies
2558 5215 2617 5268 in
2649 5231 2797 5285 pane
2825 5219 2880 5269 et
2911 5230 3061 5284 aqua
3088 5214 3387 5284 pmniteas.

2131 5304 2441 5360 Comedisti
2495 5303 2820 5369 morticina,
2866 5302 2926 5357 id
2974 5308 3061 5357 est
3101 5302 3376 5356 animalia
3421 5316 3551 5371 qua:
3595 5317 3629 5354 a
3682 5301 3772 5354 lu-

2059 5393 2149 5464 pis
2180 5410 2278 5447 seu
2308 5409 2342 5446 a
2384 5393 2621 5446 canibus
2668 5392 3146 5458 dilacerabantur,
3205 5394 3262 5444 et
3287 5390 3367 5443 sic
3409 5395 3636 5444 mortua
3680 5389 3772 5444 in-

2060 5486 2231 5536 venta
2255 5483 2428 5538 sunt?
2458 5481 2516 5536 Si
2541 5481 2747 5551 fecisti,
2791 5481 2836 5536 Χ
2874 5480 2993 5536 dies
3042 5480 3104 5534 in
3146 5495 3297 5550 pane
3345 5482 3402 5531 et
3455 5494 3606 5549 aqua
3653 5494 3772 5550 pa:-

2063 5572 2243 5624 nitere
2273 5570 2468 5626 debes.
