3944 6448
834 50 837 55 ν
894 52 943 59 ν
999 51 1047 61 ν
1116 53 1167 61 .-
1228 55 1275 61 ς

76 408 104 447 ti
116 406 145 453 i3
155 406 189 454 ξ)

75 617 240 684 prius
265 614 529 667 occidisti
561 630 657 666 eas
704 615 854 668 ferro
889 613 1123 685 aliquo?
1153 614 1211 667 Si
1261 615 1465 676 fecisti,
1504 617 1544 667 V
1575 614 1693 668 dies
1742 615 1801 667 in

79 720 235 771 pane
280 708 338 756 et
369 719 520 771 aqua
554 702 852 772 pceniteas.

147 790 474 845 Comedisti
505 807 638 843 aves
688 795 746 844 et
774 790 1048 844 animalia
1079 808 1208 862 quae
1245 793 1303 845 in
1335 792 1553 846 retibus
1606 796 1798 845 stran-

77 880 385 949 gulantur,
422 886 479 933 et
520 881 600 933 sic
651 886 876 933 mortua
928 881 1335 934 inveniuntur?
1367 882 1484 934 Nisi
1516 882 1574 934 in
1604 897 1797 934 neces-

81 970 252 1022 sitate
297 969 469 1023 famis
520 969 743 1033 feceris,
794 970 833 1022 Χ
889 968 1010 1022 dies
1042 970 1101 1022 in
1151 968 1300 1039 pane
1333 976 1389 1024 et
1424 986 1572 1040 aqua
1628 970 1799 1024 debes

80 1058 392 1127 poenitere.

152 1145 473 1199 Comedisti
506 1146 722 1216 piscem
756 1145 854 1215 qui
886 1151 1147 1200 mortuus
1179 1151 1262 1200 est
1320 1147 1376 1201 in
1411 1146 1652 1200 flumine
1712 1146 1799 1199 in-

85 1235 332 1287 ventus?
364 1234 483 1286 Nisi
514 1249 582 1287 eo
615 1232 705 1286 die
736 1250 769 1286 a
826 1234 1207 1301 piscatoribus
1237 1239 1423 1287 tactus
1453 1239 1557 1303 est,
1608 1244 1664 1288 et
1722 1235 1801 1288 sic

85 1330 376 1387 mortuus,
444 1328 501 1376 et
555 1323 756 1376 eodem
814 1322 906 1376 die
965 1324 1265 1380 inventus?
1326 1324 1384 1378 Si
1434 1324 1634 1383 fecisti,
1685 1329 1800 1377 tres

90 1414 212 1465 dies
240 1412 303 1465 in
336 1427 487 1482 pane
523 1416 580 1464 et
614 1426 761 1481 aqua
791 1412 1092 1481 pmniteas.

782 1517 861 1570 De
901 1517 1121 1583 fraude.

158 1606 362 1659 Fecisti
399 1606 725 1671 falsitatem,
764 1607 848 1659 vel
881 1606 1141 1659 fraudem
1169 1606 1420 1677 aliquam
1453 1606 1511 1659 in
1567 1622 1799 1659 mensu-

88 1696 180 1754 ris,
216 1701 321 1747 aut
356 1695 413 1747 in
447 1694 821 1764 ponderibus,
858 1694 937 1746 ita
985 1694 1129 1759 dico,
1165 1701 1227 1747 ut
1259 1694 1396 1748 falso
1428 1694 1642 1755 modio,
1705 1700 1801 1747 aut

86 1800 210 1836 cum
264 1784 627 1853 ponderibus
680 1782 908 1852 iujustis
968 1787 1068 1835 tua
1125 1783 1273 1836 bona
1339 1784 1615 1836 venderes
1674 1783 1800 1836 aliis

87 1872 471 1926 Christianis?
502 1872 558 1926 Si
590 1872 794 1937 fecisti,
853 1877 952 1926 aut
992 1873 1350 1933 consensisti,
1411 1873 1610 1943 viginti
1679 1872 1801 1926 dies

88 1964 140 2014 in
177 1978 327 2031 pane
363 1966 419 2014 et
449 1977 597 2032 aqua
627 1962 907 2030 poenitere
936 1961 1127 2015 debes.

778 2068 856 2119 De
900 2069 1122 2121 incestu.

160 2155 217 2208 Si
242 2154 583 2208 obtrectasti
625 2155 1067 2224 turpitudinem,
1102 2160 1163 2209 tu
1189 2154 1532 2225 conjugatus
1561 2155 1802 2225 alicujus

92 2244 339 2307 feminae,
376 2243 463 2295 ita
508 2242 657 2310 dico,
686 2243 729 2294 si
792 2242 1077 2295 mamillas
1108 2246 1165 2295 et
1216 2243 1338 2312 ejus
1394 2243 1645 2297 verenda
1700 2243 1801 2297 ob-

94 2331 369 2384 trectasti.
409 2330 468 2383 Si
517 2329 716 2395 fecisti,
753 2329 1007 2400 quinque
1056 2329 1176 2383 dies
1237 2330 1297 2382 in
1349 2346 1497 2400 pane
1542 2337 1599 2384 et
1655 2347 1800 2400 aqua

93 2421 393 2490 pmniteas.
432 2419 488 2474 Si
519 2425 715 2473 autem
747 2436 861 2473 non
893 2419 1052 2473 fuisti
1092 2419 1453 2489 conjugatus,
1487 2420 1630 2474 duos
1681 2420 1802 2474 dies

96 2512 148 2563 in
178 2527 327 2580 pane
372 2514 432 2563 et
462 2525 611 2579 aqua
638 2509 931 2578 pmuiteas.

164 2598 374 2652 Lavisti
410 2603 466 2651 te
516 2597 575 2650 in
610 2596 814 2650 balneo
840 2613 970 2650 cum
1002 2612 1181 2650 uxore
1222 2601 1341 2661 tua,
1395 2601 1452 2650 et
1509 2595 1636 2649 aliis
1666 2613 1800 2650 mu-

99 2687 364 2753 lierculis,
404 2691 462 2739 et
492 2685 679 2738 vidisti
696 2678 805 2738 ’eas
835 2685 1041 2751 nudas,
1074 2690 1129 2738 et
1171 2684 1307 2754 ipsa?
1341 2684 1436 2737 te?
1490 2682 1544 2737 Si
1594 2683 1799 2750 fecisti,

96 2781 199 2828 tres
231 2775 356 2829 dies
389 2774 449 2827 in
483 2790 633 2844 pane
663 2777 718 2826 et
748 2789 895 2843 aqua
928 2772 1099 2827 debes
1124 2773 1422 2843 poenitere.

694 2880 775 2932 Dc
805 2880 1200 2947 hospitalitate.

163 2970 463 3023 Venerunt
506 2966 577 3020 ad
616 2972 669 3021 te
702 2967 953 3037 hospites
1013 2972 1270 3037 tempore
1323 2966 1695 3035 necessitatis,
1747 2969 1802 3020 et

940 401 1416 458 DECRETORUM
1460 402 1643 456 LIBRI
1681 402 1789 456 XX.
1826 431 1894 440 -—
1937 403 2147 458 LIBER
2191 401 2497 460 DECIMUS
2536 404 2780 459 NONUS.

146 525 476 580 Comedisti
504 541 635 577 aves
692 542 832 595 quas
867 530 1228 596 oppresserat
1277 526 1561 596 accipiter,
1596 530 1652 579 et
1685 542 1800 579 non
1834 530 1879 580 Α

3516 412 3621 462 970

2559 532 2633 582 De
2686 530 2970 583 oblatione.

1989 615 2309 681 Detraxisti,
2360 617 2448 669 vel
2490 617 2771 670 retinuisti
2830 619 3047 688 aliquid
3092 619 3163 672 de
3203 620 3610 688 oblationibus,

1914 719 2042 772 quae
2074 705 2188 757 Deo
2240 704 2443 757 oblata!
2482 706 2701 758 suntin
2734 706 3055 777 mancipiis,
3093 707 3153 761 in
3198 709 3388 774 terris,
3417 710 3607 778 sylvis,

1912 791 2111 853 vineis,
2145 793 2507 859 utensilibus,
2540 794 2916 861 vestimentis,
2965 801 3022 849 et
3080 797 3137 848 in
3190 796 3428 868 reliquis
3481 814 3610 868 pos-

1912 880 2283 947 sessionibus,
2320 887 2375 935 et
2407 898 2535 952 quae
2587 884 2845 936 Ecclesiis
2876 884 2996 938 sine
3028 884 3205 937 dubio
3256 885 3478 939 Christo
3510 889 3611 957 qui

1911 984 2109 1023 earum
2164 986 2406 1039 sponsus
2456 975 2540 1024 est
2588 970 2778 1025 oblata
2826 979 2980 1037 sunt,
3028 978 3370 1028 testamento
3427 976 3612 1029 Eccle-

1910 1058 2006 1110 siis
2036 1058 2107 1111 ab
2139 1058 2331 1128 aliquo
2358 1059 2515 1113 fideli
2547 1060 2786 1113 relicta?
2807 1060 3084 1127 Sifecisti,
3119 1063 3206 1116 vel
3251 1064 3613 1127 consensisti,

1910 1146 2291 1217 quadraginta
2322 1147 2442 1201 dies
2472 1148 2531 1200 in
2562 1164 2710 1218 pane
2751 1155 2807 1203 et
2847 1165 2997 1219 aqua
3027 1150 3200 1205 debes
3238 1152 3538 1220 paenitere.

2582 1256 2658 1308 De
2695 1255 2941 1311 decimis.

1986 1336 2292 1407 Neglexisti
2318 1336 2598 1391 decimam
2656 1342 2815 1391 tuam
2880 1339 2991 1391 Deo
3023 1338 3180 1404 dare,
3238 1356 3410 1411 quam
3465 1342 3613 1396 Deus

1910 1426 2031 1497 ipse
2063 1426 2170 1481 sibi
2203 1427 2323 1481 dari
2374 1428 2691 1494 constituit,
2743 1429 2799 1483 id
2832 1435 3063 1485 estnon
3113 1430 3319 1484 dedisti
3369 1432 3419 1485 ei
3460 1433 3612 1485 deci-

1911 1531 2066 1569 mam
2098 1515 2167 1569 de
2219 1516 2439 1570 cunctis
2468 1516 2746 1571 fructibus
2776 1518 2911 1582 tuis,
2940 1533 3084 1589 quos
3112 1523 3175 1572 tu
3206 1519 3275 1573 ad
3314 1524 3442 1572 tuos
3472 1537 3611 1574 usus

1910 1604 2182 1672 colligere
2221 1605 2574 1669 desiderasti,
2610 1606 2691 1658 vel
2723 1605 3021 1675 collegisti,
3064 1611 3120 1660 et
3149 1606 3217 1660 de
3250 1608 3467 1661 cunctis
3497 1608 3611 1661 tuis

1912 1693 2279 1760 animalibus,
2320 1698 2375 1747 et
2430 1694 2716 1748 decimum
2749 1695 2961 1749 animal
2994 1695 3148 1765 quod
3182 1697 3295 1749 Deo
3333 1697 3613 1749 debueras

1841 1806 1881 1859 Β
1913 1783 2068 1847 dare,
2103 1786 2159 1834 et
2187 1783 2339 1852 quod
2389 1799 2556 1835 suum
2589 1788 2730 1849 erat,
2789 1783 2925 1836 illud
2975 1783 3160 1853 pejori
3207 1785 3611 1838 commutasti?

1910 1870 1964 1924 Si
1997 1870 2178 1923 fecisti
2235 1872 2320 1924 vel
2353 1872 2717 1938 consensisti,
2764 1873 2879 1925 Deo
2934 1872 3091 1942 quod
3149 1889 3316 1926 suum
3374 1878 3497 1926 erat
3552 1874 3609 1926 in

1911 1959 2299 2030 quadruplum
2331 1960 2491 2028 prius
2524 1960 2779 2025 restitue,
2816 1965 2872 2014 et
2902 1960 3105 2031 viginti
3134 1961 3252 2013 dies
3284 1962 3344 2014 in
3378 1978 3524 2032 pane
3556 1968 3611 2014 et

1911 2064 2061 2118 aqua
2090 2048 2263 2102 debes
2295 2049 2592 2119 poenitere.

2515 2157 2644 2209 Item
2675 2154 2740 2208 de
2777 2157 2999 2223 rapina.

1982 2242 2324 2312 Oppressisti
2371 2258 2654 2312 pauperes
2682 2243 2781 2313 qui
2832 2242 2932 2296 tibi
2968 2243 3140 2297 vicini
3171 2247 3353 2310 erant,
3388 2244 3488 2315 qui
3550 2261 3609 2297 se

1911 2330 2217 2384 defendere
2250 2347 2358 2385 non
2388 2336 2673 2401 poterant,
2706 2332 2795 2386 vel
2826 2348 3026 2386 eorum
3056 2332 3224 2401 bona,
3262 2332 3373 2386 illis
3403 2333 3603 2386 nolen-

1909 2420 2081 2486 tibus,
2117 2421 2343 2476 tulisti?
2373 2420 2427 2475 Si
2479 2421 2684 2489 fecisti,
2734 2421 2909 2475 redde
2958 2422 3070 2474 illis
3124 2438 3244 2491 sua,
3279 2426 3335 2475 et
3380 2420 3613 2491 triginta

1911 2508 2032 2563 dies
2064 2509 2121 2563 in
2155 2526 2299 2580 pane
2331 2516 2385 2562 et
2425 2526 2573 2581 aqua
2602 2510 2896 2581 pasuiteas.

2406 2618 2548 2671 Item
2577 2617 2642 2671 de
2676 2619 3107 2685 irreligiositate.

1984 2704 2185 2758 Fecisti
2216 2704 2366 2774 quod
2397 2704 2633 2774 quidam
2664 2704 2848 2759 facere
2882 2706 3104 2759 solent?
3134 2709 3268 2759 Post
3299 2705 3606 2775 prandium

1909 2795 2123 2848 vadunt
2171 2793 2243 2846 ad
2294 2792 2546 2858 missam,
2596 2798 2652 2846 et
2705 2792 2818 2860 ipsi
2868 2792 3048 2846 saturi
3108 2798 3163 2845 et
3221 2793 3520 2860 vinolenti,
3576 2810 3610 2847 a

1909 2882 2198 2936 sacerdote
2246 2896 2350 2949 pro
2400 2880 2615 2949 populo
2668 2880 2941 2934 offerente
2980 2880 3208 2949 signum
3264 2881 3418 2950 pacis
3467 2881 3609 2935 acci-

1910 2987 2044 3041 pere
2078 2974 2458 3040 praesumuut.
2492 2968 2546 3023 Si
2575 2968 2775 3032 fecisti,
2807 2977 2921 3023 tres
2947 2968 3068 3023 dies
3100 2969 3157 3023 in
3189 2985 3338 3039 pane
3369 2974 3427 3024 et.
3458 2986 3608 3040 aqua

100 3074 201 3111 non
230 3056 505 3127 recepisti
541 3072 637 3109 eos
680 3054 739 3109 in
793 3056 1029 3110 domum
1082 3059 1265 3122 tuam,
1326 3061 1383 3109 et
1442 3071 1556 3109 non
1617 3054 1797 3109 fecisti
1834 3083 1874 3138 ρ
1911 3058 2207 3130 poeniteas.

98 3163 213 3199 cum
245 3147 329 3200 eis
366 3144 846 3211 misericordiam,
882 3144 1027 3198 sicut
1060 3145 1335 3198 Dominus
1378 3143 1691 3214 praecepit?
1743 3143 1801 3198 Si

99 3253 203 3290 non
235 3235 449 3303 fecisti,
511 3235 768 3306 quinque
820 3234 939 3288 dies
990 3232 1049 3287 in
1102 3250 1249 3305 pane
1309 3239 1365 3288 et
1409 3250 1559 3305 aqua
1618 3235 1799 3305 poeni-

102 3330 228 3379 teas.

666 3413 795 3465 Item
827 3410 891 3464 de
928 3412 1231 3480 sacrilegio.

166 3518 479 3574 Incendisti
528 3516 855 3579 Ecclesiam,
916 3522 1016 3571 aut
1072 3515 1450 3571 consensisti?
1501 3515 1555 3569 Si
1596 3514 1797 3581 fecisti,

104 3606 403 3661 Ecclesiam
452 3606 708 3673 restitue,
768 3610 823 3659 et
852 3606 1112 3675 precium
1161 3610 1346 3669 tuum,
1393 3604 1450 3657 id
1483 3608 1569 3657 est
1628 3602 1798 3656 wire-

106 3696 321 3761 geldum
356 3703 527 3749 tuum
561 3694 911 3765 pauperibus
942 3694 1241 3759 distribue,
1273 3697 1331 3748 et
1377 3692 1462 3746 XV
1488 3707 1671 3745 annos
1700 3707 1803 3761 per

106 3792 383 3861 legitimas
414 3793 588 3845 ferias
619 3791 919 3862 paeniteas.

170 3881 475 3935 Retinuisti
506 3880 822 3933 oblationes
852 3882 1237 3948 mortuorum,
1290 3877 1370 3932 ita
1427 3881 1492 3932 ut
1540 3876 1800 3931 Ecclesiis

110 3971 316 4024 tradere
353 3967 676 4023 noluisses?
705 3968 764 4023 Si
786 3968 992 4037 fecisti,
1026 3984 1205 4022 unum
1237 3983 1454 4022 annum
1505 3982 1609 4037 per
1658 3965 1799 4036 legi-

111 4056 263 4111 timas
294 4059 466 4112 ferias
498 4057 796 4127 pceniteas.

174 4147 477 4201 Celebrasti
528 4145 761 4210 Pascha,
805 4147 1195 4211 Pentecosten,
1256 4141 1514 4196 Natalem
1570 4140 1799 4196 Domini

115 4233 165 4285 in
196 4235 299 4288 alio
339 4236 489 4303 loco,
530 4233 639 4287 nisi
669 4234 730 4287 in
760 4233 858 4286 illa
890 4232 1114 4287 civitate
1145 4231 1235 4285 cui
1280 4234 1342 4284 tu
1374 4230 1662 4299 subjectus
1718 4246 1798 4297 es,

117 4322 212 4374 nisi
249 4324 585 4377 infirmitate
610 4326 664 4376 te
695 4320 1085 4392 impediente?
1126 4320 1183 4375 Si
1213 4319 1414 4387 fecisti,
1469 4318 1519 4371 X
1567 4318 1687 4374 dies
1740 4318 1797 4371 in

115 4426 247 4478 pane
278 4418 333 4466 et
362 4428 516 4484 aqua
540 4411 837 4483 poeniteas.

651 4520 724 4572 De
753 4517 1250 4571 emcommum’catz‘s.

181 4606 433 4660 Habuisti
463 4605 715 4676 aliquam
752 4605 1223 4659 communionem
1255 4618 1384 4657 cum
1414 4601 1805 4656 excommuni:

118 4699 248 4759 cato,
279 4700 332 4749 te
364 4696 579 4750 sciente
636 4695 716 4749 ita
745 4695 892 4762 dico,
927 4700 988 4749 ut
1019 4694 1187 4748 simul
1221 4709 1349 4747 cum
1383 4709 1449 4746 eo
1491 4707 1685 4745 orares
1741 4690 1803 4744 in

121 4781 362 4852 Ecclesia,
398 4790 498 4839 aut
526 4785 585 4838 in
607 4784 801 4855 aliquo
825 4785 969 4849 loco,
1003 4788 1100 4837 aut
1133 4781 1387 4836 salutasti
1436 4796 1591 4846 eum,
1634 4780 1714 4833 ita
1740 4784 1806 4833 ut

118 4869 163 4921 ei
197 4888 291 4926 ave
321 4872 561 4941 diceres,
595 4878 695 4927 aut
725 4888 859 4926 cum
887 4872 945 4925 in
974 4872 1211 4925 domum
1242 4870 1546 4940 reciperes,
1610 4872 1710 4922 aut
1750 4867 1804 4920 ei

119 4958 351 5030 aliquam
399 4962 821 5016 humanitatem
872 4960 1191 5031 praebuisti,
1248 4960 1415 5023 clam,
1468 4958 1555 5011 vel
1607 4960 1804 5027 aperte

118 5046 215 5099 nisi
236 5050 433 5104 eodem
464 5056 741 5120 tempore,
772 5050 860 5104 vel
912 5049 1116 5103 eodem
1167 5048 1376 5102 itinere
1402 5050 1592 5100 tecum
1615 5044 1685 5099 ad
1709 5061 1806 5098 sa-

120 5134 480 5193 tisfactionem
534 5140 617 5193 ire
664 5139 856 5207 vellet,
890 5141 946 5192 et
998 5143 1134 5191 tunc
1184 5153 1360 5191 unam
1415 5139 1667 5202 noctem,
1714 5134 1806 5187 vel

123 5223 266 5291 duas,
305 5228 391 5281 vel
433 5233 712 5299 quantum
768 5227 878 5281 iter
933 5226 1110 5297 possit
1163 5225 1381 5296 perﬁci,
1437 5239 1693 5277 seorsum
1734 5223 1805 5276 ab

124 5310 235 5365 aliis
252 5316 434 5384 posito
462 5318 513 5370 ei
547 5315 754 5371 dedisti
784 5315 961 5370 victui
991 5313 1354 5368 necessaria?
1403 5312 1462 5366 Si
1507 5312 1673 5365 aliter
1724 5310 1804 5365 fe-

126 5397 253 5466 cisti,
290 5409 423 5459 tunc
450 5411 505 5459 et
548 5411 609 5459 tu
643 5403 910 5458 similiter
940 5403 1468 5457 excommunicatus
1522 5416 1603 5466 es,
1664 5399 1809 5453 sicut

129 5487 302 5555 etille,
326 5497 379 5545 et
409 5493 581 5548 debes
607 5491 994 5563 quadraginta
1035 5496 1091 5545 et
1116 5491 1237 5544 dies
1266 5491 1325 5543 in
1355 5505 1506 5559 pane
1550 5492 1607 5542 et
1638 5503 1806 5559 aqua,

132 5576 263 5643 quod
294 5579 544 5635 carinam
578 5584 802 5647 vocant,
855 5595 985 5633 cum
1017 5583 1239 5649 septem
1270 5576 1643 5649 sequentibus
1705 5592 1807 5629 au-

133 5663 209 5716 nis
238 5670 529 5736 paenitere.

468 5776 748 5841 PATROL.
802 5775 981 5840 CXL.

1980 3146 2259 3217 Accepisti
2288 3161 2492 3213 corpus
2522 3150 2579 3198 et
2637 3145 2976 3215 sanguinem
3032 3145 3260 3199 Domini
3320 3150 3451 3217 post
3497 3146 3603 3199 ali-

1911 3249 2083 3305 quam
2138 3231 2536 3303 parvissimam
2595 3232 3093 3301 degustatiouem?
3166 3233 3223 3287 Si
3280 3232 3483 3299 fecisti,
3551 3238 3609 3286 et

1910 3322 2083 3377 semel
2140 3327 2198 3375 et
2234 3320 2376 3374 illud
2430 3319 2487 3373 in
2534 3320 2798 3390 pueritia,
2852 3321 2962 3374 nisi
3010 3336 3112 3391 pro
3160 3321 3363 3375 viatico
3400 3320 3604 3387 fecisti,

1812 3397 1819 3403 ’
1911 3411 2108 3465 decem
2138 3408 2259 3463 dies
2283 3409 2344 3462 in
2372 3425 2519 3479 pane
2551 3413 2606 3463 et
2645 3426 2794 3479 aqua
2824 3410 3101 3479 poenitere
3134 3409 3329 3464 debes.

1983 3498 2184 3553 Fecisti
2211 3498 2364 3567 quod
2392 3497 2630 3567 quidam
2674 3498 2857 3551 facere
2890 3500 3090 3557 solent.
3126 3498 3264 3552 dum
3296 3498 3367 3551 ad
3416 3498 3606 3552 Eccle-

1909 3587 2052 3641 siam
2084 3587 2366 3653 venerint,
2424 3586 2483 3638 in
2523 3587 2725 3656 primis
2780 3602 2987 3656 parum
3042 3587 3197 3640 labia
3245 3590 3609 3640 commovent

1908 3676 2073 3746 quasi
2106 3679 2272 3729 orent
2299 3680 2538 3743 propter
2565 3675 2707 3727 alios
2759 3674 3211 3739 circumstantes,
3261 3675 3349 3727 vel
3401 3675 3606 3728 seden-

1907 3768 2014 3829 tes,
2044 3768 2101 3817 et
2129 3763 2318 3817 statim
2349 3762 2422 3816 ad
2469 3762 2692 3816 fabulas
2730 3767 2787 3816 et
2816 3762 2887 3816 ad
2921 3763 3251 3831 vaniloquia
3306 3761 3603 3827 festinant;

1908 3858 1962 3907 et
1987 3869 2117 3906 cum
2170 3852 2463 3921 presbyter
2493 3868 2587 3905 eos
2641 3852 2868 3914 salutat,
2901 3855 2956 3905 et
2988 3852 3248 3905 hortatur
3285 3851 3356 3904 ad
3386 3849 3607 3904 oratio-

1906 3959 2061 4010 nem,
2092 3941 2177 3996 illi
2206 3948 2397 3994 autem
2428 3941 2499 3994 ad
2548 3940 2769 3993 fabulas
2798 3957 2929 3993 suas
2958 3943 3341 4005 revertuntur,
3373 3954 3492 3992 non
3534 3936 3607 3992 ad

1906 4030 2363 4101 responsionem,
2397 4045 2502 4082 nec
2541 4027 2609 4082 ad
2667 4028 3008 4082 orationem.
3051 4027 3109 4082 Si
3158 4026 3360 4095 fecisti,
3410 4026 3607 4082 decem

1909 4120 2031 4175 dies
2062 4120 2121 4173 in
2153 4134 2300 4190 pane
2343 4124 2399 4172 et
2427 4134 2577 4189 aqua
2604 4119 2882 4188 poenitere
2914 4116 3106 4172 debes.

2445 4227 2520 4279 De
2540 4239 2798 4279 consensu
2823 4227 2882 4278 in
2904 4224 3066 4278 malo.

1983 4315 2285 4371 Reticuisti
2329 4320 2629 4385 peccatum
2685 4313 2877 4368 fratris
2933 4313 3086 4383 quod
3141 4317 3265 4367 erat
3321 4327 3506 4382 usque
3538 4310 3609 4365 ad

1914 4410 2181 4471 mortem,
2213 4420 2399 4474 neque
2430 4403 2761 4472 corripuisti
2809 4418 2965 4467 eum,
3016 4416 3123 4455 nec
3165 4401 3498 4454 exhortatus
3551 4415 3610 4453 es

1913 4507 2067 4557 eum,
2100 4494 2165 4543 ut
2190 4489 2573 4559 resipisceret,
2607 4503 2710 4541 nec
2740 4486 3069 4541 succurristi
3110 4485 3271 4539 fratri
3301 4485 3407 4539 sub
3437 4500 3611 4538 onere

1906 4577 2165 4650 jacenti?
2193 4579 2250 4633 Si
2274 4577 2479 4644 fecisti,
2504 4582 2622 4630 tam
2667 4575 2768 4629 diu
2813 4574 3092 4645 paeniteas
3115 4590 3290 4645 quam
3322 4572 3421 4627 diu
3470 4572 3610 4627 reti-

1911 4668 2100 4723 cuisti.

1986 4754 2297 4810 Defendisti
2340 4769 2464 4807 reos
2508 4756 2743 4822 propter
2772 4750 3225 4805 misericordiam
3258 4749 3347 4804 vel
3378 4753 3614 4820 propter

1913 4844 2248 4907 amicitiam,
2299 4847 2356 4896 et
2406 4841 2465 4894 in
2506 4842 2615 4895 hoc
2658 4839 3066 4894 immisericors
3096 4839 3254 4894 fuisti
3296 4838 3615 4893 innocenti-

1914 4933 2060 4987 bus?
2110 4932 2166 4985 Si
2194 4929 2396 4997 fecisti,
2428 4929 2667 4999 triginta
2717 4928 2838 4983 dies
2876 4928 2937 4982 in
2966 4944 3116 4999 pane
3153 4932 3211 4982 et
3251 4944 3401 4999 aqua
3428 4926 3615 4998 pceui-

1913 5026 2054 5076 teas.

1989 5107 2192 5164 Fecisti
2223 5106 2326 5161 tibi
2375 5105 2608 5160 missam
2653 5109 2905 5172 cantare,
2965 5108 3022 5158 et
3052 5104 3152 5158 illa
3175 5108 3372 5159 sancta
3410 5102 3617 5157 oﬂerre

1917 5200 2054 5254 dum
2084 5196 2238 5251 domi
2298 5195 2509 5258 fueras,
2542 5196 2660 5249 sive
2714 5193 2775 5248 in
2834 5195 3006 5248 domo
3064 5198 3186 5261 tua,
3243 5193 3358 5246 sive
3387 5192 3445 5246 in
3504 5191 3619 5245 alio

1918 5289 2114 5358 aliquo
2149 5285 2296 5351 loco,
2340 5284 2452 5338 nisi
2494 5285 2556 5338 in
2589 5282 2869 5338 Ecclesia?
2897 5283 2953 5337 Si
3009 5281 3214 5347 fecisti,
3246 5281 3446 5336 decem
3497 5278 3619 5333 dies

1918 5378 1978 5431 in
2010 5390 2158 5447 pane
2192 5378 2249 5429 et
2278 5390 2429 5446 aqua
2459 5373 2742 5445 poenitere
2770 5372 2961 5425 debes.

2564 5483 2634 5535 De
2660 5478 2972 5533 incredulis.

1992 5570 2298 5627 Credidisti
2330 5570 2481 5641 quod
2513 5568 2746 5640 quidam
2784 5565 3015 5621 credere
3058 5563 3282 5618 solent?
3330 5564 3476 5619 Dum
3514 5562 3624 5617 iter

1922 5660 2156 5732 aliquod
2212 5660 2425 5713 faciunt
2473 5658 2517 5711 si
2574 5656 2864 5711 cornicula
2915 5670 2977 5708 ex
3032 5652 3261 5707 sinistra
3319 5669 3521 5707 eorum
3562 5652 3623 5706 in

3230 5764 3305 5821 31
