4592 6518
1037 468 1129 519 971
2118 461 2519 518 BURCHARDI
2566 460 3091 516 WORMACIENSIS
3131 458 3459 514 EPISCOPI.
4446 462 4540 509 9‘72

1037 583 1328 641 dexteram
1376 584 1489 639 illis
1533 584 1869 649 cantavcrit,
1919 583 2051 639 inde
2103 599 2161 637 se
2237 588 2465 654 sperant
2522 582 2731 637 habere
2761 585 2805 637 Α
2845 583 2936 650 tis,
2972 587 3028 637 et
3068 582 3209 637 illud
3261 581 3382 635 loco
3431 581 3810 635 verendorum
3856 584 4111 646 tuorum,
4145 584 4249 635 aut
4278 580 4540 644 alterius,

1036 689 1377 748 prosperum
1428 673 1558 727 iter.
1617 672 1685 726 Et
1731 672 1869 727 dum
1900 670 2055 726 anxii
2105 671 2321 726 fuerint
2380 670 2636 742 hospitii,
2686 672 2730 723 si

1037 770 1174 819 tunc
1203 764 1323 818 avis
1352 764 1471 828 illa,
1503 779 1631 833 quae
1661 762 1944 832 muriceps
1977 766 2225 829 vocatur,
2256 776 2321 813 eo
2353 760 2508 831 quod
2539 776 2731 814 mures

1039 854 1244 924 capiat,
1272 860 1329 906 et
1367 852 1501 907 inde
1534 857 1799 921 pascatur
1843 850 2157 915 nominata,
2204 848 2352 902 viam
2409 864 2511 919 per
2556 864 2730 919 quam

1039 943 1253 997 vadunt
1321 946 1453 995 ante
1501 957 1559 993 se
1617 938 2063 1005 transvolaverit,
2122 954 2180 991 se
2234 938 2316 991 illi
2377 938 2621 1007 augurio
2678 945 2734 992 et

1038 1030 1217 1085 omini
1261 1029 1447 1099 magis
1495 1027 1865 1082 committunt
1910 1042 2082 1097 quam
2118 1026 2255 1079 Deo.
2305 1024 2363 1080 Si
2392 1024 2599 1095 fecisti,
2635 1030 2733 1079 aut

1038 1120 1147 1173 ista
1171 1116 1480 1182 credidisti,
1516 1118 1772 1188 quinque
1829 1114 1950 1169 dies
1999 1114 2059 1168 in
2085 1130 2233 1186 pane
2264 1119 2322 1168 et
2351 1130 2502 1185 aqua
2553 1114 2728 1168 debes

1178 1207 1340 1259 itere.

1138 1221 1219 1260 nit
1259 1221 1340 1260 re.

1038 1222 1406 1351 ngredidisti
1435 1294 1587 1363 quod
1637 1289 1866 1361 quidam
1900 1289 2131 1343 credere
2178 1289 2394 1343 solent?
2428 1289 2571 1343 Dum
2628 1304 2728 1343 ne-

1038 1400 1192 1438 cesse
1221 1384 1435 1437 habent
1465 1386 1597 1434 ante
1630 1380 1813 1433 lucem
1836 1378 2113 1432 aliorsum
2144 1378 2318 1446 exire,
2350 1394 2467 1432 non
2496 1377 2728 1445 audent,

1040 1472 1290 1525 dicentes
1336 1469 1487 1540 quod
1543 1472 1838 1538 posterum
1887 1466 1977 1533 sit,
2011 1473 2067 1520 et
2116 1473 2247 1520 ante
2294 1465 2431 1536 galli
2498 1472 2728 1520 cantum

1038 1558 1230 1623 egredi
1262 1573 1377 1611 non
1408 1557 1593 1619 liceat,
1654 1561 1710 1609 et
1738 1555 2121 1625 periculorum
2155 1555 2226 1608 sit
2281 1571 2349 1609 eo
2412 1554 2563 1624 quod
2620 1554 2729 1607 im-

1039 1645 1241 1711 mundi
1278 1645 1508 1717 spiritus
1542 1648 1671 1698 ante
1719 1643 2055 1713 gallicinum
2106 1643 2233 1713 plus
2282 1643 2352 1696 ad
2409 1642 2729 1696 nocendum

1037 1733 1333 1805 potestatis
1363 1733 1595 1797 habent,
1630 1747 1800 1801 quam
1848 1735 1993 1800 post,
2058 1735 2113 1784 et
2167 1730 2351 1800 gallus
2409 1746 2511 1782 suo
2561 1736 2728 1783 cantu

1037 1822 1167 1893 plus
1198 1821 1380 1874 valeat
1416 1837 1514 1873 eos
1544 1820 1823 1888 repellere
1854 1825 1909 1873 et
1948 1818 2165 1884 sedare,
2201 1834 2373 1888 quam
2404 1818 2500 1871 illa
2538 1818 2731 1872 divina
2765 1856 2803 1909 Β

1039 1927 1201 1964 mens
1231 1926 1359 1980 qum
1394 1908 1568 1962 estin
1615 1907 1847 1961 homine
1896 1924 1996 1960 sua
2042 1907 2152 1961 fide
2200 1913 2257 1960 et
2302 1907 2485 1960 crucis
2534 1907 2729 1977 signa-

1039 1998 1207 2053 culo?
1234 1998 1289 2054 Si
1322 1997 1502 2052 fecisti
1535 2002 1631 2051 aut
1661 1996 1975 2062 credidisti,
2007 1996 2199 2050 decem
2252 1996 2371 2050 dies
2402 1996 2462 2049 in
2498 2012 2646 2067 pane
2675 2002 2732 2050 et

1042 2104 1186 2158 aqua
1219 2087 1388 2141 debes
1416 2086 1717 2157 pmnitere.

1111 2175 1414 2230 Credidisti
1464 2174 1615 2246 quod
1665 2173 1900 2244 quidam
1952 2172 2181 2227 credere
2238 2173 2439 2238 solent,
2499 2177 2563 2226 ut
2619 2172 2730 2225 illae

1040 2280 1166 2335 quae
1199 2281 1229 2317 a
1283 2265 1457 2333 vulgo
1513 2278 1697 2333 parcre
1747 2266 2041 2327 vocantur,
2111 2262 2271 2331 ipsae,
2331 2262 2414 2315 vel
2473 2261 2602 2327 sint,
2648 2262 2729 2313 vel

1039 2353 1257 2424 possint
1285 2352 1394 2406 hoc
1441 2351 1624 2405 facere
1658 2350 1812 2420 quod
1857 2350 2197 2415 creduntur;
2241 2349 2297 2403 id
2331 2354 2433 2414 est,
2467 2349 2601 2403 dum
2629 2349 2734 2401 ali-

1041 2441 1171 2511 quis
1210 2441 1382 2494 homo
1414 2438 1683 2506 nascitur,
1710 2442 1766 2491 et
1793 2442 1929 2491 tunc
1966 2438 2192 2490 valeant
2240 2438 2400 2491 illum
2434 2437 2732 2506 designare

1041 2529 1109 2583 ad
1142 2529 1245 2582 hoc
1276 2526 1426 2598 quod
1460 2526 1633 2580 velint
1677 2531 1739 2579 ut
1765 2526 2224 2596 quandocunque
2270 2526 2363 2579 ille
2418 2526 2590 2579 homo
2642 2542 2735 2578 vo-

1042 2615 1233 2677 luerit,
1267 2615 1324 2668 in
1365 2616 1563 2685 lupum
1595 2614 1990 2668 transformari
2025 2614 2221 2684 possit,
2283 2614 2432 2684 quod
2482 2614 2734 2683 vulgaris

1042 2702 1281 2755 stultitia
1310 2701 1607 2755 weruvofff
1634 2707 1812 2769 vocat,
1850 2706 1947 2755 aut
1975 2702 2031 2755 in
2082 2702 2250 2756 aliam
2283 2703 2533 2772 aliquam
2585 2703 2731 2771 ligu-

1042 2791 1205 2843 ram?
1233 2789 1290 2844 Si
1342 2788 1650 2857 credidisti,
1695 2789 1847 2860 quod
1894 2806 2187 2859 nunquam
2241 2790 2404 2843 fieret
2458 2794 2556 2843 aut
2612 2805 2733 2843 esse

1041 2877 1239 2947 possit,
1300 2882 1363 2931 ut
1413 2876 1603 2930 divina
1659 2877 1851 2946 imago
1913 2876 1970 2929 in
2019 2878 2190 2930 aliam
2241 2878 2481 2931 formam
2537 2881 2637 2929 aut
2675 2876 2730 2928 in

1040 2966 1285 3035 speciem
1325 2966 1693 3018 transmutari
1723 2965 1898 3033 possit
1926 2965 1995 3018 ab
2048 2965 2263 3035 aliquo,
2314 2966 2423 3018 nisi
2450 2965 2519 3018 ab
2548 2964 2729 3018 omni-

1039 3058 1268 3126 potente
1295 3054 1430 3120 Deo,
1462 3053 1656 3107 decem
1689 3053 1811 3107 dies
1842 3054 1899 3107 in
1924 3070 2070 3123 pane
2098 3059 2155 3106 et
2179 3070 2330 3125 aqua
2378 3054 2552 3107 debes
2614 3068 2732 3124 poe—

1037 3144 1240 3196 nitere.

1109 3229 1407 3285 Credidisti
1434 3228 1591 3301 quod
1620 3228 1853 3299 quidam
1902 3229 2132 3283 credere
2167 3229 2372 3296 solent,
2404 3230 2557 3301 quod
2618 3231 2731 3284 sint

1041 3324 1291 3389 agrestes
1308 3317 1559 3384 feminas,
1590 3333 1729 3387 quas
1761 3317 2056 3386 sylvaticas
2076 3323 2295 3380 vocant,
2333 3334 2472 3388 quas
2533 3319 2730 3372 dicunt

1040 3424 1161 3461 esse
1208 3422 1529 3477 corporeas,
1590 3411 1643 3459 et
1698 3405 1931 3476 quando
1983 3406 2267 3459 voluerint
2327 3407 2627 3461 ostendant
2670 3424 2727 3461 se

1042 3496 1159 3549 suis
1189 3494 1558 3560 amatoribus,
1588 3498 1803 3547 etcum
1842 3494 1922 3547 eis
1954 3494 2148 3547 dicunt
2186 3511 2244 3548 se
2293 3496 2622 3563 oblectasse,
2675 3502 2730 3550 et

1041 3584 1181 3638 item
1236 3583 1461 3653 quando
1515 3582 1820 3647 voluerint,
1878 3582 2229 3636 abscondant
2294 3599 2351 3635 se
2421 3588 2477 3637 et
2524 3600 2728 3638 evane-

1042 3673 1237 3726 scant?
1262 3671 1317 3726 Si
1359 3671 1667 3729 credidisti.
1725 3671 1922 3724 decem
1955 3670 2076 3724 dies
2130 3671 2188 3724 in
2247 3687 2396 3741 pane
2463 3677 2521 3726 et
2580 3689 2730 3745 aqua

1039 3761 1338 3832 peeniteas.

1111 3852 1173 3904 ln
1231 3849 1351 3902 istis
1412 3847 1677 3902 omnibus
1731 3848 2075 3919 supradictis
2135 3848 2347 3904 debent
2410 3850 2729 3905 sacerdotes

1038 3953 1308 4009 magnam
1363 3936 1762 3991 discretionem
1792 3936 2025 4006 habere,
2086 3942 2147 3991 ut
2203 3938 2529 3992 discernant
2581 3939 2730 3993 inter

1038 4026 1200 4079 illum
1251 4024 1349 4095 qui
1393 4024 1621 4095 publice
1649 4025 1907 4095 peccavit
1933 4029 1992 4079 et
2040 4026 2267 4095 publice
2319 4027 2615 4097 paenituit,
2673 4033 2731 4081 et

1038 4115 1188 4167 inter
1241 4113 1406 4166 illum
1451 4112 1551 4183 qui
1614 4112 1891 4167 abseonse
1942 4113 2197 4182 peccavit
2252 4118 2311 4167 et
2365 4130 2468 4168 sua
2526 4120 2728 4186 sponte

1039 4202 1330 4255 confessus
1361 4204 1461 4254 est.

1110 4288 1375 4353 Quamvis
1406 4288 1494 4342 lim
1539 4287 1829 4358 praedictae
1863 4288 2343 4360 interrogationes
2398 4290 2628 4345 feminis
2674 4298 2731 4347 et

2842 686 2973 725 cum
3003 670 3292 741 aliquibus
3334 669 3597 739 ligaturis
3634 669 3954 739 colligares,
3988 675 4048 723 et
4094 668 4540 724 fornicationem

2840 759 3054 813 faceres
3092 776 3221 813 cum
3279 760 3405 813 aliis
3457 758 3829 824 mulierculis,
3881 758 3966 811 vel
4008 758 4135 812 alias
4194 758 4408 811 eodem
4451 757 4541 810 in-

2842 853 3189 915 strumento,
3224 848 3339 901 sive
3364 848 3492 915 alio,
3528 848 3763 901 tecum?
3795 847 3850 901 Si
3873 846 4078 913 fecisti,
4130 846 4402 918 quinque
4438 861 4542 898 an-

2840 952 2944 991 nos
2972 952 3075 1007 per
3105 937 3387 1007 legitimas
3413 935 3581 989 ferias
3611 936 3910 1007 pceniteas.

2911 1025 3114 1079 Fecisti
3144 1025 3295 1095 quod
3334 1025 3592 1096 quaedam
3644 1024 3914 1078 mulieres
3970 1024 4153 1078 facere
4213 1025 4432 1088 solent,
4488 1029 4548 1076 ut

2834 1113 2955 1183 jam
2987 1113 3315 1183 supradicto
3348 1112 3667 1179 molimine,
3717 1112 3805 1165 vel
3838 1112 3948 1165 alio
4006 1113 4198 1183 aliquo
4240 1111 4544 1166 machina-

2842 1206 3055 1265 mento,
3092 1206 3149 1254 tu
3195 1201 3318 1271 ipsa
3374 1202 3429 1254 in
3483 1207 3536 1254 te
3568 1202 3747 1255 solam
3795 1200 4010 1255 faceres
4054 1200 4546 1255 fornicationem?

2840 1290 2895 1344 Si
2925 1290 3128 1356 fecisti,
3174 1305 3355 1344 unum
3406 1305 3622 1343 annum
3680 1305 3784 1359 per
3827 1289 4110 1363 legitimas
4156 1290 4334 1345 ferias
4364 1290 4550 1361 paeni-

2842 1384 2981 1432 teas.

2914 1466 3111 1520 Fecisti
3165 1466 3320 1537 quod
3399 1466 3663 1537 quaedam
3735 1465 4006 1520 mulieres
4070 1466 4259 1521 facere
4330 1465 4544 1531 solent,

2843 1555 3072 1624 quando
3110 1554 3406 1608 libidinem
3466 1571 3526 1607 se
3574 1559 3873 1608 vexantem
3929 1554 4265 1625 extinguere
4317 1553 4546 1618 volunt,

2842 1658 2971 1713 quae
2994 1659 3049 1695 se
3088 1643 3446 1713 conjungunt
3475 1642 3637 1714 quasi
3682 1642 3831 1696 coire
3864 1643 4108 1697 debeant
4158 1649 4218 1697 et
4273 1647 4546 1715 possunt,

2843 1739 2897 1783 et
2929 1732 3288 1801 conjungunt
3316 1732 3376 1785 in
3408 1731 3655 1784 invicem
3705 1732 4008 1802 puerperia
4031 1748 4153 1801 sua,
4186 1738 4242 1785 et
4294 1732 4379 1785 sic
4419 1748 4551 1785 con-

2842 1819 3095 1872 fricando
3143 1820 3426 1890 pruritum
3482 1819 3714 1873 illarum
3773 1820 4105 1890 extinguere
4165 1820 4548 1874 desiderant?

2840 1908 2894 1961 Si
2970 1908 3163 1970 fecisti,
3224 1912 3338 1961 tres
3400 1908 3797 1979 quadragenas
3858 1924 3961 1978 per
4016 1907 4309 1980 legitimas
4373 1907 4548 1961 ferias

2840 1996 3011 2049 debes
3042 1996 3337 2065 paenitere.

2913 2085 3115 2138 Fecisti
3147 2085 3298 2155 quod
3332 2084 3597 2156 quaedam
3655 2084 3929 2138 mulieres
3984 2083 4170 2139 facere
4222 2085 4445 2152 solent,
4489 2093 4543 2139 ut

2842 2188 2969 2226 cum
3020 2173 3137 2226 tilio
3202 2179 3302 2227 tuo
3352 2173 3605 2243 .parvulo
3667 2172 4099 2227 fornicationem
4159 2173 4406 2237 faceres,
4472 2175 4546 2227 ita

2841 2261 2988 2327 dico,
3020 2267 3085 2315 ut
3114 2262 3298 2315 filium
3347 2266 3511 2315 tuum
3545 2278 3716 2332 supra
3746 2261 4171 2331 turpitudinem
4230 2268 4402 2316 tuam
4451 2279 4544 2332 po-

2843 2366 3022 2416 neres,
3083 2355 3145 2403 ut
3218 2350 3295 2403 sic
3367 2350 3676 2403 imitareris
3706 2350 4180 2405 fornicationem?
4212 2351 4274 2405 Si
4337 2350 4543 2417 fecisti,

2841 2438 2979 2491 duos
3012 2454 3190 2491 annos
3217 2454 3321 2507 per
3349 2438 3635 2508 legitimas
3657 2438 3829 2491 ferias
3858 2437 4029 2492 debes
4057 2441 4373 2509 poenitere.

2914 2526 3112 2579 Fecisti
3153 2526 3303 2597 quod
3334 2526 3595 2595 quaedam
3646 2526 3921 2579 mulieres
3968 2526 4154 2580 facere
4209 2526 4429 2595 solent,
4489 2533 4547 2579 ut

2842 2612 3240 2666 succumberes
3299 2613 3490 2683 aliquo
3543 2614 3825 2683 jumento,
3894 2617 3952 2667 et
4014 2613 4155 2667 illud
4206 2614 4547 2684 jumentum

2843 2717 3181 2770 provocares
3226 2701 3296 2754 ad
3328 2701 3562 2768 coitum,
3606 2701 3993 2773 qualicunque
4026 2718 4224 2772 posses
4284 2703 4545 2773 ingenio,

2842 2795 2907 2841 ut
2963 2788 3041 2841 sic
3090 2788 3267 2842 coiret
3313 2789 3544 2844 tecum?
3583 2790 3637 2843 Si
3695 2789 3893 2857 fecisti,
3935 2790 4191 2845 carinam
4263 2807 4452 2844 unam
4495 2792 4547 2843 in

2845 2893 2993 2946 pane
3028 2881 3082 2930 et
3107 2893 3276 2947 aqua,
3310 2893 3437 2930 cum
3470 2882 3686 2945 septem
3735 2877 4110 2949 sequentibus
4154 2880 4325 2933 annis
4360 2880 4545 2950 pumi-

2843 2972 2981 3028 teas,
3016 2982 3312 3037 nunquam
3344 2968 3417 3019 sis
3438 2966 3558 3019 sine
3590 2966 3946 3037 paenitentia.

2915 3054 3113 3109 Fecisti
3144 3055 3295 3124 quod
3327 3056 3587 3125 quaedam
3622 3056 3890 3108 mulieres
3941 3055 4125 3109 facere
4169 3057 4383 3124 solent,
4422 3073 4545 3128 quae

2762 3139 2802 3192 C
2840 3143 2975 3196 dum
3007 3142 3365 3196 fornicantur
3394 3148 3451 3196 et
3480 3148 3679 3212 partus
3711 3159 3844 3197 suos
3871 3159 4077 3198 necare
4107 3144 4333 3209 volunt,
4372 3152 4545 3215 agunt

2839 3236 2899 3285 ut
2930 3237 3087 3284 utero
3124 3237 3429 3296 conceptus
3486 3230 3774 3285 excutiant
3825 3233 3943 3285 suis
3977 3232 4277 3287 maleﬁciis
4327 3239 4392 3286 et
4432 3235 4542 3287 suis

2835 3320 3042 3386 herbis,
3081 3319 3161 3373 ita
3194 3324 3258 3373 ut
3292 3325 3392 3373 aut
3428 3335 3763 3390 conceptum
3809 3319 4156 3375 interficiant
4203 3325 4308 3375 aut
4373 3338 4541 3377 excu-

2836 3408 3001 3475 tiant,
3036 3409 3124 3461 vel
3173 3408 3220 3460 si
3267 3409 3523 3461 nondum
3558 3414 3958 3479 conceperunt,
4011 3409 4231 3464 faciunt
4289 3416 4364 3464 ut
4433 3426 4540 3464 non

2837 3497 3196 3567 concipiant?
3226 3497 3283 3550 Si
3328 3497 3532 3564 fecisti,
3582 3502 3680 3551 aut
3724 3498 4083 3566 consensisti,
4129 3503 4231 3553 aut
4270 3499 4542 3563 docuisti,

2836 3585 3029 3639 decem
3084 3601 3264 3639 annos
3296 3601 3397 3655 per
3447 3586 3734 3655 legitimas
3792 3587 3963 3641 ferias
4014 3587 4299 3658 poenitere
4353 3589 4541 3642 debes.

2836 3673 2946 3727 Sed
2997 3674 3231 3744 antiqua
3273 3673 3531 3728 deﬁnitio
3580 3691 3764 3745 usque
3817 3676 3887 3729 ad
3935 3676 4148 3730 exitum
4208 3677 4350 3731 vitae
4411 3681 4543 3731 tales

2837 3762 2907 3815 ab
2937 3762 3176 3815 Ecclesia
3202 3768 3473 3817 removet.
3509 3764 3650 3817 Nam
3696 3764 3922 3834 quoties
3977 3770 4325 3835 conceptum
4359 3766 4543 3836 impe-

2836 3850 3035 3917 dierat,
3068 3856 3153 3904 tot
3178 3851 3620 3905 homicidiornm
3670 3868 3770 3907 rea
3824 3853 3951 3908 erit.
4012 3852 4117 3908 Sed
4151 3853 4334 3909 distat
4392 3857 4542 3909 mul-

2837 3944 2981 4005 tum,
3015 3943 3209 3993 utrum
3259 3940 3609 4010 paupercula
3637 3940 3730 4006 sit,
3778 3945 3836 3994 et
3883 3957 3988 4011 pro
4047 3941 4401 3998 difficultate
4446 3961 4543 3997 nu-

2837 4026 3069 4095 triendi,
3107 4029 3189 4081 vel
3221 4028 3523 4082 fornicaria
3573 4045 3762 4096 causa,
3793 4034 3848 4083 et
3877 4046 3982 4100 pro
4026 4030 4116 4084 sui
4146 4032 4390 4086 sceleris
4449 4050 4542 4086 car-

2838 4115 2992 4170 landi
3023 4116 3207 4170 faciat.

2836 4206 2901 4259 In
2956 4205 3178 4259 concilio
3228 4209 3406 4259 autem
3462 4206 3773 4260 Hilerdensi
3816 4206 3883 4260 de
3934 4207 4274 4276 supradictis
4318 4212 4426 4279 qui
4465 4214 4541 4264 in-

2906 4294 3087 4358 fantes
3138 4308 3260 4347 suos
3315 4310 3381 4347 ex
3431 4293 3704 4349 adulterio
3775 4301 4047 4365 susceptos
4106 4300 4405 4352 excutiunt
4472 4304 4542 4353 ita

1039 4376 1177 4431 viris
1204 4376 1317 4430 sint
1347 4392 1703 4442 communes,
1734 4380 1926 4430 tamen
1961 4376 2050 4431 liae
2079 4382 2381 4448 sequentes
2410 4380 2730 4450 specialiter
2758 4424 2801 4478 Β
2911 4383 3251 4450 praecipitur.

1041 4466 1110 4520 ad
1142 4464 1383 4529 feminas
1402 4464 1714 4534 pertinent.

1113 4552 1316 4608 Fecisti
1363 4557 1428 4605 ut
1475 4552 1741 4622 quaedam
1800 4551 2070 4605 mulieres
2100 4553 2158 4606 in
2192 4554 2533 4624 quibusdam
2590 4560 2732 4611 tem-

1040 4640 1275 4713 poribus
1304 4639 1442 4693 anni
1469 4638 1658 4693 facere
1683 4639 1906 4694 solent:
1939 4646 1997 4694 ut
2018 4640 2080 4694 in
2134 4641 2306 4697 domo
2350 4651 2449 4698 tua
2474 4661 2728 4700 mensam

1038 4743 1419 4800 prmparares,
1442 4732 1501 4780 et
1531 4731 1658 4779 tuos
1683 4727 1863 4795 cibos,
1898 4733 1955 4782 et
1974 4734 2174 4799 potum
2210 4747 2340 4786 cum
2374 4733 2559 4786 tribus
2605 4735 2729 4787 cul-

1040 4817 1191 4873 tellis
1251 4830 1425 4885 supra
1466 4830 1719 4868 mensam
1774 4831 2034 4885 poneres,
2068 4821 2133 4870 ut
2179 4818 2224 4871 si
2280 4819 2567 4875 venissent
2616 4827 2732 4877 tres

1040 4906 1155 4959 illae
1203 4918 1442 4970 sorores,
1504 4919 1643 4974 quas
1716 4904 1949 4974 antiqua
2006 4905 2313 4975 posteritas
2381 4913 2439 4962 et
2493 4911 2731 4981 antiqua

1041 4992 1282 5046 stultitia
1309 5008 1505 5061 parcas
1539 4991 1875 5058 nominavit,
1905 4992 1988 5046 ibi
2030 4994 2420 5061 reficerentur,
2463 5000 2520 5049 et
2551 4997 2731 5050 tulisti

1044 5082 1253 5136 divinas
1282 5080 1483 5151 pietati
1514 5086 1849 5149 potestatem
1881 5098 2063 5143 suam,
2099 5088 2155 5136 et
2180 5099 2393 5137 nomen
2424 5100 2613 5151 suum,
2674 5091 2732 5140 et

1043 5170 1271 5225 diabolo
1298 5169 1603 5235 tradidisti,
1646 5170 1744 5235 ita,
1778 5170 1923 5235 dico,
1944 5176 2008 5224 ut
2029 5172 2282 5225 crederes
2313 5172 2440 5226 illas
2482 5189 2624 5243 quas
2666 5180 2731 5228 tu

1040 5260 1179 5313 dicis
1213 5274 1335 5313 esse
1378 5273 1622 5323 sorores,
1654 5258 1757 5311 tibi
1784 5274 1970 5328 posse,
2004 5262 2104 5312 aut
2153 5259 2247 5314 hic
2291 5264 2390 5314 aut
2432 5261 2495 5316 in
2536 5261 2728 5317 futuro

1040 5347 1346 5417 prodesse?
1373 5346 1430 5401 Si
1488 5345 1691 5411 fecisti,
1724 5350 1824 5398 aut
1877 5345 2229 5414 consensisti,
2273 5362 2453 5401 unum
2514 5364 2729 5403 annum

1041 5451 1144 5506 per
1180 5435 1465 5506 legitimas
1491 5435 1659 5489 ferias
1692 5434 1985 5504 paenitens.

1114 5523 1312 5577 Fecisti
1360 5523 1513 5601 quod
1562 5522 1830 5592 quaedam
1876 5522 2149 5577 mulieres
2200 5522 2387 5577 facere
2420 5525 2624 5594 solent,
2668 5530 2731 5581 ut

1044 5609 1252 5665 faceres
1275 5611 1570 5682 quoddam
1627 5609 1903 5664 molimen
1937 5615 2036 5663 aut
2082 5609 2609 5667 machinamentum
2668 5615 2730 5669 in

1048 5699 1279 5754 modum
1309 5699 1492 5754 virilis
1523 5699 1785 5767 membri,
1813 5699 1884 5753 ad
1919 5714 2250 5754 mensuram
2300 5703 2413 5754 tum
2466 5702 2729 5757 volunta-

2914 4470 2980 4524 Hi
3012 4485 3143 4523 vero
3201 4469 3300 4540 qui
3330 4471 3477 4524 male
3529 4475 3834 4542 conceptos
3885 4488 3950 4527 ex
4005 4472 4303 4529 adulterio
4348 4476 4539 4539 factos,

2839 4559 2925 4612 vel
2962 4558 3146 4612 editos
3178 4574 3377 4612 necare
3408 4559 3755 4629 studuerint,
3803 4560 3889 4615 vel
3939 4561 4002 4616 in
4061 4563 4374 4619 ventribus
4434 4583 4545 4621 ma-

2838 4651 2992 4701 trum
3047 4647 3378 4716 potionibus
3452 4648 3741 4719 aliquibus
3789 4650 4126 4720 colliserint,
4160 4651 4223 4705 in
4301 4659 4542 4726 utroque

2840 4752 2977 4789 sexu
3010 4736 3308 4805 adulteris,
3347 4736 3406 4791 id
3454 4743 3540 4792 est
3569 4738 3718 4809 patri
3764 4739 3852 4794 vel
3894 4740 4089 4808 matri,
4120 4747 4260 4811 post
4324 4753 4542 4816 septem

2841 4840 3125 4878 annorum
3155 4825 3439 4880 curricula
3468 4827 3801 4882 communio
3824 4828 4111 4882 tribuatur
4145 4846 4160 4883 :
4222 4830 4313 4885 ita
4362 4838 4543 4887 tamen

2843 4916 2904 4966 ut
2950 4890 3106 4966 omni
3159 4918 3413 4984 tempore
3476 4915 3606 4970 vitae
3656 4932 3775 4971 sum
3833 4915 4064 4972 fletibus
4111 4923 4171 4972 et
4227 4919 4544 4976 humilitati

2841 5000 3127 5056 insistant.

2911 5090 3141 5144 Donasti
3172 5092 3256 5145 vel
3307 5091 3604 5147 ostendisti
3635 5093 3825 5162 alicui,
3858 5099 3925 5149 ut
3976 5101 4341 5167 conceptum
4393 5116 4543 5155 suum

2838 5179 2926 5231 vel
2957 5186 3265 5247 excuteret,
3299 5185 3398 5234 aut
3427 5182 3745 5237 occideret?
3793 5184 3850 5238 Si
3904 5183 4111 5251 fecisti,
4172 5193 4419 5257 septem
4461 5207 4543 5244 an-

2839 5280 2941 5319 nos
2973 5282 3077 5336 per
3103 5266 3392 5335 legitimas
3419 5269 3591 5323 ferias
3624 5271 3902 5341 paenitere
3924 5272 4118 5327 debes.

2910 5354 3211 5409 Excussisti
3244 5363 3586 5424 conceptum
3636 5364 3801 5414 tuum
3846 5366 4168 5432 antequam
4228 5365 4543 5421 vivificare-

2839 5445 2970 5497 tur?
3017 5443 3074 5497 Si
3122 5443 3324 5513 fecisti,
3364 5462 3545 5500 unum
3587 5463 3805 5503 annum
3861 5465 3967 5519 per
4014 5451 4327 5520 legitimas
4391 5456 4541 5509 ferias

2840 5530 3116 5600 pcenitere
3170 5532 3385 5587 debes:
3429 5534 3611 5589 fecisti
3661 5542 3791 5606 post
3855 5546 4213 5608 conceptum
4263 5545 4537 5615 spiritum.

2840 5622 2956 5672 tres
2986 5635 3165 5673 annos
3193 5637 3298 5690 per
3329 5622 3612 5692 legitimas
3633 5624 3803 5678 ferias
3832 5627 4123 5696 poenitere
4157 5630 4371 5688 debes.

2912 5706 3248 5761 Interfecisti
3275 5708 3457 5764 filium
3489 5710 3575 5765 vel
3636 5710 3816 5766 filiam
3861 5714 4203 5773 voluntarie
4236 5728 4376 5791 post
4438 5738 4539 5793 par-
