4592 6472
418 359 516 407 9ῖ3

1264 353 1740 409 DECRETORUM
1786 355 1965 409 LIBRI
2006 355 2111 409 XX.
2145 383 2213 393 —
2247 353 2450 408 LIBER
2492 315 2796 407 DEClMlJS
2833 352 3075 406 NONUS.

3811 356 3912 407 974

420 476 581 529 tum?
615 476 671 529 Si
706 475 908 538 fecisti,
944 476 1035 530 ΧΗ
1081 490 1259 528 annos
1296 491 1400 544 per
1444 475 1727 544 legitimas
1791 476 1956 529 ferias
1998 491 2112 545 pae-
2147 483 2192 534 Α
2231 475 2391 542 alias,
2424 480 2477 527 et
2529 478 2589 527 tu
2655 474 2890 527 vulnera
2921 473 2989 526 ab
3047 473 3127 527 eis
3168 473 3458 540 accipias?
3494 474 3551 530 Si
3601 476 3913 541 credidisti,

417 566 603 619 nitere
638 564 828 629 debes,
889 570 943 616 et
996 580 1289 634 nunquam
1350 564 1523 617 debes
1575 580 1694 617 esse
1747 564 1866 616 sine
1926 563 2116 634 pceni-

418 653 613 708 tentia.

490 740 802 810 Neglexisti
842 741 1121 794 infantem
1180 746 1364 805 tuum,
1428 746 1488 793 ut
1552 757 1654 810 per
1697 741 1923 810 culpam
1958 744 2115 794 tuam

418 831 538 883 sine
588 829 873 899 baptismo
932 828 1291 882 moreretur?
1339 829 1394 882 Si
1442 828 1646 897 fecisti,
1694 844 1871 883 unum
1902 844 2117 882 annum

419 934 523 989 per
574 918 863 987 legitimas
922 917 1088 970 ferias
1141 917 1418 987 pmnitere
1470 917 1661 983 debes,
1719 922 1775 970 et
1820 933 2118 987 nunquam

420 1008 496 1059 sis
528 1006 654 1059 sine
682 1004 1037 1075 poenitentia.

492 1094 798 1149 Confecisti
827 1094 1079 1163 aliquam
1134 1093 1482 1147 mortiferam
1533 1094 1849 1163 potionem,
1905 1098 1961 1147 et
1991 1108 2118 1146 cum

420 1200 487 1236 ea
518 1183 771 1252 aliquem
818 1181 1118 1234 occidisti?
1149 1182 1204 1235 Si
1235 1182 1433 1245 fecisti,
1475 1182 1725 1235 carinam
1776 1198 1952 1235 unam
1991 1198 2117 1235 cum

418 1276 646 1341 septem
690 1271 1059 1341 sequentibus
1108 1270 1273 1323 annis
1320 1271 1581 1339 jejunare
1629 1271 1820 1336 debes,
1862 1275 1917 1323 et
1972 1286 2121 1323 nun-

419 1375 599 1430 quam
630 1360 707 1412 sis
736 1358 857 1411 sine
886 1358 1240 1427 poenitenlia.
1294 1357 1349 1411 Si
1385 1358 1615 1411 voluisti
1664 1364 1855 1411 autem
1901 1362 1956 1411 et
2002 1374 2122 1411 non

420 1447 716 1517 perfecisti
741 1446 1134 1512 homicidium,
1191 1462 1404 1499 annum
1448 1462 1627 1500 unum
1683 1462 1787 1516 per
1840 1446 2123 1516 legitimas

421 1537 594 1590 ferias
626 1535 902 1606 poenitere
925 1535 1114 1589 debes.

496 1623 746 1678 Gustasti
775 1623 844 1677 de
871 1623 1087 1676 semine
1131 1623 1234 1675 viri
1271 1623 1373 1688 tui,
1410 1626 1472 1676 ut
1508 1627 1741 1693 propter
1788 1628 1884 1676 tua
1923 1623 2124 1677 diabo-

422 1714 535 1766 lica
583 1712 728 1766 facta
787 1713 914 1782 plus
962 1712 1019 1764 in
1074 1727 1328 1765 amorem
1361 1717 1525 1764 tuum
1555 1712 1917 1765 exardescet?
1966 1712 2019 1765 Si
2048 1713 2123 1765 fe-

422 1800 571 1867 cisti,
631 1805 851 1870 septem
905 1815 1087 1853 annos
1143 1815 1248 1869 per
1305 1799 1593 1869 legitimas
1640 1798 1809 1851 ferias
1852 1797 2123 1868 poenitere

420 1889 617 1943 debes.

499 1996 703 2051 Bibisti
754 1996 1001 2050 chrisma
1046 1996 1115 2048 ad
1167 1994 1609 2047 subvertendum
1664 1993 1761 2048 Dei
1821 1993 2125 2063 judicium,

423 2085 515 2138 vel
550 2083 772 2154 aliquid
820 2083 877 2135 in
911 2082 1101 2136 herbis
1133 2082 1216 2134 vel
1250 2082 1307 2134 in
1338 2080 1543 2146 verbis,
1590 2081 1679 2133 vel
1714 2080 1773 2133 in
1813 2081 1991 2150 ligno,
2041 2080 2127 2132 vel

424 2173 485 2226 in
519 2172 730 2242 lapide,
764 2176 862 2223 aut
914 2170 973 2223 in
1004 2170 1195 2239 aliqua
1238 2171 1409 2223 stulta
1438 2169 1568 2235 fide,
1610 2169 1721 2221 vel.
1757 2168 1879 2237 ipsa
1927 2167 2125 2231 fecisti,

423 2262 516 2315 vel
550 2260 677 2313 aliis
708 2258 1003 2312 consiliata
1033 2275 1110 2322 es,
1147 2262 1242 2310 aut
1271 2257 1329 2310 in
1369 2273 1464 2310 ore
1499 2262 1595 2310 tuo
1644 2256 1895 2321 tenuisti,
1943 2259 2041 2309 aut
2071 2255 2129 2308 in

424 2348 786 2402 vestimentis
825 2347 936 2400 tuis
980 2347 1254 2411 insutum,
1288 2347 1371 2399 vel
1426 2344 1574 2398 circa
1602 2350 1658 2398 te
1716 2345 1998 2413 lignatum
2028 2344 2127 2396 ha-

423 2437 625 2505 buisti,
684 2436 772 2509 vel
804 2435 1187 2506 qualicunque
1219 2433 1449 2504 ingenio
1482 2434 1714 2499 faceres,
1772 2438 1838 2486 ut
1878 2432 2132 2485 crederes

425 2526 697 2580 divinum
778 2524 1056 2593 judicium
1140 2522 1466 2576 subvertere
1521 2522 1731 2591 posse?
1791 2522 1847 2575 Si
1926 2519 2128 2585 fecisti,

424 2621 653 2685 septem
686 2628 863 2666 annos
894 2627 996 2680 per
1057 2610 1340 2681 legitimas
1397 2610 1564 2663 ferias
1614 2609 1888 2679 pcenitere
1940 2598 2124 2662 debes.

503 2717 712 2770 Fecisti
769 2716 918 2786 quod
972 2716 1233 2786 quaedam
1287 2715 1553 2768 mulieres
1607 2715 1789 2767 facere
1842 2714 2026 2767 solent
2080 2718 2134 2767 et

427 2805 683 2859 firmiter
732 2803 990 2869 credunt,
1040 2803 1118 2856 ita
1163 2802 1311 2869 dico,
1340 2807 1403 2855 ut
1460 2802 1504 2854 si
1554 2802 1771 2855 vicinus
1823 2802 1945 2871 ejus
1993 2803 2133 2855 lacte

426 2894 523 2947 vel
582 2891 787 2961 apibus
841 2892 1180 2957 abundaret,
1241 2906 1471 2943 omnem
1532 2890 1941 2943 abundantiam
1973 2889 2134 2942 lactis

425 2990 484 3036 et
526 2982 712 3035 mellis
744 2996 915 3051 quam
948 2996 1082 3033 suus
1128 2978 1345 3032 vicinus
1376 2986 1507 3032 ante
1539 2995 1595 3031 se
1631 2979 1840 3032 habere
1872 2978 2019 3031 visus
2051 2982 2133 3030 est

426 3072 502 3124 ad
536 3087 597 3123 se
629 3074 685 3123 et
713 3070 781 3122 ad
842 3085 944 3122 sua
998 3067 1288 3133 animalia,
1324 3066 1409 3119 vel
1466 3066 1536 3119 ad
1602 3082 1742 3136 quos
1791 3064 2075 3118 voluerint
2102 3080 2134 3117 a

428 3160 668 3212 diabolo
692 3158 921 3228 adjutte,
948 3157 1064 3209 suis
1084 3154 1547 3210 fascinationibus
1573 3159 1627 3207 et
1648 3152 2132 3207 incantationibus

424 3265 487 3301 se
519 3263 693 3318 posse
755 3250 1085 3299 convertere
1142 3244 1412 3297 credant?
1468 3242 1522 3297 Si
1578 3241 1776 3308 fecisti,
1810 3246 1925 3295 tres
1954 3257 2133 3295 annos

425 3354 540 3408 per
568 3334 856 3405 legitimas
886 3333 1055 3386 ferias
1077 3332 1369 3403 poeniteas.

503 3440 815 3497 Credidisti
856 3438 1005 3510 quod
1042 3438 1303 3509 quaedam
1345 3436 1576 3490 credere
1608 3435 1807 3498 solent,
1841 3438 1905 3487 ut
1934 3449 2133 3504 quam-

428 3547 671 3600 cunque
704 3529 939 3582 domum
984 3527 1341 3591 intraverint,
1399 3524 1587 3595 pullos
1631 3538 1919 3589 aucarum,
1964 3537 2137 3592 pavo-

424 3636 601 3685 num,
634 3618 816 3688 pullos
838 3617 1201 3685 gallinarum,
1235 3614 1405 3666 etiam
1454 3612 1749 3683 porcellos,
1793 3617 1849 3665 et
1895 3609 2137 3663 aliorum

428 3706 782 3761 animalium
813 3704 1001 3767 foetus,
1033 3703 1221 3769 verbo,
1264 3702 1349 3755 vel
1381 3700 1525 3767 visu,
1585 3700 1670 3752 vel
1710 3699 1929 3763 auditu,
1980 3696 2137 3751 obfa-

430 3796 663 3848 scinare
695 3796 749 3845 et
806 3792 1046 3861 perdere
1098 3804 1263 3859 posse
1331 3787 1665 3841 affirmant?
1713 3786 1769 3841 Si
1824 3784 2008 3838 fecisti
2052 3784 2139 3836 vel

430 3880 758 3945 credidisti,
793 3895 972 3933 unum
1030 3893 1243 3932 annum
1302 3893 1403 3947 per
1430 3875 1716 3946 legitimas
1768 3873 1936 3927 ferias
1968 3872 2141 3926 debes

435 3971 749 4044 paenitere.

517 4075 825 4132 Credidisti
892 4074 1045 4146 quod
1098 4072 1293 4127 multa:
1348 4069 1617 4125 mulieres
1668 4073 1821 4123 retro
1872 4068 2140 4123 Satanam

437 4180 739 4221 conversae
787 4163 1029 4218 credunt
1065 4166 1121 4214 et
1167 4160 1456 4214 afﬁrmant
1505 4173 1702 4211 verum
1734 4172 1875 4222 esse,
1911 4162 1971 4210 ut
2017 4171 2143 4208 cre-

438 4256 551 4308 das
580 4252 853 4323 inquietas
900 4250 1082 4304 noctis
1131 4246 1356 4301 silentio
1407 4262 1537 4299 cum
1582 4250 1636 4299 te
1674 4242 2034 4298 collocaveris
2084 4243 2143 4295 in

2227 565 2369 617 duos
2396 580 2573 617 annos
2588 579 2691 633 per
2717 563 3001 632 legitimas
3030 562 3198 616 ferias
3238 561 3534 632 pceniteas.

2299 653 2496 707 Fecisti
2510 653 2662 723 quod
2679 652 2939 723 quaedam
2959 651 3227 705 mulieres
3243 651 3427 705 facere
3441 651 3667 705 solent?
3690 652 3919 706 Tollunt

2227 739 2443 809 piscem
2474 740 2687 807 vivum,
2719 744 2775 792 et
2818 739 3054 792 mittunt
3080 754 3209 791 eum
3240 738 3298 791 in
3327 738 3696 808 puerperium
3729 754 3915 801 suum,

2227 833 2282 881 et
2308 834 2424 883 tam
2452 828 2544 882 diu
2578 844 2708 881 eum
2736 827 2811 881 ibi
2841 832 3059 894 tenent,
3093 827 3273 881 donec
3323 831 3583 881 mortuus
3627 827 3813 894 fuerit,
3843 834 3914 889 et,

2227 917 2457 970 decocto
2492 916 2644 986 pisce
2673 918 2759 969 vel
2817 921 3019 983 assato,
3075 916 3291 970 maritis
3344 916 3461 969 suis
3509 916 3575 969 ad
3615 916 3917 970 comeden-

2228 1006 2364 1059 dum
2394 1006 2645 1072 tradunt,
2673 1006 2802 1060 ideo
2834 1004 3049 1059 faciunt
3085 1005 3216 1072 hoc,
3258 1009 3322 1058 ut
3366 1005 3496 1075 plus
3551 1006 3609 1058 in
3667 1021 3918 1058 amorem

2229 1110 2425 1148 earum
2458 1094 2871 1148 exardescaut?
2904 1094 2959 1148 Si
3008 1093 3208 1160 fecisti,
3245 1094 3386 1147 duos
3438 1109 3618 1147 annos
3657 1110 3760 1163 per
3780 1093 3920 1163 legi-

2228 1183 2396 1235 timas
2423 1182 2590 1236 ferias
2620 1182 2915 1252 paeniteas.

2302 1269 2505 1323 Fecisti
2568 1270 2722 1339 quod
2794 1269 3058 1339 quaedam
3128 1269 3397 1323 mulieres
3454 1268 3637 1322 facere
3694 1269 3923 1322 solent?

2231 1359 2605 1411 Prosternunt
2638 1374 2695 1411 se
2746 1358 2806 1411 in
2856 1357 3077 1419 faciem.
3142 1365 3197 1412 et
3248 1357 3619 1427 discoopertis
3670 1356 3923 1423 natibus,

2223 1445 2430 1515 jubent
2460 1449 2521 1498 ut
2553 1461 2724 1515 supra
2752 1446 2933 1498 nudas
2974 1450 3132 1498 nates
3162 1444 3495 1498 conficiatur
3524 1444 3711 1515 panis,
3761 1450 3816 1497 et
3854 1460 3923 1498 eo

2232 1536 2461 1587 decocto
2508 1534 2739 1586 tradunt
2788 1534 3005 1586 maritis
3062 1532 3179 1585 suis
3208 1532 3276 1586 ad
3315 1532 3752 1585 comedendum.
3809 1533 3925 1587 Hoc

2232 1622 2359 1675 ideo
2389 1622 2621 1687 faciunt,
2654 1627 2711 1674 ut
2732 1622 2858 1691 plus
2890 1622 3258 1675 exardescant
3287 1620 3346 1673 in
3376 1636 3629 1673 amorem
3660 1620 3925 1673 illarum?

2235 1709 2294 1763 Si
2346 1710 2551 1777 fecisti,
2610 1711 2751 1764 duos
2811 1725 2988 1762 annos
3047 1725 3149 1779 per
3194 1708 3479 1778 legitimas
3537 1708 3704 1761 ferias
3736 1708 3925 1778 paeni-

2235 1802 2373 1852 teas.

2308 1886 2548 1939 Posuisti
2575 1886 2850 1939 infantem
2882 1890 3045 1939 tuum
3069 1886 3233 1953 juxta
3264 1884 3477 1953 ignem,
3514 1889 3569 1939 et
3623 1885 3769 1938 alius
3806 1885 3925 1938 cal-

2235 1974 2453 2027 dariam
2519 1990 2693 2042 supra
2753 1974 2945 2042 ignem
2988 1989 3119 2026 cum
3176 1989 3324 2043 aqua
3379 1972 3554 2037 misit,
3603 1977 3654 2025 et
3695 1972 3929 2026 ebullita

2238 2077 2386 2131 aqua
2415 2062 2746 2131 superfusus
2797 2066 2882 2114 est
2938 2060 3145 2126 infans,
3198 2064 3253 2113 et
3282 2065 3541 2113 mortuus
3590 2065 3689 2113 est.
3724 2061 3806 2112 Tu
3837 2076 3929 2113 au-

2236 2155 2351 2202 tem
2383 2150 2483 2219 qui
2533 2149 2807 2203 infantem
2842 2154 3058 2219 septem
3086 2164 3267 2202 annos
3298 2148 3356 2201 in
3386 2153 3483 2201 tua
3528 2148 3786 2201 custodia
3825 2148 3927 2201 de-

2238 2237 2412 2291 buisti
2464 2237 2695 2302 habere,
2753 2242 2865 2290 tres
2894 2253 3073 2290 annos
3130 2252 3234 2306 per
3283 2235 3563 2304 legitimas
3601 2235 3772 2289 ferias
3810 2251 3929 2304 poe-

2239 2326 2423 2379 nitere
2471 2326 2662 2379 debes.
2719 2326 2816 2379 Ille
2870 2331 3062 2379 autem
3096 2324 3194 2395 qui
3255 2339 3464 2395 aquam
3522 2323 3581 2376 in
3616 2322 3929 2376 caldarium

2240 2414 2409 2478 misit,
2440 2413 2713 2467 innocens
2738 2415 2862 2468 erit.

2314 2502 2513 2556 Fecisti
2541 2502 2693 2571 quod
2720 2502 2985 2571 quaedam
3018 2500 3287 2554 mulieres
3332 2499 3515 2553 facere
3564 2500 3766 2566 solent,
3812 2498 3933 2553 dia-

2240 2590 2439 2643 bolicis
2470 2590 2795 2660 adimpletaa
2836 2589 3200 2659 disciplinis?
3255 2588 3391 2652 Quae
3443 2587 3747 2641 observant
3766 2586 3930 2640 vesti-

2243 2680 2334 2748 gia
2383 2684 2440 2732 et
2486 2679 2785 2748 indagines
2846 2677 3316 2741 Christianorum,
3376 2682 3433 2729 et
3480 2676 3687 2729 tollunt
3740 2675 3809 2728 de
3844 2690 3935 2727 eo-

2242 2782 2372 2819 rum
2403 2766 2640 2835 vestigio
2686 2764 2981 2833 cespitem,
3033 2770 3087 2817 et
3138 2764 3302 2817 illum
3334 2763 3657 2828 observant,
3708 2766 3765 2815 et
3797 2761 3933 2815 inde

2244 2859 2475 2925 sperant
2503 2854 2802 2907 sanitatem
2835 2858 2935 2906 aut
2980 2853 3152 2906 vitam
3183 2867 3383 2905 eorum
3436 2851 3660 2905 auferre
3680 2849 3708 2903 ?
3761 2850 3817 2904 Si
3846 2849 3933 2902 fe-

2244 2943 2363 2996 cisti
2399 2946 2497 2995 aut
2543 2940 2899 3005 consensisti,
2948 2941 3202 3011 quinque
3260 2955 3440 2992 annos
3502 2954 3604 3009 per
3652 2936 3936 3008 legitimas

2172 3032 2213 3087 C
2243 3030 2413 3084 ferias
2440 3030 2717 3100 pmnitere
2743 3028 2933 3083 debes.

2317 3118 2518 3173 Fecisti
2572 3118 2719 3188 quod
2789 3117 3050 3187 quaedam
3122 3115 3389 3169 mulieres
3462 3115 3643 3169 facere
3711 3114 3934 3168 solent?

2242 3208 2470 3261 Tollunt
2506 3210 2865 3259 menstruum
2898 3220 3063 3257 suum
3100 3202 3457 3271 sanguinem,
3510 3206 3565 3254 et
3618 3201 3939 3255 immiscent

2244 3295 2369 3349 cibo
2403 3294 2491 3348 vel
2522 3293 2703 3364 potui,
2738 3298 2795 3346 et
2842 3292 2981 3345 dant
3009 3291 3142 3345 viris
3174 3290 3289 3344 suis
3340 3290 3409 3344 ad
3450 3289 3931 3353 manducandum,

2244 3384 2334 3438 vel
2364 3382 2433 3435 ad
2463 3381 2797 3446 bibendum,
2827 3385 2891 3434 ut
2918 3381 3045 3451 plus
3086 3379 3401 3448 diligantur
3431 3378 3501 3431 ab
3534 3378 3614 3431 eis
3636 3378 3664 3431 ?
3695 3377 3751 3431 Si
3779 3377 3939 3431 fecis-

2244 3471 2310 3536 ti,
2336 3470 2591 3540 quinque
2621 3486 2802 3522 annos
2833 3484 2936 3537 per
2966 3467 3254 3536 legitimas
3283 3466 3452 3519 ferias
3484 3466 3781 3535 pceniteas.

2319 3558 2517 3612 Fecisti
2588 3557 2850 3626 quaedam
2925 3556 3193 3607 mulieres
3276 3554 3459 3607 facere
3524 3553 3757 3607 solent?
3810 3552 3935 3606 Tol-

2247 3647 2375 3701 lunt
2401 3650 2604 3700 testam
2628 3644 2898 3707 hominis,
2922 3648 2979 3695 et
3026 3642 3147 3712 igni
3195 3641 3558 3707 comburunt,
3604 3645 3660 3694 et
3687 3641 3937 3693 cinerem

2247 3734 2383 3789 dant
2412 3734 2545 3787 viris
2571 3734 2685 3785 suis
2708 3732 2775 3786 ad
2831 3731 3143 3785 bibendum
3172 3746 3276 3799 pro
3306 3729 3544 3782 sanitate
3564 3727 3591 3782 ?
3629 3727 3686 3782 Si
3732 3727 3937 3796 fecisti,

2247 3839 2430 3877 unum
2460 3837 2673 3875 annum
2709 3836 2811 3890 per
2832 3819 3118 3889 legitimas
3156 3818 3325 3871 ferias
3349 3816 3643 3887 paenitens.

2321 3910 2630 3965 Comedisti
2692 3909 2777 3962 vel
2835 3907 3028 3961 bibisti
3094 3906 3331 3975 alicujus
3388 3903 3651 3959 animalis
3708 3902 3939 3974 sangui-

2251 3999 2426 4053 nem?
2461 3999 2518 4053 Si
2549 3996 2747 4065 fecisti,
2775 3996 3027 4067 quinque
3063 3994 3183 4049 dies
3212 3994 3273 4048 in
3302 4009 3449 4065 pane
3478 3997 3533 4047 et
3570 4008 3718 4063 aqua
3764 3991 3941 4062 ρωπί-

2250 4094 2389 4142 teas.

2323 4174 2525 4228 Fecisti
2557 4173 2709 4243 quod
2742 4172 3003 4243 quasdam
3034 4171 3305 4225 mulieres
3334 4170 3519 4223 facere
3570 4167 3801 4223 solent?
3832 4168 3947 4222 Illae

2257 4263 2382 4317 dico
2409 4278 2536 4333 quas
2587 4262 2799 4315 habent
2856 4260 3149 4331 vagientes
3202 4259 3467 4324 infantes,
3517 4257 3797 4312 effodiunt
3832 4260 3948 4310 ter-

440 4342 600 4395 lecto
632 4342 753 4404 tuo,
786 4344 844 4391 et
886 4337 1091 4391 marito
1143 4343 1240 4390 tuo
1272 4336 1329 4389 in
1363 4334 1493 4388 sinu
1540 4338 1637 4387 tuo
1661 4332 1907 4402 jacente,
1931 4336 1984 4384 te
2011 4331 2146 4384 dum
2175 4314 2217 4367 D
2259 4314 2494 4417 ξεωςει
2548 4314 2623 4403 οξ
2646 4353 2806 4418 ρεαδ
2855 4314 3153 4418 ρρξῗωεεηι
3204 4362 3351 4411 eam,
3412 4314 3467 4399 εί
3495 4361 3598 4414 per
3626 4344 3766 4398 illud
3797 4343 3952 4397 ἴση,

439 4442 729 4497 corporea
769 4426 844 4478 sis
891 4424 1083 4495 januis
1127 4424 1332 4477 clausis
1388 4422 1539 4476 exire
1570 4438 1757 4491 posse,
1789 4426 1844 4473 et
1870 4425 2152 4473 terrarum

441 4514 649 4587 spacia
677 4528 806 4566 cum
860 4514 987 4567 aliis
1039 4512 1214 4566 simili
1267 4527 1459 4565 errore
1505 4509 1755 4579 deceptis
1802 4506 2152 4578 pertransire

441 4606 666 4665 valere,
696 4607 753 4655 et
806 4602 1068 4655 homines
1120 4600 1458 4671 baptizatos,
1511 4603 1565 4651 et
1619 4596 1825 4651 Christi
1876 4594 2153 4665 sanguine

444 4692 809 4761 redemptos,
858 4690 981 4743 sine
1029 4688 1202 4743 armis
1240 4687 1557 4741 visibilibus
1614 4690 1669 4739 et
1726 4683 2067 4748 interficere,
2100 4688 2157 4736 et

446 4780 708 4835 decoctis
737 4778 1002 4831 carnibus
1058 4792 1257 4830 eorum
1323 4792 1419 4829 vos
1464 4773 1783 4837 comedere,
1820 4775 1875 4824 et
1915 4770 1975 4822 in
2033 4770 2157 4822 loco

448 4865 653 4921 cordis
682 4880 883 4918 eorum
913 4868 1165 4918 stramen
1216 4868 1315 4917 aut
1371 4863 1614 4933 lignum,
1668 4864 1765 4914 aut
1794 4857 2023 4928 aliquod
2051 4857 2157 4909 hu-

444 4954 715 5029 jusmodi
769 4969 1003 5024 ponere,
1056 4957 1112 5006 et
1140 4952 1484 5018 commestis,
1532 4950 1741 5003 iterum
1772 4947 1927 5001 vivos
1954 4946 2158 5012 facere,

448 5050 515 5097 et
542 5042 803 5096 inducias
832 5040 1057 5095 vivendi
1089 5040 1267 5094 dare?
1323 5040 1380 5094 Si
1435 5038 1749 5103 credidisti,
1781 5032 2162 5105 quadraginta

448 5131 606 5201 dies,
655 5130 711 5184 id
760 5134 843 5183 est
898 5129 1153 5182 carinam
1208 5128 1268 5181 in
1327 5143 1474 5197 pane
1504 5131 1561 5180 et
1594 5141 1741 5196 aqua
1769 5138 1898 5176 cum
1942 5126 2162 5191 septem

457 5218 842 5289 sequentibus
863 5217 1027 5270 annis
1059 5217 1354 5286 pceniteas.

538 5323 840 5378 Credidisti
876 5322 1027 5392 quod
1063 5326 1331 5391 quedam
1361 5320 1633 5373 mulieres
1679 5316 1909 5372 credere
1960 5314 2163 5380 solent,

458 5417 529 5466 ut
570 5418 632 5465 tu
664 5426 795 5464 cum
843 5410 969 5465 aliis
1000 5409 1217 5462 diaboli
1246 5407 1517 5461 membris
1566 5406 1703 5460 item
1737 5404 2009 5475 inquietas
2040 5417 2169 5455 noc-

454 5502 539 5556 tis
581 5498 811 5554 silentio
842 5498 1052 5552 clausis
1086 5496 1278 5566 januis
1307 5495 1366 5548 in
1395 5510 1587 5549 aerem
1627 5508 1807 5563 usque
1861 5492 1933 5545 ad
1989 5490 2170 5543 nubes

462 5587 812 5657 subleveris,
864 5591 920 5640 et
968 5585 1048 5638 ibi
1103 5600 1232 5639 cum
1279 5583 1404 5637 aliis
1450 5598 1692 5653 pugnes,
1727 5585 1782 5635 et
1820 5584 1882 5633 ut
1912 5579 2172 5632 vulneres

2261 4455 2394 4492 men
2423 4437 2764 4507 pertrahunt
2802 4436 3098 4503 infantem,
3127 4439 3185 4487 et
3215 4434 3293 4487 sic
3322 4434 3518 4487 dicunt
3545 4431 3824 4502 vagientis
3862 4431 3952 4484 in-

2261 4522 2433 4578 fantis
2498 4539 2715 4577 cessare
2768 4521 3044 4591 vagitum.
3108 4520 3164 4574 Si
3217 4519 3400 4573 fecisti
3456 4523 3554 4572 aut
3596 4518 3951 4584 consensisti,

2264 4611 2521 4681 quinque
2551 4610 2672 4664 dies
2698 4610 2756 4663 in
2780 4624 2925 4680 pane
2948 4619 3004 4662 et
3035 4623 3183 4678 aqua
3222 4606 3518 4676 pmniteas.

2338 4698 2537 4753 Fecisti
2583 4698 2733 4768 quod
2781 4695 3045 4766 quaedam
3102 4694 3371 4749 mulieres
3425 4692 3697 4748 instinctu
3743 4693 3957 4748 diaboli

2266 4787 2449 4841 facere
2499 4784 2728 4840 solent?
2780 4784 2920 4839 Cum
2992 4782 3200 4855 aliquis
3259 4782 3449 4835 infans
3496 4780 3618 4837 sine
3670 4781 3956 4852 baptismo

2267 4879 2529 4929 mortuus
2557 4873 2748 4939 fuerit,
2810 4872 3023 4926 tollunt
3068 4870 3304 4926 cadaver
3346 4869 3592 4940 parvuli,
3640 4874 3698 4923 et
3735 4874 3961 4940 ponunt

2268 4961 2330 5014 in
2374 4960 2567 5030 aliquo
2624 4963 2841 5013 secreto
2894 4959 3039 5023 loco,
3096 4962 3152 5012 et
3201 4958 3333 5027 palo
3388 4956 3790 5026 corpusculum
3839 4956 3962 5026 ejus

2268 5047 2632 5118 transﬁgunt,
2663 5048 2933 5113 dicentes,
2966 5046 3011 5100 si
3034 5047 3112 5100 sic
3140 5062 3256 5100 non
3277 5046 3562 5110 fecissent,
3590 5044 3746 5115 quod
3775 5044 3963 5098 infan-

2271 5137 2425 5191 tulus
2456 5142 2736 5206 surgeret,
2778 5139 2835 5189 et
2900 5136 3109 5189 multos
3137 5135 3348 5189 laedere
3394 5131 3628 5204 posset?
3676 5132 3735 5187 Si
3762 5132 3963 5199 fecisti,

2274 5229 2372 5278 aut
2399 5223 2751 5288 consensisti,
2782 5227 2881 5277 aut
2918 5222 3231 5289 credidisti,
3290 5222 3432 5277 duos
3460 5235 3642 5275 annos
3673 5234 3777 5289 per
3824 5218 3965 5289 legi-

2275 5314 2444 5367 timas
2475 5312 2643 5366 ferias
2663 5312 2833 5367 debes
2872 5311 3153 5381 ponitere.

2351 5400 2551 5455 Fecisti
2577 5400 2727 5471 quod
2752 5400 3014 5470 quaedam
3045 5399 3229 5452 facere
3251 5397 3454 5463 solent,
3490 5394 3703 5449 diaboli
3734 5394 3969 5449 audacia

2280 5488 2551 5558 repletas?
2598 5488 2738 5541 Cum
2771 5488 2964 5557 aliqua
2995 5485 3210 5539 femina
3246 5498 3447 5553 parere
3497 5483 3688 5548 debet,
3749 5487 3805 5536 et
3853 5495 3971 5535 non

2281 5581 2487 5646 potest,
2549 5575 2686 5630 dum
2746 5590 2947 5643 parere
2980 5588 3095 5625 non
3141 5575 3344 5641 potest,
3398 5570 3459 5623 in
3505 5570 3627 5640 ipso
3672 5568 3865 5623 dolore
3926 5570 3973 5622 si
