4592 6506
1021 450 1122 502 975

1028 573 1213 624 morte
1259 567 1488 636 obierit,
1537 567 1596 620 in
1661 567 1787 637 ipso
1835 567 2095 637 sepulcro
2145 569 2382 619 matrem
2450 578 2579 615 cum
2636 561 2791 614 ἰπὶ-Α

1027 658 1183 713 fante
1208 657 1339 726 palo
1366 656 1426 710 in
1458 661 1668 710 terram
1698 656 2061 726 transfigunt.
2090 653 2147 708 Si
2170 653 2351 706 fecisti
2372 651 2457 704 vel
2488 665 2723 703 consen-

1031 746 1171 813 sisti,
1201 746 1343 800 duos
1400 761 1579 799 annos
1634 760 1738 816 per
1771 745 2053 814 legitimas
2102 741 2268 795 ferias
2323 739 2494 794 debes
2539 738 2725 809 paeni-

1030 840 1170 889 tere.

1104 922 1448 993 Oppressisti
1486 921 1762 975 infantem
1795 924 1957 973 tuum
1980 918 2099 971 sine
2148 916 2438 970 voluntate
2476 919 2594 979 tua,
2628 914 2727 965 aut

1034 1012 1290 1081 pondere
1346 1010 1811 1063 vestimentorum
1873 1013 2099 1059 tuorum
2149 1002 2455 1069 sutfocasti,
2517 1006 2571 1055 et
2618 1001 2727 1054 hoc

1034 1106 1167 1170 post
1195 1098 1543 1170 baptismum
1599 1097 1809 1151 factum
1859 1095 2079 1149 fuerat?
2127 1092 2185 1147 Si
2228 1092 2426 1155 fecisti,
2457 1090 2546 1145 XL
2584 1089 2723 1154 dies,

1035 1188 1092 1242 id
1124 1192 1227 1253 est,
1259 1188 1510 1241 carinam
1552 1187 1611 1239 in
1641 1201 1786 1255 pane
1816 1190 1873 1237 et
1919 1199 2090 1253 aqua,
2134 1186 2191 1235 et
2230 1180 2501 1245 oleribus,
2556 1185 2728 1247 atque

1036 1275 1425 1345 leguminibus
1481 1273 1777 1344 paeniteas,
1849 1277 1904 1325 et
1964 1288 1996 1324 a
2039 1270 2280 1340 conjuge
2337 1274 2392 1321 te
2449 1267 2729 1320 abstineas

1037 1363 1215 1417 donec
1270 1361 1353 1415 illi
1382 1360 1465 1415 XL
1514 1360 1635 1414 dies
1688 1364 2114 1430 pertranseant;
2176 1360 2321 1427 post,
2383 1360 2497 1408 tres
2554 1369 2730 1406 annos

1035 1466 1138 1521 per
1158 1449 1438 1519 legitimas
1479 1447 1667 1514 ferias,
1727 1452 1784 1500 et
1828 1452 1942 1500 tres
1974 1444 2439 1517 quadragesimae
2486 1442 2545 1495 in
2576 1456 2728 1494 anno

1038 1538 1316 1591 observes.
1362 1536 1520 1600 Quod
1554 1535 1599 1588 si
1641 1540 1773 1589 ante
1820 1534 2171 1605 baptismum
2206 1532 2395 1585 infans
2424 1544 2731 1600 oppressus

1036 1623 1223 1689 fuerit,
1257 1623 1550 1693 proximos
1579 1623 1661 1677 XL
1689 1622 1830 1687 dies,
1874 1626 1937 1674 ut
1995 1636 2167 1691 supra
2226 1622 2574 1689 praeceptum
2626 1619 2730 1682 est,

1036 1712 1332 1783 pmuiteas.
1362 1713 1558 1765 Postea
1586 1727 1719 1763 vero
1751 1709 2212 1780 quinquennium
2237 1708 2480 1776 eXpIeas.

2095 438 2496 497 BURCHARDI
2535 435 3066 493 WORMACIENSIS
3104 434 3443 491 EPISCOPI.

72 0 2051 147 *τῃ
310 78 315 79 ί
692 74 791 123 :__
834 74 893 81 _

4446 434 4539 481 976

2905 558 3211 612 Comedisti
3243 573 3473 627 carnem
3523 556 3579 609 in
3614 555 4101 627 quadragesima?
4155 554 4213 609 Si
4246 551 4459 615 fecisti,
4492 553 4542 603 in

2830 647 3011 717 ipsius
3068 647 3204 700 anni
3234 623 3552 700 circulo‘ab
3605 644 3763 699 omni
3812 660 3913 698 esu
3959 642 4223 699 carnium
4256 647 4314 696 te
4370 640 4544 694 absti-

2833 753 2988 790 neas.

2904 824 3214 879 Comedisti
3255 823 3324 878 de
3356 823 3480 876 cibo
3499 822 3845 888 Iudaeorum,
3879 822 3967 876 vel
4004 820 4252 875 aliorum
4289 833 4546 888 pagano-

2836 930 2985 981 rum,
3008 928 3177 983 quem
3198 912 3304 981 ipsi
3328 912 3433 965 sibi
3464 916 3931 981 praeparaverunt
3949 911 3980 965 ?
4007 910 4066 965 Si
4094 910 4306 976 fecisti,
4351 908 4549 961 decem

2834 1003 2955 1057 dies
2986 1003 3042 1055 in
3075 1017 3222 1071 pane
3254 1006 3309 1054 et
3341 1016 3487 1069 aqua
3518 1000 3811 1070 poeniteas.

2907 1090 3105 1145 Fecisti
3128 1090 3277 1159 quod
3308 1089 3539 1159 quidam
3573 1087 3754 1140 facere
3804 1086 4034 1140 solent?
4069 1087 4217 1140 Dum
4250 1084 4322 1138 ad
4360 1082 4550 1137 Eccle-

2837 1180 2978 1233 siam
3009 1179 3242 1245 vadunt,
3294 1178 3351 1230 in
3402 1179 3524 1247 ipsa
3576 1176 3668 1229 via
3715 1175 4017 1245 proferunt
4071 1190 4203 1228 suas
4236 1171 4548 1233 vanitates,

2837 1274 2894 1321 et
2917 1269 3231 1338 loquuntur
3288 1266 3490 1330 otiosa,
3522 1280 3625 1318 nec
3656 1265 3714 1317 in
3776 1264 3975 1317 eadem
4006 1263 4096 1316 via
4143 1262 4413 1332 cogitant
4459 1259 4553 1311 ali-

2838 1356 2971 1427 quid
3015 1355 3165 1426 quod
3198 1355 3267 1408 ad
3327 1353 3534 1407 animae
3592 1354 3896 1406 utilitatem
3954 1352 4267 1422 pertineat;
4314 1354 4376 1403 et
4426 1362 4554 1400 cum

2836 1444 3099 1497 venerint
3118 1443 3176 1497 in
3204 1443 3411 1496 atrium
3446 1442 3703 1495 Ecclesia;
3733 1440 3833 1495 ubi
3876 1441 4101 1512 sepulta
4128 1445 4265 1493 sunt
4306 1452 4555 1508 corpora

2839 1534 3118 1598 fidelium,
3177 1536 3233 1585 et
3286 1531 3421 1585 dum
3449 1530 3786 1584 calcaverint
3831 1531 4091 1601 sepulcra
4143 1526 4559 1599 proximorum

2847 1638 2958 1675 non
3013 1621 3389 1673 recordentur
3447 1618 3584 1689 quid
3642 1618 3723 1672 eis
3766 1618 4028 1672 futurum
4079 1617 4173 1681 sit,
4227 1631 4341 1669 nec
4375 1616 4556 1667 ullam

2842 1710 3217 1771 mentionem,
3271 1724 3373 1761 nec
3426 1708 3566 1760 ullas
3626 1722 3817 1778 preces
3845 1722 3950 1775 pro
3998 1706 4079 1759 eis
4111 1705 4181 1758 ad
4233 1704 4555 1758 Dominum

1108 1799 1378 1854 Invenisti
1420 1800 1696 1853 infantem
1739 1804 1899 1852 tuum
1945 1799 2105 1867 juxta
2158 1802 2211 1849 te
2242 1808 2601 1865 oppressum,
2637 1792 2729 1845 ubi
2765 1835 2804 1889 Β
2842 1798 3112 1863 fundunt,
3147 1797 3299 1866 quod
3335 1797 3515 1849 ferere
3562 1796 3902 1848 debuerunt.
3959 1793 4015 1847 Si
4076 1792 4411 1863 neglexisti,
4467 1791 4559 1843 de-

1038 1895 1100 1942 tu
1132 1894 1189 1941 et
1224 1888 1311 1941 vir
1338 1893 1472 1940 tuus
1511 1887 1680 1940 simul
1706 1887 1761 1939 in
1790 1886 1933 1939 lecto
1970 1885 2246 1954 jacuistis,
2301 1888 2357 1935 et
2408 1897 2523 1934 non
2558 1897 2732 1950 appa-

1039 1977 1157 2030 ruit
1186 1981 1381 2029 utrum
1411 1992 1442 2029 a
1470 1982 1653 2045 patre,
1676 1992 1773 2028 seu
1806 1992 1833 2027 a
1869 1980 1920 2027 te
1955 1973 2259 2027 suffocatus
2290 1976 2455 2035 esset,
2490 1986 2559 2023 an
2602 1986 2730 2039 pro-

1039 2065 1164 2134 pria
1197 2069 1376 2117 morte
1405 2064 1705 2118 defunctus
1732 2068 1897 2116 esset.
1957 2062 2079 2115 Non
2111 2059 2326 2114 debetis
2378 2058 2509 2111 inde
2553 2056 2735 2108 securi

1041 2168 1182 2217 esse,
1234 2167 1337 2204 nec
1407 2166 1528 2203 esse
1586 2150 1709 2203 sine
1748 2148 2104 2219 poenitentia.
2158 2147 2263 2200 Sed
2316 2151 2508 2199 tamen
2556 2144 2614 2195 in
2647 2142 2735 2195 his

1043 2255 1252 2310 magna
1307 2238 1684 2293 consideratio
1738 2238 1911 2291 debet
1966 2251 2084 2288 esse
2138 2235 2387 2305 pietatis,
2435 2232 2531 2285 ubi
2582 2232 2735 2284 nulla

1044 2329 1193 2381 mala
1223 2328 1487 2381 voluntas
1509 2326 1635 2393 fuit,
1666 2325 1761 2379 sed
1795 2342 1926 2396 pro;
1944 2324 2022 2377 ria
2057 2339 2228 2377 mors.
2262 2324 2472 2376 Tamen
2507 2326 2738 2389 propter

1045 2413 1477 2483 negligentiam,
1512 2414 1597 2467 XL
1617 2413 1735 2465 dies
1768 2413 1823 2465 in
1847 2428 1994 2480 pane
2028 2416 2079 2465 et
2100 2426 2260 2480 .aqua
2310 2408 2524 2461 debetis
2555 2406 2736 2476 poeni-

1045 2508 1187 2555 tere.
1237 2501 1292 2555 Si
1343 2507 1535 2555 autem
1597 2517 1695 2553 vos
1726 2516 1841 2553 non
1884 2502 2017 2552 latet
2062 2496 2451 2552 interfectores
2502 2511 2621 2547 esse
2656 2495 2740 2546 in-

1046 2587 1234 2654 fantis,
1254 2604 1368 2641 non
1398 2589 1711 2653 voluntate,
1749 2586 1845 2640 sed
1878 2586 2249 2655 negligentia,
2282 2590 2395 2637 tres
2426 2598 2607 2635 annos
2636 2595 2740 2650 per

1046 2677 1332 2747 legitimas
1380 2676 1543 2730 ferias
1606 2678 1881 2746 poenitere
1935 2676 2169 2739 debetis,
2239 2689 2416 2725 unum
2468 2687 2530 2723 ex
2562 2670 2650 2723 his
2681 2669 2737 2721 in

1046 2780 1195 2834 pane
1218 2772 1273 2818 et
1302 2780 1469 2835 aqua,
1503 2769 1558 2817 et
1581 2769 1839 2834 tempore
1873 2762 2243 2834 poenitudinis
2275 2762 2344 2814 ab
2371 2759 2528 2813 omni
2569 2759 2739 2811 luxu-

1048 2853 1132 2906 ria
1163 2870 1256 2907 vos
1288 2854 1567 2906 custodire
1614 2854 1852 2905 debetis.

1119 2942 1427 2999 Exercuisti
1460 2942 1806 2996 lenocinium
1827 2946 1924 2994 aut
1954 2942 2011 2993 in
2033 2946 2086 2994 te
2115 2940 2254 3009 ipsa,
2279 2944 2375 2991 aut
2402 2938 2460 2990 in
2484 2937 2627 2998 aliis,
2662 2936 2742 2988 ita

1044 3030 1190 3098 dico,
1244 3035 1305 3083 ut
1333 3035 1391 3083 tu
1455 3031 1775 3083 meretricio
1810 3046 1963 3083 more
1997 3029 2110 3083 tuis
2159 3027 2509 3081 amatoribus
2538 3041 2741 3093 corpus

2843 1902 2964 1939 cem
2996 1886 3113 1939 dies
3144 1886 3201 1938 in
3232 1900 3378 1955 pane
3418 1889 3474 1937 et
3511 1899 3656 1954 aqua
3696 1884 3992 1949 pmniteas,
4050 1888 4109 1936 et
4139 1882 4271 1936 vide
4312 1880 4559 1934 ulterius

2843 1991 2915 2028 ne
2947 1975 3050 2027 tibi
3104 1974 3415 2042 contingat.
3469 1973 3574 2027 Sed
3609 1973 4069 2043 quandocunque
4111 1971 4170 2024 in
4198 1970 4428 2024 atrium
4472 1968 4560 2021 Ec-

2843 2064 3031 2117 clesiae
3062 2062 3378 2127 intraveris,
3435 2077 3535 2113 ora
3567 2076 3671 2130 pro
3711 2060 3812 2126 eis,
3847 2064 3903 2114 et
3957 2074 4101 2129 roga
4147 2058 4282 2113 illas
4333 2064 4558 2111 sanctas

2844 2152 3065 2205 animas
3092 2166 3337 2221 quarum
3368 2166 3607 2219 corpora
3630 2149 3706 2203 ibi
3738 2148 4119 2219 requiescunt,
4148 2152 4215 2202 ut

2845 2242 3065 2310 possint
3089 2256 3189 2308 pro
3227 2238 3335 2292 tuis
3356 2237 3600 2307 peccatis
3631 2236 3699 2290 ad
3728 2236 4034 2290 Dominum
4056 2236 4115 2289 in

2916 2328 3193 2397 Operatus
3252 2343 3312 2379 es
3362 2326 3579 2396 aliquid
3610 2326 3665 2378 in
3701 2324 3997 2379 Dominica
4044 2323 4189 2379 die?
4243 2323 4306 2378 Si
4349 2323 4557 2385 fecisti,

2846 2422 2962 2469 tres
2990 2416 3109 2469 dies
3135 2416 3190 2468 in
3213 2431 3360 2485 pane
3383 2420 3437 2468 et
3466 2430 3615 2484 aqua
3645 2413 3922 2484 pmnitere
3953 2412 4140 2468 debes.

2920 2504 3117 2558 Fecisti
3187 2503 3337 2573 quod
3409 2504 3670 2573 quaedam
3729 2502 3998 2555 mulieres
4069 2501 4260 2555 facere
4332 2500 4560 2554 solent?

2852 2594 3153 2662 Deponunt
3206 2591 3542 2644 vestimenta
3598 2606 3701 2643 sua
3739 2594 3793 2643 et
3841 2594 4027 2644 totum
4080 2605 4293 2659 corpus
4335 2589 4557 2642 nudum

2848 2680 3015 2733 melle
3064 2679 3368 2748 inungunt,
3418 2682 3472 2731 et
3529 2677 3607 2729 sic
3648 2676 3864 2730 mellito
3923 2692 4025 2730 suo
4070 2692 4318 2747 corpore
4392 2692 4561 2745 supra

2849 2767 3101 2821 triticum
3152 2766 3212 2819 in
3258 2766 3500 2837 quodam
3554 2766 3730 2819 linteo
3787 2765 3846 2817 in
3902 2768 4054 2819 terra
4096 2765 4399 2834 deposito,
4448 2780 4559 2817 sese

2850 2856 2955 2909 hac
2987 2862 3157 2925 atque
3215 2855 3338 2907 illac
3380 2853 3585 2923 saepius
3635 2853 3958 2919 revolvunt,
4010 2857 4069 2906 et
4126 2859 4341 2906 cuncta
4394 2854 4561 2906 tritici

2850 2960 3048 3013 grana,
3110 2960 3237 3013 quas
3279 2942 3516 2996 humido
3581 2942 3808 3012 corpori
3862 2941 4176 3007 adhaerent,
4228 2942 4560 2995 cautissime

2850 3034 3146 3101 colligunt,
3198 3038 3253 3085 et
3282 3031 3339 3084 in
3376 3031 3590 3083 molam
3619 3031 3879 3093 mittunt,
3913 3036 3970 3083 et
4014 3035 4337 3083 retrorsum
4365 3037 4561 3082 contra

1043 3122 1206 3172 tuum
1238 3119 1307 3173 ad
1338 3118 1698 3172 tractandum
1752 3124 1807 3171 et
1835 3120 1903 3171 ad
1934 3117 2364 3177 sordidandum,
2414 3131 2518 3184 pro
2552 3113 2741 3184 precio
2774 3117 2813 3171 C
2851 3122 3026 3174 solam
3061 3122 3269 3174 molam
3319 3118 3555 3173 circuire
3614 3118 3832 3171 faciunt
3875 3122 3931 3171 et
3957 3117 4037 3171 sic
4093 3118 4152 3172 in
4192 3117 4458 3171 farinam
4491 3134 4560 3170 re-

1043 3207 1395 3272 tradidisses,
1437 3223 1530 3260 seu
1578 3208 1732 3277 quod
1787 3207 2074 3260 crudelius
2117 3211 2202 3257 est
2254 3209 2308 3257 et
2366 3203 2739 3273 periculosius

1039 3300 1144 3356 est.
1169 3296 1421 3350 alienum
1455 3312 1683 3366 corpus,
1712 3295 1846 3349 filiae
1886 3296 2029 3360 dico,
2064 3294 2149 3347 vel
2177 3293 2381 3363 neptis,
2410 3297 2465 3345 et
2499 3292 2737 3361 alicujus

1040 3383 1400 3440 Christianae.
1457 3384 1807 3438 amatoribus
1868 3382 2189 3445 vendidisti,
2240 3383 2327 3435 vel
2390 3380 2732 3447 concessisti,

1041 3471 1130 3524 vel
1162 3470 1526 3525 internuncia
1580 3470 1754 3535 fuisti,
1813 3471 1898 3523 vel
1951 3470 2247 3523 consiliata
2287 3485 2343 3521 es
2372 3472 2434 3521 ut
2474 3474 2733 3536 stuprum

1043 3558 1279 3628 aliquod
1303 3558 1400 3611 tali
1416 3558 1584 3612 modo
1615 3564 2041 3629 perpetraretur
2066 3557 2093 3611 f7
2123 3557 2177 3610 Si
2206 3556 2399 3619 fecisti,
2424 3572 2516 3609 sex
2557 3571 2736 3608 annos

1041 3661 1145 3715 per
1177 3646 1457 3716 legitimas
1481 3645 1646 3699 ferias
1678 3646 1969 3715 pasniteas.
2004 3646 2215 3699 Tamen
2247 3644 2305 3697 in
2352 3642 2590 3696 concilio
2621 3642 2732 3696 Eli-

1040 3736 1278 3788 bertano
1309 3734 1661 3804 praecipitur,
1692 3739 1755 3788 ut
1782 3735 1875 3788 ille
1897 3735 1997 3805 qui
2018 3734 2139 3787 haec
2164 3731 2595 3803 perpetraverit,
2625 3731 2737 3784 nisi

1022 3823 1100 3876 .in
1143 3824 1254 3876 ﬁne
1286 3839 1401 3877 non
1433 3823 1673 3893 accipiat
1701 3824 2189 3877 communionem.

1110 3911 1311 3965 Fecisti
1334 3912 1489 3982 quod
1529 3913 1792 3983 quaedam
1825 3912 2093 3966 mulieres
2125 3911 2306 3964 facere
2329 3907 2563 3963 solent?
2592 3907 2729 3961 Cum

1037 4000 1224 4054 infans
1258 4001 1478 4055 noviter
1518 4006 1686 4056 natus
1721 4004 1824 4067 est,
1858 4006 1916 4054 et
1940 4001 2130 4054 statim
2179 4000 2519 4069 baptizatus,
2567 4001 2624 4051 et
2654 3998 2733 4051 sic

1039 4097 1297 4143 mortuus
1353 4089 1547 4152 fuerit,
1600 4089 1738 4143 dum
1790 4090 2075 4159 sepeliunt
2136 4103 2288 4155 eum,
2322 4088 2380 4140 in
2437 4087 2730 4141 dexteram

1038 4194 1271 4232 manum
1291 4182 1516 4249 ponunt
1544 4178 1596 4232 ei
1629 4182 1897 4248 patenam
1924 4193 2147 4232 ceream
2179 4192 2307 4229 cum
2336 4176 2545 4241 oblata,
2587 4180 2643 4228 et
2672 4175 2730 4228 in

1036 4266 1324 4320 sinistram
1380 4282 1616 4320 manum
1665 4264 1899 4319 calicem
1959 4280 2090 4319 cum
2144 4264 2273 4317 vino
2331 4263 2596 4317 similiter
2640 4279 2728 4316 ce-

1036 4369 1198 4407 reum
1219 4360 1441 4423 ponunt
1467 4353 1537 4420 ei,
1564 4359 1619 4408 et
1642 4353 1722 4406 sic
1743 4369 1872 4406 eum
1897 4352 2199 4423 sepeliunt.
2229 4351 2286 4406 Si
2310 4351 2509 4420 fecisti,
2533 4353 2725 4406 decem

1033 4441 1155 4495 dies
1186 4444 1243 4496 in
1272 4459 1419 4512 pane
1456 4446 1511 4495 et
1540 4458 1689 4512 aqua
1716 4442 1994 4511 poenitere
2016 4440 2207 4495 debes.

1106 4530 1307 4585 Fecisti
1354 4530 1515 4601 "quod
1562 4528 1827 4599 quaedam
1886 4530 2152 4584 mulieres
2210 4529 2480 4582 adultera
2542 4528 2725 4582 facere

1030 4619 1263 4673 solent?
1307 4619 1449 4673 Cum
1511 4617 1764 4687 primum
1822 4617 2201 4672 intellexerint
2251 4618 2402 4689 quod
2442 4624 2723 4671 amatores

1029 4722 1230 4761 earum
1296 4706 1581 4776 legitimas
1637 4722 1843 4760 uxores
1901 4708 2185 4761 voluerint
2237 4706 2514 4776 accipere,
2587 4710 2723 4759 tunc

1029 4794 1277 4866 quadam
1311 4800 1430 4848 arte
1456 4792 1713 4847 maleﬁca
1746 4795 2038 4849 libidinem
2070 4796 2323 4850 virorum
2360 4795 2718 4865 extinguunt,

1028 4882 1387 4953 utlegitimis
1436 4883 1702 4953 prodesse
1749 4900 1861 4937 non
1909 4884 2149 4955 possint,
2207 4898 2393 4953 neque
2449 4899 2578 4937 cum
2637 4883 2719 4936 eis

1025 4972 1198 5025 coire.
1232 4971 1288 5026 Si
1353 4971 1531 5027 fecisti
1588 4978 1689 5026 aut
1729 4973 1872 5027 alios
1904 4973 2166 5041 docuisti,
2215 4974 2302 5028 XL
2332 4972 2453 5026 dies
2484 4972 2543 5025 in
2570 4987 2716 5042 pane

1026 5065 1083 5113 et
1105 5076 1252 5129 aqua
1277 5060 1549 5130 pcenitere
1582 5060 1769 5114 debes.

1095 5148 1359 5202 Obtulisti
1383 5148 1652 5202 infantem
1683 5155 1846 5203 tuum
1865 5149 1935 5203 ab
1964 5148 2400 5217 haptizandum,
2433 5147 2544 5201 nisi
2572 5148 2713 5218 legi-

1019 5235 1158 5289 timo
1186 5241 1461 5308 tempore,
1520 5237 1575 5291 id
1605 5244 1691 5291 est
1736 5238 1797 5291 in
1843 5238 2078 5290 sabbato
2105 5250 2108 5254 '
2132 5236 2381 5302 Paschae,
2415 5243 2471 5290 et
2499 5237 2557 5290 in
2590 5239 2713 5291 sab-

1016 5324 1145 5378 bato
1198 5327 1574 5391 Pentecostes,
1626 5326 1736 5379 nisi
1791 5324 2147 5379 infirmitatis
2193 5324 2584 5379 necessitate?
2653 5326 2710 5379 Si

1012 5410 1210 5478 fecisti,
1244 5413 1441 5467 decem
1474 5413 1593 5467 dies
1623 5413 1681 5466 in
1710 5429 1855 5483 pane
1875 5416 1931 5465 et
1952 5427 2100 5481 aqua
2137 5411 2309 5464 debes
2343 5412 2635 5481 poenitere.

1083 5500 1384 5568 Neglexisti
1419 5500 1647 5554 visitare
1680 5500 1962 5566 infirmos,
2022 5504 2076 5551 et
2106 5514 2223 5552 non
2279 5499 2480 5552 venisti
2509 5500 2579 5554 ad
2611 5517 2709 5554 eos

1012 5586 1111 5653 qui
1141 5586 1197 5641 in
1244 5604 1469 5642 carcere
1526 5592 1708 5653 erant,
1764 5594 1822 5642 et
1851 5602 1974 5640 non
2024 5585 2464 5642 siibzninistrasti
2495 5588 2618 5642 eis?
2649 5588 2708 5644 Si

1018 5684 1134 5724 non
1162 5674 1365 5742 fecisti,
1396 5674 1593 5728 decem
1623 5675 1738 5729 dies
1775 5677 1835 5729 in
1864 5689 2018 5745 pane
2049 5678 2103 5726 et
2132 5688 2279 5743 aqua
2302 5676 2594 5743 posuiteas.

2847 3209 3067 3278 digunt,
3101 3214 3156 3260 et
3186 3208 3252 3261 de
3314 3208 3413 3260 illa
3465 3206 3650 3260 farina
3718 3221 3923 3275 panem
3973 3204 4313 3271 conficiunt,
4383 3211 4444 3259 et
4487 3208 4552 3257 sic

2846 3295 3065 3348 maritis
3109 3294 3224 3347 suis
3283 3293 3356 3347 ad
3407 3292 3822 3348 comedendum
3881 3292 4134 3355 trahunt,
4194 3297 4265 3345 ut
4307 3300 4557 3345 comesto

2844 3399 2993 3452 pane
3040 3388 3390 3436 marcescant
3456 3387 3511 3434 et
3558 3379 3872 3435 deficiant?
3912 3380 3971 3435 Si
4022 3379 4229 3445 fecisti,
4308 3382 4556 3451 quadra-

2845 3472 3003 3541 ginta
3033 3470 3151 3523 dies
3190 3471 3245 3523 in
3272 3486 3416 3540 pane
3438 3472 3494 3523 et
3522 3485 3670 3539 aqua
3700 3468 4000 3539 paeniteas.

2916 3559 3114 3613 Fecisti
3165 3558 3315 3629 quod
3391 3559 3653 3629 quaedam
3732 3558 4004 3611 mulieres
4070 3554 4261 3610 facere
4323 3557 4558 3611 solent?

2847 3647 2990 3701 Dum
3023 3648 3272 3717 pluviam
3315 3663 3429 3701 non
3451 3646 3683 3710 habent,
3717 3651 3854 3699 etea
3876 3646 4155 3715 indigent,
4193 3651 4342 3699 tunc
4375 3646 4556 3716 plures

2842 3738 3061 3806 puellas
3118 3740 3485 3806 congregant,
3559 3740 3613 3789 et
3670 3749 3846 3788 unam
3902 3736 4201 3805 parvulam
4268 3734 4552 3804 virginem

2842 3826 3004 3897 quasi
3036 3826 3237 3880 ducem
3291 3825 3398 3879 sibi
3432 3829 3793 3895 przeponunt,
3843 3828 3899 3877 et
3927 3823 4188 3877 eamdem
4233 3822 4552 3887 denudent,

2843 3920 2899 3967 et
2924 3919 3083 3967 extra
3104 3915 3297 3967 villam
3354 3913 3453 3967 ubi
3484 3913 3719 3967 herbam
3773 3912 4169 3983 jusquiamum
4226 3912 4549 3967 inveniunt.

2842 4018 2968 4073 qum
3022 4003 3326 4056 Teutonice
3376 4002 3554 4055 belisa
3596 4006 3850 4067 vocatur,
3901 4002 3981 4054 sic
4041 4000 4322 4054 nudatam
4389 4002 4553 4054 dedu-

2840 4096 2995 4157 cunt,
3037 4097 3094 4144 et
3122 4092 3381 4144 eamdem
3423 4090 3681 4151 herbam,
3714 4089 3974 4144 eamdem
4012 4090 4301 4157 virginem
4347 4091 4431 4143 sic
4463 4106 4554 4143 nu-

2838 4179 2970 4233 dam
3030 4180 3269 4233 minimo
3322 4179 3500 4248 digito
3542 4178 3754 4231 dextrm
3804 4193 4009 4231 manus
4055 4193 4260 4231 eruere
4310 4178 4553 4244 faciunt,

2839 4271 2896 4321 et
2926 4267 3193 4321 radicitus
3242 4273 3462 4320 erutam
3503 4282 3635 4320 cum
3670 4265 3946 4337 ligamine
3995 4267 4217 4337 aliquo.
4256 4266 4334 4320 ad
4386 4268 4549 4321 mini-

2840 4372 2997 4410 mum
3031 4356 3272 4425 digitum
3304 4355 3483 4408 dextri
3513 4354 3674 4424 pedis
3704 4354 3882 4423 ligare
3933 4354 4168 4408 faciunt.
4200 4354 4272 4408 Et
4310 4355 4550 4425 singula

2838 4444 3045 4515 puellas
3073 4444 3326 4513 singulas
3355 4443 3543 4513 virgas
3589 4442 3648 4496 in
3680 4442 3946 4496 manibus
3990 4442 4292 4505 habentes,
4356 4460 4550 4514 supra-

2834 4534 3040 4587 dictam
3088 4531 3369 4601 virginem
3400 4531 3637 4585 herbam
3680 4536 3810 4602 post
3858 4547 3915 4585 se
3963 4530 4296 4584 trahentem
4356 4533 4421 4586 in
4450 4534 4548 4586 flu-

2832 4637 2965 4676 men
3020 4621 3348 4691 proximum
3388 4619 3781 4686 introducunt,
3831 4624 3889 4673 et
3918 4635 4049 4673 cum
4107 4619 4338 4674 eisdem
4386 4622 4549 4691 virgis

2832 4710 3111 4779 virginem
3147 4708 3385 4762 flumine
3433 4712 3766 4778 aspergunt,
3808 4712 3865 4762 et
3909 4707 3989 4761 sic
4030 4708 4149 4762 suis
4207 4707 4550 4764 incantatio-

2830 4798 2998 4851 nibus
3052 4796 3306 4867 pluviam
3360 4812 3419 4849 se
3465 4795 3674 4849 habere
3724 4801 3973 4866 sperant.
4038 4796 4102 4850 Et
4151 4803 4289 4866 post
4354 4800 4550 4853 eadem

2828 4886 3111 4956 virginem
3142 4886 3221 4938 sic
3252 4884 3467 4938 nudam
3516 4884 3881 4955 transpositis
3929 4889 3987 4938 et
4023 4885 4267 4939 mutatis
4324 4886 4395 4941 in
4438 4904 4549 4941 mo-

2828 4973 2966 5028 dum
3008 4974 3196 5027 cancri
3252 4972 3525 5041 vestigiis,
3580 4988 3614 5026 a
3671 4972 3910 5027 flumine
3968 4971 4041 5026 ad
4102 4972 4337 5039 villam,
4410 4977 4549 5029 inter

2826 5076 3031 5114 manus
3084 5059 3406 5114 reducunt?
3453 5060 3508 5113 Si
3563 5060 3743 5113 fecisti
3795 5064 3893 5113 aut
3940 5061 4320 5116 consentiens
4380 5064 4547 5129 fuisti,

2822 5149 3026 5218 viginti
3052 5150 3171 5203 dies
3203 5149 3261 5201 in
3288 5163 3434 5218 pane
3457 5153 3512 5201 et
3532 5164 3680 5219 aqua
3711 5148 3884 5202 debes
3926 5149 4235 5219 paenitere.

2823 5237 2952 5292 CAP.
2992 5238 3079 5292 VI.
3118 5268 3183 5277 —
3229 5240 3300 5291 De
3350 5237 3715 5291 admonitione
3762 5244 3876 5292 octo
3926 5240 4345 5307 principalium
4392 5245 4544 5295 vitio-

3279 5322 3418 5386 rum,
3461 5331 3511 5379 et
3551 5342 3731 5380 eorum
3760 5327 4054 5395 speciebus.

2892 5414 3002 5481 (Ex
3060 5416 3427 5468 Pwnitentiali
3478 5415 3697 5478 Theod.)
3753 5416 3912 5468 Nunc
3967 5413 4075 5468 tibi
4140 5421 4281 5470 octo
4336 5419 4541 5489 princi-

2816 5502 2970 5571 palia
3017 5502 3153 5555 vitia
3184 5502 3496 5572 explicabo.
3531 5502 3590 5557 Si
3638 5503 3698 5556 in
3747 5504 3857 5556 illis
3913 5507 3968 5557 te
4028 5519 4416 5574 percussum,
4464 5515 4539 5560 ta-

2816 5594 2972 5644 ctum
3020 5595 3078 5645 et
3132 5592 3494 5645 vulneratum
3545 5592 3740 5654 sentis,
3794 5591 3923 5645 vide
3963 5607 4038 5645 ne
4100 5608 4203 5648 me
4252 5598 4450 5661 celes,
4490 5596 4533 5649 id

2815 5685 2920 5745 est,
2983 5679 3331 5750 superbiam,
3383 5695 3585 5734 vanam
3663 5680 3925 5750 gloriam,
3998 5679 4321 5751 invidiam,
4386 5687 4529 5741 iram.

1832 6486 1893 6494 ...ι
2002 6477 2061 6484 -
2194 6477 2247 6480 -
2308 6490 2311 6491 ν
2328 6492 2343 6493 7
2393 6484 2487 6496 -
2656 6484 2775 6492 .—

2862 6482 3121 6490 __
3240 6479 3726 6506 ne,
3904 6092 4592 6496 seel
