4592 6454
394 436 487 484 977
1238 431 1705 490 DECRETOBUM
1751 436 1938 489 LIBRI
1976 437 2081 491 XX.
2125 466 2193 474 â€”
2232 434 2445 490 LIBER
2485 436 2792 491 DECIMUS
2832 436 3072 492 NONUS.

3777 446 3879 496 978

392 555 698 623 tristitiam,
765 555 1085 623 avaritiam,
1136 556 1345 609 ventris
1389 556 1723 626 ingluviem,
1778 557 2079 612 luxuriam.
2113 562 2160 613 A
2201 557 2503 611 Humiliter
2536 557 2707 611 etiam
2737 563 2792 611 te
2825 559 3080 612 sacerdos
3130 560 3229 613 Dei
3252 576 3511 629 exposco,
3550 566 3611 615 ut
3640 562 3879 617 interce-

393 647 463 699 Ex
512 644 726 715 quibus
770 644 818 697 si
868 650 921 697 te
971 645 1315 714 culpabilem
1375 648 1753 714 recognoscis,
1796 647 2079 716 poeniten-

389 734 523 786 tiam
556 733 805 803 suscipe,
837 748 970 786 nam
1005 749 1069 787 ex
1108 733 1193 785 liis
1225 734 1418 787 omnia
1451 735 1585 787 vilia
1613 735 1898 787 oriuntur.

458 823 534 875 De
577 821 866 891 superbia,
922 837 1050 891 quia
1103 821 1332 874 initium
1383 823 1570 875 omnis
1619 824 1830 893 peccati
1878 829 1975 886 est,
2029 828 2084 877 et

385 910 586 979 regina
616 910 877 962 omnium
912 910 1217 975 malorum,
1254 911 1505 963 nascitur
1536 912 1723 964 omnis
1747 911 2080 965 inobedien-

385 998 481 1061 tia,
526 997 717 1049 omnis
776 998 1171 1066 praesumptio,
1214 1003 1269 1050 et
1315 999 1500 1051 omnis
1554 999 1902 1068 pertinacia,
1947 1015 2081 1051 con-

382 1084 696 1151 tentiones,
728 1085 993 1151 hzereses,
1025 1085 1373 1153 arrogantia.

454 1173 532 1225 De
574 1187 717 1225 vana
757 1171 963 1241 gloria,
1001 1172 1299 1239 jactantia,
1351 1172 1697 1241 arrogantia,
1740 1172 2079 1241 indignatio,

384 1259 694 1326 discordia,
722 1258 912 1311 inanis
941 1259 1142 1327 gloriae
1172 1259 1397 1329 cupido,
1439 1264 1495 1313 et
1524 1260 1855 1329 hypocrisis.

457 1349 537 1400 De
598 1347 830 1409 invidia,
904 1348 1153 1401 nascitur
1219 1348 1434 1411 odium,
1502 1348 1840 1415 susurratio,
1894 1348 2078 1401 detra-

383 1436 516 1503 ctio,
577 1434 852 1488 exultatio
931 1436 990 1487 iu
1071 1435 1325 1488 adversis
1387 1436 1651 1504 proximi,
1720 1436 1954 1489 afflictio
2020 1436 2081 1489 in

384 1524 699 1593 prosperis.

457 1614 536 1665 De
564 1613 650 1665 ira
691 1612 957 1664 oriuntur
1012 1612 1165 1677 rixae,
1202 1618 1398 1664 tumor
1438 1612 1663 1675 mentis,
1697 1613 2077 1678 contumelize,

380 1702 619 1764 clamor,
664 1699 1003 1768 indignatio,
1054 1700 1451 1768 praesumptio,
1498 1700 1891 1769 blasphemiae,
1949 1717 2077 1753 san-

382 1788 575 1856 guinis
622 1788 849 1853 effusio,
900 1787 1218 1847 homicidia,
1277 1788 1584 1841 ulciscendi
1637 1789 1937 1858 cupiditas,
1992 1788 2079 1841 in-

374 1877 671 1946 juriarum
704 1876 1001 1929 memoria.

454 1966 533 2018 De
585 1964 816 2017 tristitia
840 1963 1087 2015 nascitur
1115 1963 1352 2027 malitia,
1394 1980 1599 2016 rancor
1654 1963 1853 2031 animi,
1904 1964 2079 2034 pusil-

377 2052 698 2117 lanimitas,
773 2052 1111 2111 amaritudo,
1176 2052 1522 2121 desperatio,
1580 2058 1797 2121 torpor,
1855 2052 2078 2119 vagatio

378 2142 618 2204 mentis,
686 2156 837 2209 saepe
884 2141 1059 2194 etiam
1114 2145 1171 2193 et
1214 2142 1506 2210 praesentis
1557 2141 1688 2193 vita:
1728 2141 1883 2193 nulla
1926 2141 2076 2193 dele-

376 2229 577 2281 ctatio.

453 2317 532 2369 De
596 2316 832 2367 avaritia
880 2315 1147 2368 oriuntur
1199 2316 1448 2381 invidiae,
1517 2316 1688 2381 furta,
1756 2316 2077 2381 latrocinia,

376 2403 722 2467 homicidia,
775 2403 1092 2469 mendacia,
1146 2405 1420 2473 perjuria,
1468 2404 1705 2473 rapiare,
1766 2404 2077 2470 violentite,

376 2491 752 2561 inquietudo,
831 2492 1043 2560 injusta
1103 2492 1338 2561 judicia,
1408 2498 1767 2561 contemptus
1830 2493 2081 2546 veritatis

375 2581 620 2645 futurae,
649 2577 1019 2631 beatitudinis
1045 2578 1275 2642 oblivio,
1310 2578 1613 2631 obduratio
1643 2578 1848 2631 cordis.

448 2664 534 2718 De
596 2665 810 2717 ventris
863 2666 1115 2734 ingluvie
1195 2671 1546 2735 propagatur
1619 2668 1810 2736 inepta
1862 2667 2077 2731 laetitia,

375 2753 723 2815 scurrilitas,
771 2753 987 2819 levitas,
1047 2753 1464 2823 vaniloquium,
1527 2753 1901 2807 immundicia
1951 2770 2079 2807 cor-

2192 646 2290 699 das
2318 663 2419 716 pro
2451 662 2563 714 me,
2616 652 2671 699 et
2712 662 2818 716 pro
2854 648 3096 715 peccatis
3143 648 3284 701 meis
3332 650 3402 702 ad
3454 650 3758 704 Dominum
3826 656 3883 705 et

2192 741 2500 789 creatorem
2558 740 2838 802 nostrum,
2903 741 3183 805 quatenus
3235 738 3304 790 de
3361 738 3448 790 his
3506 742 3561 791 et
3608 739 3875 794 omnibus

2192 824 2499 877 sceleribus
2550 824 2688 877 meis
2738 824 2963 877 veniam
3013 829 3069 878 et
3124 825 3546 895 indulgentiam
3605 829 3877 899 consequi

2192 927 2435 964 merear.

2191 999 2389 1054 Deinde
2431 1000 2677 1053 sacerdos
2726 1015 2843 1052 cum
2889 1004 3172 1068 pcenitente
3220 1006 3531 1069 prosternat
3574 1018 3627 1055 se
3656 1006 3712 1056 in
3764 1011 3876 1058 ter-

2430 1102 2567 1152 ram,
2604 1092 2651 1140 et
2668 1087 2911 1141 decantet
2942 1088 3032 1140 hos
3061 1093 3334 1155 sequentes
3366 1091 3623 1143 Psatmos.

2263 1177 2323 1229 In
2355 1175 2558 1245 primis
2606 1176 2753 1228 dicat
2809 1176 3095 1228 Psalmum
3153 1177 3511 1244 trigesimum
3570 1178 3878 1247 septimum

2190 1270 2393 1332 totum,
2429 1266 2667 1318 Domine
2697 1281 2768 1317 ne
2819 1266 2875 1317 in
2919 1266 3108 1318 furore
3160 1272 3301 1318 tuo:
3352 1272 3409 1319 et
3464 1272 3655 1336 postea
3696 1269 3872 1333 dicat;

2190 1356 2717 1419 0remus,etcantet
2740 1354 3027 1407 Psalmuni
3063 1353 3153 1407 Cll
3181 1370 3192 1407 :
3222 1354 3482 1419 Benedic,
3518 1355 3706 1408 anima
3729 1374 3874 1417 mea,

2192 1444 2469 1507 Domino;
2519 1448 2575 1495 et
2605 1443 2810 1495 iterum
2869 1443 3038 1509 dicat,
3094 1444 3349 1505 Oremus,
3399 1449 3452 1495 et
3495 1450 3681 1497 cantet
3730 1446 3877 1497 Psal-

2192 1548 2344 1584 mum
2383 1533 2420 1585 L
2457 1548 2468 1583 :
2503 1532 2765 1584 Miserere
2797 1532 2930 1594 mei,
2970 1532 3133 1584 Deus.
3184 1533 3316 1584 Post
3347 1532 3462 1584 haec
3496 1538 3683 1585 cantet
3720 1534 3869 1585 Psal-

2193 1633 2349 1669 mum
2384 1617 2499 1669 Llll
2535 1633 2545 1669 :
2586 1618 2751 1680 Deus,
2788 1618 2841 1668 in
2876 1617 3107 1670 nomine
3152 1624 3281 1681 tuo;
3326 1622 3380 1669 et
3411 1617 3578 1681 dicat,
3613 1618 3872 1683 (iremus,

2191 1709 2247 1757 et
2275 1709 2464 1757 cantet
2495 1704 2780 1757 Psalmuni
2817 1705 2877 1757 LI
2908 1720 2919 1757 :
2957 1706 3097 1768 Quid
3140 1704 3399 1773 gloriaris
3428 1706 3485 1757 in
3514 1705 3749 1759 malitia.

2454 1796 2595 1847 Tunc
2625 1794 2771 1846 dicat
2804 1794 2899 1846 has
2920 1794 3292 1861 subsequentes
3324 1798 3607 1847 orationes.

2264 1882 2409 1934 Deus
2453 1882 2613 1950 cujus
2674 1881 3029 1949 indulgentia
3094 1896 3262 1934 nemo
3312 1898 3424 1935 non
3474 1882 3715 1951 indiget,
3759 1898 3874 1936 me-

2190 1974 2384 2023 mento
2416 1970 2615 2023 famuli
2642 1970 2724 2022 tui
2757 1971 2819 2023 N.
2854 1970 2952 2039 qui
2984 1970 3203 2022 lubrica
3233 1970 3445 2023 terreni
3481 1971 3737 2039 corporis
3764 1972 3873 2023 fra-

2190 2058 2406 2127 gilitate
2431 2058 2675 2111 nudatus
2695 2062 2797 2123 est,
2825 2073 3175 2127 quaesumus,
3203 2058 3273 2111 da
3297 2059 3520 2111 veniam
3552 2059 3869 2119 confitenti,

2190 2162 2356 2216 parce
2396 2146 2661 2215 supplici,
2707 2152 2771 2199 ut
2828 2145 2926 2215 qui
2985 2146 3100 2197 suis
3145 2145 3363 2197 meritis
3410 2151 3721 2208 accusatur,
3772 2152 3871 2200 tua

2188 2233 2552 2286 miseratione
2587 2235 2846 2286 salvetur.
2884 2234 2987 2286 Per
3016 2232 3342 2286 Dominum.

2262 2321 2501 2374 Domine
2533 2326 2745 2386 sancte,
2804 2323 2988 2385 Pater,
3036 2321 3395 2390 omnipotens
3443 2327 3653 2375 aeterne
3704 2323 3870 2389 Deus,

2189 2409 2288 2479 qui
2346 2425 2449 2478 per
2498 2411 2690 2463 Jesum
2746 2410 3031 2464 Christum
3088 2409 3289 2463 Filium
3345 2414 3505 2463 tuum
3569 2411 3873 2464 Dominum

2188 2499 2444 2547 nostrum
2477 2495 2709 2547 vulnera
2743 2500 2937 2547 nostra
2968 2511 3167 2546 curare
3196 2494 3462 2561 dignatus
3510 2510 3588 2561 es,
3636 2502 3689 2548 te
3740 2512 3871 2565 sup-

2189 2582 2362 2651 plices
2390 2598 2673 2651 rogamus,
2695 2588 2750 2635 et
2776 2582 3040 2651 petimus,
3065 2588 3125 2633 ut
3152 2582 3413 2650 precibus
3440 2583 3648 2635 nostris
3679 2599 3874 2636 aurem

2190 2675 2300 2723 tua:
2329 2670 2559 2738 pietatis
2607 2670 2879 2723 inclinare
2929 2670 3204 2737 digneris,
3258 2670 3357 2739 qui
3403 2670 3572 2723 etiam
3634 2671 3875 2723 remittis

2190 2759 2385 2812 omnia
2413 2758 2673 2821 crimina,
2708 2764 2760 2811 et
2816 2764 3045 2827 peccata
3084 2758 3346 2810 universa
3385 2758 3687 2821 condonas,
3750 2759 3872 2811 des-

372 2842 561 2910 poris,
596 2841 939 2894 instabilitas
989 2841 1215 2905 mentis,
1252 2842 1516 2908 ebrietas,
1564 2842 1761 2907 libido,
1795 2843 2079 2896 hebetudo

375 2946 610 2983 sensus.
2188 2952 2291 3005 pro
2333 2946 2573 2987 maerore
2626 2934 2899 2998 laetitiam,
2960 2950 3061 3003 pro
3110 2939 3293 2988 morte
3337 2934 3533 2999 vitam,
3566 2938 3631 2987 ut
3679 2935 3747 2988 de
3778 2937 3873 2986 tua

447 3018 533 3072 De
572 3016 803 3071 luxuria
862 3023 1173 3086 generatur
1219 3018 1439 3071 caecitas
1488 3019 1715 3081 mentis,
1763 3018 2081 3071 inconside-
2191 3023 2578 3078 misericordia
2610 3022 2924 3085 conlidens,
2980 3022 3272 3091 pervenire
3322 3037 3646 3075 mereamur
3695 3022 3765 3075 ad
3800 3021 3873 3074 vi-

373 3106 545 3168 ratio,
616 3105 997 3158 inconstantia
1065 3105 1385 3170 oculorum,
1453 3106 1537 3160 vel
1606 3108 1780 3159 totius
1829 3108 2080 3176 corporis
2113 3105 2153 3159 C
2194 3115 2306 3165 tam
2333 3117 2624 3165 aeternam.
2652 3111 2757 3163 Per
2786 3110 3052 3163 eumdem
3090 3110 3412 3163 Dominum.

369 3193 789 3264 praecipitatio,
852 3210 1013 3247 amor
1066 3194 1477 3248 immoderatus
1523 3196 1632 3259 sui,
1681 3196 1875 3249 odium
1921 3212 2078 3249 mau-
2261 3200 2632 3269 Omnipotens
2663 3204 2717 3251 et
2771 3198 3092 3251 misericors
3140 3199 3307 3264 Deus,
3364 3197 3463 3267 qui
3514 3204 3870 3266 peccatorum

370 3284 659 3335 datorum
720 3282 838 3344 Dei,
889 3281 1123 3335 affectus
1175 3283 1473 3353 praesentis
1527 3284 1741 3349 saeculi,
1793 3284 1993 3337 horror
2028 3288 2082 3337 et
2188 3286 2627 3355 indulgentiam,
2661 3285 2718 3337 in
2737 3286 3089 3338 confessione
3123 3288 3292 3338 celeri
3317 3285 3574 3354 posuisti,
3609 3301 3873 3337 succurre

368 3370 712 3441 desperatio
740 3370 937 3423 futuri.
1570 3396 1577 3399 -
2191 3374 2382 3443 lapsis,
2436 3376 2703 3426 miserere
2760 3374 3048 3438 confessis,
3099 3378 3161 3426 ut
3189 3390 3330 3443 quos
3383 3373 3718 3427 dilectarum
3776 3389 3868 3426 ca-

443 3458 590 3513 CAP.
618 3458 739 3511 VII.
766 3489 831 3497 â€”
853 3460 987 3512 Item
1010 3458 1075 3511 de
1095 3459 1389 3513 virtutibus
1406 3460 1599 3529 quibus
1630 3460 1811 3514 eadem
1838 3463 1974 3513 vitia
1995 3476 2082 3514 su-
2191 3468 2325 3515 tena
2380 3461 2737 3531 constringit,
2793 3461 3128 3529 magnitudo
3168 3465 3281 3514 tuas
3320 3461 3545 3530 pietatis
3594 3460 3870 3513 absolv:=â€˜..

539 3536 741 3616 perari
766 3548 999 3615 possint,
1029 3552 1083 3600 et
1115 3547 1181 3601 de
1211 3549 1543 3601 conclusione
1571 3551 1918 3617 poenitentiae.
2193 3551 2316 3603 Per.

446 3636 610 3705 Ergo
676 3634 722 3686 si
789 3634 1067 3704 superbus
1130 3651 1307 3705 usque
1374 3637 1545 3689 modo
1602 3637 1780 3701 fuisti,
1844 3636 2083 3690 humilia
2263 3640 2481 3703 Precor,
2528 3637 2783 3701 Domine,
2834 3637 3152 3690 clementia:
3195 3642 3251 3689 et
3309 3637 3708 3690 misericordia!
3765 3642 3872 3690 tuae

365 3723 642 3792 teipsum
673 3721 732 3774 in
784 3727 1088 3791 conspectu
1141 3723 1255 3776 Dei.
1320 3723 1376 3777 Si
1419 3740 1619 3777 vanam
1656 3723 1895 3793 gloriam
1949 3724 2081 3778 dile-
2193 3727 2565 3794 majestatem,
2599 3730 2660 3778 ut
2687 3726 2900 3778 famulo
2932 3730 3028 3777 tuo
3063 3727 3125 3779 Î.
3160 3733 3387 3794 peccata
3415 3730 3471 3779 et
3501 3727 3749 3778 facinora
3774 3742 3869 3778 sua

363 3811 538 3876 xisti,
578 3810 767 3880 cogita
800 3826 870 3863 ne
902 3816 1139 3880 propter
1181 3812 1561 3865 transitoriam
1611 3814 1860 3875 laudem,
1912 3818 2082 3867 aeterâ€”
2192 3814 2504 3876 confitenti,
2589 3812 2779 3867 debita
2851 3815 3124 3876 relaxare,
3202 3818 3257 3865 et
3310 3813 3533 3865 veniam
3604 3818 3871 3881 praestare

363 3914 516 3952 nam
549 3899 757 3967 perdas
790 3899 1126 3953 mercedem.
1154 3899 1210 3953 Si
1233 3899 1463 3954 invidias
1486 3900 1687 3970 rubigo
1709 3905 1764 3953 te
1790 3902 2083 3971 hucusque
2192 3902 2463 3973 digneris,
2496 3908 2552 3955 et
2573 3902 2993 3969 praeteritorum
3015 3900 3526 3968 criminumculpas
3550 3901 3872 3968 indulgeas,

361 3987 769 4055 consumpsit,
804 3987 957 4057 quod
990 3994 1076 4041 est
1104 3994 1396 4058 peccatum
1431 3989 1764 4054 maximum,
1817 3995 1873 4043 et
1914 4005 2084 4058 super
2192 3993 2291 4061 qui
2322 3990 2573 4044 humeris
2616 3990 2728 4042 tuis
2759 4006 2921 4042 ovem
2973 3990 3250 4058 perditam
3294 3990 3588 4047 reduxisti,
3641 3989 3737 4057 qui
3770 4005 3871 4057 pu-

365 4076 585 4130 omnia
617 4074 949 4130 detestabile
983 4092 995 4129 :
1030 4077 1165 4147 quia
1195 4077 1422 4131 diabolo
1445 4084 1812 4148 comparatur
1836 4078 2080 4143 invidus,
2196 4080 2402 4133 blicani
2429 4079 2691 4147 precibus
2721 4084 2777 4131 et
2806 4078 3154 4131 confessione
3188 4079 3441 4147 placatus
3471 4095 3529 4130 es
3564 4094 3576 4130 :
3611 4082 3671 4130 tu
3705 4078 3873 4129 etiam

366 4164 481 4234 qui
544 4163 737 4233 primo
784 4163 1003 4217 homini
1064 4165 1269 4219 invidit
1326 4166 1543 4232 datum,
1608 4167 1761 4236 quod
1814 4166 1934 4236 ipse
1983 4182 2085 4235 per
2196 4167 2433 4221 Domine
2466 4166 2595 4219 huic
2653 4167 2868 4219 famulo
2910 4171 3007 4219 tuo
3035 4168 3289 4236 placatus
3333 4183 3453 4219 esse
3499 4166 3768 4233 digneris,
3817 4171 3873 4216 tu

362 4268 551 4305 suam
583 4251 812 4320 culpam
843 4252 1189 4320 perdiderat,
1246 4270 1350 4324 age
1384 4255 1801 4323 paenitentiam,
1852 4260 1905 4308 et
1954 4271 2082 4324 pro-
2195 4257 2362 4324 hujus
2406 4254 2667 4324 precibus
2724 4254 3010 4323 benignus
3058 4255 3263 4323 aspira,
3317 4261 3378 4308 ut
3424 4256 3483 4307 in
3528 4255 3875 4307 confessione

358 4342 602 4394 fectum
638 4340 882 4393 aliorum
918 4345 1079 4394 tuum
1106 4342 1333 4411 deputa.
1388 4342 1444 4396 Si
1477 4342 1705 4395 tristitia
1736 4349 1788 4396 te
1829 4348 2079 4413 superat,
2110 4380 2153 4434 Î’
2193 4343 2485 4413 placabilis
2518 4348 2868 4410 permaneat,
2918 4342 3084 4395 ï¬‚etus
3124 4342 3245 4409 ejus
3293 4346 3347 4395 et
3396 4342 3615 4410 petitio,
3670 4357 3875 4411 perpe-

357 4427 731 4498 patientiam
765 4434 819 4481 et
848 4429 1346 4499 longanimitatem
1378 4431 1676 4485 meditare.
1724 4432 1779 4486 Si
1832 4432 2081 4485 avaritiae
2110 4427 2146 4434 â·
2193 4438 2345 4485 tuam
2391 4430 2749 4483 clementiam
2814 4436 2968 4483 tuam
3022 4431 3248 4483 cleriter
3307 4437 3517 4492 exoret,
3556 4430 3873 4498 sanctisque

359 4516 627 4571 morbus
675 4520 728 4567 te
776 4523 995 4586 gravat,
1038 4517 1222 4588 cogita
1298 4518 1431 4589 quia
1472 4519 1633 4572 radix
1690 4525 1774 4572 est
1820 4520 2078 4574 omnium
2190 4520 2464 4573 altaribus
2494 4520 2810 4583 restitutus,
2843 4518 2960 4586 spei
3012 4533 3237 4569 rursum
3272 4522 3499 4570 aeterna:
3552 4534 3611 4569 ac
3662 4516 3873 4569 caelesti

358 4606 699 4669 malorum,
734 4611 791 4658 et
822 4605 1160 4659 idololatriae
1187 4612 1570 4676 comparatur,
1601 4612 1656 4661 et
1686 4608 1815 4662 ideo
1856 4609 2081 4678 largum
2190 4608 2385 4678 gloriae
2415 4606 2787 4674 mancipatur.
2825 4605 2930 4668 Qui
2962 4604 3103 4657 vivis
3137 4612 3191 4657 et
3222 4620 3445 4674 regnas.

354 4702 417 4749 te
461 4708 601 4747 esse
634 4697 875 4760 oportet.
913 4692 969 4746 Si
1008 4693 1093 4745 ira
1139 4698 1193 4747 te
1245 4700 1423 4755 vexat,
1476 4711 1604 4766 qua:
1656 4695 1714 4748 in
1778 4697 2081 4750 stultorum
2786 4693 2992 4747 Deinde
3019 4692 3271 4762 adiunge.

352 4786 509 4837 sinu
552 4780 882 4849 requiescit,
916 4780 1197 4834 dominari
1234 4783 1406 4836 debes
1434 4785 1628 4836 animo
1662 4788 1779 4847 tuo,
1831 4790 1886 4837 et
1938 4785 2084 4838 hanc
2265 4785 2409 4837 Deus
2449 4780 2811 4851 omnipotens
2843 4781 2919 4833 sit
2945 4781 3171 4849 adjutor
3202 4786 3257 4833 et
3302 4784 3590 4849 protector
3626 4784 3776 4836 tuus.
3823 4784 3878 4831 et

352 4888 389 4923 a
429 4876 496 4922 te
534 4866 745 4919 mentis
786 4867 1196 4935 tranquillitate
1250 4869 1403 4937 fuga.
1450 4869 1508 4923 Si
1558 4870 1771 4922 ventris
1802 4870 2083 4939 ingluvies
2190 4878 2418 4942 praestet
2464 4870 2881 4939 indulgentiam
2955 4870 3023 4923 de
3073 4868 3315 4938 peccatis
3354 4868 3488 4929 tuis,
3551 4866 3873 4937 praeteritis,

352 4966 417 5013 te
455 4956 541 5009 ad
579 4954 967 5008 devorandum
1000 4957 1299 5023 pertrahit,
1346 4956 1710 5011 sobrietatem
1756 4963 1985 5011 sectare.
2027 4959 2084 5012 Si
2191 4959 2589 5030 prassentibus,
2624 4964 2679 5011 et
2709 4956 2933 5011 futuris.
2969 4961 3167 5011 Amen.

352 5042 656 5107 luxuriae,
691 5043 1008 5096 castitatem
1042 5061 1199 5097 vove.
2388 5048 2514 5101 CAP.
2550 5047 2686 5099 VIII.
2721 5077 2788 5085 â€”
2822 5046 3048 5101 Salubre
3076 5044 3383 5099 antidotum
3414 5045 3718 5098 animabus.

438 5134 621 5186 Tunc
666 5136 992 5199 prosternat
1038 5148 1094 5183 se
1138 5132 1423 5201 paenitens
1472 5133 1529 5186 in
1577 5138 1810 5201 terram,
1860 5138 1917 5187 et
1955 5150 2082 5187 cum
2264 5135 2380 5204 (Ea:
2410 5137 2627 5203 scriptis
2657 5136 2934 5203 Propheta:
2973 5140 3021 5187 et
3065 5136 3291 5201 Grcgor.
3348 5136 3601 5199 Hierony.
3637 5137 3880 5202 August-

352 5216 661 5287 lacrymis
709 5217 859 5271 dicat
914 5220 1023 5272 :Et
1064 5218 1123 5271 in
1174 5219 1279 5285 his,
1332 5224 1387 5273 et
1433 5220 1493 5273 in
1560 5221 1684 5273 aliis
1732 5221 1901 5286 vitiis,
1953 5222 2085 5291 qui-
2192 5229 2241 5277 et
2267 5224 2330 5275 de
2364 5224 2539 5277 tribus
2571 5224 3042 5277 Paâ€™nitentiulibus
3091 5224 3404 5291 collectum.)
3452 5217 3877 5275 lnstitutio'illa

352 5314 730 5375 tiuscunque
760 5306 1012 5359 humana
1040 5306 1318 5377 fragilitas
1370 5312 1566 5361 contra
1620 5310 1796 5362 Deum
1842 5314 1895 5361 et
1938 5326 2086 5363 crea-
2194 5326 2321 5380 quae
2350 5310 2514 5363 fiebat
2554 5311 2610 5362 in
2643 5311 2841 5363 diebus
2894 5318 3119 5380 patrum
3168 5314 3491 5362 nostrorum
3544 5314 3722 5361 rectas
3763 5308 3878 5359 vias

350 5408 576 5451 torem
607 5399 921 5459 suum,aut
945 5395 1270 5463 cogitando,
1304 5401 1403 5449 aut
1452 5396 1757 5466 loquendo,
1800 5402 1899 5450 aut
1944 5414 2086 5467 ope-
2196 5414 2489 5466 nunquam
2552 5398 2822 5463 deseruit,
2880 5400 2981 5468 qui
3040 5398 3411 5450 instituerunt
3470 5395 3879 5463 pcenitentibus

347 5482 597 5546 rando,
653 5486 753 5533 aut
809 5482 1159 5547 delectando,
1210 5488 1306 5536 aut
1365 5485 1815 5553 concupiscendo
1853 5502 2085 5554 peccare
2196 5492 2366 5554 atque
2416 5485 2744 5553 lugentibus
2816 5503 2944 5539 suas
3006 5485 3293 5554 passiones
3333 5500 3394 5537 ac
3444 5484 3578 5536 vitia
3636 5482 3879 5535 medica-

352 5575 601 5643 potest,
636 5569 692 5622 in
726 5570 995 5622 omnibus
1027 5587 1115 5623 me
1146 5588 1422 5639 peccasse,
1444 5577 1674 5624 etreum
1700 5573 1755 5623 in
1782 5580 2082 5641 conspectu
2198 5577 2386 5626 mento
2418 5572 2611 5623 salutis
2644 5577 2872 5626 aeterne}:
2912 5589 3197 5642 superare.
3231 5572 3373 5635 Quia
3421 5572 3713 5623 diversitas
3759 5570 3877 5622 cul-

356 5660 478 5715 Hui
527 5672 706 5725 super
737 5672 936 5708 omnes
968 5658 1227 5709 homines
1253 5674 1371 5711 esse
1390 5664 1758 5725 cognosco,et
1790 5662 2082 5712 confiteor.
2200 5675 2418 5728 parum,
2464 5658 2847 5713 diversitatem
2887 5662 3011 5713 facit
3049 5660 3454 5728 paenitentibus
3501 5660 3879 5712 medicamen-

2189 2863 2299 2917 que
2334 2847 2463 2900 huic
2494 2846 2708 2899 famulo
2741 2853 2859 2911 tuo,
2888 2845 3151 2912 Domine,
3175 2862 3275 2915 pro
3303 2846 3595 2914 suppliciis
3626 2848 3870 2912 veniam,
