3944 6418
342 450 445 502 979

1418 433 1824 491 BURCIIARDI
1861 427 2400 486 WORMACIENSIS
2442 423 2779 480 EPISCOPI.
2819 406 2832 412 ”

3760 415 3864 468 980

342 577 567 639 ἴοι·αωί
636 568 792 622 νθιυῐ
845 562 1051 620 Πιθάίεί
1127 576 1436 634 corporum
1497 559 1721 614 diversa
1788 554 2037 610 medica‘
2068 554 2115 607 Α
2157 570 2472 639 eademque
2521 565 2666 620 libra
2710 562 3070 634 pensandum
3129 563 3232 627 est,
3286 559 3419 612 licet
3469 558 3527 612 in
3579 573 3697 611 uno
3731 571 3869 609 con-

347 667 560 728 menta,
590 659 677 712 vel
701 655 967 729 potiones
1013 643 1204 707 solent
1228 651 1434 715 facere,
1488 653 1686 702 contra
1742 643 2046 700 diversita—

346 763 462 810 tem
496 750 918 807 infirmitatum.
960 744 1058 798 Vel
1097 740 1319 812 judices
1351 736 1713 791 saecularium
1745 747 2047 787 causarum

351 847 574 901 diversa
604 845 781 911 agunt
806 833 1043 909 judicia,
1073 831 1171 903 qui
1202 828 1340 884 boni
1383 831 1533 893 sunt,
1592 829 1650 879 et
1699 830 1855 878 recta
1907 836 2046 892 pen-

350 937 497 999 sant,
527 908 699 1000 atque
729 908 974 980 tractant
1027 917 1318 992 quomodo
1360 914 1641 986 judicent,
1697 914 1847 964 recte
1900 908 2053 960 inter

354 1022 592 1076 miseros
621 1023 678 1072 et
707 1014 928 1078 divites,
961 1011 1115 1064 inter
1143 1021 1396 1070 causam,
1428 1008 1484 1056 et
1513 1015 1744 1055 causam
1775 1015 1791 1051 :
1828 997 2052 1060 Quanto

354 1109 537 1179 magis
593 1105 772 1177 igitur
825 1098 1144 1155 sacerdotes
1212 1093 1314 1148 Dei
1367 1092 1587 1144 diversa
1635 1085 2054 1141 medicamenta

355 1177 680 1253 animarum
711 1188 1085 1246 invisibilium
1106 1181 1435 1238 hominibus
1462 1192 1705 1248 pensare
1728 1179 1783 1228 et
1812 1177 2053 1227 tractare

357 1290 600 1357 Oportet,
634 1298 703 1336 ne
734 1296 837 1352 per
869 1277 1107 1331 stultum
1140 1270 1428 1326 medicum
1462 1267 1699 1320 vulnera
1729 1262 2054 1317 animarum

354 1350 704 1449 putrescant,
735 1350 795 1425 et
819 1368 1015 1439 pejora
1057 1364 1220 1427 fiant,
1256 1359 1540 1428 Propheta
1571 1355 1792 1408 dicente
1820 1369 1832 1406 :
1885 1350 2055 1403 Com-

356 1467 709 1537 putruerunt
733 1458 1022 1513 cicatrices
1052 1467 1217 1518 mem,
1251 1465 1282 1502 a
1312 1447 1454 1501 facie
1501 1440 1850 1512 insipientia:
1893 1453 2052 1490 meat.

359 1526 403 1611 ἱ)
435 1555 607 1608 stulte
638 1549 882 1610 medice,
905 1543 1024 1599 noli
1044 1540 1309 1610 decipere
1333 1535 1583 1588 animam
1613 1537 1771 1584 tuam
1803 1533 1860 1581 et
1880 1526 2056 1591 illius,

359 1660 430 1699 ne
461 1641 748 1712 duplicem
775 1649 1001 1708 poenam
1015 1629 1280 1697 accipias,
1300 1625 1388 1678 vel
1415 1621 1760 1693 septuplam,
1790 1617 1877 1669 vel
1926 1615 2056 1668 mil-

359 1710 572 1788 lenam.
605 1729 752 1784 Audi
803 1723 1093 1781 Christum
1145 1717 1472 1772 dicentem:
1507 1710 1564 1765 Si
1623 1723 1802 1763 caecus
1847 1719 2058 1758 caecum

2159 657 2520 726 stringantur
2544 653 2704 720 vitio,
2739 652 2835 706 sed
2892 649 3156 705 discretio
3188 648 3260 701 sit
3296 647 3446 701 inter
3487 644 3867 715 unumquod-

2160 763 2271 817 que
2304 761 2526 810 eorum,
2556 743 2663 796 hoc
2708 744 2794 794 est
2840 739 2993 792 inter
3037 737 3271 791 divitem
3321 741 3378 789 et
3410 750 3744 806 pauperem,
3779 732 3870 784 in-

2159 841 2246 888 ter
2270 835 2512 888 liberum
2545 837 2599 884 et
2629 845 2877 888 θυι-νοω,
2925 827 3227 893 infantem,
3259 839 3526 895 puerum,
3564 823 3870 893 juvenem,

2161 925 2604 986 adolescentem,
2639 928 2801 973 anate-
2838 933 3052 983 senem,
3102 915 3388 981 hebetem,
3441 913 3723 982 ignarum,
3760 909 3874 962 lai-

2163 1029 2314 1079 cum,
2363 1010 2652 1075 clericum,
2729 1006 3098 1070 monachum,
3160 1003 3513 1073 episcopum,
3566 999 3874 1070 presbyte-

2164 1100 2668 1166 rum,diaconum,
2721 1095 3156 1159 subdiaconum,
3212 1092 3504 1155 lectorem,
3553 1090 3607 1141 in
3657 1087 3871 1158 gradu,

2162 1191 2248 1244 vel
2281 1189 2402 1242 sine
2432 1187 2632 1256 gradu,
2666 1184 3060 1254 conjugatum,
3094 1181 3181 1234 vel
3210 1180 3330 1233 sine
3372 1177 3661 1249 conjugio,
3695 1192 3875 1246 pere—

2165 1274 2802 1350 grinum,indigenam,
2851 1271 3152 1341 virginem,
3206 1269 3454 1334 viduam,
3508 1265 3871 1326 canonicam,

2167 1365 2527 1429 monacham,
2562 1361 2827 1426 debilem,
2861 1359 3178 1419 inﬁrmum,
3231 1372 3454 1421 sanum,
3487 1354 3876 1408 fornicautem

2167 1472 2297 1510 cum
2358 1451 2723 1515 animalibus,
2776 1450 2860 1502 vel
2895 1463 3024 1500 cum
3083 1445 3418 1500 hominibus
3466 1448 3666 1495 contra
3711 1448 3876 1495 natu-

2169 1561 2313 1609 ram,
2348 1541 2762 1604 continentem,
2792 1537 2880 1590 vel
2924 1535 3394 1599 incontinentem,
3429 1533 3742 1594 voluntate,
3774 1546 3883 1583 ne-

2169 1632 2453 1695 cessitate,
2483 1630 2569 1682 vel
2604 1644 2757 1694 casu,
2793 1644 2889 1679 seu
2921 1625 2978 1678 in
3026 1623 3255 1693 publico
3288 1625 3636 1692 peccantem,
3674 1620 3762 1672 vel
3814 1619 3882 1672 in

2170 1719 2520 1784 abscondito,
2545 1722 2603 1770 et
2633 1715 2786 1786 quali
2821 1712 3262 1783 compunctioue
3295 1711 3414 1764 haec
3445 1708 3640 1762 omnia
3674 1723 3884 1761 emen-

362 1821 606 1882 duxerit,
633 1817 800 1870 ambo
829 1814 887 1867 in
912 1813 1136 1867 foveam
1155 1805 1384 1860 cadunt.
1412 1803 1476 1892 Et
1497 1799 1544 1852 si
1571 1803 1635 1852 tu
1664 1796 1876 1892 cogitas
1902 1791 2057 1892 judit
2096 1839 2133 1892 Β
2172 1807 2284 1873 ἀει,
2322 1810 2384 1858 ιη
2410 1808 2465 1858 et
2497 1804 2640 1868 loca,
2675 1807 2730 1856 et
2757 1805 3022 1870 tempora
3042 1797 3358 1869 paenitendi
3389 1796 3690 1850 discernat.

362 1910 514 1964 cium
546 1922 762 1970 meum,
795 1904 938 1956 alter
965 1900 1139 1953 homo
1180 1909 1297 1949 non
1326 1891 1505 1957 audit,
1541 1902 1725 1958 neque
1770 1883 1923 1938 videt
1963 1883 2063 1952 qui

364 1997 687 2068 mejudicet
720 2009 732 2047 :
765 2010 796 2046 o
829 1984 1234 2056 nonintelligis
1250 1981 1405 2054 quod
1422 1981 1571 2034 Deus
1592 1973 1985 2048 judexjustus,
2010 1975 2068 2024 et

363 2060 550 2153 fortis,
586 2083 736 2138 videt
767 2086 824 2133 et
863 2077 1042 2139 audit,
1085 2078 1144 2128 et
1173 2073 1229 2125 in
1281 2071 1469 2141 palam
1503 2062 1834 2119 abscondita
1887 2060 2065 2114 dedu-

369 2180 476 2240 cet,
525 2148 582 2227 et
622 2170 823 2226 reddet
874 2163 1186 2234 unicuique
1244 2156 1556 2212 secundum
1590 2168 1766 2222 opera
1804 2149 1948 2203 sua?
2004 2148 2068 2200 Et

369 2265 510 2318 Item
545 2277 558 2314 :
594 2261 734 2312 Vere
769 2259 903 2309 sunt
933 2248 1219 2317 nonnulli,
1253 2261 1536 2301 caecorum
1566 2257 1773 2295 canum
1799 2237 2066 2292 similitu-

369 2352 561 2406 dinem
591 2345 948 2409 habentium,
980 2338 1340 2395 currentium
1382 2334 1453 2388 ad
1485 2331 1760 2386 cadavera
1803 2337 2068 2381 mortuo-

373 2455 522 2504 rum,
559 2437 647 2491 vel
678 2431 1114 2489 similitudinem
1138 2439 1440 2480 corvorum
1475 2417 1813 2482 volantium,
1846 2413 1946 2486 qui
2001 2413 2071 2466 ad

373 2503 752 2583 sacerdotium
788 2522 1132 2582 evehuntur,
1165 2530 1283 2569 non
1313 2515 1548 2584 propter
1577 2507 1781 2569 Deum,
1816 2503 1910 2557 sed
1941 2504 2073 2573 plus

373 2622 610 2690 propter
639 2617 920 2670 honorem
945 2617 1240 2664 terrenum
1273 2602 1581 2665 inhiantes,
1601 2599 1732 2652 cazci
1762 2595 1953 2650 divina
1983 2611 2071 2647 sa-

373 2683 609 2778 pientia.
646 2705 722 2757 De
752 2701 962 2756 talibus
995 2697 1140 2751 dixit
1167 2691 1474 2763 Gregorius
1506 2687 1899 2745 Nazianzenus
1934 2700 1946 2737 :
1980 2683 2073 2736 ’I‘i-

373 2811 502 2850 meo
533 2794 662 2859 hoc,
692 2790 846 2863 quod
881 2803 1046 2841 canes
1076 2786 1430 2837 assectantur
1462 2777 1717 2832 officium
1750 2773 2030 2846 pastorale
2057 2789 2068 2826 :

374 2882 620 2938 maxime
654 2860 785 2932 cum
831 2872 1152 2944 semetipsis
1207 2869 1350 2924 nihil
1392 2863 1852 2938 praeparaverint
1907 2860 2073 2915 disci-

372 2972 563 3042 plinae.
593 2965 852 3022 Ezechiel
887 2977 1134 3032 namque
1185 2958 1308 3012 ait:
1353 2958 1445 3009 Vm
1494 2952 1818 3025 pastoribus
1877 2950 2072 3014 Israel,

374 3038 475 3131 qui
506 3057 813 3129 pascebant
844 3051 1198 3120 semetipsos,
1230 3051 1287 3100 et
1316 3061 1432 3098 non
1461 3057 1718 3114 gregem.
1765 3041 1868 3094 Lac
1914 3038 2074 3092 bibe-

2246 1897 2376 1949 I-Izrc
2423 1892 2618 1947 omnia
2664 1893 2732 1946 de
2783 1889 3115 1954 canonibus,
3173 1891 3226 1940 et
3278 1887 3348 1940 de
3392 1889 3719 1938 sanctorum
3765 1885 3884 1936 Pa-

2175 1991 2329 2039 trum
2376 1981 2692 2047 sententiis,
2745 1984 2799 2032 et
2847 1979 2916 2031 de
2978 1977 3342 2045 Hieronymo,
3409 1974 3477 2027 de
3527 1972 3880 2042 Augustino,

2176 2072 2474 2143 Gregorio,
2503 2069 2822 2134 Theodoro,
2861 2066 3028 2132 Beda,
3065 2069 3119 2118 et
3145 2080 3211 2117 ex
3245 2061 3628 2118 Poenitentiali
3658 2061 3882 2115 Roma-

2178 2178 2253 2215 no
2291 2176 2424 2214 vera
2470 2157 2808 2228 collegimus
2843 2171 2857 2209 :
2901 2159 2957 2208 et
2994 2158 3057 2207 ut
3100 2153 3244 2206 nulli
3282 2168 3509 2204 necesse
3549 2150 3620 2202 sit
3663 2149 3879 2219 perire,

2178 2249 2488 2304 scientibus
2533 2251 2589 2301 et
2614 2243 3071 2314 intelligentibns
3110 2241 3436 2294 animarum
3469 2239 3719 2304 medicis,
3754 2239 3886 2291 haec

2179 2337 2553 2409 temperanda
2593 2332 3022 2388 committimus.
3059 2330 3125 2384 In
3161 2330 3291 2384 Iesu
3338 2328 3454 2382 tilio
3505 2327 3698 2380 Sirach
3731 2326 3883 2379 dici-

2179 2431 2314 2481 tur:
2356 2426 2419 2480 In
2458 2421 2768 2495 judicando
2811 2425 2930 2474 esto
2979 2418 3322 2483 misericors,
3374 2416 3607 2486 pupillis
3661 2420 3726 2468 ut
3773 2432 3884 2484 pa-

2179 2520 2285 2569 ter.
2327 2516 2471 2568 Item
2507 2515 2733 2565 sanctus
2773 2508 3016 2563 Iacobus
3059 2507 3136 2560 ait
3169 2523 3182 2560 :
3229 2504 3516 2558 Iudicium
3549 2504 3671 2557 sine
3720 2504 3889 2557 mise-

2182 2601 2432 2656 ricordia
2474 2599 2584 2654 erit
2618 2599 2701 2652 illi
2742 2597 2840 2668 qui
2890 2612 3008 2650 non
3055 2594 3191 2648 facit
3244 2593 3692 2646 misericordiam
3727 2609 3740 2646 ε
3786 2610 3886 2645 su-

2182 2692 2495 2763 perexaltet
2533 2693 2724 2742 autem
2769 2684 3164 2740 misericordia
3197 2683 3502 2753 judicium.
3538 2683 3606 2735 Et
3653 2687 3889 2735 sanctus

2183 2779 2539 2851 Augustinus
2567 2776 2723 2843 dicit,
2757 2775 2824 2829 de
2856 2773 2967 2826 illis
2999 2771 3099 2842 qui
3125 2787 3318 2824 veram
3367 2770 3768 2839 paenitentiam
3803 2772 3885 2823 fa-

2185 2868 2362 2934 ciunt,
2397 2866 2452 2920 in
2480 2865 2728 2935 jejunio,
2746 2867 2802 2916 et
2830 2861 2988 2926 fletu,
3011 2861 3066 2913 in
3093 2858 3494 2928 eleemosynis,
3521 2858 3581 2910 in
3604 2858 3887 2910 orationi-

2186 2959 2311 3024 bus,
2347 2961 2403 3008 et
2430 2960 2491 3007 ut
2523 2957 2849 3023 perpetrata
2876 2951 3082 3004 iterum
3116 2964 3232 3001 non
3267 2947 3476 3000 faciant
3505 2963 3516 2999 :
3549 2951 3606 2999 et
3645 2947 3690 2998 si
3732 2946 3888 2999 fece—

2186 3046 2323 3110 rint,
2357 3049 2551 3098 tamen
2582 3057 2700 3095 non
2727 3041 3095 3111 perseverant
3126 3038 3186 3089 in
3208 3035 3309 3088 eis.
3349 3034 3493 3100 Quia
3527 3036 3675 3088 Deus
3709 3035 3849 3088 dicit
3876 3051 3886 3087 :

376 3150 538 3213 bant,
570 3151 621 3199 ετ
657 3143 797 3197 lanis
829 3155 1027 3194 90mm
1057 3134 1482 3206 operiebantur:
1515 3136 1572 3184 et
1613 3129 1769 3199 (Ιυυά
1823 3142 2076 3180 crassum
2107 3120 2147 3175 (ἶ
2187 3134 2394 3188 Malum
2444 3129 2706 3201 cogitasti
2739 3145 2752 3182 :
2808 3126 3023 3196 iguovi.
3077 3125 3285 3179 Malum
3365 3123 3556 3177 dixisti
3590 3139 3603 3177 :
3665 3123 3888 3192 ignovi.

377 3236 506 3303 fuit,
541 3229 982 3293 manducabant,
1031 3225 1179 3296 quod
1231 3223 1476 3276 fractum
1528 3219 1654 3283 fuit,
1705 3232 1820 3269 non
1873 3215 2076 3285 alliga-

382 3325 541 3389 bant,
577 3327 632 3374 et
656 3319 896 3388 reliqua.
934 3316 1075 3369 Item
1112 3310 1364 3366 Ezechiel
1393 3308 1472 3361 ait
1500 3324 1512 3360 :
1543 3307 1635 3359 Va:
1663 3304 2074 3369 sacerdotibus,

383 3411 482 3483 qui
509 3409 819 3464 comedunt
848 3410 1079 3476 peccata
1102 3398 1302 3472 pOpuli
1335 3397 1466 3463 mei,
1503 3396 1606 3449 hoc
1634 3398 1718 3447 est
1744 3393 1849 3446 sibi
1878 3406 2077 3445 eorum

385 3503 678 3555 sumentes
708 3495 986 3560 victimas,
1041 3496 1098 3544 et
1131 3504 1246 3543 non
1278 3490 1508 3540 orantes
1554 3499 1660 3554 pro
1710 3483 1792 3535 eis
1826 3498 1838 3534 :
1887 3496 2078 3534 come-

383 3589 580 3644 dentes
609 3584 844 3651 hostias,
877 3586 932 3636 et
986 3595 1104 3634 non
1135 3575 1540 3646 corripientes;
1574 3571 1674 3643 qui
1706 3570 1804 3624 ubi
1835 3569 2080 3624 moritu-

385 3694 476 3732 ros
507 3675 769 3731 homines
797 3671 1057 3737 audiunt,
1091 3667 1224 3720 inde
1255 3664 1527 3736 gaudent,
1560 3665 1616 3715 et
1645 3664 1972 3730 praeparant
2023 3673 2082 3710 se

384 3766 455 3820 ad
506 3767 760 3836 praedam
817 3759 983 3832 quasi
1040 3755 1194 3811 corvi
1250 3754 1318 3809 ad
1373 3753 1648 3806 cadavera
1688 3754 2079 3802 mortuorum.

387 3857 546 3910 Nunc
593 3869 750 3924 ergo,
804 3868 836 3904 o
867 3850 1085 3913 fratres,
1147 3844 1247 3916 qui
1272 3841 1514 3897 voluerit
1543 3837 1848 3893 sacerdotis
1873 3851 2081 3889 nomen

386 3944 614 4008 habere,
648 3923 708 3992 in
742 3937 940 4008 primis
971 3939 1206 4004 propter
1257 3932 1436 3984 Deum
1467 3928 1694 3997 cogitet,
1726 3929 1789 3978 ut
1811 3923 1991 3977 discat
2019 3937 2085 3975 ea

388 4046 517 4100 quae
548 4029 600 4082 ei
633 4025 947 4081 necessaria
973 4023 1107 4087 sint,
1145 4025 1451 4088 antequam
1482 4029 1686 4069 manus
1706 4011 1961 4082 episcopi
1993 4026 2083 4062 ca-

387 4099 492 4189 put
521 4118 644 4187 ejus
674 4118 908 4183 tangat:
954 4110 1012 4164 Id
1067 4114 1168 4175 est,
1232 4104 1591 4167 Psalterium,
1645 4099 2082 4165 Lectionarium,

388 4188 518 4262 cum
578 4201 915 4272 Evangeliis,
977 4200 1475 4252 Sacramentorum
1521 4191 1756 4255 librum,
1804 4188 2084 4257 Baptiste-

390 4297 538 4349 rium
574 4311 585 4346 :
622 4297 677 4346 et
706 4292 1055 4360 computum,
1087 4300 1217 4339 cum
1267 4283 1421 4353 cyclo
1473 4296 1602 4334 cum
1634 4277 2084 4331 commendatio-

392 4384 558 4438 nibus
588 4381 934 4441 animarum,
973 4372 1467 4446 martyrologium,
1521 4367 1798 4422 homelias
1838 4382 1940 4436 per
1971 4365 2085 4418 cir-

390 4473 580 4527 culum
619 4469 756 4524 anni
792 4466 1054 4538 plebibus
1076 4460 1487 4533 praedicaudas.
1539 4457 1692 4511 Istud
1745 4461 1830 4509 est
1873 4455 2088 4526 simpli-

389 4562 609 4617 ciorum
646 4577 658 4614 :
694 4558 830 4630 quia
862 4557 907 4610 si
962 4570 1141 4609 unum
1175 4550 1637 4622 supradictorum
1685 4545 1950 4611 defuerit,
1990 4561 2086 4597 sa-

389 4650 635 4706 cerdotis
665 4663 876 4702 nomen
901 4645 960 4699 in
996 4661 1062 4699 eo
1095 4658 1211 4696 non
1239 4638 1543 4695 constabit.
1593 4637 1677 4691 Ad
1724 4636 1848 4690 haec
1896 4639 2088 4687 autem

391 4756 560 4795 suum
621 4735 1104 4793 Pmnitentialem,
1167 4730 1267 4801 qui
1315 4734 1372 4783 et
1425 4726 1743 4782 secundum
1800 4738 2088 4778 canonum

392 4827 813 4891 auctoritatem,
848 4832 902 4879 et
926 4824 1108 4894 justas
1136 4819 1446 4873 sententias
1492 4815 1670 4870 trium
1719 4812 2088 4868 Paenitentia-

391 4918 555 4982 lium,
587 4912 870 4968 Theodori
900 4909 1173 4982 episcopi,
1207 4912 1262 4962 et
1292 4909 1687 4961 Romanorum
1726 4902 2086 4973 pontiﬁcum,

391 5010 448 5059 et
478 5004 642 5058 Bedae
671 5001 989 5055 ordinetur.
1045 4998 1150 5052 Sed
1195 4997 1254 5050 in
1285 4993 1667 5050 Pmnitentiali
1711 4991 1876 5046 Bedaa
1923 4991 2088 5060 plura

391 5093 766 5149 inveniuntur
797 5089 958 5143 utilia
995 5103 1006 5141 :
1041 5089 1207 5157 plura
1238 5090 1429 5139 autem
1461 5083 1836 5137 inveniuntur
1861 5081 1930 5132 ab
1965 5079 2089 5132 aliis

389 5184 620 5248 inserta,
653 5195 784 5251 quae
812 5193 916 5231 nec
965 5175 1298 5240 canonibus,
1352 5189 1455 5226 nec
1501 5170 1628 5225 allis
1687 5167 2091 5224 Pcenitentiali-

388 5273 494 5327 bus
548 5267 918 5324 conveniunt.
994 5264 1233 5334 Sapiens
1290 5268 1480 5317 autem
1535 5259 1794 5315 medicus
1849 5256 2091 5326 excipiat

390 5375 634 5434 qumque
669 5355 924 5422 meliora,
977 5357 1040 5406 ut
1082 5351 1448 5406 discretiones
1494 5350 1753 5404 omnium
1786 5360 2085 5400 causarum

389 5448 733 5518 investigare
765 5443 960 5514 possit,
999 5442 1121 5495 sine
1151 5441 1357 5512 quibus
1398 5445 1614 5492 rectum
1640 5436 1922 5506 judicium
1973 5449 2087 5485 non

393 5541 576 5606 potest
604 5541 771 5589 stare.
802 5533 943 5598 Quia
977 5531 1253 5600 scriptum
1285 5535 1370 5582 est
1401 5569 1412 5581 .
1449 5529 1512 5581 In
1541 5527 1696 5579 nulla
1723 5541 1782 5576 re
1812 5538 2087 5592 appar-eas

392 5624 748 5686 indiscretus,
786 5621 882 5673 sed
916 5619 1204 5688 distingue
1237 5617 1394 5686 quid,
1427 5615 1543 5675 ubi,
1575 5611 1854 5682 quandiu,
1903 5625 2085 5679 quan-

393 5710 488 5775 do,
521 5711 764 5776 qualiter
787 5709 991 5762 debeas
1022 5709 1224 5761 facere.
1265 5709 1383 5759 Non
1415 5703 1682 5756 omnibus
1713 5717 1850 5770 ergo
1883 5699 1941 5752 in
1973 5714 2088 5751 una

2190 3223 2398 3277 Malum
2445 3219 2674 3273 fecisti:
2737 3214 2951 3286 ignovi.
3017 3215 3381 3267 Perseverare
3442 3212 3501 3265 in
3559 3212 3712 3265 malo
3770 3228 3891 3265 non

2188 3310 2445 3379 ignosco.
2482 3309 2629 3377 Ergo
2665 3306 2762 3376 qui
2794 3307 3162 3376 perseverant
3191 3302 3250 3355 in
3282 3302 3454 3368 malo,
3486 3315 3606 3354 non
3636 3299 3889 3370 ignosce,

2189 3399 2289 3452 sed
2317 3397 2510 3468 judica
2553 3393 2874 3449 districtum
2917 3391 3202 3462 judicium
3253 3389 3566 3443 secundum
3620 3405 3888 3453 canones,

2192 3489 2424 3556 etjusta
2457 3485 2721 3539 instituta
2766 3482 3074 3552 majorum,
3121 3485 3186 3532 ut
3243 3479 3432 3532 caeteri
3485 3478 3753 3532 timorem
3783 3479 3888 3532 ha-

2191 3577 2381 3630 beant.

2192 3687 2320 3741 CAP.
2371 3683 2457 3736 IX.
2508 3709 2574 3718 -
2628 3678 2958 3732 Pwnitentia
3004 3675 3151 3728 illius
3189 3675 3343 3739 anni,
3403 3675 3499 3741 qui
3543 3675 3599 3725 in
3648 3689 3792 3742 pane
3847 3678 3896 3726 ct

2299 3769 2445 3822 aqua
2455 3748 2792 3820 jejunaudus
2813 3751 2910 3812 est,
2943 3748 3046 3800 isto
3085 3745 3276 3799 ordine
3301 3745 3576 3798 observari
3603 3744 3774 3798 debet.

2267 3844 2377 3912 (Ea:
2408 3839 2780 3896 Pcenitemiali
2805 3835 3085 3904 Romano.)
3120 3833 3459 3888 Poenitentia
3508 3832 3680 3885 unius
3735 3833 3893 3894 anni,

2196 3934 2293 4005 qui
2334 3932 2392 3985 in
2420 3945 2566 4001 pane
2597 3932 2652 3981 et
2683 3942 2831 3996 aqua
2856 3924 3211 3995 jejunandus
3243 3928 3346 3987 est,
3379 3922 3510 3975 talis
3543 3937 3664 3974 esse
3689 3921 3893 3975 debet:

2195 4024 2259 4077 In
2306 4033 2655 4090 unaquaque
2704 4014 3062 4068 hebdomada
3111 4017 3226 4065 tres
3269 4011 3408 4075 dies,
3459 4010 3513 4063 id
3554 4015 3640 4063 est
3687 4027 3900 4063 secun—

2195 4113 2323 4166 dam
2351 4109 2572 4173 feriam,
2604 4111 2868 4176 quartam
2898 4101 3120 4168 feriam,
3156 4106 3371 4154 sextam
3401 4098 3604 4152 feriam
3636 4099 3694 4151 in
3749 4115 3900 4168 pane

2198 4206 2252 4254 et
2277 4214 2426 4268 aqua
2449 4196 2687 4267 jejunet.
2724 4194 2791 4246 Et
2832 4197 2945 4245 tres
2984 4190 3124 4255 dies,
3170 4189 3226 4243 id
3270 4193 3356 4242 est
3386 4188 3626 4240 "tertiam
3667 4188 3896 4254 feriam,

2199 4287 2481 4359 quintam,
2515 4289 2571 4337 et
2601 4282 2918 4343 sabbatum,
2956 4295 2987 4332 a
3015 4278 3168 4344 vino,
3205 4277 3470 4342 medone,
3508 4275 3727 4330 mellita
3776 4292 3895 4328 cer-

2203 4375 2359 4441 visia,
2393 4390 2425 4426 a
2455 4387 2644 4437 carne,
2700 4374 2758 4422 et
2814 4364 3117 4436 sagimine,
3169 4369 3224 4417 et
3253 4380 3285 4417 a
3317 4379 3499 4427 caseo,
3553 4367 3612 4415 et
3643 4363 3788 4428 ovis,
3847 4367 3901 4414 et

2202 4464 2272 4517 ab
2299 4437 2458 4516 omni
2486 4457 2687 4531 pingui
2718 4455 2872 4526 pisce
2905 4469 2962 4506 se
3013 4452 3315 4506 abstineat.
3369 4450 3668 4505 Manducet
3706 4437 3896 4503 autem

2203 4551 2454 4604 minutos
2481 4534 2783 4618 pisciculos
2835 4543 2882 4596 si
2925 4541 3135 4596 habere
3167 4543 3368 4610 potest.
3405 4538 3464 4593 Si
3522 4537 3733 4592 habere
3783 4554 3896 4592 non

2201 4643 2406 4711 potest,
2439 4640 2665 4691 tantum
2699 4632 2868 4685 unius
2895 4630 3124 4701 generis
3189 4628 3425 4699 piscem,
3471 4631 3526 4680 et
3577 4627 3896 4696 legumina.

2201 4732 2258 4780 et
2282 4726 2456 4790 olera,
2490 4727 2548 4776 et
2587 4736 2778 4792 poma,
2810 4719 2857 4772 si
2895 4718 3009 4772 vult
3053 4717 3330 4779 comedat,
3374 4718 3430 4769 et
3459 4713 3759 4768 cervisiam
3820 4714 3900 4767 bi-

2199 4814 2315 4868 bat.
2352 4815 2415 4867 Et
2441 4812 2502 4865 in
2532 4809 2733 4864 diebus
2762 4807 3091 4873 Dominicis,
3128 4809 3183 4859 et
3213 4805 3272 4858 in
3307 4803 3496 4858 Natali
3544 4803 3798 4868 Domini,
3843 4803 3902 4854 il-

2200 4905 2287 4957 los
2337 4905 2588 4973 quatuor
2628 4897 2768 4952 dies.
2816 4898 2879 4950 Et
2920 4895 2982 4949 in
3045 4892 3364 4964 Epiphania
3422 4891 3673 4956 Domini,
3717 4907 3896 4945 unum

2202 4994 2376 5048 diem.
2414 4991 2478 5044 Et
2502 4989 2562 5042 in
2593 4987 2806 5041 Pascha
2838 5000 3020 5054 usque
3067 4984 3126 5036 in
3173 4987 3437 5036 octavum
3499 4981 3673 5035 diem.
3708 4981 3797 5034 Et
3848 4980 3898 5031 in

2202 5078 2547 5135 Ascensione
2573 5074 2812 5140 domini,
2867 5078 2922 5126 et
2967 5073 3025 5125 in
3086 5073 3414 5124 Pentescote
3459 5073 3706 5140 quatuor
3748 5069 3896 5130 dies;

2201 5174 2256 5224 et
2287 5170 2344 5221 in
2377 5166 2548 5220 missa
2597 5163 2775 5216 sancti
2804 5161 3036 5215 Joannis
3084 5160 3368 5230 Baptistm,
3421 5162 3478 5211 et
3527 5161 3738 5210 sanctae
3791 5158 3897 5210 lita-

2201 5257 2321 5322 rize,
2374 5259 2430 5308 et
2486 5253 2577 5306 XII
2633 5251 3050 5320 apostolorum,
3121 5253 3179 5302 et
3218 5247 3414 5315 sancti
3479 5245 3792 5312 Michaelis,
3852 5249 3900 5294 et

2202 5342 2380 5397 sancti
2437 5338 2710 5408 Remigii,
2767 5344 2823 5392 et
2874 5337 3136 5391 omnium
3197 5341 3545 5399 sanctorum,
3604 5338 3661 5386 et
3721 5333 3896 5386 sancti

2203 5429 2446 5496 Martini,
2513 5431 2570 5481 et
2620 5428 2676 5480 in
2730 5427 2884 5480 illius
2941 5425 3122 5479 sancti
3178 5424 3503 5489 festivitate,
3559 5420 3658 5492 qui
3709 5420 3771 5474 in
3809 5421 3897 5474 illo

2201 5520 2526 5591 episcopatu
2577 5516 2814 5570 celebris
2857 5515 3121 5569 habetur.
3171 5514 3232 5566 In
3283 5511 3370 5564 his
3400 5509 3745 5580 supradictis
3786 5509 3895 5562 die-

2201 5610 2307 5662 bus
2337 5608 2504 5661 faciat
2533 5605 2867 5660 charitatem
2899 5620 3028 5656 cum
3060 5601 3278 5655 cmteris
3314 5599 3670 5663 Christianis,
3708 5599 3766 5651 id
3801 5602 3891 5654 est,

2202 5699 2396 5750 utatur
2423 5694 2621 5748 eodem
2655 5694 2778 5746 cibo
2809 5697 2866 5745 et
2893 5697 3031 5761 potu
3066 5706 3180 5760 quo
3212 5689 3314 5742 illi.
3348 5688 3455 5742 Sed
3489 5692 3682 5740 tamen
3714 5685 3894 5739 ebrie-
