4592 6452
428 404 516 453 981

424 614 639 662 caveat.

424 714 547 768 CAP.
568 715 627 767 X.
666 744 731 753 -—
765 716 868 768 [ste
889 730 1062 787 annus
1091 716 1353 770 secundus
1401 722 1478 771 est
1509 718 1576 771 ab
1602 719 1693 771 illo
1723 734 1885 783 anno,
1918 723 2013 787 qui
2059 723 2115 774 in

488 800 629 858 pane
667 790 717 858 et
738 801 885 853 aqua
914 786 1276 841 observandas
1306 792 1403 851 est,
1440 794 1489 841 et
1516 795 1637 857 post
1668 791 1818 843 illum
1854 786 2114 858 jejunan-

490 855 612 907 dus.
648 857 758 919 Qui
800 859 963 909 etiam
1002 858 1219 911 dandus
1272 864 1350 911 est
1380 855 1643 926 illis,‘qui
1680 862 1824 913 viros
1857 855 2113 914 ecclesia-

491 928 649 979 sticos
690 933 877 993 sponte
934 927 1199 990 occidunt,
1259 932 1308 981 et
1379 933 1434 981 in
1482 932 1863 984 consuetudine
1921 933 2114 985 habent

492 996 886 1051 Sodomiticum
933 1000 1122 1061 scelus,
1166 1003 1215 1049 et
1248 1001 1344 1066 qui
1382 1002 1437 1051 in
1503 1002 1882 1053 consuetudine
1920 1004 2115 1055 habent

492 1073 677 1119 contra
724 1072 980 1120 naturam
1026 1084 1264 1137 peccare,
1312 1075 1362 1122 et
1406 1073 1460 1121 in
1515 1071 1767 1124 Ecclesiis
1824 1074 2113 1126 homicidia

490 1143 677 1201 sponte
748 1142 1106 1203 committunt,
1164 1144 1213 1192 et
1276 1141 1537 1193 Ecclesias
1590 1142 1897 1205 incendunt,
1967 1148 2015 1196 et
2058 1145 2115 1195 in

489 1209 744 1261 Ecclesiis
773 1208 1046 1262 adulteria
1080 1212 1437 1275 committunt,
1471 1216 1520 1265 et
1551 1217 1647 1280 qui
1666 1213 1783 1265 alia
1800 1213 2114 1281 hujusmodi

484 1282 943 1347 perpetrauerint.

491 1368 603 1433 (Ea:
628 1367 856 1438 eodem.)
889 1367 1231 1421 Paenitentia
1262 1368 1418 1421 illius
1448 1369 1583 1423 anni
1638 1370 1764 1423 talis
1794 1387 1915 1424 esse
1946 1372 2115 1425 debet

418 1458 480 1506 ut
510 1454 657 1507 duos
705 1454 847 1519 dies,
898 1455 950 1509 id
982 1460 1081 1521 est,
1132 1456 1439 1509 secundam
1485 1462 1542 1510 et
1572 1462 1832 1527 quartam
1890 1460 2110 1526 feriam,

415 1542 471 1594 in
496 1559 844 1614 unaquaque
888 1544 1248 1597 hebdomada
1289 1545 1511 1614 jejunet
1561 1547 1628 1599 ad
1677 1563 1991 1615 vesperam,
2059 1554 2116 1602 et

414 1630 555 1684 tunc
582 1632 875 1685 reticiatur
907 1632 974 1684 de
1006 1634 1150 1684 sicco
1183 1632 1329 1696 cibo,
1363 1633 1415 1686 id
1449 1639 1550 1700 est,
1592 1651 1736 1704 pane
1767 1640 1824 1689 et
1869 1637 2110 1705 legumi-

416 1718 816 1787 nibus'siccis,
877 1721 973 1773 sed
1044 1720 1238 1785 coctis,
1292 1726 1389 1774 aut
1447 1722 1651 1793 pomis,
1711 1728 1810 1777 aut
1865 1724 2114 1778 oleribus

413 1808 629 1875 crudis,
666 1824 843 1862 unum
875 1810 1047 1878 eligat
1080 1824 1150 1865 ex
1189 1808 1275 1862 his
1332 1810 1536 1877 tribus,
1581 1816 1635 1863 et
1665 1816 1872 1877 utatur,
1905 1817 1961 1865 et
1990 1830 2109 1866 cer-

412 1895 616 1949 visiam
656 1896 835 1962 bibat,
870 1898 968 1951 sed
1025 1896 1228 1951 sobrie.
1260 1897 1327 1950 Et
1384 1899 1619 1952 tertium
1660 1900 1832 1964 diem,
1892 1900 1947 1953 id
2006 1906 2106 1960 est,

412 1988 631 2037 sextam
688 1984 888 2037 feriam
943 1986 1003 2038 in
1052 2001 1199 2055 pane
1245 1991 1300 2037 et
1358 2002 1507 2056 aqua
1559 1987 1838 2051 observet,
1894 1992 1950 2040 et
1997 1992 2109 2041 tres

410 2071 883 2140 quadragesimas
934 2074 1158 2143 jejunet
1198 2091 1210 2128 :
1263 2090 1436 2127 uuam
1472 2079 1601 2127 ante
1634 2074 1826 2127 Natale
1857 2075 2104 2141 Domini,

409 2160 721 2213 secundam
762 2166 892 2215 ante
942 2163 1174 2228 Pascha,
1215 2163 1442 2216 tertiam
1494 2166 1625 2215 ante
1656 2161 1885 2215 missam
1931 2164 2107 2217 sancti

407 2248 677 2313 Joannis;
731 2255 787 2303 et
843 2250 885 2302 si
936 2255 1116 2303 totam
1156 2250 1676 2322 quadragesimam,
1712 2256 1843 2304 ante
1876 2251 2105 2305 missam

406 2336 591 2389 sancti
635 2336 870 2390 Joannis
949 2339 1187 2409 implere
1242 2356 1358 2393 non
1401 2339 1597 2409 possit,
1670 2346 1801 2408 post
1874 2338 2105 2393 missam

407 2423 671 2493 impleat.
756 2426 818 2479 Et
873 2426 933 2479 in
1003 2427 1093 2481 his
1148 2428 1331 2481 tribus
1384 2426 1838 2497 quadragesimis
1886 2427 2107 2496 jejunet

407 2512 554 2565 duos
585 2513 706 2567 dies
737 2514 794 2567 in
839 2514 1194 2569 hebdomada
1241 2516 1312 2569 ad
1345 2532 1573 2578 nonam,
1613 2520 1669 2567 et
1698 2515 1766 2569 de
1797 2514 1944 2568 sicco
1980 2516 2104 2568 cibo

407 2600 693 2668 comedat,
731 2607 790 2655 ut
814 2619 987 2672 supra
1034 2608 1292 2657 notatum
1341 2610 1427 2657 est
1456 2608 1511 2657 et
1558 2604 1624 2655 Vl
1658 2602 1858 2656 feriam
1883 2602 2105 2672 jejunet

406 2688 466 2741 in
501 2705 656 2759 pane
726 2695 781 2743 et
818 2707 985 2761 aqua.
1021 2694 1087 2745 Et
1126 2693 1185 2745 in
1234 2692 1433 2746 diebus
1466 2691 1793 2755 Dominicis,
1832 2691 1890 2743 in
1923 2690 2103 2744 Natali

406 2778 668 2845 Domini,
703 2780 828 2832 illos
869 2785 1114 2850 quatuor
1145 2781 1282 2837 dies.
1325 2781 1393 2834 Et
1416 2785 1476 2834 in
1519 2780 1834 2850 Epiphania
1853 2778 2102 2843 Domini,

406 2884 598 2920 unum
632 2867 804 2922 diem.
852 2870 914 2923 Et
964 2870 1021 2923 in
1058 2870 1266 2923 Pascha
1311 2886 1491 2940 usque
1525 2869 1585 2921 in
1638 2873 1897 2921 octavum
1929 2867 2099 2921 diem.

404 2955 473 3008 Et
513 2956 575 3008 in
598 2956 941 3010 Ascensione
966 2958 1213 3025 Domini,
1240 2963 1296 3010 et
1324 2959 1654 3011 Pentecoste
1682 2960 1926 3027 quatuor
1962 2956 2101 3020 dies,

403 3048 462 3097 et
488 3045 551 3097 in
592 3043 763 3098 missa
800 3044 980 3097 sancti
1010 3045 1240 3099 Joannis
1261 3044 1544 3112 Baptistae,
1580 3049 1637 3097 et
1660 3049 1869 3096 sanctae
1895 3042 2101 3107 Mariis,

403 3137 461 3186 et
516 3133 618 3188 XII
678 3134 1090 3203 apostolorum,
1149 3138 1205 3187 et
1254 3133 1430 3186 sancti
1474 3132 1779 3198 Michaelis,
1826 3137 1883 3186 et
1927 3133 2104 3184 sancti

400 3220 684 3291 Remigii,
741 3226 796 3274 et
850 3222 1119 3275 Omnium
1167 3222 1523 3284 Sanctorum,
1554 3227 1610 3275 et
1656 3221 1834 3274 sancti
1872 3220 2102 3274 Martini

402 3314 459 3362 et
492 3310 558 3364 in
616 3309 771 3363 illius
816 3310 995 3363 sancti
1051 3310 1375 3376 festivitate,
1409 3310 1507 3381 qui
1537 3310 1595 3363 in
1648 3311 1746 3363 illo
1777 3308 2098 3379 episcopatu

398 3399 653 3452 celebris
702 3397 959 3453 habetur.
1020 3400 1085 3452 In
1132 3399 1216 3451 his
1278 3415 1448 3469 supra
1496 3398 1659 3452 dictis
1691 3398 1892 3452 diebus
1935 3397 2106 3451 faciat

398 3487 749 3541 charitatem
807 3503 935 3541 cum
1012 3487 1225 3541 caeteris
1312 3487 1666 3542 Christianis.
1738 3487 1847 3541 Sed
1914 3491 2103 3539 tamen

398 3576 773 3643 ebrietatem,
832 3581 888 3629 et
956 3576 1169 3629 ventris
1252 3576 1682 3640 distensionem,
1767 3591 1991 3645 semper
2045 3575 2103 3627 in

397 3664 677 3719 omnibus
706 3667 917 3717 caveat.

399 3772 541 3826 CAP.
594 3771 680 3827 XI.
736 3801 802 3809 —
846 3771 926 3823 De
981 3771 1093 3823 illis
1137 3772 1233 3838 qui
1269 3770 1524 3839 jejunare
1562 3774 1610 3823 et
1665 3769 1960 3837 adimplere
2002 3786 2105 3822 non

616 3846 842 3910 possunt
865 3841 1007 3910 quod
1037 3844 1094 3894 in
1123 3842 1489 3895 Paznitentiali
1513 3843 1777 3910 scriptum
1808 3846 1902 3894 est.

474 3949 591 4019 (Ea:
622 3947 852 4016 eodem.)
879 3946 986 4011 Qui
1013 3946 1274 4017 jejunare
1320 3950 1524 4017 potest,
1560 3950 1614 3999 et
1675 3946 1917 4015 implere
1949 3947 2100 4016 quod

394 4037 459 4089 in
526 4035 914 4089 Pmniteutiali
980 4036 1255 4105 scriptum
1326 4042 1426 4099 est,
1460 4034 1673 4087 bonum
1724 4040 1827 4100 est,
1882 4039 1935 4087 et
1990 4036 2102 4089 Deo

395 4124 622 4195 gratias
666 4124 893 4178 referat.
948 4123 1053 4188 Qui
1087 4128 1277 4176 autem
1330 4138 1448 4175 non
1480 4126 1688 4192 potest,
1740 4139 1843 4192 per
1874 4122 2103 4176 miseri-

394 4212 664 4266 cordiam
696 4211 796 4265 Dei
842 4212 1147 4265 consilium
1193 4211 1395 4263 damus
1424 4212 1556 4273 tale,
1604 4214 1666 4262 ut
1706 4226 1809 4263 nec
1838 4210 1966 4272 sibi,
2001 4226 2105 4263 nec

392 4299 581 4354 alicui
609 4316 837 4354 necesse
869 4300 958 4368 sit,
989 4316 1093 4353 nec
1119 4298 1442 4368 desperare,
1471 4314 1575 4352 nec
1606 4298 1808 4368 perire.

392 4391 537 4445 CAP.
575 4388 691 4443 XII.
726 4419 789 4429 —-
821 4389 901 4441 De
924 4387 1283 4455 redemptione
1311 4387 1461 4439 illius
1495 4388 1645 4452 anni,
1682 4402 1837 4454 quem
1878 4388 1935 4439 in
1961 4401 2103 4454 pane

904 4462 953 4511 et
985 4474 1129 4527 aqua
1152 4458 1409 4525 jejunare
1436 4456 1605 4509 debet.

476 4531 592 4595 (Ex
630 4528 853 4598 eodem.)
885 4529 991 4581 Pro
1041 4544 1156 4581 uno
1206 4528 1297 4580 die
1336 4543 1507 4597 quem
1563 4528 1622 4579 in
1671 4542 1817 4595 pane
1852 4532 1908 4579 et
1956 4542 2103 4595 aqua

383 4620 669 4689 jejunare
710 4616 897 4681 debet,
925 4617 983 4682 l.,
1013 4616 1263 4685 psalmos
1294 4614 1536 4684 genibus
1564 4614 1724 4667 ﬂexis
1750 4614 1808 4667 in
1843 4613 2098 4677 Ecclesia,

390 4708 445 4759 si
484 4704 615 4759 fieri
648 4710 853 4775 potest,
886 4705 1147 4759 decantet
1180 4720 1191 4757 :
1228 4704 1314 4756 sin
1361 4707 1574 4769 autem,
1637 4702 1693 4755 in
1734 4703 1859 4755 loco
1909 4718 2103 4755 conve-

390 4793 594 4848 nienti
635 4793 835 4846 eadem
875 4792 1061 4858 faciat,
1108 4796 1165 4845 et
1203 4806 1381 4844 unum
1433 4806 1743 4861 pauperem
1792 4794 2005 4860 pascat,
2049 4794 2104 4843 et

391 4901 471 4937 eo
539 4881 632 4935 die
683 4887 917 4951 excepto
995 4881 1146 4945 vino,
1216 4895 1385 4933 carne
1448 4883 1505 4933 et
1553 4878 1852 4949 sagimine,
1913 4882 2104 4931 sumat

389 4971 693 5043 quidquid
728 4970 880 5025 velit.

872 5094 999 5149 CAP.
1033 5093 1165 5147 XIII.
1205 5123 1271 5131 —
1311 5093 1437 5146 Alio
1464 5091 1639 5147 modo.

476 5200 597 5267 (Ea:
628 5199 853 5264 eodem.)
908 5198 965 5253 Si
996 5204 1189 5251 autem
1239 5197 1366 5251 talis
1406 5202 1511 5262 est,
1566 5195 1719 5266 quod
1774 5194 1973 5247 tandiu
2041 5192 2100 5245 in

392 5286 654 5358 genibus
705 5287 894 5355 jacere
950 5302 1068 5339 non
1125 5285 1325 5355 possit,
1376 5284 1545 5339 faciat
1575 5288 1765 5337 autem
1800 5282 1877 5336 sic
1910 5298 1921 5335 :
1954 5281 2103 5334 infra

390 5374 739 5439 Ecclesiam,
774 5375 820 5426 si
866 5373 989 5427 ﬁeri
1038 5377 1268 5443 potest:
1304 5373 1388 5425 sin
1420 5377 1631 5431 autem.
1686 5370 1744 5424 in
1806 5385 1922 5423 uno
1981 5370 2100 5421 loco

386 5464 612 5517 stando
641 5462 879 5527 intente,
934 5463 1061 5517 LXX
1093 5462 1342 5531 psalmos
1368 5476 1469 5529 per
1518 5458 1775 5512 ordinem
1823 5458 2099 5518 decantet,

388 5559 458 5606 et
496 5566 811 5621 pauperem
858 5556 1066 5620 pascat,
1123 5556 1178 5600 et
1234 5564 1301 5601 eo
1333 5548 1423 5601 die
1460 5553 1689 5615 excepto
1722 5546 1871 5605 vino,
1933 5561 2099 5597 carne

387 5648 452 5693 et
495 5639 800 5707 sagimine,
834 5643 1019 5690 sumat
1049 5637 1322 5706 quidquid
1355 5636 1505 5688 velit.

1257 401 1722 460 DECRETORUM
1768 406 1949 461 LIBRI
1986 408 2094 463 XX.
2128 438 2194 447 -—
2238 407 2448 462 LIBER
2490 405 2797 463 DECIMUS
2835 410 3073 465 NONUS.

427 525 594 573 tatem
645 523 702 572 et
735 519 948 574 ventris
996 519 1426 583 distensionem,
1488 539 1713 594 semper
1771 524 1828 578 in
1851 526 2115 580 omnibus
2146 529 2191 581 Α

2137 4355 2176 4407 D

3812 417 3913 469 982

2628 528 2756 582 CAP.
2797 528 2930 583 XIV.
2963 531 3187 582 —1tem
3225 531 3333 584 alio
3372 532 3542 585 modo.

2299 615 2409 680 (Ea:
2442 615 2665 685 eodem.)
2703 615 2808 679 Qui
2836 616 2891 668 in
2929 617 3173 670 Ecclesia
3199 634 3386 686 genua
3426 620 3639 673 centies
3673 620 3914 685 flexerit,

2224 702 2280 755 id
2312 708 2414 765 est,
2451 703 2497 756 si
2528 704 2739 756 centies
2772 704 2995 757 veniam
3056 706 3306 775 petierit,
3358 708 3403 760 si
3462 708 3585 760 fieri
3618 715 3822 777 potest,
3856 715 3918 764 ut

2225 788 2283 842 in
2317 791 2561 844 Ecclesia
2582 792 2701 856 fiat,
2748 792 2857 845 hoc
2891 792 3274 861 justissimum
3326 800 3423 847 est.
3493 795 3547 848 Si
3579 803 3769 850 autem
3813 798 3917 851 hoc

2225 878 2349 931 fieri
2380 895 2493 932 non
2526 886 2729 949 potest,
2782 886 2996 933 secrete
3030 882 3088 934 in
3141 882 3259 935 loco
3307 885 3663 937 comenicnti
3716 886 3914 939 eadem

2224 966 2420 1031 faciat;
2472 967 2516 1019 si
2562 967 2640 1020 sic
2671 968 2885 1033 fecerit,
2934 984 3000 1021 eo
3051 969 3141 1022 die
3193 976 3421 1040 excepto
3463 972 3615 1039 vino,
3668 988 3833 1025 carne
3862 979 3917 1026 et

2223 1054 2525 1124 sagimine,
2557 1061 2745 1109 sumat
2775 1057 2925 1126 quod
2959 1058 3195 1126 placeat.

2671 1147 2797 1198 CAP.
2834 1146 2940 1199 XV.
2973 1176 3039 1183 —
3080 1149 3207 1200 Item
3242 1147 3349 1200 alio
3381 1148 3534 1201 modo

2294 1233 2401 1300 (Ea;
2427 1232 2647 1301 eodem.)
2678 1233 2785 1296 Qui
2842 1235 3089 1302 psalmos
3151 1251 3268 1287 non
3318 1236 3475 1288 novit
3523 1252 3700 1290 unum
3751 1238 3903 1290 diem

2223 1337 2395 1391 quem
2432 1321 2489 1373 in
2515 1339 2659 1391 pane
2692 1327 2745 1373 et
2789 1338 2936 1392 aqua
2968 1323 3239 1392 poenitere
3271 1324 3437 1376 debet
3470 1341 3481 1377 :
3525 1324 3681 1377 dives
3734 1326 3914 1379 tribus

2222 1409 2488 1477 denariis,
2523 1416 2579 1463 et
2609 1426 2826 1481 pauper
2856 1428 2968 1463 uno
3001 1411 3231 1465 denario
3265 1412 3528 1478 redimat,
3588 1420 3642 1467 et
3695 1429 3761 1465 eo
3822 1414 3912 1468 die

2225 1503 2452 1567 excepto
2500 1499 2653 1561 vino,
2710 1516 2879 1553 carne
2937 1506 2993 1551 et
3037 1500 3334 1569 sagimine,
3403 1507 3590 1554 sumat
3632 1502 3912 1572 quidquid

2223 1588 2376 1639 velit.

2599 1676 2725 1729 CAP.
2770 1676 2910 1730 XVI.
2944 1706 3011 1714 —
3046 1678 3174 1729 Item
3213 1677 3319 1729 alio
3365 1676 3537 1730 modo.

2295 1764 2412 1831 (Ea:
2448 1763 2672 1831 eodem.)
2707 1765 2811 1816 Pro
2864 1780 2975 1816 uno
3003 1763 3115 1829 die,
3149 1779 3320 1833 quem
3373 1762 3432 1817 in
3484 1780 3631 1834 pane
3680 1768 3735 1817 et
3764 1780 3912 1833 aqua

2224 1848 2498 1918 paenitere
2551 1848 2735 1914 debet,
2779 1855 2892 1902 tres
2978 1865 3258 1919 pauperes
3308 1856 3519 1919 pascat.
3579 1851 3646 1903 Et
3700 1866 3766 1903 eo
3820 1850 3910 1904 die

2221 1939 2453 2005 excepto
2484 1936 2636 2004 vino,
2706 1953 2873 1990 carne
2908 1942 2960 1990 et
2994 1937 3295 2006 sagimine,
3347 1942 3532 1991 sumat
3578 1938 3729 2008 quod
3788 1939 3907 2007 pla-

2220 2028 2361 2077 ceat.

2593 2111 2723 2165 CAP.
2766 2113 2920 2166 XVII.
2959 2142 3025 2154 —
3054 2115 3183 2166 Item
3214 2114 3321 2166 alio
3352 2114 3524 2167 modo.

2290 2197 2397 2268 (Ea:
2453 2198 2674 2266 eodem.)
2707 2199 2947 2263 Quidam
3006 2200 3203 2254 dicunt
3252 2202 3337 2256 XX
3398 2202 3672 2271 palmatas
3717 2201 3906 2255 valere

2216 2302 2319 2357 pro
2351 2303 2464 2340 uno
2490 2288 2601 2340 die.

2216 2372 2341 2427 CAP.
2377 2372 2559 2428 XVIII.
2588 2404 2654 2415 —
2687 2378 2760 2429 De
2790 2376 3146 2444 redemptione
3168 2378 3326 2430 unius
3357 2376 3699 2431 hebdomada.”
3745 2392 3908 2446 quam

2598 2448 2651 2497 in
2671 2461 2812 2513 pane
2841 2451 2890 2499 et
2920 2463 3066 2516 aqua
3082 2449 3335 2516 jejunare
3357 2448 3526 2500 debet.

2288 2532 2394 2602 (Ea:
2424 2533 2649 2601 eodem.)
2685 2535 2789 2587 Pro
2819 2550 2932 2586 una
2964 2535 3317 2588 hebdomada
3377 2551 3549 2605 quam
3578 2535 3634 2589 in
3662 2551 3808 2602 pane
3854 2540 3911 2587 et

2215 2636 2364 2690 aqua
2398 2622 2660 2690 jejunare
2702 2622 2887 2688 debet,
2933 2623 3057 2676 CCC
3104 2624 3352 2691 psalmos
3383 2622 3628 2691 genibus
3657 2622 3816 2676 ﬂexis
3849 2622 3906 2675 in

2215 2708 2449 2762 ecclesia
2478 2709 2755 2763 decantet.
2804 2710 2861 2764 Si
2917 2716 3108 2763 autem
3170 2711 3277 2764 hoc
3316 2711 3500 2764 facere
3551 2727 3666 2764 non
3702 2716 3902 2781 potest,

2216 2796 2326 2850 tria
2379 2797 2647 2851 Psalteria
2690 2798 2749 2851 in
2795 2798 3049 2865 ecclesia,
3101 2800 3184 2851 vel
3246 2799 3305 2852 in
3372 2800 3496 2852 loco
3551 2799 3906 2852 convenienti

2214 2884 2433 2938 intente
2497 2885 2773 2939 decantet.
2866 2887 2927 2938 Et
2984 2890 3284 2957 postquam
3343 2886 3613 2955 psallerit,
3674 2891 3905 2955 excepto

2216 2972 2370 3038 vino,
2402 2990 2569 3026 carne
2598 2978 2651 3027 et
2674 2974 2972 3043 sagimine,
3016 2980 3202 3027 sumat
3231 2974 3505 3045 quidquid
3538 2974 3691 3027 velit.

2138 3082 2176 3136 (ι
2216 3062 2343 3116 CAP.
2403 3062 2531 3115 XIX.
2604 3092 2661 3102 -
2731 3066 2803 3116 De
2840 3063 3198 3136 redemptione
3229 3065 3633 3136 uniusmensis,
3669 3078 3822 3131 quem
3850 3065 3905 3115 in

2624 3149 2765 3201 pane
2794 3139 2842 3186 et
2872 3150 3015 3201 aqua
3040 3135 3293 3202 jejunare
3322 3134 3491 3187 debet.

2289 3221 2399 3289 (Em
2426 3221 2652 3287 eodem.)
2687 3223 2795 3275 Pro
2828 3238 2942 3274 uno
2968 3238 3163 3275 mense
3195 3238 3368 3293 quem
3400 3222 3456 3275 in
3488 3238 3635 3291 pane
3669 3226 3722 3274 et
3762 3238 3908 3291 aqua

2209 3309 2473 3377 jejunare
2503 3310 2690 3375 debet,
2725 3310 2974 3379 psalmos
3006 3310 3159 3363 mille
3182 3311 3450 3363 ducentos
3480 3310 3721 3380 genibus
3751 3309 3907 3361 ﬂexis

2214 3397 2492 3452 decantet.

2286 3486 2393 3554 (Ea:
2440 3486 2663 3551 eodem)
2713 3485 2769 3539 Si
2803 3490 2994 3539 autem
3030 3486 3136 3538 hoc
3179 3484 3361 3538 facere
3396 3502 3509 3538 non
3541 3492 3747 3555 potest.
3784 3485 3907 3537 sine

2215 3573 2629 3643 genuﬂexione,
2657 3574 2907 3627 sedendo
2947 3578 3045 3626 aut
3092 3573 3290 3626 stando
3320 3573 3376 3626 in
3407 3573 3653 3626 Ecclesia
3704 3573 3749 3625 si
3780 3574 3905 3625 tieri

2214 3666 2402 3731 potest
2434 3678 2445 3714 :
2479 3662 2562 3714 sin
2597 3667 2810 3728 autem,
2844 3661 2902 3714 in
2960 3677 3075 3713 uno
3122 3662 3261 3726 loco,
3319 3660 3471 3713 mille
3505 3662 3590 3715 DC
3620 3661 3907 3730 octoginta

2216 3750 2464 3817 psalmos
2499 3750 2776 3802 decantet.
2812 3750 2873 3802 Et
2900 3748 3058 3801 omni
3089 3748 3177 3801 die
3211 3748 3256 3801 si
3286 3748 3438 3812 velit,
3467 3752 3521 3800 et
3552 3748 3595 3800 si
3621 3748 3904 3801 abstinere

2216 3854 2327 3890 non
2351 3838 2488 3902 vult,
2520 3837 2735 3890 reficiat
2765 3853 2822 3888 se
2852 3836 2923 3889 ad
2956 3842 3170 3889 sextam
3211 3852 3223 3889 :
3249 3835 3357 3888 nisi
3388 3840 3650 3905 quartam
3682 3836 3901 3895 feriam.

2215 3930 2268 3978 et
2299 3930 2533 3990 sextam,
2561 3925 2784 3995 jejunet
2811 3924 2877 3977 ad
2942 3940 3170 3978 nonam.
3207 3925 3271 3977 Et
3299 3941 3330 3977 a
3362 3940 3528 3977 carne
3581 3930 3636 3977 et
3664 3940 3695 3975 a
3763 3925 3905 3993 sagi~

2218 4015 2389 4079 mine,
2420 4018 2473 4067 et
2504 4032 2534 4065 a
2567 4013 2716 4077 vino,
2748 4017 2930 4066 totum
2988 4028 3241 4065 mensem
3274 4029 3332 4064 se
3362 4012 3660 4064 abstineat.
3716 4013 3903 4065 Alium

2215 4106 2403 4155 autem
2438 4102 2625 4155 cibum
2655 4106 2955 4171 postquam
2989 4101 3235 4169 psalmos
3284 4100 3634 4170 supradictos
3699 4102 3901 4153 decan-

2215 4190 2436 4256 taverit,
2472 4193 2676 4242 sumat.
2712 4190 2823 4242 Isto
2859 4189 3078 4254 ordine,
3113 4194 3263 4241 totus
3296 4189 3390 4242 ille
3419 4206 3601 4242 annos
3626 4189 3902 4242 redimen-

2217 4282 2320 4333 dus
2344 4286 2447 4333 est.

2217 4369 2344 4422 CAP.
2396 4368 2501 4423 XX.
2543 4398 2603 4405 —
2644 4368 2711 4420 De
2768 4367 2877 4419 illis
2938 4367 3033 4433 qui
3081 4366 3334 4433 jejunare
3388 4381 3491 4418 non
3553 4369 3798 4433 possunt,
3855 4371 3903 4417 et

2284 4439 2518 4492 Psalmos
2568 4439 2831 4499 nesciunt,
2874 4436 3132 4504 quomodo
3163 4438 3530 4501 paenitentiam
3578 4438 3738 4487 unius
3772 4439 3903 4487 anni

2285 4525 2439 4576 quem
2480 4511 2539 4561 in
2594 4524 2732 4576 pane
2785 4512 2833 4560 et
2890 4522 3036 4574 aqua
3082 4507 3335 4573 jejunare
3390 4506 3578 4557 debent
3644 4506 3902 4557 redimere

2280 4581 2510 4648 possint.

2282 4670 2392 4731 (Ea:
2438 4665 2661 4733 eodem.)
2710 4664 2818 4728 Qui
2849 4680 2980 4718 vero
3040 4664 3290 4717 Psalmos
3327 4679 3435 4716 non
3466 4664 3639 4726 novit,
3672 4667 3727 4715 et
3752 4664 3898 4731 jeju-

2215 4772 2349 4809 nare
2375 4770 2487 4808 non
2511 4758 2711 4822 potest,
2741 4770 2846 4823 pro
2879 4769 2993 4807 uno
3025 4768 3173 4805 anno
3207 4767 3378 4822 quem
3414 4753 3473 4804 in
3496 4767 3643 4821 pane
3666 4756 3721 4803 et
3753 4768 3900 4821 aqua

2214 4844 2489 4915 pmnitere
2518 4842 2707 4903 debet,
2740 4843 2834 4896 det
2879 4841 3224 4910 pauperibus
3273 4841 3331 4894 in
3364 4841 3790 4909 eleemosynam
3819 4841 3896 4892 vi-

2212 4930 2357 5000 ginti
2384 4930 2527 4983 duos
2560 4928 2783 4995 solidos,
2817 4934 2872 4981 et
2896 4944 3093 4982 omnes
3124 4934 3308 4981 sextas
3354 4928 3519 4981 ferias
3547 4928 3790 4997 jejunet,
3842 4928 3899 4981 in

2212 5036 2357 5088 pane
2388 5023 2443 5071 et
2474 5032 2646 5087 aqua.
2685 5018 2749 5070 Et
2777 5022 2889 5070 tres
2922 5017 3405 5087 quadragesimus,
3432 5016 3487 5069 id
3521 5023 3625 5081 est,
3662 5017 3900 5086 quadra-

2212 5108 2371 5176 ginta
2402 5106 2521 5159 dies
2581 5110 2711 5158 ante
2767 5106 2997 5169 Pascha,
3053 5110 3107 5157 et
3161 5104 3540 5175 quadraginta
3600 5104 3719 5156 dies
3769 5109 3899 5157 ante

2208 5194 2565 5247 festivitatem
2599 5192 2775 5245 sancti
2805 5193 3041 5247 Joannis
3074 5192 3339 5261 Baptistae
3375 5208 3386 5245 :
3430 5198 3484 5245 et
3513 5191 3559 5243 si
3587 5197 3717 5243 ante
3748 5191 3900 5243 festi-

2210 5281 2439 5333 vitatem
2461 5280 2673 5349 aliquid
2706 5280 3044 5333 remanserit
3076 5286 3202 5348 post
3228 5281 3553 5349 adimpleat,
3584 5285 3639 5332 et
3661 5279 3898 5348 quadra-

2212 5368 2370 5437 ginta
2401 5368 2520 5421 dies
2551 5371 2678 5419 ante
2729 5368 2981 5421 Natalem
3018 5366 3241 5420 Domini
3272 5367 3330 5419 in
3379 5366 3500 5418 istis
3550 5367 3728 5419 tribus
3761 5382 3897 5434 qua-

2210 5454 2567 5521 dragesimis,
2623 5455 2904 5523 quidquid
2952 5470 3054 5506 suo
3114 5453 3200 5505 ori
3245 5457 3599 5521 praeparatur
3662 5452 3717 5504 in
3746 5452 3893 5513 cibo,

2212 5542 2295 5594 vel
2324 5542 2380 5593 in
2415 5548 2572 5610 potu,
2632 5542 2716 5593 vel
2753 5543 3140 5611 cujuscunque
3184 5540 3409 5607 generis
3447 5540 3539 5603 sit,
3570 5539 3719 5591 istud
3752 5541 3898 5591 835N-

2213 5634 2328 5681 met
2360 5628 2558 5696 quanti
2592 5628 2758 5694 pretii
2788 5630 2878 5691 sit,
2911 5629 2995 5679 vel
3038 5643 3157 5678 esse
3188 5628 3386 5694 possit,
3422 5632 3475 5679 et
3532 5626 3894 5679 medietatem
