4592 6514
1028 540 1133 594 983

2094 535 2498 593 BURCHARDI
2541 534 3068 592 WORMACIENSIS
3106 533 3443 591 EPISCOPI.

4430 531 4523 583 984

1021 661 1177 715 illius
1236 659 1406 731 pretii
1448 658 1750 714 distribuat
1792 659 1852 713 in
1906 658 2327 728 eleemosynam
2372 658 2719 729 pauperibus
2748 661 2795 714 Α
2832 662 2888 714 et
2947 675 3096 730 aqua
3142 658 3407 729 jejunare
3447 657 3638 723 debet,
3699 657 3914 711 centies
3966 662 4298 728 prosternat
4358 672 4419 709 se
4473 656 4526 709 in

1024 754 1080 804 et
1109 748 1334 802 assidue
1361 751 1506 815 oret,
1538 752 1595 801 et
1641 753 1808 816 roget
1842 748 2019 800 Deum
2070 750 2130 799 ut
2154 745 2335 800 oratio
2364 747 2487 816 ejus
2516 751 2572 800 et
2602 747 2724 817 ejus

1025 836 1403 904 eleemosyuas
1432 833 1585 905 apud
1616 834 1797 888 Deum
1819 834 2197 903 acceptabiles
2226 834 2358 889 sint.

1027 925 1154 980 CAP.
1188 923 1324 982 XXI.
1353 949 1427 963 —
1457 923 1595 976 Item
1623 922 1921 990 redemptio
1952 923 2101 975 illius
2133 924 2267 975 anni
2316 939 2473 992 quem
2502 926 2557 978 in
2588 939 2727 992 pane

1516 998 1567 1047 et
1595 1008 1740 1062 aqua
1765 995 2019 1061 paenitere
2057 993 2225 1046 debet.

1102 1070 1210 1138 (Em
1267 1073 1630 1128 Pumitentiali
1686 1071 1905 1140 Theod.)
1962 1072 2103 1125 Item
2136 1070 2236 1141 qui
2285 1071 2550 1142 jejunare
2608 1088 2725 1126 nou

1032 1164 1242 1229 potest,
1329 1166 1385 1215 et
1454 1161 1753 1215 observare
1830 1158 1984 1229 quod
2041 1159 2099 1212 in
2161 1159 2544 1213 Pmuitentiali
2595 1160 2728 1214 scri-

1034 1252 1197 1317 ptum
1229 1255 1331 1316 est,
1382 1250 1490 1303 hoc
1523 1250 1690 1303 faciat
1735 1248 1888 1319 quod
1937 1253 2165 1302 sanctus
2217 1248 2542 1302 Bonifacius
2579 1266 2727 1319 papa

1035 1338 1345 1392 constituit.
1381 1339 1490 1392 Pro
1539 1354 1649 1390 uno
1681 1336 1771 1391 die
1802 1352 1975 1406 quem
2010 1336 2068 1388 in
2123 1353 2270 1406 pane
2323 1342 2377 1389 et
2410 1353 2557 1407 aqua
2580 1338 2729 1407 jeju-

1038 1439 1175 1479 nare
1230 1426 1417 1492 debet,
1467 1431 1631 1495 roget
1693 1425 2092 1495 presbyterum
2143 1430 2203 1478 ut
2262 1425 2487 1479 Missam
2540 1432 2729 1481 cantet

1034 1529 1141 1583 pro
1180 1529 1270 1578 eo,
1327 1513 1437 1567 nisi
1495 1514 1608 1567 sint
1662 1512 1905 1566 crimina
1964 1513 2231 1583 capitalia
2288 1530 2414 1585 quas
2470 1516 2729 1569 confessa

1035 1603 1195 1672 prius
1260 1601 1435 1656 lavari
1499 1618 1627 1655 cum
1677 1602 1945 1671 lacrymis
2016 1601 2247 1667 debent,
2305 1607 2362 1656 et
2418 1607 2550 1656 tunc
2606 1604 2727 1674 ipse

1040 1689 1185 1743 adsit
1257 1694 1315 1744 et
1360 1690 1554 1744 audiat
1629 1690 1879 1758 Missam,
1968 1694 2023 1744 et
2079 1690 2277 1743 devote
2348 1690 2470 1760 ipse
2529 1691 2728 1746 olIerat

1035 1778 1284 1849 propriis
1312 1778 1577 1832 manibus
1635 1794 1842 1849 panem
1872 1782 1930 1833 et
1975 1779 2169 1832 vinum
2217 1780 2484 1833 manibus
2538 1796 2727 1833 sacer-

1039 1864 1205 1930 dotis,
1260 1869 1316 1919 et
1382 1865 1599 1919 intente
1669 1865 2011 1936 respondeat
2085 1870 2365 1936 quantum
2442 1866 2593 1936 sapit
2653 1867 2725 1920 ad

1040 1952 1430 2018 salutationes,
1462 1957 1518 2007 et
1574 1953 1642 2007 ad
1674 1953 2095 2007 exhortationes
2135 1953 2462 2020 sacerdotis,
2519 1959 2574 2009 et
2630 1956 2727 2009 hu-
2758 1941 2799 1995 Β

1043 2039 1258 2094 militer
1311 2042 1489 2096 Deum
1547 2042 1905 2112 deprecetur,
1962 2047 2028 2098 ut
2075 2042 2287 2096 oblatio
2314 2059 2489 2114 quam
2523 2044 2643 2113 ipse
2675 2048 2732 2098 et

1041 2130 1338 2200 presbyter
1393 2146 1501 2200 pro
1535 2147 1593 2183 se
1627 2138 1682 2185 et
1741 2130 1987 2201 peccatis
2045 2132 2162 2185 suis
2212 2132 2326 2185 Deo
2375 2132 2728 2196 obtulerunt,

1045 2217 1192 2271 Deus
1240 2218 1602 2288 omnipotens
1657 2220 2107 2274 misericorditer
2134 2236 2237 2291 per
2264 2222 2533 2291 angelum
2566 2237 2732 2275 suum

1045 2305 1333 2375 suscipere
1359 2306 1649 2377 dignetur.
1681 2308 1748 2362 Et
1775 2324 1841 2361 eo
1873 2307 1962 2362 die
2010 2312 2244 2378 excepto
2274 2308 2429 2377 vino,
2461 2314 2517 2363 et
2543 2325 2731 2375 carne,

1046 2397 1103 2445 et
1130 2392 1430 2463 sagimine,
1463 2394 1726 2449 comedat
1756 2394 2041 2466 quidquid
2072 2396 2210 2449 vult.
2268 2396 2335 2449 Et
2377 2396 2456 2449 sic
2496 2397 2737 2451 redimat

1045 2480 1294 2550 reliquos
1324 2481 1462 2534 anni
1493 2481 1631 2536 dies.

1048 2532 1188 2624 Car:
1700 2571 1811 2625 illis
1840 2575 1936 2641 qui
1985 2570 2235 2639 jejunare
2264 2587 2368 2626 non
2394 2532 2640 2641 possunt,
2690 2577 2739 2626 et

1438 2641 1633 2695 habent
1661 2642 1802 2695 unde
1838 2642 2099 2695 redimere
2125 2646 2348 2711 possint.

1122 2728 1227 2796 (Ea:
1280 2728 1503 2799 eodem.)
1535 2729 1592 2784 Si
1644 2731 1774 2800 quis
1827 2730 1975 2783 forte
2020 2746 2133 2783 non
2162 2730 2417 2800 potuerit
2458 2730 2738 2801 jejunare,

1051 2819 1109 2868 et
1137 2814 1403 2868 habuerit
1428 2818 1578 2871 unde
1619 2818 1795 2888 possit
1825 2818 2130 2885 redimere,
2162 2818 2207 2871 si
2254 2818 2409 2872 dives
2439 2819 2610 2872 fuerit
2640 2836 2741 2890 pro

1051 2908 1269 2972 septem
1323 2904 1777 2959 hebdomadibus
1839 2907 1935 2960 det
1964 2907 2172 2959 solidos
2219 2906 2327 2961 XX.
2389 2907 2447 2961 Si
2494 2923 2607 2961 non
2649 2908 2743 2960 ha-

1053 2991 1242 3046 buerit
1271 2994 1421 3047 unde
1477 2998 1699 3049 tantum
1753 2995 1886 3049 dare
1917 2995 2115 3066 possit,
2172 2994 2269 3048 det
2324 2995 2538 3049 solidos
2593 2998 2651 3050 X.
2685 2997 2743 3051 Si

1053 3085 1243 3134 autem
1277 3082 1517 3135 multum
1552 3099 1773 3153 pauper
1796 3084 1983 3148 fuerit,
2011 3084 2105 3137 det
2139 3083 2351 3137 solidos
2388 3090 2521 3137 tres.
2560 3085 2745 3139 Nemi-

1054 3183 1185 3221 nem
1218 3184 1348 3221 vero
1370 3171 1675 3224 conturbet
1696 3170 1831 3241 quia
1856 3171 2135 3240 jussimus
2158 3172 2293 3224 dare
2320 3172 2528 3225 solidos
2546 3174 2626 3227 XX
2648 3178 2745 3226 aut

1057 3257 1286 3310 minus:
1321 3257 1457 3325 quia
1489 3258 1535 3310 si
1594 3258 1749 3312 dives
1805 3259 1998 3322 fuerit,
2063 3259 2285 3312 facilius
2329 3265 2413 3313 est
2469 3260 2555 3313 illi
2611 3262 2743 3314 dare

1058 3342 1269 3395 solidos
1300 3343 1390 3397 XX
1447 3359 1618 3412 quam
1650 3344 1891 3413 pauperi
1919 3349 2050 3397 tres.
2105 3345 2210 3399 Sed
2261 3346 2512 3400 attendat
2572 3364 2744 3400 unus-

1060 3430 1303 3500 quisque
1335 3430 1429 3484 cui
1456 3430 1591 3485 dare
1644 3432 1867 3496 debeat,
1904 3431 2016 3485 sive
2075 3449 2178 3503 pro
2239 3434 2628 3503 redemptione
2660 3452 2747 3489 ca-

1058 3518 1367 3588 ptivorum,
1398 3518 1514 3571 sive
1541 3535 1712 3588 super
1741 3525 1998 3573 sanctum
2029 3522 2228 3586 altare,
2264 3522 2379 3575 sive
2417 3524 2514 3577 Dei
2550 3524 2744 3591 servis,

1062 3620 1162 3660 seu
1193 3606 1562 3677 pauperibus,
1596 3607 1655 3661 in
1687 3608 2123 3678 eleemosyuam.

1062 3693 1189 3747 CAP.
1226 3694 1405 3750 XXIII.
1437 3724 1506 3769 -έ
1541 3698 1610 3769 De
1638 3695 1748 3750 illis
1769 3699 1865 3766 qui
1882 3712 1985 3769 non
2014 3704 2240 3766 possunt
2270 3698 2581 3769 adimplere,
2608 3702 2751 3769 quod

1470 3768 1529 3819 in
1557 3767 1923 3822 Pamitentiali
1949 3772 2213 3837 scriptum
2240 3774 2337 3823 est.

1130 3854 1237 3923 (Ea:
1277 3854 1502 3924 eodem.)
1555 3855 1661 3920 Qui
1690 3872 1807 3910 non
1838 3861 2023 3926 potest
2049 3857 2129 3910 sic
2159 3873 2329 3927 agere
2358 3859 2750 3928 pceniteotiam

1060 3947 1126 3996 ut
1157 3942 1420 4012 superius
1476 3943 1747 4011 diximus,
1780 3943 1950 3998 faciat
1978 3946 2058 3999 sic
2091 3960 2105 3997 :
2156 3945 2212 3999 Si
2254 3951 2370 4000 tres
2402 3962 2584 4000 annos
2613 3965 2754 4002 con-

1060 4031 1255 4083 tinuos
1295 4032 1560 4100 jejunare
1612 4032 1893 4098 debet,.et
1936 4033 2198 4103 jejunare
2247 4049 2363 4088 non
2411 4040 2614 4104 potest,
2677 4037 2756 4089 sic

1061 4118 1346 4172 redimere
1369 4124 1557 4189 potest
1586 4136 1599 4173 :
1657 4122 1715 4173 in
1772 4120 1961 4190 primo
1988 4137 2140 4175 auno
2197 4129 2390 4190 eroget
2418 4124 2475 4176 in
2506 4125 2752 4179 cleemo-

1063 4221 1265 4275 synam
1313 4207 1526 4260 solidos
1558 4207 1760 4276 viginti
1801 4224 1917 4261 sex.
1973 4209 2033 4261 In
2079 4210 2327 4263 secundo
2368 4226 2519 4265 anno
2559 4218 2756 4281 eroget

1064 4294 1124 4346 in
1156 4294 1579 4362 eleemosynam
1627 4296 1855 4360 solidos,
1888 4295 1998 4349 XX.
2029 4296 2092 4349 In
2123 4297 2284 4350 tertio
2340 4314 2491 4352 anno
2523 4300 2756 4369 solidos,

1067 4382 1246 4436 XVIII.
1291 4382 1403 4435 Hoc
1429 4387 1561 4435 sunt
1587 4383 1753 4436 solidi
1798 4385 1966 4438 LXIV.
2003 4386 2265 4438 Potentes
2312 4392 2505 4440 autem
2563 4386 2756 4440 homi-

1069 4484 1171 4523 nes
1200 4469 1327 4539 plus
1357 4469 1489 4523 dare
1532 4470 1786 4525 debent:
1842 4473 1974 4543 quia
2025 4473 2116 4526 cui
2172 4474 2300 4543 plus
2356 4474 2752 4541 committitur,
2786 4489 2827 4542 ι)

1070 4558 1200 4628 plus
1256 4558 1325 4612 ab
1389 4575 1456 4611 eo
1512 4559 1789 4628 exigetur.
1854 4562 1921 4614 Et
1980 4561 2078 4631 qui
2131 4562 2327 4616 illicita
2366 4562 2756 4628 committunt,

1070 4647 1240 4701 etiam
1266 4663 1299 4700 a
1329 4646 1495 4701 licitis
1525 4664 1583 4701 se
1623 4649 1905 4704 abstinere
1963 4650 2193 4719 debent,
2240 4655 2296 4704 et
2319 4667 2526 4722 corpus
2548 4645 2764 4705 debent

1071 4734 1325 4805 afﬂigere
1393 4735 1650 4805 jejuuiis,
1692 4737 1923 4808 vigiliis,
1985 4743 2041 4791 et
2092 4737 2305 4792 crebris
2386 4739 2759 4793 orationibus.

1071 4822 1212 4877 Caro
1269 4822 1423 4877 enim
1471 4824 1600 4878 laeta
1644 4826 1819 4879 trahit
1852 4826 1918 4879 ad
1972 4826 2200 4896 culpam
2255 4842 2268 4880 :
2312 4827 2524 4881 afﬂicta
2572 4831 2763 4881 autem

1067 4910 1291 4966 reducit
1318 4910 1391 4966 ad
1418 4914 1666 4968 veniam.

1070 5000 1199 5056 Cn.
1232 5001 1407 5055 XXIV.
1454 5029 1523 5042 --
1555 5005 1629 5056 De
1647 5004 1758 5056 illis
1775 5006 1872 5071 qui
1889 5004 2146 5071 jejunare
2165 5019 2272 5057 non
2298 5009 2544 5073 possunt,
2584 5010 2634 5057 et
2663 5020 2767 5058 non

1602 5074 1797 5129 habent
1825 5074 1967 5129 unde
2006 5078 2239 5144 possint.

1145 5150 1267 5219 (Ea:
1296 5151 1662 5206 Paenitentiali
1679 5153 1833 5207 Bede
1853 5154 2197 5225 presbyteri.)
2227 5153 2333 5218 Qui
2352 5154 2617 5225 jejunare
2649 5169 2766 5207 non

1070 5241 1258 5309 potest
1287 5243 1343 5291 et
1372 5255 1486 5292 non
1514 5239 1686 5294 habet
1739 5241 1887 5295 unde
1919 5242 2162 5296 redimat
2190 5246 2247 5295 et
2300 5241 2554 5296 Psalmos
2584 5242 2763 5306 novit,

1072 5341 1177 5398 pro
1220 5343 1333 5380 uno
1376 5327 1467 5383 die
1513 5345 1686 5398 quem
1730 5329 1789 5383 in
1844 5345 1991 5401 pane
2021 5336 2077 5383 et
2105 5328 2541 5400 aquajejunare
2596 5329 2764 5384 debet

1070 5416 1255 5471 tribus
1284 5416 1536 5471 vicibus:
1585 5418 1743 5472 Beati
1773 5417 2145 5482 immaculati,
2189 5433 2393 5486 usque,
2448 5417 2530 5471 Ad
2563 5417 2764 5471 Domi-

1071 5519 1211 5558 num
1242 5521 1373 5558 cum
1418 5504 1726 5559 tribularer
1774 5506 2054 5560 decantet.
2114 5505 2184 5557 Et
2216 5505 2443 5558 sexies:
2501 5505 2763 5559 Miserere

1070 5593 1184 5647 mei
1215 5594 1382 5649 Deus.
1418 5596 1482 5648 Et
1510 5594 1834 5664 septuagies
1870 5598 2198 5664 prosternat
2243 5610 2302 5646 se
2356 5593 2414 5646 in
2440 5600 2671 5661 terram,
2706 5599 2764 5648 et

1072 5697 1176 5751 per
1218 5680 1472 5753 singulas
1528 5682 1977 5748 genuﬂexiones,
2025 5682 2190 5736 Pater
2247 5687 2442 5735 noster
2475 5682 2756 5737 decantet.

1073 5768 1180 5832 Qui
1201 5774 1393 5824 autem
1426 5770 1679 5823 Psalmos
1698 5770 1898 5836 nescit,
1929 5785 2032 5840 pro
2055 5786 2167 5823 uno
2200 5771 2291 5824 die
2321 5786 2493 5841 quem
2522 5770 2582 5825 in
2612 5787 2761 5841 pane

2833 750 3065 812 terram,
3100 751 3155 801 et
3182 762 3285 817 per
3336 745 3590 815 singulas
3637 744 4089 815 genuﬂexiones,
4122 747 4294 800 Pater
4342 749 4530 798 noster

2834 835 3001 889 dicat.

2906 924 3034 977 CAP.
3064 924 3210 978 XXV.
3235 953 3299 961 ——
3325 925 3391 975 [μ
3423 922 3785 991 redemptione
3804 926 4005 991 septem
4029 937 4319 976 annorum.

2908 1010 3013 1080 (Ea:
3072 1013 3433 1065 Paenitentcul.
3490 1009 3772 1079 Romano.)
3832 1010 3973 1063 Item
4032 1010 4146 1063 alio
4207 1010 4404 1077 modo,
4450 1010 4535 1062 Xll

2838 1099 3117 1153 triduano:
3146 1099 3388 1167 singulae
3419 1114 3548 1151 cum
3580 1098 3864 1168 psalteriis
3891 1099 3965 1153 III
4002 1098 4277 1168 impletis,
4321 1103 4380 1152 et
4408 1114 4537 1150 cum

2840 1188 3100 1257 palmatis
3149 1187 3274 1242 CCC
3344 1202 3447 1257 per
3477 1186 3703 1256 singula
3730 1187 4001 1257 psalteria
4036 1192 4309 1241 excusant
4367 1187 4539 1239 unius

2838 1277 2974 1330 anni
3005 1276 3417 1347 paenitentiam.
3452 1275 3517 1327 Et
3546 1275 3749 1344 viginti
3775 1281 4026 1345 quatuor
4070 1275 4345 1329 biduauee
4379 1275 4536 1327 simi-

2838 1366 2986 1433 liter,
3012 1381 3141 1419 cum
3170 1371 3283 1418 tres
3313 1364 3598 1434 psalteriis
3662 1363 3939 1433 impletis,
3994 1369 4053 1417 et
4081 1364 4209 1418 CCC
4264 1364 4540 1434 palmatis

2838 1470 2939 1523 per
2984 1453 3208 1522 singula
3291 1452 3584 1521 psalteria,
3637 1457 3910 1505 excusant
3954 1452 4099 1505 duos
4169 1467 4358 1505 annos
4414 1452 4541 1504 XXV

2838 1540 3045 1611 psalmi
3073 1556 3201 1593 cum
3228 1540 3467 1593 totidem
3496 1539 3677 1592 veniis
3698 1554 3802 1609 per
3839 1545 4085 1603 noctem,
4139 1544 4197 1593 et
4248 1554 4387 1593 cum
4421 1540 4538 1609 pal-

2838 1630 3004 1683 matis
3029 1629 3157 1685 CCC
3188 1633 3462 1681 excusant
3496 1628 3828 1681 biduanam.
3873 1626 4116 1681 Centum
4153 1628 4365 1698 psalmi
4414 1643 4543 1679 cum

2843 1719 3019 1771 veniis
3064 1733 3168 1788 per
3223 1720 3472 1780 noctem,
3524 1721 3579 1769 et
3623 1732 3751 1770 cum
3784 1716 4079 1786 psalmatis
4104 1716 4233 1771 CCC
4265 1722 4545 1769 excusant

2839 1804 3154 1858 tridurnam
3208 1804 3330 1858 CXX
3388 1803 3576 1856 missas
3634 1802 3929 1872 speciales,
3996 1802 4239 1872 singulae
4293 1818 4432 1855 cum
4477 1802 4545 1855 lll

2838 1892 3142 1964 psalteriis,
3218 1897 3273 1944 et
3362 1891 3491 1947 CCC
3560 1891 3859 1961 psalmatis
3942 1897 4214 1945 excusant
4302 1906 4544 1955 annum,

2839 1989 3068 2036 centum
3102 1980 3266 2035 solidi
3323 1981 3454 2035 data
3509 1980 3567 2034 in
3615 1981 4039 2051 eleemosyuam
4096 1995 4324 2034 annum
4382 1995 4545 2033 excu-

2844 2073 2994 2121 sant.

2842 2158 2968 2210 CAP.
3002 2157 3174 2210 XXVI.
3199 2187 3266 2195 —
3298 2158 3362 2211 Ut
3392 2159 3447 2209 in
3463 2158 3638 2224 capite
3668 2156 4099 2225 quadragesima
4114 2171 4299 2209 omnes
4318 2156 4548 2224 publica

2909 2230 3223 2297 panitentes
3253 2230 3311 2281 in
3350 2230 3625 2281 civitatem
3652 2230 3897 2293 veniant,
3942 2233 3991 2279 et
4034 2232 4160 2280 ante
4183 2229 4336 2292 fores
4372 2228 4548 2280 Eccle-

2912 2302 3007 2352 siz
3057 2298 3221 2351 nudis
3262 2298 3510 2367 pedibus,
3569 2302 3618 2351 et
3676 2300 3854 2352 cilicio
3888 2298 4091 2366 induti,
4153 2301 4417 2367 episcopo
4463 2314 4548 2351 suo

2912 2385 2967 2423 se
3000 2374 3401 2437 repraesentem.

2915 2458 3024 2528 (Ea:
3061 2459 3281 2512 concilio
3308 2458 3604 2523 Agathen.,
3632 2460 3810 2525 capite
3844 2458 3924 2525 9.)
3965 2457 4029 2510 In
4066 2457 4256 2526 capite
4289 2456 4549 2520 Quadra-

2846 2546 3079 2616 gesimm
3123 2560 3320 2599 omnes
3362 2544 3705 2615 pceniteutes
3749 2544 3849 2615 qui
3882 2544 4172 2614 publicam
4226 2545 4552 2613 suscipiunt

2846 2638 2945 2687 aut
2992 2638 3364 2703 susceperunt
3419 2633 3837 2703 paenitentiam,
3896 2640 4029 2686 ante
4076 2633 4228 2687 fores
4291 2633 4551 2686 Ecclesia:

2848 2738 2906 2776 se
2932 2726 3341 2793 representent
3378 2722 3647 2791 episcopo
3704 2721 3966 2786 civitatis,
3997 2737 4157 2775 sacco
4202 2720 4425 2787 induti,
4456 2737 4551 2773 nu-

2848 2810 2933 2864 dis
2964 2810 3222 2879 pedibus,
3273 2810 3519 2863 vultibus
3586 2810 3643 2863 in
3696 2814 3909 2864 terram
3962 2810 4290 2880 prostratis,
4327 2826 4460 2862 reos
4507 2826 4555 2861 se

2850 2914 2970 2952 esse
3009 2899 3130 2969 ipso
3203 2897 3400 2951 habitu
3456 2903 3512 2951 et
3568 2897 3724 2950 vultu
3762 2898 4207 2967 proclamantes.
4244 2896 4335 2951 lbi
4368 2898 4555 2950 adesse

2850 2987 3298 3045 debentdecani.
3340 2986 3395 3038 id
3428 2990 3531 3051 est,
3583 2985 4060 3054 archipresbyteri
4116 2985 4553 3055 parochiarum,

2851 3073 2904 3126 id
2930 3080 3033 3139 est,
3069 3073 3389 3143 presbyteri
3434 3073 3839 3142 pmnitentum,
3875 3073 3975 3143 qui
4006 3088 4209 3126 eorum
4256 3088 4555 3125 conversa-

2851 3162 3066 3215 tionem
3121 3162 3427 3230 diligenter
3480 3161 3759 3231 iuspicere
3846 3161 4079 3223 debent,
4132 3165 4190 3214 et
4239 3162 4553 3214 secundum

2857 3250 3087 3303 modum
3115 3251 3317 3319 culpae,
3348 3251 3747 3320 paenitentiam
3806 3265 3908 3320 per
3938 3250 4205 3320 prmﬁxos
4235 3250 4460 3318 gradus
4494 3253 4557 3301 in-

2849 3339 3115 3407 jungant.
3145 3340 3277 3392 Post
3302 3339 3421 3391 hinc
3444 3338 3503 3391 in
3526 3338 3832 3391 Ecclesiam
3857 3354 3954 3391 eos
3976 3337 4337 3404 introducat,
4371 3345 4428 3391 et
4442 3354 4554 3391 cum

2857 3427 3013 3480 omni
3040 3427 3193 3480 clero
3246 3431 3461 3495 septem
3522 3426 3873 3496 poenitentiae
3918 3427 4171 3480 Psalmos
4224 3426 4286 3479 in
4355 3432 4554 3479 terram

2856 3520 3173 3585 prostratus
3232 3530 3362 3568 cum
3413 3514 3677 3584 lacrymis
3760 3531 3864 3584 pro
3922 3530 4122 3568 eorum
4189 3514 4558 3569 absolutione

2857 3604 3138 3658 decantet.
3195 3604 3351 3657 Tunc
3407 3618 3715 3672 resurgens
3746 3603 3816 3657 ab
3863 3604 4143 3663 oratione,
4191 3604 4369 3673 juxta
4417 3604 4558 3674 quod

2859 3707 3105 3745 canones
3131 3691 3354 3759 jubeut,
3396 3706 3601 3744 manus
3653 3690 3733 3744 eis
3789 3690 4070 3761 imponat,
4127 3708 4354 3762 aquam
4396 3693 4566 3746 bene-

2861 3780 3068 3833 dictam
3125 3796 3297 3848 super
3344 3796 3439 3832 eos
3494 3785 3743 3849 spargat,
3821 3780 4072 3833 cinerem
4126 3780 4296 3850 prius
4362 3782 4566 3837 mittat,

2859 3870 3061 3923 deinde
3105 3868 3289 3921 cilicio
3343 3868 3529 3938 capita
3573 3883 3771 3920 eorum
3833 3868 4142 3938 cooperiat,
4199 3873 4260 3921 et
4321 3885 4461 3923 cum
4488 3885 4569 3937 ge-

2863 3959 3004 4011 mitu
3060 3963 3116 4010 et
3179 3956 3391 4010 crebris
3449 3956 3710 4024 suspiriis
3759 3956 3841 4009 eis
3873 3957 4201 4023 denunciet,
4236 3959 4409 4027 quod
4440 3960 4569 4010 sicut

2863 4048 3041 4101 Adam
3073 4046 3357 4115 projectus
3387 4050 3471 4097 est
3500 4045 3567 4097 de
3608 4044 3894 4115 paradiso,
3919 4046 3997 4098 ita
4026 4050 4078 4099 et
4115 4046 4229 4114 ipsi
4258 4047 4343 4100 ab
4402 4048 4569 4101 Eccle-

2865 4136 2946 4188 sia
2972 4152 3076 4205 pro
3106 4134 3352 4203 peccatis
3408 4132 3773 4202 abjiciuntur.
3810 4134 3944 4186 Post
3968 4133 4091 4187 hrec
4144 4134 4367 4201 jubeat
4414 4136 4569 4188 mini~

2866 4220 2994 4273 stris
3037 4225 3099 4273 ut
3145 4236 3242 4272 eos
3289 4224 3445 4273 extra
3484 4220 3689 4289 januas
3738 4219 3999 4273 Ecclesim
4021 4220 4353 4289 expellant.
4398 4222 4573 4275 Clerus

2864 4325 2995 4361 vero
3034 4312 3411 4379 prosequatur
3460 4324 3556 4360 eos
3589 4323 3718 4360 cum
3768 4307 4200 4377 Responsorio:
4260 4308 4338 4362 In
4384 4310 4574 4363 sudore

2865 4399 3054 4451 vultus
3101 4396 3184 4449 tui
3231 4395 3471 4449 vesceris
3516 4411 3685 4465 pane,
3740 4401 3965 4461 etc.,ut
3996 4396 4262 4449 videntes
4332 4407 4572 4451 sanctae;

2867 4485 3171 4539 Ecclesium
3220 4499 3325 4553 pro
3367 4483 3712 4537 facinoribus
3760 4484 3877 4537 suis
3937 4483 4351 4538 tremefactum
4426 4494 4573 4553 atque

2868 4578 3233 4635 commotam,
3318 4588 3437 4626 non
3520 4572 3935 4644 parvipendant
4015 4572 4467 4642 paenitentiam.
4532 4576 4572 4626 l:

2869 4678 3026 4716 sacra
3045 4666 3236 4715 autem
3272 4660 3500 4715 Domini
3530 4676 3710 4724 omne,
3767 4676 3967 4714 rursus
3997 4660 4068 4714 ab
4098 4676 4320 4716 eorum
4359 4663 4571 4716 decams

2870 4756 2927 4805 et
2956 4765 3153 4804 eorum
3186 4748 3553 4819 presbyteris,
3587 4748 3848 4803 Ecclesiae
3895 4748 4202 4802 liminibus
4252 4765 4574 4820 reprazseu-

2870 4844 3080 4894 tentur.

2872 4930 2998 4983 Car.
3023 4927 3223 4982 XXVII.
3252 4956 3313 4966 —
3339 4928 3405 4981 Ut
3425 4928 3738 4994 pamitentes
3752 4925 3970 4994 quando
3980 4927 4382 4994 pcenitentiam
4405 4937 4573 4997 petua.‘

3151 5001 3548 5067 impositionem
3577 5014 3835 5051 manuum
3864 5003 4301 5064 consequantur.

2941 5086 3062 5153 (Ea:
3082 5085 3277 5147 eodem,
3310 5088 3489 5153 capite
3504 5085 3579 5153 7.)
3600 5085 3946 5139 Pmnitentes
3971 5089 4242 5152 tempore
4260 5101 4389 5155 quo
4428 5102 4577 5155 pum;-

2870 5175 3108 5228 tentiam
3144 5179 3367 5243 petunt,
3404 5174 3836 5242 impositionem
3880 5189 4191 5238 manuum,
4226 5174 4310 5240 iet
4353 5176 4575 5228 εἱιιιωε

2873 5278 3043 5332 super
3064 5262 3251 5330 capita
3287 5262 3662 5321 asacerdote.
3720 5261 3868 5314 sicut
3933 5260 4151 5331 ubique
4213 5264 4575 5316 constitutum

2874 5354 2976 5412 est,
3014 5354 3461 5417 consequantur.
3492 5347 3549 5402 Si
3573 5353 3766 5401 autem
3795 5362 3986 5400 comas
4030 5364 4155 5401 non
4186 5348 4574 5419 deposuerm‘.

2867 5441 2969 5489 aut
2990 5436 3332 5489 vestimenta
3364 5452 3476 5489 non
3507 5436 3877 5502 mutaverint,
3922 5435 4313 5506 abjiciantur.

2870 5526 2996 5578 CAP.
3013 5525 3238 5578 XXVIII.
3254 5555 3321 5563 ——
3336 5528 3453 5590 ()ua
3471 5527 3793 5597 auctoritate
3808 5524 3997 5597 modus
4008 5529 4365 5597 pauitantia:
4380 5538 4571 5597 pereat:

3314 5596 3685 5663 conﬁtentibus
3713 5597 3920 5663 imponi
3951 5595 4133 5650 debet.

2939 5684 3045 5753 (Er
3059 5686 3280 5737 concilio
3306 5686 3634 5750 Moguntin.,
3677 5686 3852 5752 capite
3886 5684 3995 5747 l0.)
4014 5683 4230 5739 Modus
4256 5694 4568 5759 tempusque

2869 5772 3219 5842 pmuiteutia:
3267 5776 3495 5842 peccata
3523 5788 3625 5824 sua
3663 5771 4103 5839 confitentibus,
4154 5784 4263 5831 aut
4316 5794 4421 5848 per
4465 5786 4569 5827 amr
