4592 6464
503 425 609 475 985

1336 418 1814 477 DECRETORUM
1856 420 2043 475 LIBRI
2082 421 2187 475 XX.
2230 448 2298 457 —
2342 419 2553 473 LIBER
2595 416 2898 472 DECIMUS
2936 415 3181 470 NONUS.

3891 417 3992 469 986

503 560 756 615 quorum
785 559 1072 597 canonum
1120 542 1557 608 institutionem,
1600 548 1701 597 aut
1742 559 1845 612 per
1873 549 2195 597 sanctarum
2234 547 2279 599 Α
2312 540 2647 612 protelanda
2681 540 3009 593 existimant
3036 556 3049 594 :
3075 543 3266 591 tamen
3296 553 3400 607 pro
3425 535 3765 607 quibusdam
3789 534 3991 604 culpis,

503 630 931 700 Scripturarum
948 629 1364 695 auctoritatem,
1396 634 1493 681 aut
1506 645 1607 699 per
1620 630 2057 683 ecclesiasticam
2072 645 2199 683 con-

505 720 870 773 suetudinem
902 718 1199 788 probatam
1234 718 1454 787 imponi
1488 718 1654 772 debet
1697 735 1729 771 a
1787 719 2196 773 sacerdotibus'

508 810 654 863 Nam
688 808 788 878 qui
820 808 1063 877 peccatis
1106 807 1372 877 gravibus
1418 807 1570 860 leves
1599 808 1877 877 quosdam
1921 814 1975 861 et
2026 807 2201 861 inusi-

506 902 658 950 tatas
688 898 995 967 imponunt
1021 896 1374 964 pmnitentias
1408 897 1624 961 modos,
1657 900 1940 949 consuunt
1986 897 2200 965 pulvil-

508 985 593 1037 los
649 985 962 1037 secundum
1021 985 1417 1053 propheticum
1490 1000 1834 1049 sermonem,
1886 984 1988 1037 sub
2046 985 2203 1037 omni

510 1072 702 1126 cubito
734 1088 959 1137 manus,
1010 1076 1067 1125 et
1115 1072 1329 1125 iaciunt
1376 1073 1672 1125 cervicalia
1718 1073 1821 1125 sub
1868 1074 2052 1142 capite
2082 1072 2203 1125 uni-

514 1177 688 1213 versa:
744 1160 927 1212 aetatis
981 1160 1049 1212 ad
1094 1160 1398 1228 capiendas
1465 1161 1730 1214 animas:
1788 1161 1885 1215 sed
1938 1160 2202 1214 discretio

514 1250 791 1301 servanda
844 1254 930 1302 est
960 1247 1111 1300 inter
1152 1249 1493 1316 pcenitentes
1528 1248 1773 1317 publice,
1808 1255 1864 1302 et
1910 1249 2199 1301 absconse.

517 1339 659 1391 Nam
693 1338 791 1407 qui
822 1337 1049 1407 publice
1082 1342 1294 1405 peccat,
1329 1342 1554 1407 oportet
1584 1344 1644 1390 ut
1673 1337 1897 1406 publice
1931 1338 2206 1390 multetur

513 1425 872 1496 poenitentia,
934 1432 1007 1490 et,
1058 1426 1370 1479 secundum
1430 1426 1693 1479 ordinem
1746 1441 2053 1490 canonum,
2102 1440 2205 1495 pro

512 1514 722 1567 merito
753 1530 855 1566 suo
887 1514 1431 1579 excommunicetur,
1459 1520 1513 1567 et
1539 1514 1953 1567 reconcilietur.

513 1622 645 1674 CAP.
680 1622 848 1674 XXIX.
879 1649 950 1660 —
980 1620 1132 1690 Quod
1160 1621 1448 1674 diversitas
1481 1624 1783 1689 culparum,
1834 1622 2205 1674 diversitatem

1011 1694 1186 1756 faciat
1218 1695 1679 1761 pwnitentiarum.

589 1781 700 1847 (Ea:
725 1780 887 1833 dictis
932 1781 1193 1849 August.)
1245 1780 1546 1832 Diversitas
1587 1782 1905 1851 culparum,
1963 1779 2197 1834 diversi-
2232 1818 2271 1871 Β

509 1872 693 1920 tatem
724 1866 859 1921 facit
907 1867 1395 1937 pmnitentiarum.
1449 1870 1591 1922 Nam
1623 1874 1680 1921 et
1718 1885 2023 1939 corporum
2080 1884 2198 1920 me-

508 1955 648 2020 dici,
704 1956 921 2009 diversa
994 1957 1408 2009 medicamenta
1474 1962 1843 2025 componunt,
1922 1963 1983 2010 ut
2040 1957 2207 2010 aliter

510 2044 774 2105 vulnera,
824 2044 991 2097 aliter
1023 2045 1308 2109 morbum,
1360 2046 1525 2098 aliter
1564 2051 1839 2112 tumores,
1890 2046 2052 2098 aliter
2100 2062 2206 2115 pu-

510 2132 794 2190 tredines,
829 2132 991 2185 aliter
1024 2132 1313 2201 caligines,
1364 2133 1530 2186 aliter
1558 2133 1985 2197 confractiones,
2042 2134 2207 2186 aliter

511 2220 944 2274 combustiones
993 2226 1214 2273 curent.
1256 2222 1337 2273 Ita
1405 2228 1462 2274 et
1511 2221 1795 2291 spiritales
1844 2221 2072 2289 medici,
2128 2221 2209 2274 di-

514 2310 697 2362 versis
764 2309 1122 2362 curationum
1207 2310 1514 2378 generibus
1596 2311 1919 2363 animarum
1973 2312 2209 2363 vulnera

514 2413 723 2450 sanare
788 2397 1041 2451 debent:
1098 2398 1193 2450 sed
1262 2398 1398 2467 quia
1450 2398 1566 2451 bazc
1622 2415 1936 2468 paucorum
1992 2404 2077 2453 est
2139 2398 2209 2452 ad

514 2502 733 2557 purum
792 2486 1005 2539 scilicet
1069 2491 1272 2538 cuncta
1337 2502 1700 2555 cognoscere,
1765 2494 1822 2540 et
1872 2503 2091 2552 curare,
2154 2491 2211 2540 et

517 2574 765 2639 mederi,
796 2579 968 2643 atque
1002 2579 1063 2627 ut
1114 2576 1173 2626 in
1200 2574 1489 2642 integrum
1522 2575 1717 2627 salutis
1747 2581 1957 2628 statum
1989 2576 2211 2629 valeant

516 2678 810 2727 revocare,
861 2662 989 2716 ideo
1042 2662 1281 2716 solerter
1331 2663 1704 2717 admonemus
1733 2664 1962 2718 doctum
2004 2680 2211 2734 quem-

514 2767 635 2823 que
692 2751 1042 2804 sacerdotem
1096 2750 1305 2803 Christi
1355 2756 1419 2803 ut
1468 2767 1581 2804 non
1623 2768 1686 2804 ex
1721 2768 1823 2804 suo
1873 2768 2060 2815 sensu,
2115 2751 2211 2805 sed

514 2839 839 2893 secundum
888 2854 1171 2892 canonum
1222 2844 1452 2903 statuta,
1504 2844 1558 2892 et
1606 2840 1939 2893 traditiones
1981 2842 2210 2893 Patrum

516 2928 790 2982 universa
819 2927 1107 2995 disponat,
1141 2931 1197 2979 et
1224 2926 1615 2979 conditionem
1674 2927 1971 2997 utriusque
2023 2944 2209 2993 sexus,

515 3020 776 3079 atatem,
835 3020 1253 3085 paupertatem,
1319 3031 1567 3073 causam,
1624 3020 1854 3083 statum,
1912 3032 2213 3085 personam

513 3105 801 3173 cujusque
834 3102 1227 3172 paenitentiam
1259 3119 1426 3172 agere
1460 3104 1717 3170 volentis,
1766 3104 1951 3174 ipsum
1985 3120 2213 3175 quoque
2248 3098 2287 3153 C

514 3208 622 3246 cor
651 3191 978 3260 pmnitentis
1026 3190 1291 3259 inspiciat
1323 3207 1335 3243 :
1372 3196 1426 3244 et
1456 3192 1765 3245 secundum
1804 3193 1944 3259 haec,
2000 3198 2063 3247 ut
2112 3192 2217 3246 sibi

516 3280 711 3334 visum
750 3279 941 3344 fuerit,
980 3284 1041 3331 ut
1091 3279 1315 3347 sapiens
1360 3280 1633 3347 medicus,
1694 3280 1919 3350 singula
1974 3297 2218 3351 quaeque

516 3366 827 3437 dijudicet.

600 3472 730 3526 CAP.
763 3472 909 3524 XXX.
942 3502 1009 3509 ——
1044 3472 1197 3536 Quod
1228 3473 1394 3525 multi
1423 3474 1534 3525 sint
1557 3476 1771 3537 fructus
1797 3477 2146 3543 pcenitentiz.

596 3561 709 3623 (Ea:
739 3558 898 3611 dictis
936 3559 1220 3625 ejusdem.)
1258 3560 1414 3612 Multi
1448 3567 1577 3613 sunt
1620 3562 1975 3630 poenitentiae
2004 3562 2219 3615 fructus

520 3663 637 3717 per
667 3663 811 3716 quos
842 3647 911 3699 ad
940 3647 1324 3715 expiationem
1356 3648 1660 3702 criminum
1714 3652 2061 3718 pervenitur.
2097 3651 2221 3704 Non

520 3736 687 3791 enim
723 3740 945 3788 tantum
991 3736 1234 3805 simplici
1275 3737 1373 3789 illo
1406 3738 1759 3806 paenitentia:
1792 3726 2025 3793 nomine
2072 3742 2222 3792 salus

518 3828 746 3877 aeterna
784 3824 1226 3892 repromittitur,
1262 3830 1322 3877 ut
1374 3825 1517 3879 illud
1570 3826 1950 3895 apostolicum
1985 3843 1997 3880 :
2035 3828 2222 3881 Paeni-

517 3910 755 3973 temini,
788 3912 996 3981 inquit,
1050 3916 1105 3964 et
1134 3913 1532 3966 convertimini
1562 3918 1626 3967 ut
1669 3915 1967 3969 deleantur
1996 3922 2223 3985 peccata

519 4003 737 4051 vestra.
791 4000 853 4052 Et
904 3998 1046 4053 illud
1083 4000 1480 4069 propheticum
1512 4018 1523 4055 :
1557 4002 1696 4055 Cum
1730 4019 2032 4057 conversus
2062 4004 2221 4074 inge-

520 4086 747 4142 mueris
778 4095 915 4140 tunc
940 4089 1128 4141 salvus
1178 4089 1308 4152 eris,
1360 4095 1594 4159 propter
1642 4090 1807 4143 illum
1860 4092 2075 4143 nudum
2126 4108 2223 4162 ge-

525 4175 763 4239 mitum,
799 4179 853 4227 et
886 4183 1119 4244 propter
1170 4176 1314 4230 illud
1344 4178 1563 4230 nudum
1596 4194 1805 4231 nomen
1855 4180 2221 4249 paenitentiae,

528 4263 730 4317 nullus
786 4264 1111 4329 saivabitur,
1159 4264 1258 4318 sed
1306 4281 1409 4333 per
1460 4281 1650 4319 veram
1693 4267 2128 4333 confessionem,
2171 4274 2225 4321 et

528 4351 848 4406 sacerdotis
890 4352 1264 4421 intelligentis
1308 4353 1629 4417 consilium,
1695 4361 1749 4407 et
1796 4371 1895 4424 per
1936 4356 2225 4410 charitatis

530 4439 829 4502 affectum,
879 4444 934 4491 et
965 4456 1067 4509 per
1123 4440 1614 4510 eleemosynarum
1652 4441 1923 4508 fructum,
1964 4450 2229 4512 peccato-

532 4543 672 4583 rum
704 4527 882 4579 moles
908 4528 1219 4581 subruitur.

534 4636 673 4688 CAP.
709 4632 877 4685 XXXI.
913 4662 981 4671 -—
1011 4634 1118 4687 Cur
1146 4647 1370 4686 canones
1396 4633 1689 4703 praeﬁgunt
1718 4650 1821 4688 non
1858 4638 2095 4703 perfecte
2132 4653 2229 4704 pro

612 4718 935 4770 unoquoque
1008 4705 1232 4757 crimine
1299 4708 1503 4772 tempus
1582 4708 1630 4757 et
1689 4720 1996 4760 mensuram
2044 4711 2229 4775 pecni—

618 4776 813 4827 tentias.

613 4862 732 4930 (Ea:
758 4862 921 4915 dictis
960 4861 1301 4932 Hieronym.)
1352 4863 1672 4917 Mensuram
1718 4868 1913 4918 autem
1955 4866 2228 4936 temporis

528 4955 601 5006 in
633 4950 853 5020 agenda
888 4950 1240 5019 ptenitentia,
1280 4951 1489 5005 idcirco
1524 4968 1641 5005 non
1669 4952 1803 5005 satis
1832 4962 2026 5023 aperte
2081 4971 2226 5023 prae-

528 5044 728 5109 figunt
773 5054 1017 5092 canones
1075 5056 1177 5108 pro
1229 5056 1575 5111 unoquoque
1628 5041 1885 5107 crimine,
1921 5048 1984 5095 ut
2014 5043 2081 5095 de
2114 5043 2228 5096 sin-

523 5128 689 5201 gulis
738 5128 948 5196 dicant,
1009 5128 1254 5197 qualiter
1311 5130 1760 5200 unumquodque
1803 5131 2229 5185 emendandum

520 5218 629 5281 sit,
663 5218 761 5269 seit
792 5216 974 5285 magis
1006 5216 1063 5269 in
1098 5216 1334 5270 arbitrio
1362 5217 2017 5289 antistitisintelligentis
2049 5220 2229 5272 relin—

522 5305 835 5376 quendum
867 5310 1126 5358 statuunt
1158 5322 1168 5359 :
1207 5307 1340 5375 quia
1366 5307 1513 5376 apud
1550 5309 1726 5361 Deum
1760 5324 1873 5361 non
1925 5313 2039 5361 tam
2082 5309 2231 5361 valet

519 5408 804 5448 mensura
860 5392 1135 5461 temporis
1189 5408 1362 5462 quam
1420 5393 1656 5460 doloris,
1709 5410 1811 5448 nec
1883 5394 2229 5447 abstinentia

516 5486 757 5538 tantum
787 5480 1045 5534 ciborum
1070 5497 1244 5551 quam
1277 5480 1640 5535 mortiﬁcatio
1663 5482 1951 5535 vitiorum.
1988 5484 2229 5551 Propter

517 5570 685 5641 quod
754 5572 1013 5638 tempora
1083 5568 1452 5638 paenitentiae,
1512 5569 1624 5623 ﬁde
1683 5575 1738 5621 et
1798 5571 2224 5623 conversatione

515 5660 939 5732 pcenitentum,
994 5658 1374 5712 abbrevianda
1412 5659 1771 5729 praecipiunt,
1794 5663 1849 5712 et
1876 5659 2227 5729 negligentia

2256 4378 2298 4430 D

2307 628 2465 681 modi
2494 627 2844 697 paenitentiae
2878 631 3009 678 sunt
3052 624 3325 695 impositi,
3371 624 3531 693 juxta
3576 638 3719 692 quos
3774 625 3991 674 caetera:

2306 717 2727 786 perpendenda
2759 721 2892 768 sunt
2920 716 3122 784 culpae,
3152 730 3280 767 cum
3309 713 3379 767 sit
3417 712 3580 765 facile
3622 726 3722 780 per
3766 709 3993 762 eosdem

2308 802 2506 855 modos
2537 800 2842 853 vindictam
2864 806 2918 853 et
2950 815 3248 853 censuram
3270 813 3555 852 canonum
3581 796 3884 849 aestimare.

2310 891 2434 945 CAP.
2468 890 2670 945 XXXII.
2702 919 2774 930 —
2807 893 2873 943 De
2900 891 3007 942 illis
3030 888 3126 958 qui
3154 890 3523 956 pveIiitentiam
3554 886 3662 939 sibi
3688 884 3989 950 injunctam

2857 961 3153 1028 adimplere
3177 962 3461 1024 festinant.

2380 1032 2489 1099 (Ea:
2539 1032 2907 1085 Pmnitentiali
2954 1022 3233 1098 Romana.)
3293 1030 3771 1097 Unumquemque
3812 1022 3995 1077 homi-

2312 1135 2443 1171 nem
2475 1120 2834 1173 accedentem
2894 1119 2958 1171 ad
3016 1118 3411 1187 paenitentiam
3445 1117 3489 1167 si
3540 1115 3745 1167 videris
3793 1113 3999 1165 acriter

2313 1212 2367 1260 et
2398 1208 2619 1260 assidue
2644 1212 2790 1260 stare
2823 1208 2879 1261 in
2926 1206 3283 1276 paenitentia,
3334 1205 3525 1257 statim
3570 1202 3863 1255 remissius
3894 1216 3997 1270 age

2312 1297 2577 1349 adversus
2608 1313 2759 1349 eum.
2793 1296 2897 1359 Qui
2930 1313 3060 1348 vero
3093 1301 3280 1364 potest
3309 1295 3571 1363 jejunare
3607 1290 3756 1361 quod
3806 1291 4000 1357 impo-

2312 1386 2481 1437 situm
2514 1391 2596 1437 est
2623 1384 2694 1450 ei,
2747 1385 2863 1437 noli
2921 1384 3244 1454 prohibere,
3297 1384 3391 1435 sed
3444 1380 3759 1451 permitte:
3814 1377 3997 1445 magis

2314 1473 2464 1526 enim
2500 1473 2768 1526 laudandi
2798 1477 2926 1525 sunt
2958 1473 3013 1525 hi
3047 1471 3143 1542 qui
3176 1471 3434 1525 celeriter
3482 1468 3735 1521 debitum
3776 1465 3999 1534 pondus

2313 1561 2637 1630 persolvere
2670 1561 2933 1613 festinant
2967 1576 2979 1612 :
3006 1560 3139 1629 quia
3160 1558 3445 1628 jejunium
3476 1556 3729 1610 debitum
3751 1559 3837 1606 est
3858 1567 3999 1621 pon-

2312 1649 2436 1715 dus,
2461 1655 2517 1702 et
2548 1650 2625 1701 sic
2647 1649 2954 1701 amandum
2980 1648 3067 1701 his
3097 1648 3192 1718 qui
3217 1646 3609 1716 paenitentiam
3633 1647 3840 1712 agunt;
3864 1640 4001 1710 quia

2315 1737 2359 1789 si
2384 1738 2746 1807 jejunaverit,
2777 1742 2830 1790 et
2863 1736 3233 1805 compleverit
3256 1736 3403 1805 quod
3436 1734 3517 1787 illi
3549 1732 3883 1785 mandatum
3914 1732 3998 1782 est

2314 1843 2345 1879 a
2376 1826 2684 1891 sacerdote,
2722 1825 3117 1893 puriticabitur
3144 1841 3173 1877 a
3208 1824 3463 1894 peccatis.
3499 1821 3657 1885 Quod
3698 1820 3743 1871 si
3790 1819 3999 1871 iterum

2315 1915 2381 1968 ad
2406 1915 2704 1983 pristinam
2737 1914 3206 1967 consuetudinem
3261 1912 3469 1982 peccati
3496 1910 3767 1979 lreversus
3807 1905 3998 1971 fuerit,

2314 2004 2392 2056 sic
2440 2008 2521 2055 est
2564 2003 2848 2073 quomodo
2897 2002 3051 2054 canis
3098 2001 3197 2072 qui
3250 2001 3551 2053 revertitur
3600 1998 3667 2050 ad
3720 1995 4001 2047 vomitum

2313 2092 2632 2163 proprium.
2687 2090 2883 2145 Omnis
2934 2091 3128 2159 itaque
3175 2089 3452 2159 paenitens
3504 2104 3615 2141 non
3665 2088 3771 2139 hoc
3814 2083 4001 2136 solum

2317 2180 2483 2233 debet
2506 2180 2769 2248 jejunare
2802 2179 2949 2248 quod
2983 2178 3066 2230 illi
3101 2178 3428 2230 mandatum
3478 2180 3562 2227 est
3611 2191 3641 2226 a
3689 2171 3999 2237 sacerdote,

2314 2284 2514 2321 verum
2545 2267 2715 2320 etiam
2745 2272 3049 2336 postquam
3079 2265 3447 2335 compleverit
3480 2280 3545 2316 ea
3576 2278 3702 2333 quae
3734 2260 3817 2314 illi
3848 2260 4005 2328 jussa

2316 2362 2469 2421 sunt,
2519 2356 2684 2409 debet
2717 2360 2995 2424 quantum
3028 2354 3133 2425 ipsi
3181 2354 3365 2405 visum
3405 2351 3576 2405 fuerit
3619 2350 3901 2419 jejunare.
3946 2344 4004 2399 Si

2318 2444 2467 2497 enim
2523 2444 2704 2512 egerit.
2748 2459 2813 2495 ea
2876 2459 3004 2513 qua:
3053 2442 3135 2494 illi
3192 2442 3449 2494 sacerdos
3506 2436 3857 2510 praeceperit,
3909 2435 4006 2487 illa

2316 2536 2547 2603 peccata
2592 2536 2817 2585 tantum
2876 2547 3007 2601 quas
3061 2531 3351 2583 confessus
3397 2534 3480 2583 est
3515 2527 3894 2581 remittantur.
3948 2523 4004 2577 Si

2319 2637 2448 2673 vero
2482 2625 2678 2691 postea
2712 2637 2776 2673 ex
2810 2636 2909 2671 sua
2940 2621 3227 2672 voluntate
3267 2617 3632 2688 jejunaverit,
3683 2614 4005 2668 mercedem

2320 2711 2424 2763 sibi
2458 2710 2729 2779 acquirat,
2773 2715 2829 2761 et
2864 2725 3104 2776 regnum
3153 2710 3443 2762 calorum.
3496 2706 3602 2770 Qui
3647 2718 3783 2773 ergo
3828 2707 4005 2755 totam

2320 2798 2696 2868 septimanam
2725 2797 2949 2867 jejunat
2975 2813 3078 2866 pro
3112 2796 3375 2866 peccatis,
3433 2794 3666 2847 sabbato
3715 2798 3772 2845 et
3818 2789 4006 2843 domi—

2321 2889 2445 2941 nica
2471 2887 2560 2940 die
2593 2887 2894 2939 manducet
2923 2890 2979 2938 et
3003 2885 3155 2938 bibat
3188 2884 3466 2955 quidquid
3496 2883 3546 2936 ei
3573 2886 3771 2951 aptum
3798 2877 4002 2931 fuerit:

2321 2975 2603 3029 custodiat
2652 2980 2840 3027 tamen
2892 2990 2949 3027 se
3016 2991 3047 3025 a
3105 2975 3334 3043 crapula
3384 2977 3440 3024 et
3495 2970 3815 3024 ebrietate:
3872 2966 4009 3037 quia

2328 3065 2513 3120 omnis
2573 3064 2793 3117 luxuria
2846 3064 2914 3117 de
2963 3063 3233 3116 ebrietate
3293 3062 3560 3114 nascitur.
3625 3059 3754 3113 Ideo
3808 3058 4008 3110 beatus

2331 3155 2535 3207 Paulus
2582 3152 2876 3221 prohibuit
2918 3153 3154 3205 dicens:
3219 3152 3401 3205 Nolite
3432 3148 3704 3203 inebriari
3750 3146 3905 3209 vino,
3952 3144 4012 3197 in

2328 3260 2439 3313 quo
2472 3247 2556 3295 est
2585 3242 2807 3294 luxuria
2840 3258 2852 3293 :
2880 3256 2995 3294 non
3044 3241 3178 3311 quia
3228 3241 3285 3292 in
3318 3240 3448 3292 vino
3490 3243 3575 3291 est
3616 3234 3859 3301 luxuria,
3910 3233 4009 3287 sed

2329 3332 2387 3383 in
2419 3330 2713 3383 ebrietate.

2329 3419 2455 3472 CAP.
2482 3417 2704 3471 XXXIII.
2730 3448 2795 3455 ——
2830 3418 2895 3470 Ut
2917 3419 3331 3484 quotiescunque
3351 3416 3528 3483 aliqui
3547 3413 3620 3467 ad
3638 3412 4011 3484 paenitentiam

2397 3491 2732 3547 accesserint,
2794 3483 3092 3540 sacerdotes
3128 3488 3355 3553 jejuniis
3424 3492 3473 3538 et
3515 3483 3846 3538 orationibus
3895 3496 4013 3535 cum

2397 3562 2471 3611 eis
2498 3560 2888 3611 communicare
2916 3557 3158 3610 debeant.

2401 3632 2510 3694 (Ea:
2540 3629 2908 3683 Pwnitentiali
2941 3628 3166 3694 Theod.)
3213 3626 3675 3695 Quotiescunque
3705 3621 4011 3678 Christiani

2330 3719 2399 3770 ad
2447 3716 2847 3787 pmnitentiam
2906 3716 3200 3779 accedunt,
3258 3716 3480 3783 jejunia
3531 3712 3908 3781 injungimus,
3961 3713 4015 3761 et

2332 3823 2433 3859 nos
2463 3805 2883 3859 communicare
2907 3820 3037 3857 cum
3070 3805 3149 3857 eis
3178 3804 3449 3857 debemus
3481 3802 3540 3855 in
3565 3800 3810 3870 jejunio,
3837 3812 4011 3852 unam

2332 3901 2427 3947 aut
2458 3894 2600 3947 duas
2629 3892 2998 3962 septimanas,
3031 3898 3129 3945 aut
3161 3897 3436 3962 quantum
3462 3905 3781 3961 possumus,
3813 3894 4015 3941 utnon

2332 3983 2549 4037 dicatur
2602 3982 2760 4035 nobis
2805 3982 2956 4051 quod
3007 3980 3389 4033 sacerdotibus
3433 3980 3759 4033 Iudaeorum
3803 3976 4015 4031 dictum

2334 4078 2419 4125 est
2449 4088 2479 4123 a
2508 4070 2748 4124 Domino
2784 4086 2795 4122 :
2829 4070 2920 4123 Va:
2952 4070 3107 4123 vobis
3138 4069 3497 4139 legisperitis,
3553 4066 3650 4138 qui
3697 4064 4017 4136 aggravatis

2336 4159 2618 4224 homines,
2655 4163 2709 4211 et
2738 4157 3035 4226 imponitis
3085 4174 3254 4228 super
3293 4158 3564 4211 humeros
3602 4171 3801 4209 eorum
3847 4168 4020 4206 onera

2336 4247 2547 4317 gravia,
2582 4252 2640 4299 et
2670 4246 3073 4315 importabilia,
3110 4247 3214 4315 ipsi
3251 4251 3443 4299 autem
3480 4262 3592 4299 uno
3625 4243 3802 4313 digito
3835 4248 4019 4294 vestro

2340 4353 2453 4389 non
2485 4335 2720 4404 tangitis
2771 4335 3015 4387 sarcinas
3056 4335 3225 4404 ipsas.
3280 4335 3454 4388 Nemo
3486 4333 3639 4386 enim
3694 4334 3878 4400 potest
3921 4346 4019 4383 su-

2340 4426 2563 4479 blevare
2592 4422 2886 4477 cadentem
2924 4423 3026 4475 sub
3078 4423 3348 4492 pondere,
3406 4421 3511 4474 nisi
3564 4419 3917 4473 inclinaverit
3963 4434 4019 4470 se

2341 4518 2402 4565 ut
2426 4511 2679 4582 porrigat
2708 4512 2761 4563 ei
2782 4526 3038 4565 manum.
3077 4511 3267 4579 Neque
3300 4510 3447 4563 ullus
3494 4509 3847 4561 medicorum
3899 4506 4017 4558 vul-

2340 4617 2475 4654 nera
2506 4600 2919 4654 intirmantium
2958 4604 3139 4669 potest
3168 4615 3366 4651 curare
3414 4597 3524 4650 nisi
3571 4596 3843 4649 fetoribus
3891 4610 4021 4664 par-

2340 4690 2514 4759 ticeps
2572 4690 2758 4743 fuerit.
2819 4690 2901 4742 Ita
2981 4704 3207 4757 quoque
3270 4687 3459 4739 nullus
3508 4685 3885 4747 sacerdotum,
3936 4683 4022 4737 vel

2342 4779 2589 4848 pontifex
2621 4783 2981 4849 peccatorum
3034 4777 3267 4829 vulnera
3318 4792 3514 4828 curare
3555 4779 3759 4845 potest,
3796 4773 4020 4826 anima-

2341 4869 2445 4921 bus
2500 4872 2729 4937 peccata
2776 4868 3015 4932 auferre,
3103 4869 3407 4935 praestante
3493 4861 3917 4933 sollicitudine.
3968 4865 4024 4913 et

2340 4958 2594 5010 oratione
2683 4957 3082 5025 Iacrymarum.
3147 4956 3379 5007 Necesse
3448 4958 3531 5006 est
3597 4968 3755 5020 ergo,
3823 4950 4025 5004 fratres

2337 5042 2675 5109 charissimi,
2711 5058 2804 5095 vos
2835 5043 3108 5095 sollicitos
3139 5059 3260 5093 esse
3293 5058 3395 5110 pro
3429 5038 3793 5110 peccantibus
3825 5054 3837 5091 :
3889 5038 4024 5106 quia

2339 5147 2535 5185 sumus
2564 5130 2905 5182 alterutrum
2942 5131 3215 5183 membra.
3252 5130 3498 5198 Ideoque
3529 5133 3585 5180 et
3617 5142 3718 5179 nos
3769 5126 3814 5177 si
3863 5125 4023 5177 vide-

2339 5220 2515 5272 rimus
2583 5218 2831 5287 aliquem
2890 5218 2949 5271 in
3013 5218 3258 5288 peccatis
3319 5218 3623 5287 jacentem,
3695 5212 4026 5268 festinemus

2337 5322 2467 5360 eum
2500 5305 2567 5359 ad
2602 5306 2991 5376 paenitentiam
3023 5323 3123 5376 per
3154 5311 3405 5359 nostram
3453 5306 3769 5359 doctrinam
3802 5319 4021 5357 vocare.

2336 5396 2403 5449 Et
2434 5395 2884 5465 quotiescunque
2915 5396 3140 5449 dederis
3173 5396 3475 5449 consilium
3527 5395 3800 5465 peccanti,
3852 5394 4020 5447 simul

2338 5500 2563 5553 quoque
2598 5483 2669 5536 da
2700 5484 2781 5536 illi
2815 5484 3210 5552 paenitentiam
3242 5483 3454 5549 statim,
3492 5489 3771 5552 quantum
3824 5481 4028 5535 debeat

2329 5573 2611 5639 jejuuare,
2648 5578 2742 5622 aut
2773 5573 3149 5641 eleemosyuis
3183 5572 3461 5624 redimere
3492 5578 3716 5640 peccata
3743 5587 3843 5623 sua
3875 5587 3886 5623 :
3950 5586 4020 5623 ne

2337 5660 2481 5712 forte
2529 5658 2878 5713 obliviscaris
2911 5677 3038 5729 quas
3070 5660 3170 5712 tibi
3214 5662 3334 5728 jam
3381 5659 3542 5725 dixit,
3578 5669 3634 5715 et
3685 5662 3890 5713 iterum
3926 5676 4026 5711 ne-
