4592 6448
604 428 701 481 987
1676 417 2081 474 BURCHARDI
2122 414 2652 473 WORMACIENSIS
2691 411 3024 469 EPISCOPI.
3999 411 4096 464 988

603 564 757 603 cesse
788 546 863 600 sit
888 545 997 600 tibi
1016 544 1402 614 interrogare,
1448 544 1506 595 et
1551 538 1792 595 forsitan
1844 540 2139 593 erubescet
2187 536 2290 589 ite-
2331 536 2416 605 Ai

2282 536 2376 589 Ἀ
2406 548 2723 605 inconsulto
2798 546 3064 618 episcopo
3139 562 3255 601 non
3329 546 3655 601 reconciliet
3705 550 4095 617 penitentem,

603 653 733 693 mm
764 638 995 709 Ρθοοδίδ
1026 649 1130 687 sua
1161 629 1440 695 conﬁteri:
1477 635 1535 684 εἴ
1560 627 1885 684 inveniam
1906 626 2029 697 iam
2049 625 2297 696 amplius
2408 639 2519 693 nisi
2550 637 2806 692 absentia
2836 635 3087 706 episcopi
3122 636 3458 689 necessitate
3498 639 3753 703 cogente.
3781 635 4100 705 Cujuscun-

598 724 871 798 judicari.
2406 744 2519 798 que
2577 731 2767 780 autem
2824 725 3157 796 penitentis
3212 725 3505 793 publicum
3551 729 3606 779 et
3650 725 4099 794 vulgatissimum

610 835 739 888 CAP.
806 830 1027 886 XXXIV.
1072 858 1140 868 —
1171 826 1327 892 Quod
1367 827 1646 895 contingat
1695 824 1956 877 hominem
2026 820 2300 875 interdum
2407 815 2621 869 crimen
2657 819 2757 881 est,
2806 814 2958 884 quod
3018 814 3343 867 universam
3374 813 3671 867 ecclesiam
3708 812 4099 877 commoverit,

706 905 880 957 animi
911 905 1078 966 motu,
1113 898 1386 953 interdum
1416 899 1595 950 carnis
1622 895 1932 962 fragilitate
1953 908 2188 962 peccare.
2408 910 2540 957 ante
2568 904 2821 957 absidam
2856 918 3058 955 manus
3081 902 3132 955 ei
3164 901 3516 973 imponatur,

678 994 783 1061 (Είε
804 991 1032 1079 σοηοίιὲρ
1064 988 1352 1050 Cubitum"
1379 987 1555 1079 Cain-te
1586 986 1699 1044 π’)
1734 982 1842 1079 se?
1874 987 1929 1036 et
1958 982 2063 1079 Ρξκ
2110 996 2300 1079 θηξω⁹
2407 1010 2537 1065 Car.
2568 1010 2700 1065 XLI.
2734 1040 2801 1048 —
2836 1012 2907 1062 De
2952 1010 3035 1061 his
3092 1012 3188 1078 qui
3229 1010 3349 1078 jam
3398 1023 3617 1077 peccare
3664 1014 4022 1073 cessaverunt,
4055 1012 4104 1061 et

607 1079 837 1133 άαῐίοοθ
890 1076 1151 1147 indigere
1208 1072 1624 1145 Ρθτθρθκίωυδν
1675 1070 1825 1141 (ἰυθά
1881 1069 2118 1139 quidam
2163 1068 2298 1121 dum
2475 1083 2713 1149 perfecte
2740 1068 3117 1148 penituerunt'
3149 1068 3560 1133 ut'communio
3608 1082 3683 1132 eis
3720 1081 3778 1132 in
3824 1081 3949 1148 ipsa
3994 1068 4103 1148 pce-

606 1167 956 1222 coufitentur
989 1167 1218 1235 peccata
1262 1178 1363 1214 sua
1409 1158 1800 1213 sacerdotibus
1857 1174 1973 1211 non
2025 1158 2190 1227 plene
2243 1156 2300 1209 id
2477 1154 2711 1204 nitentia
2740 1151 3081 1205 concedatur.

608 1256 843 1312 faciunt.
877 1253 1020 1319 Quia
1043 1268 1178 1323 ergo
1208 1255 1424 1305 constat
1460 1248 1755 1302 hominem
1782 1263 1847 1300 ex
1903 1246 2124 1300 duabus
2180 1262 2300 1297 esse

2291 1263 2300 1296 '
2478 1258 2591 1327 (Em
2622 1258 2843 1312 concilio
2878 1255 3183 1317 Laodicen.,
3217 1258 3490 1325 capitc‘l.)
3518 1256 3592 1309 De
3624 1254 3712 1309 his
3739 1254 3841 1326 qui
3870 1254 4104 1309 diversis

608 1343 960 1409 substantiis,
992 1341 1184 1395 anima
1211 1339 1474 1393 videlicet
1506 1342 1563 1391 et
1590 1352 1848 1405 corpore,
1905 1341 1959 1389 et
2009 1335 2300 1389 interdum
2408 1344 2752 1399 facinoribus
2778 1349 3176 1414 peccaverunt,
3213 1348 3266 1395 et
3296 1347 3724 1413 perseverantes
3755 1342 3813 1395 in
3845 1342 4105 1396 oratione

608 1432 787 1488 animi
840 1436 1018 1495 ωοὶιιν
1080 1428 1366 1483 interdum
1419 1425 1605 1479 carnis
1661 1424 1966 1494 Ϊτθϐίίίίδίθ
2015 1429 2298 1493 ρθοοδῑυνν
2408 1433 2838 1488 conversionem
2880 1450 2912 1486 a
2943 1432 3105 1485 malis
3139 1432 3388 1484 habuere
3424 1431 3752 1500 perfectam,
3787 1447 3890 1499 pro
3921 1431 4106 1501 quali-

609 1521 800 1576 solerti
831 1518 1197 1589 indagatione
1245 1516 1456 1569 debent
1499 1514 1717 1585 inquiri
1764 1514 1886 1583 ipsa
1933 1518 2180 1583 peccata,
2238 1517 2303 1566 ut
2408 1528 2525 1576 tate
2551 1521 2762 1582 delicti,
2797 1520 3006 1574 ιδιίιῃιε
3052 1525 3177 1590 ροςι
3222 1520 3568 1590 Domitianum
3611 1525 3837 1589 tempus
3881 1519 4105 1588 impen-

610 1608 864 1679 utrisque
896 1607 1065 1677 plena
1096 1605 1168 1659 sit
1206 1603 1501 1667 confessio,
1547 1602 1759 1656 Stilicet
1808 1606 1869 1655 ut
1910 1605 1968 1654 et
2007 1617 2070 1653 ea
2124 1600 2299 1654 couti-
2409 1627 2556 1677 sum,
2590 1615 2823 1681 propter
2840 1610 3202 1663 clementiam
3237 1614 3292 1663 et
3331 1609 3644 1661 bonitatem
3704 1607 3803 1661 υρί
3841 1624 4105 1662 comma-

608 1700 837 1750 teantur
865 1710 993 1764 quae
1021 1708 1122 1762 per
1148 1707 1355 1761 corpus
1398 1695 1553 1760 gesta
1584 1694 1735 1750 sunt.
1772 1694 1829 1742 et
1870 1705 1935 1741 ea
1985 1688 2194 1759 quibus
2243 1688 2301 1741 in
2410 1700 2505 1753 ηίο
2535 1700 2895 1753 concedunt

606 1786 724 1838 sola
752 1782 1092 1854 cogitatione
1123 1779 1494 1875 delinquitur.
1548 1778 1934 1875 Instruendus-
1975 1782 2061 1831 est
2096 1777 2300 1875 itaque
2336 1813 2374 1867 Β
2414 1807 2544 1861 CAP.
2573 1807 2731 1861 XL".
2766 1836 2831 1846 _
2874 1808 2949 1860 De
2978 1805 3166 1872 lapsis,
3203 1802 3463 1872 quomodo
3500 1818 3584 1856 eos
3612 1804 3860 1869 fraterno
3908 1801 4111 1869 (mecm

608 1876 971 1943 Peccatorum
1013 1886 1243 1923 500mm
1290 1868 1595 1933 εοηῖεεθοτ,
1630 1870 1692 1921 οῖ
1740 1866 1807 1920 de
1852 1870 1978 1920 οοίο
2022 1866 2304 1936 Ρτίηοίρθθ
2340 1866 2355 1867 7
2482 1883 2766 1945 corripere,
2802 1881 2852 1930 et
2884 1866 3161 1929 consolari
3188 1866 3431 1940 debeant,
3488 1878 3549 1928 ut
3594 1866 3699 1927 non
3742 1866 3995 1927 incidant
4054 1875 4111 1926 in

607 1961 753 2016 libus
782 1960 956 2025 vitiis,
989 1959 1109 2012 sine
1140 1958 1349 2029 quibus
1396 1957 1455 2010 in
1494 1956 1600 2010 hac
1630 1956 1741 2009 vita
1805 1954 2035 2009 difﬁcile
2073 1954 2301 2020 vivitur,
2483 1949 2719 2003 insidias
2750 1948 2976 2013 diaboli,
3009 1952 3061 2000 et
3085 1947 3381 2015 desperent.

608 2049 1020 2105 confessionem
1052 2048 1253 2101 faciat:
1277 2046 1413 2117 quia
1442 2050 1539 2099 aut
1577 2045 1942 2116 cogitatione,
1991 2049 2109 2110 aut,
2151 2044 2304 2114 quod
2484 2053 2596 2123 (Εςε
2623 2056 2783 2122 epist,
2813 2054 2986 2107 cam,
3017 2054 3215 2121 papae.)
3257 2052 3363 2105 sed
3408 2051 3455 2105 si
3486 2050 3696 2122 aliquis
3747 2050 3940 2120 lapsus
3968 2065 4111 2120 quo-

607 2138 837 2211 gravius
868 2141 972 2203 est,
1005 2151 1201 2206 opere,
1233 2150 1431 2189 eorum
1464 2133 1737 2187 instinctu
1780 2132 2030 2203 peccavit
2063 2149 2075 2187 :
2110 2132 2303 2187 odium
2412 2162 2420 2193 ι

2295 2151 2303 2186 ι
2412 2159 2527 2213 quo
2561 2142 2733 2195 modo
2762 2141 2955 2205 fuerit,
2987 2146 3279 2211 portemus
3322 2155 3475 2205 eum,
3526 2144 3582 2193 et
3630 2140 3883 2193 fraterno
3933 2138 4108 2192 corri-

608 2226 844 2292 etenim,
880 2224 1115 2291 invidia,
1174 2222 1461 2294 superbia,
1512 2222 1600 2275 vel
1640 2226 1860 2276 cetere
1909 2220 2303 2290 hujuscemodi
2414 2250 2421 2303 1

2301 2259 2303 2272 ι
2414 2232 2637 2303 piamus
2663 2231 2889 2297 affectu,
2924 2230 3067 2283 sicut
3114 2230 3192 2283 ait
3219 2230 3416 2283 beatus
3469 2229 3773 2300 Apostolus
3806 2245 3820 2282 :
3855 2227 3913 2283 Si
3964 2243 4114 2298 pras-

612 2315 820 2369 anime
853 2318 1040 2385 pestes
1068 2315 1228 2367 tanto
1255 2310 1628 2384 periculosius
1656 2310 1889 2375 ledunt,
1924 2315 2138 2381 quanto
2170 2311 2303 2364 sub-
2413 2325 2720 2392 occupatus
2751 2319 2921 2373 fuerit
2946 2319 3116 2372 homo
3142 2319 3198 2371 in
3230 2318 3422 2388 aliqua
3454 2317 3684 2386 delicio,
3718 2333 3839 2385 vos,
3862 2316 3967 2386 qui
3999 2316 4114 2385 ερί-

612 2404 769 2459 tilius
799 2406 1057 2473 serpunt.
2414 2409 2606 2462 ritales
2666 2408 2798 2461 estis
2865 2406 3194 2477 hujusmodi
3262 2405 3523 2459 instruite
3584 2406 3642 2458 in
3702 2403 3912 2474 spiritu
3974 2403 4120 2457 leni-

616 2512 745 2567 Csp.
778 2511 978 2566 XXXV.
1006 2538 1071 2550 —
1101 2510 1167 2564 Ut
1181 2509 1498 2579 penitentia
1519 2506 1720 2575 absque
1736 2520 1977 2575 persona
2005 2510 2308 2576 acceptione
2413 2496 2564 2564 tatis,
2597 2494 2967 2548 considerans
2994 2498 3049 2548 te
3085 2494 3293 2563 ipsum,
3352 2508 3421 2545 ne
3452 2497 3510 2545 et
3544 2496 3606 2545 tu
3633 2491 3868 2545 tenteris
3900 2508 3915 2545 :
3953 2492 4120 2545 Alter

760 2652 763 2655 ἢ
1302 2581 1631 2648 imponatur.
2413 2585 2647 2637 alterius
2706 2598 2881 2637 onera
2938 2587 3180 2653 portate,
3234 2588 3291 2635 et
3342 2581 3421 2635 sic
3484 2580 3872 2651 adimplebitis
3929 2581 4123 2649 legem

687 2670 791 2741 (Ea:
817 2669 1037 2725 concilio
1065 2668 1357 2733 00111109.,
1392 2669 1567 2735 capite
1586 2666 1695 2733 74-)
1725 2666 1795 2720 Ut
1824 2665 2084 2719 sacerdos
2114 2666 2305 2736 pumi-
2413 2672 2641 2727 Christi.
2677 2673 2854 2725 Porro
2907 2676 3131 2724 sanctus
3184 2669 3356 2725 David
3387 2670 3455 2724 de
3485 2669 3823 2723 criminibus
3850 2667 4121 2723 mortife-

617 2759 918 2814 nitentiam
941 2756 1296 2828 imploranti,
1320 2756 1532 2826 absque
1550 2755 2304 2826 personeacceptione,pe-
2412 2760 2491 2815 ris
2524 2761 2637 2831 egit
2670 2760 3090 2832 penitentiam,
3123 2764 3178 2812 et
3218 2765 3410 2812 tamen
3439 2758 3497 2812 in
3528 2758 3743 2812 honore
3773 2758 4119 2829 permansit.

614 2848 868 2902 nitentia:
902 2848 1053 2918 leges
1084 2847 1362 2916 injungat.
2417 2850 2619 2903 Beatus
2676 2864 2907 2918 quoque
2959 2850 3156 2902 Petrus
3212 2847 3600 2900 amarissimas
3631 2846 3915 2917 lacrymas
3945 2845 4121 2911 fudit,

756 2938 882 2992 CAP.
917 2936 1134 2992 XXXVI.
1169 2965 1237 2976 —
1270 2934 1348 2990 De
1376 2935 1590 2988 incestis
1617 2934 1816 2987 occulte
1840 2935 2160 2988 commissis.
2416 2937 2645 3009 quando
2681 2937 2985 2991 Dominum
3021 2952 3255 3005 negasse
3291 2935 3575 3005 penituit,
3609 2934 3704 2988 sed
3752 2940 3952 2987 tamen
3986 2949 4129 3003 apo-

687 3028 792 3092 (Ea:
822 3025 984 3080 dictis
1024 3022 1197 3092 Aug.)
1230 3023 1287 3078 Si
1326 3022 1453 3093 quis
1496 3022 1776 3075 incestum
1800 3022 2014 3074 occulte
2066 3021 2305 3075 commi-
2354 3096 2361 3097 ί
2419 3028 2592 3079 stolus
2624 3025 2976 3097 permansit;
3033 3029 3087 3077 et
3120 3024 3395 3078 Dominus
3444 3039 3546 3093 per
3592 3022 3942 3094 prophetam
4000 3039 4133 3092 pec-

614 3115 770 3183 serit,
805 3119 862 3168 et
912 3112 1194 3167 sacerdoti
1243 3112 1460 3165 occulte
1517 3109 1930 3164 confessionem
1973 3110 2173 3180 egerit,
2222 3110 2305 3164 iu-
2337 3096 2377 3151 Ο
2419 3096 2678 3168 cantibus
2705 3114 3029 3185 pollicetur,
3085 3114 3278 3167 dicens
3315 3114 3621 3166 :Peccalor
3665 3111 3727 3164 in
3767 3126 4131 3181 quacunque

613 3203 838 3258 dicetur
866 3202 920 3256 ei
942 3199 1263 3255 remedium
1293 3198 1632 3254 canonicum
1663 3198 1815 3268 quod
1848 3198 2037 3252 SUbifO
2078 3198 2308 3252 debuis-
2416 3204 2507 3258 die
2538 3219 2845 3257 conversus
2877 3202 3243 3269 ingemuerit,
3266 3201 3527 3254 omnium
3550 3200 3929 3270 iniquitatum
3967 3199 4133 3252 illius

615 3296 699 3345 set
734 3290 781 3344 si
821 3290 946 3361 ejus
976 3289 1198 3344 facinus
1243 3286 1596 3358 publicatum
1646 3286 1863 3341 fuisset.
1908 3287 2114 3341 Verum
2172 3288 2307 3359 quia
2419 3293 2667 3362 amplius
2699 3307 2815 3344 non
2846 3290 3204 3344 recordabor.
3244 3291 3444 3343 Errant
3472 3288 3624 3341 enim
3657 3288 3756 3358 qui
3787 3292 4009 3356 putant
4051 3304 4137 3340 sa-

616 3380 755 3433 latet
809 3376 1200 3444 commissum,
1263 3375 1429 3430 detur
1475 3375 1526 3428 ei
1555 3390 1589 3428 a
1643 3374 1934 3428 sacerdote
1983 3376 2303 3444 consilium,
2416 3382 2669 3434 cerdotes
2710 3384 2840 3448 post
2883 3380 3128 3447 lapsum,
3180 3377 3228 3431 si
3278 3376 3628 3446 condignam
3674 3375 3903 3443 egerint
3935 3377 4136 3446 peni~

618 3471 680 3523 ut
719 3466 892 3522 saluti
945 3466 1153 3520 anime
1192 3480 1309 3519 sue
1349 3481 1450 3536 pro
1495 3464 1713 3518 occulta
1758 3464 2095 3535 penitentia
2137 3466 2307 3536 proti-
2417 3471 2678 3536 tentiam,
2716 3469 2956 3524 Domino
2988 3467 3314 3522 ministrare
3336 3482 3454 3519 non
3485 3471 3750 3536 pos.=e,et
3778 3464 3902 3518 suis
3932 3465 4138 3519 hono-

614 3556 744 3625 ciat,
778 3556 887 3610 hoc
913 3559 1000 3609 est
1048 3558 1113 3608 ut
1166 3553 1444 3608 veraciter
1493 3568 1561 3607 ex
1610 3553 1781 3607 corde
1827 3569 1885 3607 se
1936 3553 2183 3624 graviter
2210 3554 2307 3607 de-
2417 3560 2575 3615 ribus
2631 3558 2763 3621 frui,
2812 3558 2857 3611 si
2904 3557 3111 3610 bonam
3168 3556 3438 3625 deinceps
3485 3555 3662 3607 vitam
3715 3553 4028 3620 duxerint,
4080 3561 4139 3608 et

614 3643 849 3716 liquisse
900 3642 1259 3711 conﬁteatur,
1306 3647 1363 3697 et
1412 3657 1517 3712 per
1559 3640 1787 3713 jejunia
1828 3645 1886 3696 et
1922 3642 2309 3713 eleemosynas
2420 3665 2585 3702 suum
2642 3646 3017 3700 sacerdotium
3075 3644 3357 3714 condigne
3424 3642 3815 3697 custodierint.
3883 3643 3957 3696 Et
4019 3644 4135 3712 ipsi

614 3732 953 3806 vigiliasque
1015 3748 1079 3787 ac
1137 3748 1324 3786 sacras
1398 3731 1687 3786 orationes
1744 3746 1876 3785 cum
1932 3731 2195 3803 lacrymis
2251 3748 2309 3786 se
2417 3738 2518 3809 qui
2550 3737 2654 3790 hoc
2685 3740 2907 3805 putant,
2942 3749 3056 3787 non
3080 3733 3263 3786 solum
3294 3736 3510 3795 errant,
3540 3731 3637 3784 sed
3671 3730 3849 3784 etiam
3880 3732 4136 3785 traditas

617 3837 863 3894 purgare
895 3821 1227 3887 contendat,
1259 3824 1317 3875 et
1343 3819 1423 3874 sic
1444 3836 1504 3873 se
1540 3819 1611 3873 ad
1639 3835 1799 3891 spem
1829 3819 2007 3874 veniae
2054 3835 2157 3892 pro
2208 3821 2308 3874 mi-
2422 3825 2677 3879 Ecclesia!
2726 3825 2909 3877 claves
2956 3822 3252 3891 dissipare,
3295 3825 3350 3874 et
3415 3821 3648 3891 abigere
3695 3819 3999 3873 videntur.
4060 3822 4137 3874 De

620 3909 932 3964 sericordia
962 3908 1063 3964 Dei
1089 3908 1389 3980 pervenire
1420 3907 1687 3962 conﬁdat.
2418 3913 2626 3984 quibus
2671 3912 2886 3965 dictum
2936 3916 3061 3964 est:
3117 3909 3482 3979 Quecunque
3534 3907 3772 3961 solveris
3832 3907 3897 3960 in
3950 3912 4133 3969 terra,

620 4018 748 4073 CAP,
783 4015 1027 4071 xxxv“,
1052 4044 1120 4054 _
1149 4016 1217 4069 Ur
1243 4016 1712 4083 ίητενρωηίιρηερε
1735 4013 1947 4082 publica
1970 4015 2307 4083 ειαδεεοηεε,
2419 4006 2589 4054 erunt
2615 4000 2796 4053 soluta
2823 4004 2879 4052 et
2909 3998 2968 4052 in
3018 3998 3180 4053 celo.
3212 3997 3463 4067 Alioqui,
3515 3996 3639 4050 hec
3685 3996 3985 4049 sententia
4036 4003 4139 4050 aut

1132 4080 1689 4139 discretio—servanda
1712 4080 1800 4138 sit.
2260 4080 2267 4085 ’
2294 4080 2301 4082 ⁷
2420 4089 2647 4146 Domini
2677 4105 2793 4142 non
2830 4092 2933 4151 est,
2963 4092 3062 4139 aut
3083 4102 3198 4139 non
3227 4101 3379 4138 vera.
3416 4085 3527 4139 Nos
3557 4099 3690 4137 vero
3716 4083 4141 4137 indubitanter

693 4177 805 4246 (Ea:
844 4174 1067 4229 concilio
1095 4175 1423 4242 Moguntin.,
1454 4176 1629 4243 capite
1656 4173 1767 4242 21.)
1802 4173 1869 4227 Ut
1897 4174 2162 4230 discretio
2192 4192 2308 4229 ser-
2418 4183 2533 4231 tam
2564 4176 2791 4231 Domini
2823 4174 3159 4240 sacerdotes,
3212 4187 3386 4243 quam
3417 4171 3670 4243 reliquos
3712 4170 3945 4236 fideles,
4005 4178 4145 4243 post

622 4264 806 4319 vanda
837 4262 1087 4317 sitinter
1138 4262 1498 4333 penitentes,
1552 4262 1651 4333 qui
1688 4261 1931 4334 publice,
1983 4267 2037 4317 et
2086 4265 2186 4335 qui
2214 4265 2308 4319 ab-
2420 4266 2655 4336 dignam
2708 4262 3149 4317 satisfactionem
3219 4276 3384 4331 posse
3435 4260 3689 4314 revocari
3751 4259 3824 4313 ad
3875 4260 4145 4313 honores

626 4368 824 4408 sconse
853 4351 1132 4422 pcenitel‘e
1164 4351 1425 4405 debeam-
2350 4379 2393 4432 ι)
2424 4355 2729 4421 credimus,
2761 4355 3005 4406 testante
3046 4349 3287 4403 Domino
3310 4364 3416 4419 per
3446 4348 3810 4418 prophetam.
3850 4346 4147 4416 Nunquid

662 4443 788 4497 Car.
821 4441 1090 4496 XXXVIII.
1109 4471 1178 4480 ——
1210 4443 1284 4495 De
1317 4440 1427 4494 illis
1458 4442 1554 4508 qui
1572 4440 1855 4507 negligant
1884 4443 2279 4509 penitentiam.
2432 4444 2531 4515 qui
2559 4441 2790 4509 dormit,
2832 4455 2945 4495 non
2976 4438 3203 4509 adjiciet
3234 4442 3300 4491 ut
3328 4436 3630 4507 resurgat?
3658 4438 3714 4489 et
3745 4435 3850 4504 qui
3878 4434 4148 4504 javersus

695 4533 804 4597 (Ea:
857 4529 1082 4585 concilio
1139 4529 1426 4595 Carthag.,
1497 4531 1673 4597 capite
1722 4528 1839 4596 ⁸75.)
1892 4528 1959 4582 Ut
2019 4529 2317 4601 negligen-
2428 4534 2529 4596 est,
2564 4546 2677 4583 non
2708 4528 3059 4582 revertetur?
3088 4527 3152 4580 Et
3184 4525 3320 4579 alibi
3350 4541 3363 4579 :
3400 4525 3564 4590 Nolo,
3597 4523 3788 4594 inquit
3821 4523 4147 4585 Dominus,

625 4618 798 4673 tiores
829 4617 1193 4689 penitentes,
1230 4616 1447 4671 tardius
1474 4616 1840 4686 recipiantur.
2428 4623 2672 4673 mortem
2702 4616 3035 4688 peccatoris,
3093 4614 3190 4668 sed
3222 4619 3285 4667 ut
3331 4618 3716 4677 convertatur,
3761 4616 3823 4665 et
3851 4612 4045 4665 vivat.
4087 4612 4151 4664 Et

661 4726 787 4781 Car.
821 4725 1041 4780 XXXIX.
1077 4754 1137 4764 —
1174 4726 1240 4778 Ut
1260 4726 1605 4793 penitentem
1629 4739 1696 4776 ea:
1717 4723 1874 4776 corde
1902 4739 2102 4791 magna
2127 4726 2282 4779 exhi-
2427 4724 2474 4778 l’1

2427 4708 2710 4778 propheta
2761 4704 2933 4759 David
2998 4702 3396 4774 penitentiam
3447 4717 3642 4771 agens,
3684 4699 3880 4753 dixit:
3939 4700 4150 4755 Redde

871 4796 1136 4850 laratione
1164 4787 1463 4850 sacerdotes
1491 4797 1759 4864 suscipere
1786 4787 2030 4849 debeant.
2429 4794 2571 4848 mihi
2603 4793 2855 4847 letitiam
2884 4791 3146 4845 salutaris
3175 4791 3280 4856 tui,
3308 4795 3366 4844 et
3395 4790 3597 4861 spiritu
3643 4787 3971 4858 principali
4008 4804 4155 4841 con-

696 4886 807 4951 (Ea:
854 4883 1016 4939 dictis
1063 4885 1260 4938 Basilii
1304 4885 1561 4953 episcop.)
1610 4883 1986 4938 Penitentem
2035 4899 2103 4938 ex
2149 4884 2321 4938 corde
2427 4883 2594 4937 firma
2623 4898 2733 4936 me.
2786 4881 2911 4950 Ipse
2962 4895 3211 4950 namque
3249 4882 3378 4950 post
3430 4876 3828 4949 penitentiam
3887 4882 3957 4929 et.
4000 4878 4155 4930 alios

626 4973 707 5027 ita
734 4976 964 5043 oportet
993 4971 1224 5042 suscipi,
1258 4970 1405 5026 sicut
1429 4972 1703 5026 Dominus
1738 4971 2006 5039 ostendit,
2056 4988 2187 5026 cum
2234 4973 2319 5027 di-
2430 4973 2641 5038 docuit,
2675 4974 2731 5024 et
2800 4968 3138 5023 sacrificium
3185 4968 3301 5021 Deo
3331 4965 3559 5031 obtulit,
3620 4964 3763 5019 dans
3794 4966 4155 5035 exemplum

624 5060 742 5116 cit:
805 5060 950 5124 Quia
1005 5058 1332 5113 convocavit
1387 5059 1596 5113 amicos
1648 5076 1799 5125 suos,
1848 5066 1906 5113 et
1955 5059 2193 5127 vicinos,
2241 5059 2323 5114 di-
2429 5059 2755 5115 doctoribus
2816 5062 3022 5111 sancte
3073 5056 3353 5123 Ecclesiae,
3404 5054 3450 5107 si
3499 5053 3645 5125 lapsi
3690 5052 3944 5120 fuerint,
4009 5059 4077 5106 et
4109 5054 4159 5105 si

626 5165 758 5204 cens
791 5165 803 5203 :
842 5147 1335 5219 Congratulamini
1364 5146 1527 5215 mihi,
1551 5146 1685 5218 quia
1714 5146 1909 5201 inveni
1938 5162 2098 5201 ovem
2131 5163 2319 5201 meam
2428 5149 2774 5219 condignam
2805 5144 3199 5216 penitentiam
3232 5142 3534 5214 gesserint,
3582 5146 3908 5211 utrumque
3958 5141 4159 5195 facere

628 5253 804 5309 quam
841 5236 1227 5308 perdideram.
2426 5252 2593 5308 posse
2624 5240 2677 5287 et
2706 5233 2929 5300 offerre,
2958 5238 3014 5286 et
3041 5232 3180 5285 alios
3221 5232 3444 5286 docere.

628 5345 755 5399 Car.
804 5344 906 5398 XL.
957 5374 1027 5382 —
1076 5345 1145 5397 Ut
1196 5342 1491 5397 secundum
1563 5339 1923 5409 differentiam
1963 5345 2318 5409 peccatorum,
2427 5343 2557 5396 CAP.
2582 5341 2767 5396 XLIII.
2804 5368 2872 5379 —
2906 5341 2979 5393 De
3004 5340 3173 5407 lapsis
3203 5340 3261 5391 in
3288 5336 3574 5390 ordinibus
3614 5336 3795 5390 sacris
3826 5338 3882 5389 si
3931 5340 4160 5390 restau-

697 5416 936 5484 episcopi
960 5414 1194 5469 arbitrio
1211 5413 1547 5483 paenitentia
1578 5415 1816 5480 tempora
1835 5411 2248 5465 dercemantur.
3085 5411 3205 5462 rari
3231 5412 3461 5478 possint.

699 5505 810 5571 (Ea:
837 5503 1060 5558 concilio
1099 5504 1337 5569 African
1370 5542 1384 5569 ,
1428 5500 1607 5566 capite
1659 5500 1772 5568 10.)
1805 5499 1871 5553 Ut
1913 5499 2321 5571 penitentibus
2500 5500 2607 5571 (Ea:
2630 5502 2838 5565 Regest.
2890 5499 3118 5565 Gregor.
3151 5512 3284 5565 pop.
3333 5493 3636 5551 Secundino
3688 5508 3850 5547 servo
3912 5494 4029 5548 Dei
4078 5510 4161 5546 re-

628 5590 939 5646 secundum
970 5588 1349 5645 differentiam
1378 5588 1769 5659 peccatorum,
1806 5585 2057 5659 episcopi
2084 5588 2319 5642 arbitrio
2429 5588 2767 5657 cluso.)Nam
2820 5592 2918 5640 tua
2949 5585 3217 5639 sanctitas
3256 5583 3392 5637 inde
3414 5599 3449 5637 a
3488 5582 3658 5636 nobis
3690 5581 4048 5653 requisivit,
4103 5588 4161 5633 ut

630 5678 981 5750 penitentie
1049 5682 1310 5746 tempora
1355 5675 1764 5740 decernantur,
1820 5679 1875 5729 et
1919 5682 1981 5730 ut
2024 5676 2324 5747 presbyter
2429 5676 2534 5732 tibi
2562 5675 2934 5730 rescriberem
2977 5674 3047 5727 de
3088 5671 3425 5728 sacerdotali
3473 5669 3665 5725 ofﬁcio
3724 5675 3866 5742 post
3922 5673 4160 5743 lapsum
