4592 6442
523 440 632 491 989

1342 441 1814 497 DECRETORUM
1856 443 2039 498 LIBRI
2078 444 2183 498 ΧΧ.
2228 475 2294 483 —-
2334 444 2535 499 LIBER
2586 444 2890 499 DECIMUS
2927 442 3181 500 NONUS.

3916 447 4019 501 990

522 565 888 635 resurgendi,
939 565 1075 618 dum
1124 564 1262 619 dicis
1318 565 1388 619 de
1438 566 1543 619 hoc
1590 581 1835 620 canones
1882 568 2131 622 diversos
2163 574 2217 625 te
2246 569 2293 622 A
2331 583 2478 620 nunc
2511 584 2716 637 corpus
2744 566 2968 637 indigni
2999 567 3282 631 sedemus,
3317 567 3536 637 lapsum
3567 583 3689 621 esse
3727 569 4019 638 cognosci-

523 652 753 722 legisse,
833 653 1197 723 diversasque
1265 655 1590 722 sententias,
1666 654 1802 707 alias
1862 656 2217 724 resurgendi,

522 740 667 793 alias
696 757 1062 811 nequaquam
1110 757 1294 810 posse.
1355 743 1495 795 Nam
1525 758 1627 795 nos
1674 743 2017 813 generaliter
2048 760 2079 795 a
2122 744 2222 796 Ni-

522 844 684 881 csena
708 829 926 898 synodo
958 828 1316 898 incipientes,
1346 829 1491 883 hanc
1543 846 1671 883 cum
1706 830 1939 900 reliquis
1977 838 2224 900 quatuor

522 932 895 970 veneramur:
932 918 1064 987 quia
1108 917 1292 987 ipsam
1342 922 1664 989 sequentes,
1713 925 1931 973 ceterae
1985 920 2043 973 in
2085 936 2221 992 cun-

526 1006 630 1057 ctis
680 1006 974 1058 sententiis
1016 1006 1315 1059 unanimes
1345 1007 1708 1060 concordant.
1747 1008 1855 1060 Nos
1899 1024 2033 1077 ergo
2075 1024 2223 1078 prie-

525 1094 790 1147 ccdentes
822 1096 1012 1147 Patres
1058 1095 1383 1164 sequimur:
1421 1094 1554 1165 quia
1593 1101 1825 1150 auctore
1861 1097 1975 1149 Deo
2009 1113 2041 1150 a
2067 1111 2227 1150 sacra

526 1182 789 1235 doctrina
828 1183 1058 1236 illorum
1093 1199 1205 1236 non
1250 1184 1657 1238 discordamus.
1703 1188 1747 1238 A
1799 1186 1981 1255 capite
2033 1186 2224 1255 itaque

525 1271 893 1340 incipientes,
957 1288 1133 1342 usque
1199 1272 1257 1325 in
1322 1278 1591 1342 quartum
1649 1273 1841 1326 altaris
1901 1274 2224 1326 ministrum

524 1359 675 1412 hanc
703 1359 945 1413 formam
997 1361 1331 1413 servandam
1389 1362 1812 1429 cognoscimus:
1845 1366 1906 1415 ut
1946 1361 2081 1431 quia
2111 1361 2225 1414 mi—

527 1463 731 1499 norem
786 1449 967 1516 major
1014 1448 1302 1517 prmcedit,
1340 1449 1481 1501 sicut
1520 1449 1736 1502 honore
1782 1453 1865 1503 est
1904 1450 2105 1519 major,
2148 1449 2228 1501 ita

526 1534 607 1586 sit
636 1533 695 1585 in
726 1533 986 1601 crimine,
1028 1539 1082 1587 et
1112 1550 1282 1604 quem
1316 1536 1500 1605 major
1529 1535 1784 1605 sequitur
1825 1536 2009 1605 culpa,
2044 1534 2228 1603 major

526 1623 581 1675 ei
611 1621 936 1692 implicetur
981 1623 1260 1677 vindicta:
1312 1630 1368 1676 et
1398 1624 1476 1676 sic
1514 1630 1709 1692 postea
1743 1623 2077 1694 poenitentia
2105 1638 2223 1675 cre-

531 1711 704 1765 datur
753 1727 870 1763 esse
920 1711 1226 1766 fructuosa.
1288 1713 1432 1777 Quid
1484 1713 1639 1766 enim
1695 1713 1925 1782 prodest
1978 1711 2226 1765 triticum

530 1799 822 1853 seminare
846 1804 900 1852 et
930 1800 1174 1853 fructum
1201 1801 1352 1853 illius
1376 1817 1491 1854 non
1522 1801 1828 1871 colligere?
1853 1801 1965 1854 Aut
1991 1801 2224 1854 domum

528 1893 886 1953 construere,
930 1894 985 1942 et
1027 1906 1141 1942 non
1170 1890 1285 1943 illic
1315 1890 1589 1944 habitare.
1634 1892 1766 1943 Post
1809 1890 2042 1960 dignam
2073 1888 2227 1941 enim

528 1976 1000 2042 satisfactionem,
1054 1978 1338 2031 credimus
1393 1994 1554 2048 posse
1599 1979 1785 2032 redire
1819 1979 1887 2031 ad
1921 1980 2220 2031 honorem:

526 2064 813 2133 Propheta
847 2066 1095 2119 dicente:
1156 2068 1423 2136 Nunquid
1470 2066 1569 2137 qui
1634 2068 1781 2121 cadit
1836 2084 1949 2120 non
2002 2065 2230 2134 adjiciat

527 2158 599 2205 ut
655 2153 953 2221 resurgat?
987 2158 1041 2206 et
1099 2156 1199 2224 qui
1253 2172 1483 2208 aversus
1542 2160 1646 2221 est,
1702 2172 1818 2209 non
1872 2154 2227 2208 revertetur?

525 2240 690 2293 Idem
721 2246 777 2294 et
835 2242 1115 2310 peccatori
1168 2243 1272 2297 ait:
1308 2246 1368 2297 ln
1414 2260 1754 2315 quacunque
1798 2244 1887 2298 die
1924 2259 2228 2297 conversus

523 2328 906 2398 ingemueris,
940 2334 1074 2384 tunc
1105 2334 1289 2384 salvus
1329 2332 1457 2386 eris.
1515 2334 1671 2387 Unde
1708 2338 1763 2386 et
1791 2332 2089 2386 Psalmista
2118 2333 2223 2385 ait:

523 2417 640 2471 Cor
698 2418 979 2471 mundum
1037 2435 1165 2472 crea
1220 2419 1279 2473 in
1336 2436 1425 2473 me
1479 2422 1643 2487 Deus,
1703 2421 1966 2490 spiritum
2008 2426 2228 2473 rectum

520 2504 741 2558 innova
790 2506 848 2558 in
887 2506 1196 2561 visceribus
1246 2509 1405 2561 meis.
1469 2510 1546 2562 Ne
1596 2510 1860 2578 projicias
1907 2525 1996 2561 me
2027 2508 2228 2561 afacie

522 2598 651 2659 tua,
685 2598 743 2647 et
790 2594 1057 2663 spiritum
1102 2601 1359 2650 sanctum
1421 2602 1587 2651 tuum
1646 2615 1717 2652 ne
1760 2598 1982 2651 auferas
2034 2614 2067 2650 a
2113 2612 2223 2650 me.

524 2682 680 2735 Dum
733 2683 888 2736 enim
937 2684 1103 2752 petiit
1156 2701 1227 2737 ne
1278 2702 1306 2737 a
1358 2687 1468 2740 Deo
1518 2686 1896 2756 projiceretur
1928 2702 2029 2755 pro
2083 2685 2227 2754 lapsi

520 2770 717 2840 culpa,
750 2771 996 2825 alienam
1018 2771 1229 2843 quippe
1262 2789 1355 2826 rex
1386 2773 1552 2827 simul
1587 2779 1640 2827 et
1671 2774 1945 2845 prapheta
1972 2773 2226 2843 rapuisse

520 2874 587 2910 se
623 2874 859 2912 uxorem
905 2860 1269 2914 tremefactus
1322 2862 1564 2930 expavit,
1622 2863 1901 2932 propheta
1940 2862 2226 2916 indicante

519 2945 813 3013 flagitium
868 2964 1056 3012 suum,
1098 2949 1493 3017 paenitentiam
1528 2953 1714 3019 fagens
1746 2950 1987 3004 addidit:
2032 2950 2226 3003 Redde

520 3033 673 3087 mihi
706 3034 960 3089 lmtitiam
993 3036 1256 3089 salutaris
1288 3037 1392 3103 tui,
1423 3043 1478 3091 et
1515 3038 1718 3109 spiritu
1771 3038 2069 3108 principali
2099 3054 2220 3091 con~

2334 672 2478 709 mus.
2531 656 2639 710 Sed
2700 662 2829 725 post
2876 656 3230 725 negationem
3288 656 3623 726 posuitentia
3678 661 3869 709 secuta
3915 660 4017 723 est,

2333 749 2385 797 et
2412 750 2539 814 post
2586 744 2983 814 poenitentiam
3027 744 3416 798 misericordia
3465 744 3625 797 data:
3684 744 3817 814 quia
3856 744 4019 799 illum

2334 828 2403 881 ab
2432 830 2752 897 apostolatu
2798 845 2915 881 non
2960 828 3184 897 dejecit,
3237 844 3407 899 quem
3459 834 3589 881 ante
3637 828 3888 897 seipsum
3922 844 4020 882 ne-

2335 932 2468 985 gare
2502 917 2781 987 praedixit.
2825 916 2947 971 Tibi
2979 918 3120 981 htec,
3152 916 3233 970 tili
3278 916 3626 981 charissime,
3657 916 3825 982 dicta,
3859 916 4022 970 sufﬁ-

2336 1004 2506 1071 ciant,
2540 1010 2601 1057 ut
2630 1005 2787 1057 illum
2822 1021 2991 1074 quem
3041 1004 3321 1073 conspicis
3372 1005 3575 1058 delicta
3626 1004 3764 1058 ﬂetu
3810 1004 4018 1069 delere,

2336 1092 2393 1146 in
2434 1099 2739 1162 conspectu
2774 1092 3087 1147 Divinitatis
3137 1109 3251 1146 non
3307 1092 3529 1146 dubites
3573 1092 4020 1147 misericordiam

2337 1182 2642 1251 consequi:
2680 1181 2814 1251 quia
2848 1182 3070 1234 nullum
3120 1185 3445 1251 peccantem
3491 1197 3778 1234 reversum
3834 1180 4023 1250 despi-

2337 1270 2430 1335 cit,
2485 1269 2584 1339 qui
2640 1274 2962 1339 peccatores
3011 1269 3287 1339 sanguine
3353 1285 3455 1321 suo
3508 1269 3788 1322 redimere
3842 1269 4019 1323 venit.

2340 1360 2479 1413 Hinc
2517 1359 2688 1411 etiam
2735 1363 2792 1411 et
2838 1358 3036 1411 beatus
3064 1358 3416 1427 Augustinus
3446 1357 3513 1410 ad
3553 1359 3783 1411 Petrum
3829 1357 4020 1411 diaco-

2338 1464 2475 1500 num
2516 1447 2583 1499 de
2613 1446 2725 1501 fide
2756 1447 3024 1511 scribens,
3072 1447 3177 1499 ait:
3215 1445 3381 1500 Omni
3411 1445 3631 1499 homini
3666 1446 3724 1498 in
3755 1447 3861 1499 hac
3911 1446 4024 1499 vita

2340 1552 2456 1588 esse
2490 1541 2672 1606 potest
2699 1535 2854 1588 utilis
2887 1534 3242 1605 paenitentia,
3284 1551 3455 1604 quam
3494 1550 3838 1604 quocunque
3872 1540 4022 1587 tem-

2336 1640 2475 1689 pore
2520 1624 2689 1677 homo
2722 1624 2919 1693 egerit,
2954 1623 3266 1694 quamlibet
3296 1624 3544 1693 iniquus,
3580 1623 3895 1693 quamlibet
3922 1638 4023 1675 an-

2339 1728 2530 1775 nosus,
2582 1712 2627 1764 si
2674 1717 2792 1765 toto
2839 1712 3005 1766 corde
3056 1711 3475 1765 renunciaverit
3524 1711 3766 1780 peccatis
3816 1715 4022 1779 praste-

2340 1800 2480 1865 ritis,
2506 1804 2560 1853 et
2589 1816 2692 1869 pro
2730 1800 2810 1853 eis
2848 1800 2907 1852 in
2937 1805 3237 1870 conspectu
3283 1800 3399 1867 Dei,
3442 1816 3556 1853 non
3599 1799 3781 1854 solum
3813 1814 4021 1868 corpo-

2340 1888 2434 1954 ris,
2469 1889 2563 1941 sed
2609 1889 2776 1941 etiam
2830 1889 3012 1941 cordis
3043 1889 3317 1958 lacrymas
3365 1889 3594 1953 fuderit,
3653 1894 3708 1941 et
3738 1889 4022 1941 malorum

2340 1993 2579 2047 operum
2628 1979 2876 2030 maculas
2908 1977 3072 2031 bonis
3129 1977 3396 2046 operibus
3446 1978 3662 2030 diluere
3720 1976 4021 2035 curaverit,

2341 2066 2598 2119 omnium
2630 2070 2986 2136 peccatorum
3017 2065 3433 2135 indulgentiam
3468 2082 3597 2118 mox
3627 2065 3873 2119 habebit.
3914 2066 4023 2118 Hoc

2340 2155 2491 2207 enim
2523 2156 2687 2208 nobis
2746 2154 3017 2208 Dominus
3073 2154 3407 2225 prophetico
3440 2153 3723 2224 promittit
3772 2153 4021 2223 eloquio,

2339 2243 2560 2297 dicens:
2618 2244 2674 2298 Si
2707 2258 3009 2297 conversus
3066 2243 3260 2306 fueris,
3313 2247 3369 2295 et
3417 2241 3783 2312 ingemueris,
3837 2241 4025 2294 salvus

2339 2332 2466 2385 eris.
2500 2333 2563 2385 Et
2595 2333 2707 2385 alio
2750 2333 2877 2385 loco
2906 2330 3140 2385 dicitur:
3191 2331 3311 2391 Fili,
3368 2330 3637 2400 peccasti;
3693 2345 3763 2383 ne
3795 2328 4026 2398 adjicias

2338 2420 2567 2484 iterum,
2593 2421 2690 2475 sed
2718 2426 2775 2474 et
2804 2420 2873 2474 de
2905 2419 3209 2491 praeteritis
3242 2419 3571 2488 deprecare,
3609 2423 3669 2472 ut
3698 2418 3800 2471 tibi
3833 2417 4024 2472 dimit-

2337 2512 2551 2563 tantur.
2606 2510 2906 2580 Nunquam
2951 2506 3207 2578 peccanti
3248 2513 3395 2561 esset
3424 2506 3637 2560 indicta
3666 2522 3769 2575 pro
3830 2521 4030 2575 pecca-

2340 2597 2409 2652 tis
2452 2598 2793 2667 deprecatio,
2824 2598 2869 2650 si
2897 2595 3225 2666 deprecanti
3265 2612 3379 2649 non
3427 2600 3572 2649 esset
3600 2594 3856 2648 remissio
3888 2610 4027 2647 con-

2338 2686 2607 2740 cedenda.
2641 2687 2749 2741 Sed
2798 2686 2968 2739 etiam
3025 2684 3357 2754 poenitentia
3389 2685 3669 2753 peccatori
3728 2687 3863 2736 tunc
3894 2698 4027 2752 pro-

2339 2774 2479 2839 dest,
2532 2774 2576 2826 si
2621 2790 2745 2827 eam
2796 2774 2855 2826 in
2898 2774 3143 2826 Ecclesia
3190 2773 3463 2825 catholica
3515 2776 3697 2842 gerat,
3743 2771 3833 2825 cui
3881 2771 4027 2823 Deus

2338 2862 2397 2916 in
2452 2879 2695 2933 persona
2724 2862 2874 2916 beati
2928 2860 3078 2915 Petri
3134 2860 3366 2930 ligandi,
3419 2860 3789 2930 solvendique
3822 2858 4028 2912 tribuit

2337 2956 2700 3021 potestatem,
2759 2951 2983 3004 dicens:
3037 2949 3173 3012 Quir.
3202 2949 3520 3019 alligaveris
3566 2964 3736 3019 super
3789 2952 4023 3011 terram,

2338 3045 2506 3093 erunt
2532 3040 2704 3107 ligata
2734 3044 2788 3093 et
2836 3040 2893 3092 in
2925 3038 3096 3092 coelis.
3154 3039 3219 3090 Et
3248 3054 3603 3107 quiecunque
3664 3036 3898 3089 solveris
3929 3051 4022 3088 su-

517 3119 697 3173 ﬁrma
746 3137 855 3175 me.
905 3122 962 3176 Si
1001 3123 1154 3176 enim
1206 3124 1324 3193 ipse
1380 3125 1612 3195 dignam
1668 3128 1781 3180 Deo
1831 3124 2226 3195 paenitentiam
2264 3124 2303 3177 C
2340 3146 2443 3198 per
2470 3136 2699 3195 terram,
2757 3134 2925 3182 erunt
2972 3128 3155 3181 soluta
3185 3130 3242 3178 et
3272 3127 3329 3179 in
3361 3127 3531 3181 cwlis.
3574 3127 3636 3180 In
3687 3139 4025 3196 quacunque

516 3224 645 3262 non
676 3209 919 3276 fecisset,
951 3227 1318 3281 nequaquam
1349 3213 1473 3267 aliis
1502 3214 1855 3283 praedicaret.
1898 3213 1991 3267 Ait
2039 3213 2222 3266 enim:

521 3296 754 3350 Docebo
779 3296 1008 3367 iniquos
1032 3299 1146 3351 vias
1168 3304 1309 3361 tuas,
1342 3304 1398 3353 et
1428 3300 1592 3369 impii
1626 3301 1692 3354 ad
1714 3305 1764 3353 te
1798 3306 2219 3354 convertentur.

517 3386 675 3438 Dum
706 3384 860 3439 enim
911 3391 1140 3455 peccata
1198 3404 1298 3440 sua
1325 3390 1618 3459 prospexit
1648 3390 1928 3458 propheta
1956 3390 2229 3443 mundata

512 3489 630 3543 per
660 3473 1079 3542 paenitentiam,
1114 3492 1227 3528 non
1248 3476 1529 3531 dubitavit
1557 3478 1920 3548 praedicando
1951 3478 2228 3547 castigare

514 3560 740 3614 aliena:
783 3567 839 3614 et
868 3562 947 3615 sic
993 3563 1332 3617 sacriﬁcium
1363 3565 1432 3619 de
1475 3566 1661 3635 seipso
1719 3566 1921 3619 offerre
1954 3567 2068 3619 Deo
2110 3572 2228 3620 stu-

513 3650 654 3704 duit
700 3666 828 3704 cum
879 3652 1129 3706 dicebat:
1186 3653 1537 3707 Sacrificium
1590 3656 1703 3709 Deo
1745 3654 1976 3723 spiritus
2014 3654 2226 3708 contri-

512 3738 776 3793 bulatus.
818 3740 899 3793 Ad
934 3740 1055 3793 haec
1085 3741 1191 3794 ista
1222 3742 1574 3796 sufticerent:
1624 3744 1721 3797 sed
1757 3743 1943 3796 omnis
2002 3748 2227 3797 senten-

510 3828 600 3881 tia
624 3842 738 3896 quo
762 3828 888 3895 plus
918 3845 1091 3882 sacrae.
1121 3829 1426 3900 Scriptura:
1451 3831 1792 3885 testimoniis
1836 3831 2225 3899 conﬁrmatur,

510 3914 747 3970 facilius
777 3916 1044 3971 creditur.
1082 3918 1158 3972 De
1212 3918 1319 3971 hoc
1349 3920 1501 3973 enim
1554 3921 1837 3990 propheta
1878 3920 2048 3974 dicit:
2086 3921 2226 3974 Nolo

512 4008 769 4057 mortem
818 4006 1149 4074 peccatoris,
1201 4007 1297 4060 sed
1343 4012 1405 4060 ut
1452 4013 1814 4063 convertatur
1842 4013 1899 4063 et
1931 4009 2098 4062 vivat.
2152 4011 2228 4063 De

510 4095 631 4147 hoc
694 4094 1060 4162 peccantibus
1129 4095 1357 4149 dicitur:
1424 4098 1686 4151 Peccator
1761 4098 1818 4151 in
1885 4114 2226 4168 quacunque

510 4181 612 4234 die
639 4197 941 4235 conversus
996 4182 1363 4253 ingemuerit,
1396 4201 1593 4239 omnes
1631 4184 1961 4256 iniquitates
2008 4187 2128 4256 ejus
2168 4187 2227 4240 in

510 4267 871 4322 oblivionem
904 4271 1227 4326 traduntur.
1280 4272 1335 4326 Si
1395 4272 1549 4326 enim
1607 4274 1953 4344 Redemptor
2014 4280 2221 4342 noster,

509 4356 623 4429 qui
653 4364 974 4425 peccatores
1034 4376 1148 4413 non
1181 4360 1416 4428 perdere
1459 4362 1555 4415 sed
1598 4362 1911 4430 justificare
1961 4363 2135 4432 venit,
2166 4363 2223 4416 in

510 4445 810 4501 oblivione
841 4448 1198 4517 peccantium
1217 4450 1423 4503 delicta
1443 4450 1737 4521 relinquit,
1766 4452 1891 4522 quis
1923 4452 2223 4505 hominum

509 4534 956 4590 condemnanda
1017 4543 1287 4604 reservet,
1361 4555 1490 4593 cum
1555 4541 1861 4610 Apostolus
1932 4541 2107 4595 dicat:
2168 4541 2223 4593 Si

511 4626 674 4678 Deus
696 4623 989 4691 justiticat,
1030 4624 1158 4694 quis
1189 4631 1273 4679 est
1319 4627 1417 4697 qui
1459 4628 1838 4682 condemnet?
1880 4630 1958 4683 Ad
2009 4629 2223 4682 fontem

509 4711 930 4766 misericordiae
986 4719 1364 4780 recurrentes,
1428 4716 1817 4786 Evangelicam
1872 4717 2225 4787 proferamus

508 4799 886 4855 sententiam.
923 4800 1185 4855 Gaudebo
1233 4804 1381 4872 plus,
1413 4804 1621 4875 inquit,
1669 4821 1839 4876 super
1880 4822 1993 4859 uno
2025 4821 2224 4875 pecca-

504 4896 646 4944 tore
677 4888 1073 4957 poenitentiam
1104 4899 1328 4961 agente,
1364 4908 1536 4963 quam
1580 4910 1752 4964 super
1783 4894 2094 4963 nonaginta
2127 4909 2225 4946 no-

506 4991 651 5030 vem
676 4976 845 5045 justis
876 4977 973 5047 qui
998 4994 1114 5031 non
1135 4979 1392 5047 indigent
1422 4982 1773 5051 paenitentia.
1808 4984 1874 5036 Et
1911 4998 2069 5035 ovem
2101 4998 2225 5051 per-

506 5065 722 5126 ditam,
754 5066 1069 5135 nonaginta
1101 5083 1303 5121 novem
1333 5085 1451 5122 non
1489 5070 1813 5124 errantibus
1852 5071 2083 5137 relictis,
2117 5070 2219 5123 liu-

506 5169 681 5209 mero
710 5154 779 5207 ad
810 5155 955 5207 ovile
1000 5157 1323 5225 reportavit.
1358 5157 1415 5211 Si
1461 5158 1579 5211 ovis
1628 5175 1824 5212 errans
1863 5164 1990 5229 post
2022 5159 2218 5213 inven-

504 5244 757 5306 tionem,
800 5242 870 5295 ad
916 5243 1063 5297 ovile
1114 5244 1352 5297 humero
1410 5251 1753 5315 reportatur,
1796 5263 1896 5300 cur
1942 5247 2046 5300 iste
2096 5252 2223 5317 post

504 5330 918 5402 painitentiam
979 5332 1046 5385 ad
1106 5333 1363 5387 Ecclesiae
1404 5334 1783 5388 ministerium
1828 5351 1945 5389 non
1987 5351 2220 5388 revoce-

499 5421 653 5474 tur?
683 5418 824 5483 Quid
866 5424 1115 5490 estergo
1148 5421 1375 5490 gravius
1424 5424 1651 5476 carnale
1696 5424 1965 5477 delictum
2012 5424 2217 5477 admit-

497 5514 634 5563 tere
669 5507 792 5561 sine
823 5524 936 5574 quo
967 5524 1083 5561 non
1114 5510 1299 5575 multi,
1345 5510 1441 5564 sed
1470 5511 1637 5580 pauci
1682 5512 2075 5579 inveniuntur,
2122 5517 2220 5565 aut

502 5595 618 5652 Dei
666 5596 868 5648 Filium
915 5596 1167 5649 timendo
1212 5600 1469 5668 negare?
1507 5600 1568 5652 In
1609 5615 1722 5668 quo
1754 5604 1982 5669 peccato
2029 5600 2216 5669 ipsum

497 5687 749 5741 beatum
794 5684 1113 5755 principem
1170 5687 1561 5754 apostolorum
1624 5688 1872 5752 Petrum,
1930 5688 1997 5741 ad
2057 5690 2218 5758 cujus

2336 3217 2512 3287 igitur
2534 3218 2706 3270 homo
2738 3222 2902 3271 aetate
2935 3232 3127 3270 veram
3172 3223 3536 3287 peccatorum
3576 3228 3809 3267 suorum
3842 3211 4026 3282 posui-

2335 3305 2571 3359 tentiam
2622 3307 2820 3373 egerit,
2883 3311 2937 3361 et
3003 3309 3174 3362 vitam
3230 3324 3415 3371 suam,
3471 3306 3584 3359 Deo
3643 3300 4024 3367 illuminante,

2336 3395 2663 3458 correxerit,
2689 3411 2803 3447 non
2832 3397 3150 3465 privabitur
3182 3395 3554 3465 indulgentius
3587 3405 3854 3445 munere:
3892 3387 4027 3459 quia

2338 3483 2503 3547 Deus,
2552 3484 2694 3535 sicut
2738 3499 2840 3552 per
2895 3486 3230 3555 prophetam
3268 3486 3421 3547 dicit,
3459 3498 3573 3535 non
3628 3480 3745 3533 vult
3785 3482 4025 3532 mortem

2337 3569 2654 3635 morientis,
2717 3576 2995 3640 quantum
3030 3577 3091 3626 ut
3142 3577 3458 3625 revertatur
3497 3587 3529 3622 a
3580 3568 3667 3619 via
3715 3582 3817 3619 sua
3856 3565 4026 3631 mala,

2336 3663 2393 3710 et
2420 3657 2568 3711 vivat
2597 3659 2785 3711 anima
2836 3660 2974 3729 ejus.
3028 3661 3433 3713 Verumtamen
3486 3656 3676 3710 nullus
3724 3653 4026 3707 hominum

2337 3745 2504 3799 debet
2550 3746 2652 3799 sub
2704 3763 2800 3815 spe
2849 3747 3251 3802 misericordias
3292 3748 3404 3811 Dei,
3437 3746 3493 3799 in
3527 3744 3641 3798 suis
3682 3741 3895 3797 diutius
3946 3756 4030 3793 re-

2336 3850 2566 3888 manere
2619 3835 2879 3905 peccatis,
2921 3852 3050 3890 cum
3099 3837 3269 3890 etiam
3302 3836 3361 3889 in
3415 3834 3536 3904 ipso
3576 3846 3809 3901 corpore
3854 3844 4026 3882 nemo

2337 3924 2469 3977 velit
2498 3923 2600 3976 sub
2631 3940 2729 3994 spe
2760 3925 2965 3978 futuras
2996 3926 3188 3979 salutis
3247 3924 3461 3979 diutius
3518 3924 3812 3991 aegrotare.
3866 3918 4028 3971 Tales

2336 4012 2488 4065 enim
2521 4011 2619 4082 qui
2673 4013 2741 4066 ab
2786 4013 3183 4085 iniquitatibus
3238 4013 3351 4066 suis
3392 4011 3654 4065 recedere
3704 4007 4023 4077 negligunt,

2337 4106 2394 4154 et
2423 4100 2530 4154 sibi
2554 4101 2624 4155 de
2666 4103 2776 4156 Deo
2809 4101 3225 4173 indulgentiam
3277 4100 3701 4171 repromittunt,
3757 4110 4028 4150 nonnun-

2338 4205 2509 4258 quam
2539 4189 2619 4243 ita
2643 4191 3069 4259 przeveniuntur
3101 4192 3401 4261 repentino
3447 4189 3546 4243 Dei
3574 4188 3784 4249 furore,
3827 4189 3890 4238 ut
3923 4199 4028 4237 nec

2336 4279 2721 4332 conversionis
2753 4284 2997 4349 tempus,
3030 4297 3133 4334 nec
3175 4279 3517 4334 beneficium
3548 4274 3900 4330 remissionis
3931 4272 4023 4325 in-

2337 4366 2586 4419 veniant.
2649 4367 2777 4420 Ideo
2832 4384 3304 4439 unumquemque
3336 4378 3591 4421 nostrum
3651 4367 3841 4416 sancta
3884 4360 4028 4416 Scri-

2336 4458 2502 4524 ptura
2566 4455 2814 4524 benigne
2884 4462 3225 4525 praemonet,
3301 4456 3522 4509 dicens:
3585 4455 3660 4507 Ne
3720 4449 4027 4505 tardaveris

2335 4540 2584 4595 converti
2610 4542 2679 4595 ad
2709 4543 3037 4609 Dominum,
3065 4550 3211 4597 etne
3259 4544 3483 4596 differas
3513 4542 3581 4595 de
3613 4541 3702 4594 die
3734 4540 3790 4592 in
3841 4538 4022 4593 diem:

2334 4629 2521 4682 subito
2554 4630 2708 4683 enim
2742 4630 2930 4684 veniet
2973 4631 3057 4685 ira
3101 4632 3243 4701 ejus,
3293 4637 3348 4684 et
3377 4632 3436 4683 in
3464 4635 3724 4699 tempore
3765 4627 4024 4680 vindicta:

2335 4717 2625 4787 disperdet
2654 4723 2726 4771 te.
2760 4718 2902 4771 Dicit
2949 4719 3121 4772 etiam
3152 4719 3349 4772 beatus
3407 4718 3610 4773 David:
3648 4714 3820 4769 Hodie
3843 4715 3889 4767 si
3920 4730 4023 4767 vo-

2334 4821 2455 4859 cem
2516 4808 2637 4876 ejus
2669 4806 2982 4874 audieritis,
3037 4808 3209 4861 nolite
3259 4808 3539 4861 obdurare
3593 4804 3761 4857 corda
3819 4806 4020 4854 vestra.

2334 4894 2436 4947 Cui
2486 4894 2685 4948 beatus
2739 4912 2970 4966 quoque
3026 4897 3232 4949 Paulus
3292 4894 3597 4949 concordat
3655 4892 3742 4946 his
3798 4890 4020 4943 verbis:

2335 4984 2550 5049 Videte,
2604 4984 2823 5049 fratres,
2877 5002 2947 5038 ne
3003 4984 3147 5039 forte
3206 4986 3276 5039 sit
3329 4985 3384 5038 in
3423 4985 3613 5054 aliquo
3657 4990 3902 5033 vestrum
3927 4996 4025 5032 cor

2331 5072 2545 5125 malum
2581 5072 2995 5127 incredulitatis
3028 5074 3354 5128 discedendi
3387 5091 3415 5126 a
3449 5075 3562 5127 Deo
3604 5071 3751 5132 vivo,
3786 5068 3882 5121 sed
3924 5069 4021 5121 ad-

2330 5160 2639 5213 hortamini
2671 5162 3043 5232 vosmetipsos
3088 5179 3188 5230 per
3216 5162 3471 5232 singulos
3515 5160 3655 5223 dies,
3704 5158 3883 5209 donec
3913 5156 4023 5209 lio-

2332 5248 2421 5302 die
2470 5250 2930 5320 cognominatur,
2966 5255 3028 5305 ut
3060 5267 3170 5304 non
3203 5250 3516 5303 obduretur
3572 5250 3697 5317 quis
3745 5262 3807 5300 ex
3862 5246 4025 5300 vobis

2331 5336 2551 5391 fallacia
2585 5340 2817 5408 peccati.
2868 5340 3157 5395 Obdurato
3208 5339 3384 5409 igitur
3430 5337 3563 5389 vivit
3592 5337 3781 5404 corde,
3814 5340 3913 5410 qui
3964 5357 4020 5391 se

2331 5442 2445 5479 non
2475 5428 2774 5492 convertit,
2818 5428 3122 5498 desperans
3148 5427 3215 5480 de
3248 5424 3600 5494 indulgentia
3632 5432 4015 5494 peccatorum,

2328 5514 2444 5567 sive
2493 5515 2592 5585 qui
2651 5515 2728 5567 sic
2782 5515 3227 5569 misericordiam
3297 5514 3391 5567 Dei
3450 5520 3660 5582 sperat,
3728 5530 3908 5585 usque
3958 5514 4018 5567 in

2329 5601 2501 5654 tinem
2554 5602 2677 5654 vitae
2728 5602 3043 5671 praesentis,
3079 5602 3133 5654 iu
3170 5617 3399 5653 suorum
3432 5600 3734 5654 criminum
3784 5618 4014 5670 perver-

2327 5688 2489 5741 sitate
2542 5695 2852 5743 remaneat.
2916 5690 3154 5742 Proinde
3207 5689 3510 5758 diligentes
3560 5688 4012 5741 misericordiam
