4592 6450
596 424 691 476 991

1668 421 2074 478 BURCHARDI
2122 420 2651 477 WORMACIENSIS
2690 421 3024 477 EPISCOPI.

3993 423 4096 473 992

582 546 706 613 Dei,
736 550 1173 615 metuentesque
1198 545 1505 615 justitiam,
1561 560 1663 599 nec
1689 545 1759 599 de
1783 547 2117 600 remissione
2148 562 2277 615 pec-
2315 546 2361 599 Δ
2392 544 2699 599 multitudo
2730 544 3085 615 iniquorum,
3142 543 3348 597 melior
3376 557 3513 610 ergo
3544 547 3600 596 et
3649 547 3707 596 tu
3737 558 3866 595 eras
3906 556 4094 613 quon-

577 640 836 689 catornm
867 633 1260 703 desperemus,
1295 648 1400 687 nec
1449 648 1847 687 remaneamus
1895 633 1955 687 in
1987 633 2263 704 peccatis:

576 723 838 787 scientes,
867 722 1001 792 quia
1028 721 1126 774 illa
1170 721 1430 775 omnium
1465 721 1768 775 hominum
1799 722 1992 776 debita
2039 723 2112 776 sit
2140 738 2269 776 exa-

574 817 737 865 ctura
763 810 1003 880 aequitas
1039 808 1345 880 justissimi
1385 809 1618 874 Indicis,
1661 825 1788 880 qua:
1846 826 1964 864 non
1993 811 2274 865 dimiserit

576 898 970 953 misericordia
1000 898 1429 952 clementissimi
1465 898 1880 968 Redemptoris.
1929 900 2085 953 Sicut
2116 900 2271 953 enim

576 987 972 1043 misericordia
1041 987 1297 1057 suscipit,
1354 987 1707 1057 absolvitque
1782 1004 2108 1053 conversos,
2195 989 2274 1041 ita

572 1077 801 1148 jnstitia
848 1077 1088 1147 repellet
1126 1082 1183 1130 et
1238 1076 1439 1147 puniet
1478 1075 1809 1129 obduratos.
1871 1076 1937 1131 Hi
1996 1080 2128 1130 sunt
2173 1076 2275 1146 qui

582 1171 879 1235 peccantes
925 1166 986 1219 in
1026 1165 1298 1235 Spiritum
1337 1170 1621 1230 sanctum,
1653 1180 1840 1235 neque
1868 1165 1927 1218 in
1958 1166 2066 1219 hoc
2105 1181 2277 1218 seacu-

579 1256 655 1319 lo,
688 1270 875 1323 neque
899 1254 959 1307 in
1008 1253 1221 1319 futuro,
1270 1253 1665 1306 remissionem
1708 1253 1987 1324 accipient
2016 1259 2277 1322 peccato-

582 1359 729 1397 rum.
787 1343 924 1396 Nam
956 1344 1013 1394 et
1057 1341 1125 1395 de
1180 1342 1285 1394 hoc
1332 1341 1583 1395 Isidorus
1642 1342 1943 1412 lspalensis
1978 1341 2277 1411 episcopus

580 1431 648 1485 ad
699 1430 1131 1501 inquisitionem
1184 1430 1455 1483 Massonts
1509 1428 1783 1499 episcopi,
1842 1430 1921 1482 ita
1991 1429 2279 1499 rescripsit

580 1517 801 1570 dicens:
838 1517 1046 1569 Verum
1093 1515 1242 1585 quod
1275 1520 1581 1585 sequenter
1624 1516 1682 1568 in
1744 1515 1997 1585 epistolis
2043 1532 2276 1568 venera-

578 1606 708 1659 bilis
737 1604 1062 1659 fraternitas
1110 1610 1205 1657 tna
1236 1604 1509 1667 innotuit,
1545 1604 1700 1656 nulla
1745 1608 1827 1656 est
1856 1603 1915 1655 in
1945 1603 2279 1673 hujusmodi

580 1693 872 1747 sententiis
914 1694 1274 1746 decretorum
1326 1692 1623 1745 diversitas
1677 1691 2069 1762 intelligenda,
2129 1692 2277 1761 quod

580 1781 716 1835 alibi
758 1780 971 1849 legitur
994 1780 1056 1834 in
1109 1781 1269 1849 lapsu
1296 1781 1580 1850 corporali
1618 1781 2053 1834 restaurandnm
2094 1780 2278 1833 hono-

580 1869 658 1923 ris
689 1869 930 1939 gradnm
971 1873 1094 1939 post
1143 1869 1561 1938 ptenitentiam,
1596 1868 1732 1922 alibi
1783 1875 1913 1939 post
1952 1868 2281 1937 hujusmodi

582 1956 852 2011 delictum
916 1973 1280 2027 nequaquam
1338 1957 1722 2026 reparandum
1790 1957 2015 2027 antiqui
2068 1957 2283 2010 ordinis

580 2045 821 2115 gradum
891 2049 1022 2114 post
1077 2044 1507 2113 paenitentiam:
1564 2045 1699 2098 alibi
1752 2052 1883 2114 post
1940 2044 2282 2114 hujusmodi

581 2133 850 2187 delictum
915 2148 1278 2203 nequaquam
1348 2133 1735 2203 reparandum
1790 2133 2014 2203 antiqui
2069 2133 2283 2186 ordinis

581 2220 1027 2276 meritumJlaec
1077 2236 1231 2274 enim
1266 2220 1561 2274 diversitas
1622 2222 1727 2275 hoc
1778 2222 1947 2275 modo
1986 2220 2284 2290 distingui-

581 2314 694 2363 tur.
726 2309 856 2363 Illos
877 2309 1032 2362 enim
1062 2308 1133 2362 ad
1160 2308 1430 2378 pristinos
1448 2308 1618 2363 officii
1640 2310 1849 2379 gradus
1881 2310 2065 2363 redire
2103 2326 2281 2363 canon

581 2397 878 2469 praecepit,
928 2413 1074 2467 quos
1114 2397 1465 2467 poenitentiae
1512 2398 1801 2468 praecessit
1839 2398 2164 2463 satisfactio,
2197 2398 2281 2450 vel

586 2486 761 2555 digna
790 2489 1150 2555 peccatorum
1197 2486 1496 2539 confessio.
1539 2489 1611 2539 At
1648 2491 1842 2539 contra
1872 2486 1927 2540 hi
1962 2486 2059 2557 qui
2101 2502 2283 2556 neque

584 2589 618 2627 a
648 2572 787 2625 vitio
810 2572 1190 2642 corruptionis
1220 2573 1577 2638 emendatur,
1610 2578 1779 2643 atque
1811 2575 1915 2627 hoc
1945 2574 2136 2643 ipsum
2167 2590 2283 2627 car-

583 2662 712 2715 nale
732 2660 1000 2715 delictum
1019 2663 1168 2731 quod
1186 2662 1518 2730 admittunt,
1538 2663 1709 2715 etiam
1738 2662 2021 2716 vindicare
2038 2663 2281 2733 quadam

584 2748 969 2817 superstitiosa
998 2749 1319 2803 temeritate
1349 2750 1631 2817 nituntur,
1666 2766 1767 2803 nec
1816 2751 2056 2820 gradum
2092 2752 2284 2821 utique

584 2835 839 2900 honoris,
880 2852 985 2889 nec
1016 2837 1259 2906 gratiam
1311 2838 1731 2891 communionis
1783 2839 2085 2909 recipiunt.
2140 2840 2284 2905 Ergo

582 2922 660 2976 ita
692 2928 770 2976 est
814 2929 1051 2995 utraque
1096 2920 1429 2980 dirimenda
1483 2928 1787 2992 sententia,
1840 2934 1901 2981 ut
1950 2944 2176 2981 necesse
2217 2928 2289 2980 sit

581 3012 710 3066 illos
739 3013 1045 3067 restaurari
1076 3013 1137 3067 in
1168 3015 1290 3068 loco
1327 3015 1585 3082 honoris,
1622 3016 1716 3086 qui
1750 3032 1853 3085 per
1894 3016 2283 3086 paenitentiam

584 3101 1107 3156 reconciliationem
1128 3104 1682 3157 merueruntdivinas
1710 3104 1953 3174 pietatis.
1982 3104 2046 3158 Hi
2069 3105 2290 3158 necim-
2320 3106 2360 3161 C

587 3189 792 3244 merito
814 3195 1244 3262 consequuntur
1263 3192 1481 3261 adeptae
1504 3192 1794 3262 dignitatis
1812 3197 2043 3257 statum,
2066 3193 2165 3263 qui
2188 3208 2291 3262 per

587 3278 1054 3334 emendationem
1081 3280 1455 3351 poenitentiae,
1488 3281 1765 3352 recepisse
1802 3288 2115 3335 noscuntur
2162 3283 2289 3335 vita:

587 3366 928 3422 remedium.
973 3367 1033 3422 Id
1081 3368 1235 3423 enim
1279 3384 1352 3423 ne
1397 3369 1544 3422 forte
1577 3369 1758 3440 magis
1805 3369 2140 3439 ambiguum
2198 3369 2288 3435 sit,

590 3456 801 3511 divinas
848 3457 1202 3511 auctoritatis
1250 3458 1531 3511 sententia
1576 3458 1985 3512 comtirmetur.
2034 3456 2289 3511 Ezechiel

590 3544 745 3599 enim
792 3545 1096 3615 propheta,
1156 3545 1258 3600 sub
1327 3552 1461 3616 typo
1508 3546 1973 3616 praevaricatricis
2027 3546 2286 3601 Hierusa-

589 3631 704 3686 lem
728 3632 993 3699 ostendit,
1035 3638 1163 3703 post
1198 3633 1551 3703 poenitentia!
1590 3633 2055 3690 satisfactionem.
2100 3632 2289 3703 pristi-

591 3735 732 3774 num
762 3720 1069 3775 restaurari
1107 3737 1272 3791 posse
1312 3721 1607 3776 honorem.
1660 3722 2040 3789 Confundere,
2081 3722 2288 3792 inquit,

590 3824 623 3861 ο
659 3808 824 3876 Juda,
867 3813 924 3863 et
963 3813 1128 3879 porta
1155 3809 1537 3879 ignominiam
1576 3815 1755 3864 tuam.
1817 3811 1882 3865 Et
1927 3816 2056 3881 post
2084 3809 2293 3880 paulu-

590 3895 741 3951 lum:
780 3897 845 3951 Et
890 3899 978 3962 tu,
1008 3895 1218 3968 inquit,
1247 3902 1306 3952 et
1335 3897 1468 3951 filiai
1515 3902 1648 3962 tum,
1681 3898 2036 3952 revertimini
2075 3898 2144 3952 ab
2183 3897 2292 3951 ini-

594 3984 815 4055 quitate
888 3988 1090 4037 vestra.
1153 3984 1313 4049 Quod
1379 3986 1539 4052 dixit,
1614 3988 1989 4055 confundere,
2048 3987 2295 4040 ostendit

592 4076 726 4143 post
757 4071 1125 4137 confusionis,
1172 4072 1232 4127 id
1262 4079 1347 4128 est
1375 4076 1589 4145 peccati
1638 4092 1803 4146 opus,
1845 4076 2052 4130 debere
2092 4091 2290 4145 quem-

594 4176 771 4232 quam
826 4160 1175 4227 ernbescere,
1210 4165 1264 4216 et
1309 4178 1413 4233 pro
1466 4164 1733 4218 admissis
1781 4164 2090 4218 sceleribus
2137 4180 2291 4218 vere-

595 4247 847 4303 cundum
901 4247 1145 4303 frontem
1200 4250 1364 4304 humi
1406 4256 1749 4321 prostratam
1804 4251 2157 4322 demergere,
2192 4269 2292 4322 pro

596 4354 663 4391 eo
714 4337 870 4407 quod
912 4337 1150 4406 dignum
1217 4338 1565 4393 confusionis
1641 4346 2068 4410 perpetraverat
2122 4358 2285 4410 opus.

597 4424 815 4480 Deinde
844 4426 1116 4496 praecepit
1149 4432 1208 4481 ut
1244 4432 1435 4497 portet
1488 4427 1870 4498 ignominiam
1920 4429 2289 4499 depositionis

597 4529 732 4581 sum,
772 4513 976 4585 lugens
1030 4531 1162 4569 cum
1207 4515 1530 4571 humilitate
1570 4518 1724 4588 quod
1776 4523 2123 4589 peccaverat.
2174 4518 2289 4573 Sic-

597 4619 707 4671 que
761 4604 1031 4671 revocari,
1103 4605 1418 4660 secundum
1487 4606 1845 4677 prophetam,
1901 4608 1973 4661 ad
2035 4608 2289 4679 priorem

598 4695 810 4746 statum
840 4693 1069 4762 poterit.

598 4797 725 4852 CAP.
782 4798 958 4868 XLIV.
991 4827 1052 4838 —
1088 4799 1237 4865 Quod
1288 4802 1499 4868 anima,
1536 4803 1723 4855 multis
1750 4803 1999 4867 gentibus
2036 4802 2289 4868 nobilior,

668 4872 743 4922 sit
770 4867 1013 4943 deﬂenda
1062 4875 1111 4922 et
1158 4872 1361 4943 multis
1393 4867 1613 4927 urbibus
1670 4875 1974 4942 pretiosior,
2045 4867 2293 4943 quodque

665 4953 774 4991 non
804 4941 877 4992 sit
907 4939 1296 5008 desperandum
1325 4941 1390 4995 de
1416 4945 1589 4997 venia.

670 5045 1033 5115 (Excerptum
1086 5045 1150 5100 de
1220 5046 1358 5100 libro
1423 5046 1649 5103 Joannis
1696 5049 2155 5118 Constantinopol.
2220 5048 2296 5102 ad

605 5133 959 5201 Theodorum,
990 5150 1108 5203 cap.
1165 5134 1277 5203 59.)
1311 5133 1447 5198 Quis
1499 5136 1658 5191 dabit
1696 5138 1865 5208 capiti
1896 5153 2025 5191 meo
2059 5153 2293 5207 aquam,

599 5227 655 5275 et
709 5221 889 5275 oculis
937 5222 1078 5276 meis
1131 5223 1350 5277 fontem
1414 5224 1832 5295 lacrymarum?
1905 5224 2298 5294 Opportunins

604 5308 781 5363 multo
808 5324 959 5365 nunc
988 5328 1022 5364 a
1069 5326 1180 5377 me,
1214 5328 1383 5382 quam
1436 5317 1571 5366 tunc
1604 5329 1638 5365 a
1682 5311 1962 5382 propheta
2020 5312 2117 5365 Dei
2167 5312 2298 5366 dici-

600 5402 709 5453 tur.
768 5398 922 5454 Licet
948 5399 1105 5454 enim
1138 5416 1255 5454 non
1302 5401 1467 5455 urbes
1498 5400 1713 5466 multas,
1760 5414 1864 5453 nec
1903 5416 2040 5469 gens
2076 5400 2299 5470 integra

600 5486 962 5543 lamentanda
1011 5487 1104 5550 sit,
1137 5488 1327 5542 anima
1355 5494 1552 5543 tamen
1588 5487 1778 5543 ﬂenda
1823 5493 1907 5542 est
1945 5490 2137 5543 multis
2168 5506 2303 5559 gen-

606 5576 753 5630 tibus
785 5576 1057 5639 nobilior,
1116 5576 1422 5647 multisque
1453 5575 1685 5629 urbibus
1723 5575 2045 5646 pretiosior.
2092 5579 2233 5633 Nam
2256 5578 2302 5632 si

2381 632 2512 686 dam
2552 648 2727 703 quam
2777 631 3176 685 multitudines
3233 631 3590 685 Iudaeorum.
3643 631 3886 700 Propter
3936 628 4096 701 quod

2380 736 2548 773 nemo
2580 721 2836 785 miretur,
2871 720 2918 773 si
2975 720 3120 773 forte
3169 719 3578 788 prolixioribus
3608 734 3715 787 ego
3769 734 3923 772 nunc
3968 722 4097 770 utar

2381 808 2909 870 lamentationibus,
2987 813 3042 861 et
3101 806 3416 861 amariores
3479 807 3827 876 profundam
3900 808 4093 867 fletus,

2381 912 2553 967 quam
2602 902 2736 950 tunc
2785 896 3061 966 propheta
3112 896 3388 965 profudit.
3452 897 3577 949 Non
3620 896 3776 949 enim
3823 895 4001 961 urbis,
4034 899 4098 947 ut

2380 986 2518 1052 dixi,
2552 991 2731 1054 capta!
2772 986 2988 1039 excidia
3029 985 3232 1048 defleo,
3291 1000 3394 1038 nec
3419 984 3545 1038 vilis
3594 984 3749 1053 vulgi
3795 984 4095 1054 captivita-

2381 1080 2497 1129 tem
2534 1076 2832 1136 lamentor,
2864 1074 2958 1127 sod
3002 1074 3242 1143 insignis
3273 1074 3479 1126 anima:
3515 1074 3760 1142 lapsum,
3795 1079 3850 1125 et
3891 1071 4100 1141 templi

2383 1165 2440 1217 in
2468 1180 2583 1233 quo
2614 1163 2868 1217 Christus
2900 1162 3117 1215 habitat
3168 1162 3471 1215 excidium.
3518 1164 3647 1216 Haec
3686 1161 3841 1214 enim
3882 1161 4102 1213 lamen-

2387 1254 2520 1306 tatio
2553 1252 2794 1321 insignis
2843 1251 3051 1304 anisz
3077 1266 3248 1320 quam
3299 1266 3405 1319 ego
3431 1250 3632 1313 defleo,
3667 1254 3825 1303 tanto
3868 1250 3972 1302 illa
4012 1253 4101 1302 est

2385 1341 2581 1396 durior
2606 1345 2661 1394 et
2689 1340 2960 1404 amarior,
2992 1345 3206 1409 quanto
3255 1343 3311 1391 et
3355 1339 3561 1392 verior.
3611 1338 3749 1391 Inde
3781 1338 3984 1408 utique
4016 1342 4104 1390 est

2387 1429 2539 1499 quod
2592 1445 2697 1495 ego
2748 1427 3248 1481 irremediabiliter
3278 1428 3511 1496 plango,
3552 1426 3689 1497 quia
3722 1426 3877 1492 novi,
3922 1431 3980 1480 et
4009 1427 4103 1479 in-

2386 1517 2931 1585 cessabiliterlugeo
2990 1516 3127 1569 dum
3178 1516 3463 1569 recordor.
3519 1516 3825 1586 Usquequo
3884 1516 4103 1567 iterum

2390 1611 2441 1658 te
2475 1605 2785 1675 tripudiare
2816 1604 3039 1657 videam
3072 1604 3139 1656 ad
3166 1603 3371 1672 prioris
3402 1602 3601 1673 gloria:
3635 1602 3889 1656 statum?
3932 1601 4105 1665 Quod

2389 1694 2491 1747 etsi
2520 1693 2668 1765 apud
2702 1693 2964 1746 homines
3005 1692 3356 1761 impossibile
3404 1691 3645 1758 videtur,
3707 1690 3859 1761 apud
3911 1691 4103 1745 Deum

2392 1789 2579 1835 tamen
2612 1782 2803 1835 omnia
2835 1781 3129 1851 possibilia
3147 1785 3303 1833 sunt.
3332 1780 3455 1849 Ipse
3475 1785 3561 1833 est
3585 1779 3740 1833 enim
3768 1779 3869 1851 qui
3892 1780 4108 1833 allevat

2394 1872 2462 1925 de
2493 1875 2644 1924 terra
2689 1869 2942 1938 inopem,
2998 1874 3054 1922 et
3083 1869 3152 1921 de
3184 1874 3429 1921 stercore
3461 1867 3631 1937 erigit
3660 1883 4000 1937 pauperem,
4045 1873 4109 1921 ut

2392 1960 2630 2013 collocet
2684 1974 2816 2011 eum
2860 1974 2990 2011 cum
3046 1957 3398 2027 principibus
3437 1956 3641 2026 populi
3679 1956 3791 2011 sui.
3854 1957 3989 2025 Ipse
4020 1962 4109 2010 est

2392 2048 2493 2119 qui
2526 2048 2773 2100 sterilem
2805 2047 2937 2101 facit
2966 2052 3207 2098 matrem
3237 2061 3407 2115 super
3436 2045 3583 2099 filios
3613 2046 3928 2099 laetantem.
3978 2046 4108 2099 Non

2394 2152 2529 2202 ergo
2586 2135 2833 2196 dubites,
2888 2150 3074 2204 neque
3130 2134 3396 2204 desperes
3455 2132 3667 2187 mutari
3723 2137 3777 2185 te
3830 2149 4005 2203 posse
4046 2133 4108 2186 in

2394 2224 2617 2279 melius.
2679 2224 2738 2277 Si
2794 2222 2950 2276 enim
2984 2227 3203 2275 tantum
3236 2221 3421 2291 potuit
3452 2220 3735 2287 diabolus,
3766 2226 3830 2273 ut
3866 2236 3900 2274 a
3938 2220 4112 2274 celsis

2394 2319 2671 2367 virtutum
2702 2312 2962 2382 fastigiis,
2990 2311 3047 2364 in
3070 2310 3420 2381 profund'im
3448 2315 3502 2363 te
3528 2309 3760 2363 duceret
3792 2311 4109 2371 malorum,

2396 2407 2609 2472 quanto
2669 2400 2849 2470 magis
2900 2398 3108 2469 poterit
3171 2399 3317 2451 Deus
3369 2397 3438 2451 ad
3485 2397 3773 2451 bonorum
3823 2397 4107 2451 verticem

2392 2506 2677 2554 revocare,
2726 2495 2782 2542 et
2822 2504 2933 2541 non
2963 2488 3149 2540 solum
3182 2487 3239 2539 in
3299 2486 3355 2539 id
3388 2491 3442 2539 te
3472 2486 3772 2538 restituere
3802 2484 3964 2555 quod
3995 2486 4108 2538 fni-

2396 2579 2485 2642 sti,
2529 2578 2624 2631 sed
2663 2576 2977 2630 beatiorem
3014 2575 3194 2628 multo
3235 2589 3408 2644 quam
3439 2574 3600 2644 prius
3634 2574 3939 2638 videbaris,
3975 2573 4105 2627 effi-

2397 2665 2560 2720 cere?
2606 2667 2850 2719 Tantum
2898 2670 2984 2717 est
3017 2680 3087 2717 ne
3117 2662 3384 2716 concidas
3437 2661 3651 2726 animo,
3711 2677 3899 2732 neque
3933 2677 4105 2731 spem

2397 2754 2692 2808 abscindas
2722 2754 3019 2806 bonorum.
3054 2752 3151 2817 Ne,
3186 2768 3401 2822 quasso,
3440 2767 3509 2804 ne
3542 2750 3757 2803 accidat
3796 2749 3902 2803 tibi
3946 2749 4113 2820 quod

2397 2842 2589 2913 impiis
2644 2842 2806 2894 solet.
2860 2841 2981 2894 Non
3042 2839 3195 2892 enim
3249 2842 3616 2907 peccatorum
3673 2837 3989 2894 multitudo
4052 2838 4114 2891 in

2398 2929 2855 2999 desperationem
2904 2926 3135 2980 adducit
3182 2926 3455 2990 animam,
3512 2924 3609 2977 sed
3662 2923 3959 2994 impietas.
3997 2924 4116 2977 Im-

2402 3019 2626 3087 pioruin
2658 3033 2793 3085 ergo
2817 3022 2900 3068 est
2936 3015 3240 3084 desperare
3271 3014 3449 3065 salute
3477 3028 3538 3079 n,
3572 3027 3685 3065 non
3714 3016 4121 3080 peccatorum.

2403 3107 2555 3161 Unde
2603 3106 2793 3159 divina
2842 3102 3230 3157 misericordia
3281 3101 3603 3172 pollicetur,
3665 3100 3892 3153 dicens:
3959 3100 4116 3155 Gau-

2402 3194 2560 3249 dium
2623 3194 2730 3247 erit
2784 3194 2844 3246 in
2898 3193 3037 3245 cwlo
3076 3207 3265 3244 coram
3320 3190 3538 3260 angelis
3598 3189 3698 3243 Dei
3755 3205 3937 3258 super
3998 3205 4120 3243 uno

2401 3288 2712 3354 peccatore.
2755 3282 2821 3334 Et
2868 3286 2997 3350 post
3034 3295 3251 3350 pauca:
3297 3278 3613 3341 Stantibns,
3679 3277 3725 3329 si
3773 3278 4119 3342 ceciderint,

2400 3373 2653 3426 minatur
2688 3385 2943 3440 poenam:
3001 3368 3194 3437 lapsis,
3245 3373 3305 3420 ut
3340 3382 3573 3435 surgere
3617 3370 3921 3434 appetant,
3985 3383 4122 3437 pro-

2403 3462 2576 3514 mittit
2610 3457 3079 3513 misericordiam.
3123 3456 3255 3510 Illos
3285 3460 3479 3522 terret,
3512 3471 3583 3509 ne
3624 3463 3990 3525 praesumant
4056 3456 4117 3509 in

2399 3549 2593 3601 bonis:
2650 3548 2777 3600 illos
2824 3546 3057 3612 refovet,
3101 3561 3171 3598 ne
3205 3544 3512 3614 desperent
3553 3543 3613 3597 in
3674 3542 3859 3597 malis.
3916 3545 4122 3599 Justus

2399 3654 2478 3702 es,
2511 3637 2653 3690 iram
2702 3636 3037 3705 pertimesco
3092 3649 3162 3687 ue
3193 3648 3453 3699 corrnas;
3508 3637 3769 3703 peccator
3826 3649 3911 3698 es,
3966 3649 4118 3703 prae-

2400 3740 2558 3777 sume
2607 3724 2676 3777 de
2740 3721 3129 3776 misericordia
3176 3726 3238 3775 ut
3298 3736 3516 3789 surgas.
3572 3720 3641 3773 Et
3703 3719 3853 3773 sicut
3916 3721 4122 3792 lapsus

2399 3812 2766 3883 gravissimus
2830 3810 3140 3864 cervicibus
3195 3810 3401 3862 animas
3450 3809 3812 3874 incumbens,
3880 3825 4123 3880 semper

2400 3916 2527 3954 eam
2584 3899 2848 3954 deorsum
2900 3900 2958 3952 in
3018 3903 3231 3952 terram
3278 3897 3433 3968 cogit
3483 3898 3759 3967 aspicere,
3803 3897 3872 3951 ad
3933 3899 4124 3952 Deum

2400 4005 2532 4043 vero
2586 4004 2813 4041 sursum
2884 4003 3000 4040 non
3058 3986 3192 4039 sinit
3247 3988 3441 4039 oculos
3505 3985 3731 4039 levare:
3794 3985 3875 4039 sic
3937 3986 4127 4040 virilis

2401 4076 2609 4131 anima:
2660 4091 2828 4129 suum
2881 4074 3119 4145 pondus,
3156 4079 3218 4128 ut
3269 4074 3348 4128 ait
3402 4075 3713 4143 Propheta:
3751 4072 3918 4127 Sicut
3970 4075 4134 4128 ocnli

2402 4166 2619 4219 ancillm
2650 4164 2711 4218 in
2756 4164 3019 4217 manibus
3058 4162 3307 4217 dominae
3338 4178 3472 4225 sne,
3505 4162 3584 4215 ita
3616 4161 3766 4215 oculi
3818 4167 4009 4216 nostri
4058 4162 4133 4217 ad

2406 4254 2713 4308 Dominum
2745 4254 2922 4307 Deum
2953 4258 3232 4315 nostrum,
3282 4251 3465 4305 donec
3517 4250 3863 4304 misereatur
3916 4254 4139 4305 nostri.

2406 4342 2625 4398 Etenim
2675 4341 2881 4396 mulier
2927 4341 3040 4403 illa,
3100 4356 3226 4410 qua:
3278 4338 3339 4393 in
3404 4338 3724 4408 Evangeliis
3781 4339 4138 4393 drachmam

2403 4447 2576 4503 quam
2609 4429 2931 4501 perdiderat
2970 4428 3205 4491 invenit,
3239 4432 3514 4481 convocat
3543 4427 3754 4480 amicas
3792 4433 3846 4481 et
3880 4428 4135 4493 vicinas,

2402 4527 2464 4574 ut
2506 4520 2981 4588 congratulantur
3036 4517 3108 4571 ei.
3142 4517 3209 4570 Et
3239 4533 3345 4586 ego
3370 4516 3693 4570 convocabo
3734 4516 3964 4570 amicos
3994 4522 4133 4570 tuos

2400 4624 2691 4678 meosque,
2724 4611 2781 4660 et
2812 4606 3026 4660 vicinos
3082 4611 3304 4659 nostros
3352 4604 3704 4674 deprecabor
3752 4620 3854 4657 eos
3917 4620 4135 4659 σθω-ες

2403 4697 2546 4760 nire,
2599 4701 2661 4749 ut
2708 4711 2824 4749 non
2854 4694 3163 4761 gaudeant,
3199 4693 3297 4747 sed
3327 4698 3390 4746 ut
3436 4693 3672 4763 lugeant
3702 4708 3965 4758 mecum,
4018 4710 4131 4747 nec

2402 4791 2465 4839 ut
2512 4784 2890 4854 gratulentur,
2941 4782 3037 4835 sed
3089 4790 3152 4835 ut
3224 4782 3628 4845 Iamententur,
3679 4786 3737 4833 et
3808 4781 4131 4850 ingentem

2402 4873 2715 4944 planctum,
2773 4871 3081 4925 sublevatis
3136 4870 3206 4925 ad
3245 4870 3451 4924 cretum
3509 4886 3624 4921 una
3682 4884 3918 4923 mecum
3972 4871 4129 4923 voci-

2405 4963 2511 5017 bus
2543 4961 2799 5025 reddant,
2832 4960 3074 5013 dicendo
3102 4958 3174 5013 ad
3216 4973 3341 5011 eos:
3374 4958 3593 5011 Ulnlate
3622 4972 3876 5021 mecum,
3923 4959 4132 5020 amici,

2405 5049 2660 5119 plangite
2704 5059 2761 5102 et
2786 5046 3113 5117 proluudite
3143 5047 3328 5101 fontes
3358 5046 3622 5110 fletuum,
3658 5062 3773 5098 non
3813 5046 3958 5118 quia
4002 5050 4137 5100 auri

2406 5138 2630 5207 pondus
2692 5136 3040 5190 immensum
3111 5151 3216 5189 nec
3273 5135 3486 5188 talenta
3557 5133 3683 5186 auri
3741 5135 4136 5204 perdiderim,

2406 5225 2504 5278 sed
2527 5224 2662 5293 quia
2683 5225 2887 5278 horum
2919 5223 3180 5277 omnium
3215 5222 3461 5285 cliarior,
3488 5225 3546 5274 et
3584 5221 3747 5273 omni
3781 5238 3931 5275 auro
3966 5240 4135 5292 gem-

2410 5328 2654 5375 marum,
2703 5313 2976 5382 omnique
3038 5312 3337 5364 nobilitate
3381 5310 3687 5379 pretiosior
3741 5310 4001 5373 amicus,
4046 5329 4139 5365 ne-

2408 5401 2523 5455 scio
2573 5402 2862 5471 quomodo
2895 5402 3083 5470 lapsus
3133 5416 3313 5470 usque
3362 5399 3420 5452 in
3470 5399 3661 5468 ipsum
3714 5398 3910 5452 fertur
3950 5402 4143 5470 perdi-

2410 5489 2581 5543 tionis
2637 5490 3002 5560 profundum.
3087 5488 3212 5542 Noli
3295 5487 3602 5556 desperare
3674 5488 3746 5540 de
3814 5487 4021 5560 lapsu,
4074 5505 4140 5543 ne

2411 5579 2595 5632 cadas.
2655 5578 2764 5643 Qui
2830 5577 2983 5631 enim
3042 5577 3220 5632 alium
3278 5576 3561 5645 desperat,
3639 5574 3821 5630 habet
3882 5580 4136 5633 veniam.

606 5680 752 5718 unus
782 5664 883 5734 qui
926 5661 1129 5717 fecerit
1167 5662 1515 5717 voluntatem
1571 5662 1685 5728 Dei,
1739 5664 1937 5719 melior
1989 5670 2075 5720 est
2127 5681 2304 5737 quam
2414 5665 2523 5731 Qui
2574 5682 2706 5719 vero
2766 5665 3154 5736 desperaverit
3201 5664 3598 5734 semetipsum,
3671 5664 3936 5734 nullam,
4009 5668 4143 5739 quia
