4592 6454
467 401 577 452 993

1320 399 1795 455 DECRETORUM
1841 401 2020 455 LIBRI
2060 401 2166 455 XX.
2209 430 2277 438 -—
2322 400 2529 454 LIBER
2570 398 2872 453 DECIMUS
2913 397 3152 453 NONUS.
3868 402 3969 453 904

461 524 559 577 ille
613 538 727 576 non
790 527 875 575 est
941 521 1209 574 dominus
1260 522 1467 574 mentis
1516 520 1769 573 alterius.
1820 521 1977 574 Sicut
2028 536 2163 590 ergo
2191 522 2238 574 Α
2277 520 2376 570 aut
2406 520 2597 571 oculos
2627 519 2797 573 audet
2820 519 3098 573 attollere.
3133 518 3365 588 Comple
3396 518 3582 588 legem
3617 519 3771 572 Mosi.
3807 520 3969 573 Ceci-

476 616 536 663 et
565 611 781 673 anima,
814 612 857 661 si
890 610 1063 662 semel
1100 611 1338 663 salutem
1370 624 1527 661 suam
1579 609 1813 679 coeperit
1843 610 2166 678 desperare,

460 699 584 768 jam
617 715 722 752 nec
756 698 1027 767 intelligit
1067 697 1374 766 quomodo,
1425 698 1510 749 vel
1542 697 1601 749 in
1631 712 1759 767 quas
1792 697 1940 751 mala
1970 697 2170 767 praeci-

468 789 686 856 pitetur
714 803 725 840 :
766 787 844 839 ita
875 791 931 839 et
961 786 1058 855 qui
1100 785 1497 855 desperatione
1531 786 1680 855 capti
1720 791 1872 850 sunt,
1902 785 2169 838 intolera-

465 874 612 928 biles
669 874 836 939 ﬁunt,
891 884 945 927 et
984 890 1087 944 per
1115 890 1315 927 omnes
1374 874 1607 927 malitias
1656 874 1771 927 vias
1823 874 2166 928 discurrunt.

480 965 751 1031 Exsurge,
813 978 1073 1033 exsurge,
1125 978 1342 1032 qumso,
1392 962 1785 1030 expergiscere
1827 962 2131 1032 aliquando
2152 979 2167 1014 ηε

482 1058 539 1104 et
567 1051 914 1104 diabolicam
954 1052 1099 1104 hanc
1130 1051 1353 1119 depone
1388 1051 1807 1103 temulentiam.
1836 1052 2005 1104 Parce
2032 1067 2169 1103 cun-

481 1140 587 1192 ctis
614 1140 710 1209 qui
744 1156 848 1208 pro
878 1145 975 1192 tua
1005 1139 1403 1208 desperatione
1427 1138 1753 1209 desperant,
1789 1155 1857 1192 ne
1890 1144 2089 1209 putent
2113 1156 2169 1191 se

476 1227 629 1280 viam
661 1228 883 1280 virtutis
912 1227 1195 1293 incedere,
1232 1227 1279 1279 si
1309 1232 1363 1279 te
1394 1227 1463 1280 ad
1513 1244 1639 1280 eam
1682 1228 1892 1281 redisse
1946 1243 2059 1279 non
2090 1227 2168 1279 vi-

476 1311 669 1364 deant.
703 1312 958 1381 Respice,
991 1327 1205 1381 quzeso,
1248 1316 1321 1378 te,
1356 1317 1605 1381 quantus
1628 1327 1779 1364 nunc
1813 1327 2022 1364 maeror
2049 1327 2171 1363 om-

475 1400 640 1452 nium
670 1405 997 1452 sanctorum
1031 1399 1270 1451 fratrum
1313 1399 1521 1452 habeat
1552 1399 1812 1465 chorum,
1856 1404 1913 1451 et
1959 1403 2171 1467 quanta

472 1488 677 1542 laetitia
734 1494 905 1557 atque
961 1487 1263 1541 exsultatio
1326 1486 1635 1540 incredulis
1668 1487 1785 1551 tiat,
1843 1494 2170 1555 quantaque

474 1575 557 1627 eis
591 1577 655 1628 ad
708 1574 1027 1645 praecipitia
1078 1575 1319 1628 luxurias
1362 1574 1647 1628 decrescat
1694 1574 2021 1627 auctoritas.
2061 1574 2170 1626 Nec

475 1662 588 1715 erit
633 1669 760 1731 post
808 1663 927 1715 haec
976 1661 1203 1732 aliquis,
1254 1661 1354 1731 qui
1396 1661 1654 1732 quolibet
1699 1662 1858 1732 lapsu
1898 1661 2166 1728 dejectus,

472 1766 591 1802 non
624 1749 813 1803 statim
859 1766 1157 1820 resurgere
1208 1750 1421 1820 cupiat,
1459 1755 1513 1803 et
1569 1749 1759 1803 statim
1791 1766 1848 1803 sc
1903 1764 2168 1818 reparare

478 1838 733 1891 festinet.

473 1944 607 1997 Cap.
633 1944 779 1997 XLV.
817 1974 885 1984 —
919 1944 1069 2009 Quod
1096 1946 1277 1998 nullus
1309 1962 1341 1997 a
1363 1945 1727 1999 consolatione
1749 1946 2032 1997 vulnerari
2050 1946 2171 2009 fra-

941 2017 1041 2068 tris
1071 2031 1125 2069 se
1155 2016 1469 2069 subtrahere
1507 2017 1710 2068 debeat.

554 2103 711 2171 (Item
766 2105 995 2157 Joannes
1055 2104 1460 2171 Constantinop.
1516 2103 1590 2156 ad
1645 2102 1884 2156 eumdem
1938 2102 2172 2155 Theodo-

472 2206 602 2243 rum
634 2192 698 2243 de
727 2193 884 2259 lapsu
914 2192 1193 2256 Bacharii,
1222 2194 1402 2261 capite
1427 2190 1537 2261 60.)
1585 2191 1688 2245 Ubi
1734 2196 1818 2244 est
1861 2191 2177 2245 misericor-

476 2279 577 2333 dia
605 2280 941 2333 Cliristianas
988 2281 1301 2350 religionis,
1336 2297 1506 2350 quam
1543 2280 1814 2349 magister
1866 2284 2057 2333 noster
2088 2296 2173 2332 sa-

476 2366 696 2421 criticio
731 2368 924 2421 docuit
983 2384 1105 2421 esse
1155 2369 1494 2421 meliorem?
1528 2369 1659 2421 Ecce
1702 2368 1854 2436 jacet
1882 2366 2056 2420 frater
2107 2367 2176 2420 ab

478 2455 647 2508 hoste
714 2473 1038 2526 percussus,
1085 2457 1271 2510 adhuc
1329 2457 1568 2510 forsitan
1615 2456 1921 2526 palpitans,
1980 2461 2035 2509 et
2080 2472 2178 2508 vos

479 2544 650 2614 quasi
697 2545 819 2597 sine
881 2545 1113 2598 vulnere.
1161 2545 1537 2609 revertimini,
1588 2561 1690 2598 nec
1734 2545 2176 2598 consolationem

475 2634 672 2702 plaga:
704 2633 856 2685 illius
888 2634 1108 2687 deferre
1140 2633 1403 2687 tentatis?
1435 2634 1608 2686 nolite
1659 2650 1779 2686 esse
1828 2633 1949 2686 sine
1978 2632 2175 2686 formi-

481 2721 647 2785 dine,
680 2720 900 2785 fratres,
954 2720 1246 2774 fortiorem
1280 2721 1553 2790 percussit
1592 2720 1878 2784 inimicus,
1932 2725 1996 2773 ut
2042 2719 2175 2772 faci-

474 2809 597 2861 lior
627 2808 679 2860 ei
711 2809 895 2861 aditus
928 2814 1075 2861 esset
1104 2810 1171 2861 ad
1210 2812 1474 2878 reliquos.
1523 2809 1589 2862 Ut
1621 2809 1756 2878 quid
1797 2825 1933 2877 ergo
1966 2807 2178 2876 sperni-

473 2897 554 2949 tis
589 2897 972 2961 vulneratum,
1007 2903 1104 2949 aut
1142 2897 1286 2949 sicut
1332 2898 1545 2966 putatis
1579 2904 1635 2949 et
1684 2896 2015 2949 mortuum?
2065 2895 2175 2948 Me-

472 2986 597 3039 lior
617 2986 929 3038 concubina
962 2986 1093 3039 Saul
1142 2985 1259 3038 ﬁlia
1287 2986 1472 3049 Resfa,
1516 3001 1643 3054 quae
1697 3000 1937 3055 corpora
1973 2983 2172 3036 defun-

2278 606 2360 659 dit
2391 608 2582 659 asinus
2614 608 2803 661 fratris
2834 607 2936 661 sub
2967 608 3242 678 pondere,
3286 607 3393 659 hoc
3446 613 3551 671 est,
3606 623 3736 660 caro
3787 608 3969 662 evicta

2277 701 2531 763 peccato,
2565 696 2778 750 acclina
2819 702 2895 760 te,
2943 702 2997 749 et
3026 695 3287 760 humilia,
3322 700 3377 747 et
3408 695 3637 748 subleva
3677 694 3746 748 de
3778 696 3965 748 ruina.

2276 782 2421 844 Quid
2473 784 2756 836 erubescis
2805 784 3077 852 conjungi
3118 783 3336 836 homini
3370 783 3700 853 peccaturi?
3734 783 3968 853 Respice

2280 871 2441 924 illum
2471 872 2569 942 qui
2624 872 2805 927 dicit:
2850 872 2971 925 Noli
3016 872 3261 925 nimium
3297 888 3419 924 esse
3462 872 3670 941 justus.
3707 872 3971 941 Magister

2278 966 2472 1013 noster
2498 976 2529 1013 a
2559 961 2876 1015 latronibus
2906 962 3266 1014 vulneratum
3311 978 3422 1014 non
3473 963 3659 1014 solum
3709 978 3844 1015 cura
3876 962 3964 1014 di-

2278 1063 2454 1117 gnum
2511 1049 2750 1117 judicat,
2782 1065 2981 1102 verum
3031 1048 3200 1102 etiam
3251 1049 3320 1103 ad
3370 1049 3656 1103 stabulum
3697 1066 3863 1103 suum
3919 1054 3975 1103 et

2277 1137 2424 1189 ovile
2452 1138 2733 1207 perduxit.
2766 1138 2833 1190 Et
2861 1144 2921 1190 tu
2949 1153 3088 1207 ergo
3130 1138 3332 1207 collige
3363 1138 3598 1191 fratrem
3635 1154 3805 1208 quem
3849 1138 3971 1191 dia-

2277 1225 2440 1278 tolus
2499 1227 2639 1278 latro
2691 1226 2986 1295 percussit.
3035 1226 3321 1295 Consigna
3364 1226 3694 1287 stabulario,
3749 1226 3805 1279 id
3863 1230 3967 1290 est,

2278 1314 2445 1367 beato
2476 1315 2766 1384 episcopo,
2810 1314 2907 1384 qui
2960 1314 3007 1367 si
3050 1314 3185 1384 quid
3218 1315 3275 1367 in
3329 1330 3396 1368 eo
3432 1314 3800 1384 impenderit,
3842 1329 3969 1366 am-

2278 1401 2429 1472 plius
2460 1418 2493 1455 a
2526 1402 2765 1456 Domino
2794 1406 3199 1472 consequetur.

2706 1492 2833 1545 CAP.
2862 1491 3061 1545 XLVII.
3088 1520 3153 1530 —
3176 1494 3246 1544 De
3264 1491 3446 1544 eadem
3467 1507 3543 1544 re.

2350 1581 2495 1649 (Item
2522 1579 2704 1647 idem.)
2742 1579 3108 1647 Evangelicus
3139 1594 3326 1631 sermo
3365 1578 3507 1631 dixit
3546 1595 3557 1632 :
3592 1578 3649 1632 Si
3689 1594 3962 1648 peccave-

2280 1667 2353 1720 rit
2383 1668 2439 1720 in
2473 1674 2525 1719 te
2558 1667 2736 1720 frater
2764 1672 2916 1734 tuus,
2941 1666 3162 1737 corripe
3192 1682 3323 1720 eum
3376 1667 3546 1719 solus.
3598 1666 3653 1720 Si
3686 1672 3739 1721 te
3771 1666 3966 1720 audie-

2282 1756 2372 1821 rit,
2401 1756 2649 1809 lucratus
2669 1772 2729 1807 es
2773 1771 2923 1820 eum,
2958 1761 3012 1808 et
3053 1762 3257 1808 caetera
3310 1770 3439 1825 qua:
3480 1755 3735 1808 continet
3782 1771 3972 1808 sermo

2284 1844 2573 1913 praecepti.
2599 1843 2735 1896 Vide
2767 1842 2903 1913 quid
2933 1843 3086 1896 dicit.
3120 1844 3195 1896 Ne
3224 1844 3614 1896 exhilarentur
3659 1843 3759 1897 filii
3796 1843 3968 1897 incir-

2283 1932 2681 1985 cumcisorum.
2716 1932 2838 1985 Filii
2886 1931 3038 1984 enim
3090 1930 3641 1996 incircumcisorum,
3690 1936 3823 1985 sunt
3873 1932 3970 1984 ho-

2284 2020 2466 2073 mines
2496 2019 2711 2083 seeculi,
2759 2018 2816 2071 in
2854 2018 3120 2088 przeputii
3155 2017 3239 2071 sui
3290 2034 3500 2083 errore,
3545 2024 3601 2071 et
3658 2019 3970 2088 gentilitate

2284 2107 2554 2160 viventes.
2586 2107 2651 2162 Hi
2679 2122 2814 2176 ergo
2851 2107 3257 2171 exhilarantur,
3302 2123 3427 2159 cum
3460 2106 3701 2160 audiunt
3745 2108 3973 2161 ruinam

2284 2195 2482 2248 militis
2517 2195 2745 2247 Christi.
2789 2196 3084 2248 Peccatum
3133 2194 3309 2263 igitur
3339 2195 3571 2260 celetur,
3615 2200 3670 2247 et
3715 2196 3976 2248 adhibea-

2284 2286 2377 2334 tur
2425 2280 2770 2334 emendatio.
2818 2281 2932 2333 Nos
2972 2280 3125 2333 enim
3176 2281 3580 2333 consolationis
3618 2281 3971 2346 linteamina,

2287 2376 2342 2423 et
2373 2369 2615 2422 cmleslis
2646 2369 2767 2438 spei
2799 2368 3092 2439 pigmenta
3122 2369 3461 2423 tribuamus.
3507 2370 3627 2440 Ipse
3658 2375 3848 2422 autem
3882 2370 3969 2422 ir.-

2287 2456 2369 2510 fra
2418 2457 2743 2526 sepulcrum
2788 2456 2988 2509 secreti
3048 2456 3135 2509 sui
3175 2456 3461 2510 confessus
3494 2456 3710 2525 [eccati
3755 2456 3971 2527 pudore

2288 2545 2665 2610 contineatur,
2695 2544 2792 2597 ubi
2852 2544 3214 2597 conscientias
3272 2560 3463 2597 verme
3514 2545 3839 2598 laceretur:
3875 2544 3972 2614 qui

2286 2638 2434 2685 totas
2484 2632 2541 2685 in
2601 2648 2667 2685 eo
2717 2633 2931 2701 obligat
2982 2632 3312 2702 putredines
3352 2637 3731 2703 peccatorum,
3792 2633 3971 2686 donec

2287 2722 2507 2773 nullum
2541 2736 2605 2773 ex
2636 2737 2693 2773 se
2719 2720 2953 2773 fetorem
2984 2720 3149 2773 famae
3181 2721 3364 2790 turpis
3387 2720 3633 2773 emittat.

2676 2808 2803 2861 CAP.
2833 2808 3055 2861 XLVIII.
3091 2839 3157 2847 ——
3188 2811 3262 2862 De
3287 2809 3470 2862 eadem
3498 2824 3574 2862 re.

2358 2897 2465 2966 (Ea:
2490 2898 2645 2964 epist.
2679 2899 2903 2951 Joannis
2957 2898 3416 2965 Constantinopol.
3469 2897 3543 2950 ad
3594 2896 3971 2967 Theodorum.)

2285 2985 2556 3052 Qualiter,
2588 3001 2745 3055 rogo,
2777 2985 2845 3038 de
2867 2985 3253 3038 misericordia
3288 2985 3513 3038 Domini
3545 3002 3850 3055 possumus
3875 2988 3969 3040 de-

473 3080 709 3127 ctorum
743 3090 884 3143 quos
927 3074 1099 3126 David
1142 3090 1245 3142 pro
1295 3073 1740 3128 Gabaonitarum
1795 3072 2009 3125 ultione
2040 3088 2175 3141 per-
2206 3069 2245 3123 C
2284 3090 2533 3144 sperare,
2557 3074 2653 3144 qui
2689 3074 2858 3127 etiam
2910 3075 3265 3127 Pharaonem
3296 3075 3505 3143 arguit,
3541 3090 3717 3144 quare
3748 3091 3973 3145 nequa--

469 3167 757 3227 eusserat,
800 3178 864 3214 eo
920 3178 1097 3232 usque
1156 3162 1408 3215 accincta
1471 3178 1653 3229 sacco,
1702 3162 1810 3214 hoc
1836 3166 1918 3213 est
1971 3160 2174 3227 cilicio,

472 3250 805 3316 custodivit,
855 3250 1032 3303 donec
1080 3251 1161 3303 eis
1217 3256 1439 3303 roraret
1485 3268 1631 3319 aqua
1659 3251 1727 3303 de
1758 3250 1921 3313 c0310,
1956 3248 2012 3301 id
2070 3254 2172 3315 est,

470 3337 670 3390 donec
710 3352 812 3405 pro
846 3336 1011 3389 venia
1058 3352 1254 3389 eorum
1306 3336 1713 3389 misericordia:
1756 3336 1997 3389 caelestis
2028 3336 2171 3388 scin-

467 3428 607 3482 tilla
648 3428 986 3483 detluxerat.
1048 3427 1244 3479 Melior
1298 3425 1403 3478 fuit
1456 3426 1551 3479 ille
1596 3426 1768 3480 Judas
1803 3426 2174 3493 Machabaaus,

470 3519 583 3590 qui
620 3518 795 3571 etiam
837 3532 940 3585 pro
974 3513 1215 3567 mortuis
1251 3514 1524 3566 fratribus
1571 3514 1885 3567 orationem
1937 3513 2177 3566 credidit

470 3624 607 3660 esse
650 3604 1011 3659 faciendam:
1044 3618 1186 3671 quos
1243 3604 1511 3655 damnata
1559 3601 1629 3655 de
1669 3601 1900 3655 Lamnia
1951 3601 2174 3654 civitate

464 3696 770 3749 idolorum
801 3693 948 3746 dona
980 3695 1423 3760 prostraverant.
1448 3690 1680 3760 thuid,
1722 3706 1883 3757 rogo,
1917 3690 2173 3743 medicus

466 3790 679 3837 noster
706 3780 1157 3835 interlibrorum
1190 3794 1422 3831 suorum
1471 3779 1685 3831 loculos
1728 3784 1811 3831 tot
1868 3778 2176 3831 constituet

464 3887 696 3943 genera
720 3868 1189 3940 pigmentorum?
1224 3866 1279 3920 Si
1314 3867 1457 3919 nihil
1489 3872 1575 3919 est
1608 3883 1669 3919 ex
1701 3866 2022 3936 emplastris
2051 3867 2173 3935 ejus

466 3975 594 4029 quo
629 3958 819 4010 sanari
868 3956 1047 4025 possit
1090 3956 1295 4007 vulnus
1343 3953 1493 4023 quod
1542 3954 1820 4023 percussit
1858 3952 2168 4005 inimicus:

462 4056 523 4100 et
552 4047 599 4098 si
634 4047 838 4114 placet,
895 4042 1222 4113 aperiamus
1275 4041 1528 4094 scholam
1586 4041 1884 4095 medicinas
1938 4046 2168 4108 nostrae,

461 4143 525 4187 et
572 4151 607 4186 a
656 4132 940 4203 principio
975 4131 1207 4184 canonis
1256 4130 1577 4195 vulnerum,
1619 4146 1683 4182 ac
1724 4128 2170 4182 medicaminum

462 4223 697 4291 species
726 4220 1145 4291 perquiramus.
1184 4219 1318 4271 Ecce
1357 4218 1420 4270 in
1457 4217 1638 4287 ipsius
1681 4218 1921 4271 introitu
1962 4217 2171 4270 scholas

2285 3180 2455 3233 quam
2496 3163 2775 3232 paenitere
2818 3163 3083 3233 dignatus
3114 3162 3205 3228 sit,
3240 3162 3431 3217 dicens
3464 3179 3477 3216 :
3543 3163 3776 3217 Brachia
3830 3164 3973 3217 Pha-

2283 3251 2476 3303 raonis
2504 3250 2650 3319 regis
2698 3250 2922 3319 (Egypti
2961 3250 3221 3314 contrivi,
3263 3256 3319 3304 et
3364 3267 3479 3303 non
3510 3256 3594 3303 est
3637 3251 3973 3321 deprecatus

2283 3342 2346 3391 ut
2375 3338 2607 3390 daretur
2644 3337 2703 3389 in
2752 3354 2818 3390 eo
2864 3338 3097 3404 sanitas,
3131 3342 3187 3391 et
3228 3338 3562 3392 redderetur
3591 3339 3643 3392 ei
3686 3339 3865 3393 virtus
3901 3340 3971 3393 ad

2282 3425 2883 3494 comprehendendum
2942 3424 3220 3495 gladium.
3252 3425 3522 3479 Salomon
3548 3425 3642 3478 ille
3673 3426 3967 3488 mirabilis,

2282 3514 2381 3583 qui
2412 3516 2624 3569 meruit
2654 3514 2894 3568 astitrici
2938 3515 3056 3580 Dei,
3090 3516 3195 3568 hoc
3226 3520 3312 3568 est
3342 3515 3633 3586 sapientia:
3666 3516 3762 3570 Dei
3797 3532 3970 3587 copu-

2282 3601 2407 3660 lari,
2438 3602 2496 3655 in
2531 3602 2983 3672 alienigenarum
3011 3602 3249 3656 incurrit
3279 3604 3593 3672 amplexus,
3630 3608 3685 3656 et
3728 3603 3972 3657 vinculis

2280 3689 2533 3743 libidinis
2563 3692 2877 3760 laqueatus,
2931 3690 3103 3743 etiam
3151 3690 3433 3759 sacrilegii
3478 3690 3715 3744 horrore
3754 3708 3812 3745 se
3855 3692 3973 3763 pol-

2278 3778 2431 3831 luit:
2502 3779 2637 3848 quia
2696 3778 3065 3831 simulacrum
3117 3778 3387 3834 Cathmos
3454 3779 3750 3833 Moabitico
3813 3779 3969 3833 idolo

2281 3862 2592 3920 fabricavit.
2646 3865 2752 3919 Sed
2784 3865 2919 3935 quia
2943 3882 3046 3936 per
3079 3865 3474 3935 propheticam
3506 3883 3701 3920 vocem
3740 3869 3965 3938 culpam

2280 3953 2488 4006 erroris
2553 3953 2804 4022 agnovit,
2864 3969 3177 4023 numquam
3246 3953 3648 4009 misericordia:
3732 3957 3971 4009 caelestis

2279 4040 2513 4094 extorris
2545 4046 2649 4094 est.
2682 4044 2753 4094 At
2792 4041 3028 4095 forsitan
3051 4042 3203 4095 dicas
3232 4058 3244 4095 :
3281 4042 3343 4095 In
3374 4050 3578 4097 neutro
3608 4044 3971 4098 Testamento

2280 4128 2408 4198 lego
2456 4144 2643 4198 neque
2683 4145 2815 4182 eum
2860 4130 3212 4198 paenituisse,
3273 4146 3459 4200 neque
3519 4132 3970 4187 misericordiam

2280 4223 2671 4271 consecutum.

459 4317 791 4364 occurrunt
820 4309 904 4362 illi
951 4306 1186 4360 seminis
1243 4306 1486 4359 carnalis
1540 4310 1817 4371 auctores,
1868 4305 1967 4375 qui
2012 4320 2240 4398 vene-D

2157 4334 2171 4343 '
2196 4344 2240 4398 ι)
2282 4324 2409 4377 CAP.
2433 4322 2605 4376 XLIX.
2633 4349 2699 4360 -—
2721 4324 2845 4376 Post
2872 4325 3247 4398 penitentiam
3274 4325 3538 4379 neminem
3570 4324 3643 4377 ad
3663 4325 3970 4381 clericatum

460 4404 613 4453 nato
672 4397 953 4467 serpentis
1011 4396 1179 4449 dente
1236 4394 1507 4464 percussi,
1566 4410 1683 4447 non
1735 4393 1926 4446 statim
1982 4408 2167 4462 pcena:

458 4487 681 4542 mortis
718 4485 929 4540 addicti
976 4489 1126 4546 sunt,
1169 4482 1265 4535 sed
1316 4483 1479 4551 ejecti
1524 4482 1592 4535 de
1624 4482 1875 4552 paradisi
1927 4481 2166 4546 deliciis,

2913 4393 3329 4446 admittendum.

2349 4480 2456 4551 (Ea:
2486 4480 2628 4534 decr.
2681 4481 2884 4547 Syricii
2933 4496 3111 4548 papae,
3145 4483 3322 4549 capite
3384 4482 3494 4547 14.)
3550 4481 3692 4536 Illud
3739 4500 3966 4555 quoque

2277 4586 2381 4623 nos
2413 4584 2515 4639 par
2544 4568 2653 4621 fuit
2704 4568 3041 4635 praevidere,
3075 4573 3137 4621 ut
3183 4569 3327 4621 sicut
3362 4569 3755 4638 paenitentiam
3798 4589 3968 4643 agere

2278 4658 2544 4727 cuiquam
2604 4671 2718 4708 non
2767 4656 3096 4709 conceditur
3148 4657 3532 4709 clericorum:
3599 4658 3678 4711 ita
3730 4664 3787 4713 et
3840 4668 3970 4731 post

2278 4745 2694 4815 paenitudinem
2762 4759 2825 4796 ac
2901 4744 3442 4811 reconciliationem,
3504 4746 3646 4799 nulli
3710 4763 3965 4818 unquam

2279 4834 2421 4886 laico
2453 4834 2618 4885 liceat
2647 4832 2924 4885 honorem
2970 4832 3265 4885 clericatus
3296 4833 3511 4904 adipsci
3538 4850 3550 4887 :
3586 4834 3722 4905 quia
3776 4852 3969 4906 quam-

2279 4921 2359 4973 vis
2399 4921 2513 4974 sint
2550 4920 2809 4974 omnium
2861 4926 3226 4989 peccatorum
3287 4923 3630 4992 contagione
3680 4926 3965 4992 mundati,

2278 5010 2434 5062 nulla
2502 5013 2695 5061 tamen
2748 5008 2957 5062 debent
3018 5011 3401 5078 gerendorum
3476 5018 3963 5068 sacramentorum

2278 5096 2659 5150 instrumenta
2704 5096 3007 5165 suscipere,
3035 5098 3136 5167 qui
3174 5098 3391 5152 dudum
3441 5099 3656 5153 fuerint
3707 5116 3839 5153 vasa
3888 5101 3967 5153 vi-

2275 5184 2507 5238 tiorum.

2277 5286 2401 5338 CAP.
2440 5288 2496 5340 L.
2533 5317 2600 5325 —
2652 5287 2921 5342 Gravibus
2961 5288 3277 5341 criminibus
3326 5290 3615 5356 implicitos
3655 5288 3728 5342 ad
3765 5290 3962 5345 clerum

2345 5357 2635 5421 admissos,
2681 5362 2894 5424 magnis
2948 5374 3157 5425 quoque
3201 5359 3351 5410 vitiis
3416 5362 3680 5413 involutos
3745 5362 3961 5415 clericos

2344 5430 2523 5494 ofﬁcio
2543 5444 2647 5480 non
2670 5435 2855 5493 motos,
2888 5432 3143 5497 comperit
3171 5428 3443 5481 Gelasius.

450 4578 518 4629 id
554 4580 647 4626 est
701 4574 770 4627 de
831 4572 1094 4626 Ecclesia:
1148 4570 1411 4647 libertate
1462 4573 1518 4622 et
1559 4571 1701 4623 sacri
1760 4570 2166 4623 communione

451 4661 805 4718 ministerii.

882 4749 1011 4803 CAP.
1045 4746 1225 4800 XLVI.
1260 4775 1328 4787 —
1356 4749 1429 4799 De
1467 4745 1655 4799 eadem
1699 4761 1775 4799 re.

538 4841 705 4905 (Item
731 4837 1013 4905 ejusdem.)
1049 4835 1206 4888 Unde
1242 4834 1399 4888 vides
1430 4834 1565 4904 quia
1594 4833 1674 4886 sic
1719 4833 1931 4903 peccati
1969 4839 2167 4889 conta-

445 4930 645 5000 gione
680 4926 1052 4978 maculamur.
1112 4924 1191 4976 Ne
1243 4939 1457 4993 quaeso,
1496 4921 1820 4974 beatissime
1853 4921 2014 4987 mihi,
2050 4921 2168 4974 fra-

446 5026 622 5071 trem
656 5018 914 5066 nostrum
943 5014 1002 5065 in
1034 5010 1383 5081 profundum
1415 5009 1569 5079 putei
1602 5009 1707 5061 sub
1740 5008 1925 5077 iniqui
1954 5008 2163 5079 princi-

442 5106 553 5179 pis
594 5104 872 5171 potestate
904 5100 1253 5161 demersum,
1305 5096 1720 5166 desperationis
1760 5096 2048 5165 lapidibus
2071 5097 2167 5150 ob-

442 5206 731 5248 ruamus.
790 5189 1090 5241 Imitemur
1140 5186 1302 5238 illum
1356 5185 1697 5254 Ethiopem,
1747 5184 1846 5253 qui
1905 5189 2165 5238 sanctum

444 5278 819 5337 Hieremiam
853 5276 911 5328 in
944 5276 1064 5327 lacu
1100 5274 1169 5326 ab
1192 5274 1392 5341 iniquo
1426 5288 1557 5342 rege
1576 5274 1920 5348 demersum,
1947 5288 2164 5325 assum-

434 5370 581 5443 ptis
616 5366 743 5419 XXX
770 5362 1073 5417 hominum
1099 5360 1346 5425 auxiliis,
1382 5365 1437 5413 et
1472 5360 1658 5413 missis
1690 5360 1760 5414 ad
1801 5375 1932 5413 eam
1964 5360 2166 5429 pannis

432 5465 507 5514 et
547 5454 790 5508 funibus
821 5450 1109 5503 veteribus
1168 5448 1454 5501 liberavit.
1493 5447 1689 5501 Facilis
1729 5463 1801 5500 ne
1831 5451 1951 5499 esto
2000 5446 2065 5498 ad
2097 5446 2164 5498 la-

429 5558 660 5621 psum,
687 5541 1030 5609 ruinamque
1055 5537 1417 5591 miserorum.
1450 5536 1678 5606 Porrige
1701 5550 1935 5589 manum
1953 5533 2166 5602 jacenti

432 5630 651 5691 fratri.
678 5626 779 5697 qui
828 5626 1097 5680 confusus
1143 5624 1364 5693 pudore
1394 5623 1630 5693 peccati,
1681 5638 1785 5676 nec
1827 5622 2047 5690 erigere
2082 5636 2161 5686 se,

2347 5532 2461 5595 (Ea:
2485 5533 2629 5586 decr.
2668 5534 2878 5587 Gelasii
2927 5549 3103 5602 papae,
3159 5535 3334 5601 capite
3394 5537 3505 5602 I8.)
3563 5534 3961 5607 Comperimus

2275 5618 2470 5686 etiam,
2509 5621 2808 5673 horrendis
2830 5622 3171 5689 quibusdam
3214 5622 3554 5677 criminibus
3613 5624 3955 5695 implicatos,
