4592 6458
621 395 722 446 995

1701 385 2099 443 BURCHARDI
2142 382 2669 440 WORMACIENSIS
2706 380 3037 436 EPISCOPI.

4000 382 4089 434 996

619 517 742 567 tota
765 511 1108 567 discretione
1140 514 1445 578 summota,
1478 526 1592 564 non
1623 510 1807 563 solum
1838 508 1906 562 de
1953 507 2112 561 factis
2162 512 2309 561 atro-
2341 509 2387 569 Α
2425 520 2505 571 re,
2538 510 2637 559 aut
2668 505 2726 558 in
2757 505 2909 558 malo
2965 504 3268 573 depressus
3315 503 3639 559 occumbas.
3679 504 3744 558 In
3802 520 3917 576 quo
3957 505 4094 558 enim

619 602 785 656 cibus
842 600 1220 656 necessariam
1273 598 1691 669 pmnitudinem
1744 612 1859 650 non
1920 595 2150 657 habere,
2212 594 2306 647 sed

623 706 728 745 nec
760 689 953 760 aliqua
1008 688 1372 758 correptione
1418 687 1646 758 penitus
1686 684 2039 750 succedente,
2073 684 2142 738 ad
2175 683 2312 737 divi-

625 795 765 834 num
795 778 1174 833 ministerium
1206 778 1599 845 honoremque
1646 773 2009 827 contendere.
2057 772 2310 826 Nonnul-

620 868 707 922 los
739 872 932 921 autem
982 867 1038 920 in
1098 865 1237 935 ipsis
1286 863 1580 918 ordinibus
1623 861 1979 927 constitutos,
2050 860 2314 930 gravibus

625 954 1030 1026 delinquentes
1050 953 1397 1008 facinoribus
1455 967 1573 1005 non
1630 949 1851 1020 repelli,
1892 964 2021 1003 cum
2066 954 2125 1002 et
2161 952 2305 1018 Apu-

626 1045 805 1099 stolus
831 1045 1035 1098 clamet
1066 1059 1078 1097 :
1112 1040 1337 1097 Nemini
1379 1040 1490 1094 cito
1539 1055 1744 1094 manus
1792 1037 2187 1109 imponendas,
2221 1053 2317 1091 ne-

628 1148 740 1203 que
772 1130 1312 1186 communicandum
1340 1127 1587 1199 peccatis
1624 1127 1830 1181 alienis
1865 1143 1877 1180 :
1916 1132 1972 1180 et
2029 1126 2313 1195 majorum

625 1219 952 1274 veneranda
975 1218 1280 1272 constituta
1322 1217 1737 1288 pronuncient;
1769 1215 2103 1286 hujusmodi
2142 1214 2311 1268 etiam

627 1309 674 1363 si
699 1309 844 1363 forte
867 1306 1281 1377 subrepserint,
1323 1311 1442 1360 tam
1482 1305 1579 1377 qui
1616 1309 1749 1359 ante
1792 1309 2191 1375 peccaverunt,
2224 1304 2316 1357 de-

620 1398 801 1469 jectos
882 1400 1146 1465 oportere
1205 1394 1435 1465 depelli,
1484 1410 1657 1465 quam
1706 1409 1881 1448 sacrae
1945 1392 2316 1464 professionis

627 1486 835 1540 oblitos
902 1484 1483 1555 prmvaricatoresque
1541 1484 1717 1536 sancti
1767 1482 2065 1553 praepositi
2112 1480 2312 1552 procul

627 1574 801 1630 dubio
818 1572 1253 1626 submovendus.

629 1716 755 1769 CAP.
794 1715 879 1768 ιλ.
917 1744 979 1752 -
1029 1717 1103 1767 De
1134 1715 1243 1766 illis
1273 1714 1370 1782 qui
1417 1714 1529 1765 loca
1566 1718 1871 1766 sanctorum
1918 1712 2015 1765 sub
2049 1715 2314 1781 prsetemtu

993 1780 1293 1849 religionis
1305 1785 1600 1837 inconsulte
1624 1788 1942 1852 peragrant.
2052 1780 2055 1781 ⁷
2346 1780 2385 1833 Β

702 1893 819 1962 (Ea!
849 1890 1075 1944 concilio
1106 1890 1402 1955 Cabillon.,
1431 1893 1518 1943 cui
1543 1892 1795 1956 interfuit
1841 1889 2066 1945 Carolus
2097 1891 2313 1958 imper,

629 1984 804 2051 capite
846 1980 962 2046 45.)
1008 1979 1147 2033 Nam
1210 1983 1265 2032 et
1295 1979 1635 2050 quibusdam
1670 1977 1767 2051 qui
1823 1978 2085 2046 Romam,
2133 1979 2317 2031 Turo-

630 2085 859 2134 numve,
894 2074 950 2121 et
972 2068 1086 2121 alia
1117 2068 1382 2138 quaedam
1432 2068 1555 2121 loca
1586 2067 1689 2121 sub
1719 2071 1996 2137 praetextu
2040 2065 2320 2119 orationis

629 2158 950 2213 inconsulte
982 2161 1289 2227 peragrant
1332 2156 1647 2227 plurimum
1696 2160 1960 2209 erratur:
2018 2160 2153 2208 sunt
2190 2170 2318 2225 pre-

633 2246 843 2317 sbyteri
873 2251 929 2299 et
957 2246 1242 2308 diaconos,
1275 2249 1327 2299 et
1361 2245 1551 2298 caeteri
1594 2244 1655 2297 in
1688 2245 1838 2297 clero
1870 2244 2187 2309 constituti,
2221 2244 2321 2314 qui

629 2335 992 2404 negligenter
1017 2333 1266 2386 viventes
1295 2334 1354 2386 in
1386 2349 1453 2386 eo
1494 2332 1727 2403 purgari
1757 2349 1814 2385 se
1861 2350 1891 2385 a
1936 2332 2183 2403 peccatis
2215 2348 2320 2401 pu-

634 2428 777 2489 tant,
805 2429 861 2476 et
890 2422 1207 2475 ministerio
1248 2438 1349 2474 suo
1378 2420 1540 2491 fungi
1579 2420 1785 2475 debere
1825 2420 1871 2473 si
1925 2420 2163 2490 praefata
2202 2421 2323 2471 loca

635 2512 944 2581 attingant.
988 2511 1131 2564 Sunt
1164 2510 1539 2563 nihilominus
1571 2510 1698 2563 laici
1731 2509 2056 2580 quiputant
2086 2508 2322 2577 impune

631 2617 711 2667 se,
742 2606 840 2653 aut
873 2615 1125 2671 peccare,
1174 2603 1272 2653 aut
1329 2614 1588 2669 peccasse
1619 2614 1632 2652 :
1699 2599 1835 2669 quia
1864 2598 1985 2651 haec
2044 2598 2165 2651 loca
2195 2613 2320 2649 ora-

632 2689 764 2752 turi,
798 2688 1184 2759 frequentant.
1226 2686 1371 2741 Sunt
1400 2687 1635 2757 quidam
1667 2691 1966 2757 potentum
2000 2685 2099 2756 qui
2126 2684 2318 2755 acqui-

632 2777 798 2831 rendi
827 2793 1029 2832 census
1084 2775 1269 2845 gratia
1302 2774 1406 2829 sub
1439 2780 1715 2846 praetextu
1750 2775 2010 2841 Romani,
2047 2775 2159 2827 sive
2212 2774 2323 2827 Tu-

632 2865 811 2921 ronici
851 2865 1073 2919 itineris
1120 2867 1302 2918 multa
1368 2865 1691 2935 acquirunt,
1735 2864 1946 2917 multos
2003 2879 2320 2933 pauperum

634 2955 992 3025 opprimunt,
1020 2958 1077 3007 et
1125 2952 1270 3022 quod
1303 2952 1419 3005 sola
1477 2952 1785 3023 cupiditate
1826 2952 2061 3018 faciunt,
2122 2951 2326 3005 oratio-

2423 609 2595 664 opere
2625 592 2797 647 fuerit
2826 592 2997 647 homo
3027 592 3348 662 depressus,
3383 592 3442 645 in
3474 608 3542 646 eo
3563 591 3934 662 judicabitur.

2462 707 2588 761 CAP.
2623 706 2759 760 Llll.
2808 735 2874 744 —
2926 707 2993 760 Ut
3022 705 3235 773 justum
3298 706 3371 758 sit
3428 706 3576 758 omni
3624 705 3830 759 homini
3859 704 3992 774 quod
4015 718 4067 758 se

3076 775 3458 845 reprehendat.

2496 886 2601 955 (Ea:
2634 885 2794 939 dictis
2824 885 3035 938 Pimeni
3077 882 3366 951 cujusdam
3402 881 3686 952 eremitas.)
3713 881 3949 947 Quidam
3997 879 4096 934 ira.

2424 982 2511 1028 ter
2540 972 2836 1044 requisivit
2865 973 3128 1026 abbatem
3187 970 3504 1037 Pimenem,
3546 970 3740 1025 dicens
3773 969 3957 1035 :Quid
3999 972 4093 1033 est,

2421 1067 2603 1133 pater,
2640 1062 2792 1132 quod
2825 1061 2962 1115 dicit
2990 1061 3292 1131 Apostolus
3324 1076 3337 1114 :
3366 1060 3573 1116 Omnia
3604 1060 3823 1114 munda
3849 1057 4098 1114 mundis?

2422 1154 2495 1205 At
2522 1152 2617 1205 ille
2647 1151 2789 1205 dixit
2818 1150 2869 1204 ei
2902 1166 2914 1204 :
2945 1149 3003 1204 Si
3056 1148 3185 1221 quis
3233 1148 3303 1203 ad
3334 1148 3489 1203 hunc
3535 1164 3860 1203 sermonem
3908 1162 4099 1218 perve-

2420 1240 2545 1293 nire
2574 1239 2842 1311 potuerit,
2887 1243 2951 1293 ut
2974 1254 3108 1292 eum
3140 1238 3444 1308 intelligat,
3490 1238 3711 1291 videbit
3741 1253 3800 1291 se
3831 1237 4102 1291 minorem

2422 1345 2542 1382 esse
2567 1329 2738 1382 totius
2779 1332 3074 1381 creaturae.
3126 1326 3227 1381 Cui
3259 1326 3478 1380 frater:
3540 1327 3604 1380 Et
3654 1325 3943 1396 quomodo
3990 1341 4108 1395 pos-

2423 1434 2549 1471 sum
2582 1417 2865 1471 minorem
2923 1432 3012 1469 me
3066 1416 3257 1470 videre
3289 1415 3358 1469 ab
3402 1430 3470 1469 eo
3526 1415 3626 1486 qui
3682 1414 3968 1469 homicida
3995 1414 4110 1468 est?

2423 1506 2735 1576 Respondit
2760 1522 2929 1560 senex
2957 1522 2971 1560 :
3002 1505 3059 1559 Si
3114 1504 3369 1575 potuerit
3397 1504 3569 1559 homo
3607 1503 3680 1559 ad
3710 1504 3863 1558 hunc
3905 1519 4112 1557 sermo-

2423 1611 2554 1648 nem
2606 1594 2862 1664 Apostoli
2920 1594 3235 1665 pervenire,
3292 1597 3346 1648 et
3402 1592 3609 1647 viderit
3654 1592 3951 1647 hominem
4018 1593 4113 1663 qui

2424 1683 2569 1737 forte
2605 1682 2812 1736 occidit
2840 1682 3037 1750 alium,
3074 1682 3211 1737 dicit
3238 1681 3298 1736 in
3348 1681 3653 1752 semetipso
3687 1697 3700 1734 :
3735 1683 3843 1735 Iste
3882 1680 4115 1752 quidem

2424 1772 2529 1825 hoc
2560 1772 2745 1825 solum
2805 1776 3097 1842 peccatum
3129 1771 3294 1825 fecit:
3345 1786 3451 1840 ego
3510 1775 3700 1824 autem
3758 1769 3921 1823 omni
3979 1769 4119 1823 hora

2426 1860 2801 1914 homicidium
2832 1860 3147 1927 committo,
3174 1860 3455 1930 meipsum
3486 1857 3856 1913 interficiens.
3891 1859 3958 1913 Et
3991 1874 4119 1913 cum

2426 1950 2602 2005 frater
2634 1949 2953 2019 requireret
3002 1950 3292 2020 quomodo
3322 1949 3429 2002 hoc
3482 1947 3663 2019 possit
3691 1947 3838 2013 fieri,
3882 1964 4119 2018 respon-

2429 2038 2555 2093 dit:
2593 2041 2723 2094 [hec
2751 2040 2868 2092 sola
2921 2043 3005 2092 est
3060 2038 3310 2092 hominis
3333 2036 3580 2107 justitia,
3637 2041 3694 2091 ut
3746 2037 4119 2107 semetipsum

2428 2127 2829 2198 reprehendat.
2857 2128 3012 2181 Tunc
3043 2127 3195 2181 enim
3219 2127 3408 2197 justus
3454 2131 3556 2193 est,
3584 2141 3714 2180 cum
3744 2142 3849 2180 sua
3893 2132 4124 2196 peccata

2430 2217 2795 2271 condemnat.

2432 2333 2559 2387 CAP.
2597 2333 2724 2388 l.lV.
2763 2364 2829 2371 —
2882 2334 2946 2387 Ut
3005 2333 3185 2387 nullus
3234 2334 3466 2398 fratrem
3497 2330 3805 2385 condemnet
3832 2335 4125 2400 antequam

2945 2406 3081 2458 Deus
3123 2404 3274 2457 illum
3314 2402 3375 2456 di
3370 2402 3600 2471 judicet.

2504 2514 2611 2576 (Ea:
2643 2511 2803 2563 dictis
2835 2509 3121 2578 cujusdam
3159 2509 3435 2579 ercmitae.)
3468 2507 3634 2561 Venit
3684 2506 4005 2578 aliquando
4038 2507 4129 2561 ab-

2431 2599 2530 2652 bas
2564 2600 2718 2652 lsaac
2749 2599 2806 2652 in
2853 2599 3135 2666 coenobio,
3192 2604 3248 2651 et
3279 2597 3415 2651 vidit
3475 2596 3590 2650 illic
3645 2596 3884 2650 fratrem
3946 2596 4132 2666 negli-

2433 2694 2659 2759 gentem
2697 2704 2711 2741 :
2756 2693 2811 2741 et
2840 2688 3017 2741 iratus
3065 2686 3234 2758 jussit
3262 2702 3394 2740 eum
3448 2684 3657 2756 expelli
3716 2684 3789 2739 de
3843 2685 4130 2739 cmuobio.

2433 2778 2572 2831 Cum
2606 2794 2743 2847 ergo
2778 2778 3177 2847 regrederetur
3199 2777 3270 2831 ad
3306 2775 3701 2831 habitaculum
3732 2790 3936 2843 suum,
3980 2775 4136 2828 venit

2435 2867 2668 2935 angelus
2714 2864 2945 2918 Domini
2996 2869 3052 2917 et
3080 2864 3235 2918 stetit
3288 2870 3419 2918 ante
3467 2862 3680 2917 ostium
3727 2862 3958 2916 cellulae
3991 2863 4137 2931 ejus,

2434 2954 2664 3007 dicens:
2706 2954 2826 3007 Non
2866 2959 2920 3007 te
2951 2952 3224 3023 permitto
3265 2952 3512 3022 ingredi.
3545 2951 3738 3006 Atille
3790 2951 4049 3021 rogabat
4080 2955 4143 3004 ut

634 3059 775 3097 num
830 3042 944 3096 sive
981 3045 1308 3095 sanctorum
1361 3041 1618 3094 locorum
1677 3040 2012 3093 visitationis
2068 3057 2236 3093 causa
2266 3056 2324 3092 se
2355 3054 2395 3110 (ς
2434 3043 2555 3112 ejus
2587 3042 2755 3111 culpa
2805 3042 3288 3096 manifestaretur.
3346 3042 3411 3096 Et
3464 3040 3823 3111 respondens
3874 3040 4141 3110 angelus,

635 3130 817 3184 facere
847 3129 1032 3184 videri
1090 3129 1373 3183 affectant.
1406 3128 1548 3183 Sunt
1603 3144 1888 3199 pauperes
1915 3128 2012 3199 qui
2063 3129 2149 3182 vel
2200 3129 2325 3182 ideo

636 3219 694 3272 id
728 3218 962 3285 faciunt,
1024 3224 1087 3271 ut
1135 3216 1411 3286 majorem
1468 3217 1720 3271 habeant
1769 3218 2069 3271 materiam
2108 3216 2326 3271 mendi-

640 3306 826 3375 candi,
864 3306 933 3359 de
964 3321 1208 3377 quorum
1258 3322 1499 3359 numero
1529 3310 1664 3359 sunt
1693 3305 1775 3358 illi
1828 3306 1925 3376 qui
1974 3307 2329 3375 circumqua-

640 3412 751 3467 que
783 3400 1053 3466 vagantes
1082 3393 1183 3448 illo
1218 3410 1277 3447 se
1333 3410 1573 3465 pergere
1626 3394 2023 3449 mentiuntur:
2057 3396 2139 3448 vel
2194 3394 2329 3465 quia

636 3489 861 3538 tantum
894 3486 1027 3536 sunt
1056 3483 1344 3546 vecordes,
1380 3488 1443 3537 ut
1489 3487 1693 3553 putent
1720 3499 1779 3537 se
1815 3489 2139 3537 sanctorum
2186 3484 2330 3538 loco-

636 3589 765 3627 rum
797 3573 916 3626 sola
946 3572 1165 3625 visione
1196 3588 1227 3624 a
1257 3572 1501 3643 peccatis
1530 3572 1787 3643 purgari,
1818 3588 1934 3625 non
1969 3572 2327 3627 attendentes

639 3661 791 3733 quod
833 3661 912 3715 ait
959 3661 1159 3715 beatus
1216 3661 1644 3731 Hieronymus:
1702 3662 1822 3715 Non
1877 3661 2327 3731 Hierosolymam

633 3751 864 3817 vidisse,
898 3750 995 3804 sed
1050 3750 1456 3821 Hierosolymis
1517 3749 1664 3803 bene
1692 3749 1921 3813 vixisse,
1976 3749 2326 3803 laudandum

638 3845 742 3894 est.
774 3839 849 3892 De
899 3838 1107 3909 quibus
1162 3838 1432 3892 omnibus
1486 3837 1873 3907 imperatoris,
1925 3837 2173 3907 qualiter
2216 3839 2330 3891 sint

638 3925 1014 3992 emendanda,
1049 3928 1334 3979 sententia
1363 3932 1723 3996 exspectetur
1755 3942 1768 3980 :
1805 3925 1904 3997 qui
1939 3942 2070 3979 vero
2097 3932 2328 3997 peccata

640 4029 746 4067 sua
779 4011 1168 4066 sacerdotibus
1197 4013 1257 4065 in
1313 4029 1557 4082 quorum
1609 4018 1740 4067 sunt
1764 4014 2046 4084 parochiis
2083 4016 2329 4069 confessi

642 4104 797 4165 sunt,
833 4104 889 4154 et
937 4100 1007 4154 ab
1045 4100 1134 4154 his
1165 4102 1400 4171 agenda:
1447 4101 1801 4172 pcenitentia:
1846 4103 2149 4157 consilium
2179 4120 2330 4158 acce-

642 4192 875 4259 perunt,
933 4185 979 4239 si
1023 4188 1380 4241 orationibus
1411 4187 1747 4255 insistendo,
1799 4188 2185 4261 eleemosynas
2216 4192 2328 4246 lar-

642 4275 877 4347 giendo,
909 4291 1095 4329 mores
1125 4276 1541 4346 componendo,
1574 4277 1747 4331 vitam
1779 4278 2156 4346 emendando,
2190 4296 2329 4350 apo-

645 4364 923 4418 stolorum
953 4365 1172 4431 limina,
1197 4365 1280 4420 vel
1314 4365 1701 4436 quorumlibet
1731 4372 2053 4421 sanctorum
2089 4368 2332 4425 invisere

642 4453 985 4521 desiderant,
1016 4453 1223 4508 horum
1250 4458 1337 4508 est
1375 4454 1597 4509 devotio
1658 4456 1840 4510 modis
1889 4456 2159 4512 omnibus
2212 4459 2330 4512 col-

643 4542 948 4597 laudanda.

645 4665 770 4720 CAP.
844 4665 951 4721 LII.
1014 4696 1083 4704 —
1140 4668 1214 4720 De
1258 4668 1406 4721 omni
1462 4671 1756 4736 peccatore,
1800 4668 2006 4734 quoties
2054 4665 2333 4735 ceciderit,

1042 4738 1187 4805 quod
1218 4740 1370 4792 toties
1409 4753 1689 4806 resurgere
1725 4739 1933 4792 debeat.

719 4839 828 4906 (Ea:
859 4841 1020 4895 dictis
1069 4842 1214 4896 Sosii
1241 4842 1530 4909 cujusdam
1584 4842 1864 4910 eremitaa.)
1923 4842 2068 4895 Dum
2098 4840 2335 4912 quidam

647 4927 825 4982 frater
855 4927 1118 4983 abbatem
1170 4929 1392 4985 Sosium
1434 4930 1533 4985 tali
1566 4947 1827 4985 sermone
1884 4930 2216 5000 frequenter
2261 4945 2340 4982 re-

648 5015 920 5088 quireret,
954 5016 1145 5071 dicens
1175 5031 1188 5071 :
1216 5017 1364 5081 Quid
1384 5018 1607 5085 faciam,
1632 5020 1815 5086 Pater,
1836 5020 2109 5090 quoniam
2134 5017 2338 5071 cecidi?

647 5104 733 5158 illi
758 5105 1097 5175 respondit:
1130 5105 1311 5176 Surge
1342 5105 1550 5178 inquit.
1587 5108 1690 5161 Illo
1722 5124 1858 5161 vero
1897 5124 1955 5161 se
1995 5107 2341 5161 exsurrexis-

649 5207 729 5260 se,
772 5197 829 5245 et
864 5192 1078 5247 iterum
1104 5194 1373 5248 cecidisse
1406 5195 1685 5263 professo,
1744 5194 2040 5264 respondit
2070 5211 2083 5248 :
2126 5196 2339 5248 lterum

650 5278 836 5341 adhuc
865 5296 1057 5351 surge.
1092 5282 1231 5336 Cum
1252 5287 1445 5335 autem
1476 5283 1650 5335 frater
1670 5282 2004 5351 frequenter
2031 5284 2340 5336 surrexisse

648 5373 704 5421 et
729 5368 1063 5439 frequenter
1108 5370 1374 5424 cecidisse
1419 5374 1699 5436 narraret,
1743 5369 1952 5424 eodem
1990 5386 2124 5424 vero
2170 5386 2341 5425 senex

650 5455 922 5509 utebatur
950 5471 1233 5524 sermone,
1258 5457 1605 5521 exclamans,
1651 5456 1731 5508 Ne
1762 5455 1998 5509 desistas
2029 5458 2337 5527 surgendo.

652 5541 758 5596 Cui
806 5543 984 5597 frater
1037 5543 1120 5599 ait
1158 5559 1171 5600 :
1225 5546 1534 5616 Usquequo
1582 5559 1817 5613 possum
1860 5560 2115 5615 surgere,
2150 5546 2340 5613 Pater,

651 5630 936 5702 explana?
967 5631 1149 5686 Senex
1187 5633 1330 5688 dixit
1361 5649 1375 5687 :
1420 5632 1746 5703 Usquequo,
1780 5637 1878 5689 aut
1917 5633 1978 5688 in
2007 5634 2160 5689 bono
2202 5650 2342 5706 ope-

2436 3131 2576 3184 dixit
2615 3147 2627 3183 :
2666 3132 2809 3183 Deus
2839 3130 3154 3183 transmisit
3182 3146 3293 3196 me,
3326 3129 3518 3183 dicens
3551 3145 3564 3183 :
3597 3128 3771 3197 Vade,
3804 3127 3899 3181 dic
3932 3129 4097 3182 Isaac
4127 3145 4140 3179 :

2436 3219 2726 3287 Uhijubes
2754 3224 2818 3271 ut
2860 3220 3154 3272 mittamus
3200 3219 3362 3272 illum
3419 3217 3655 3272 fratrem
3705 3216 3808 3288 qui
3838 3216 4142 3287 peccavit?

2433 3310 2503 3360 At
2532 3308 2627 3360 ille
2656 3322 2785 3359 mox
2828 3307 2945 3376 egit
2974 3305 3393 3376 paenitentiam,
3433 3306 3628 3361 dicens
3660 3322 3673 3359 :
3726 3305 3994 3373 Peccavi,
4029 3305 4143 3360 Do-

2435 3395 2611 3461 mine,
2643 3395 2875 3465 indulge
2909 3395 3069 3449 mihi.
3123 3395 3186 3449 Et
3240 3395 3376 3448 dicit
3404 3394 3456 3448 ei
3521 3394 3795 3466 angelus:
3859 3394 4146 3465 Exsurge,

2432 3483 2871 3554 indulgeat'tibi
2909 3482 3232 3537 Dominus:
3280 3484 3376 3537 sed
3407 3498 3479 3536 ne
3538 3482 3746 3537 iterum
3807 3482 3927 3537 hoc
3977 3482 4151 3536 facias

2435 3578 2499 3625 ut
2553 3588 2907 3643 quemquam
2965 3572 3340 3639 condemnes,
3390 3574 3701 3641 antequam
3759 3569 3921 3624 Deus
3984 3569 4155 3623 illum

2436 3661 2729 3731 dijudicet.
2795 3661 3074 3715 Tulerunt
3128 3660 3395 3714 homines
3433 3658 3541 3713 sibi
3573 3657 3888 3729 judicium,
3947 3663 4009 3712 et
4041 3673 4156 3711 non

2436 3749 2579 3802 mihi
2611 3747 2755 3802 illud
2785 3748 3105 3815 dimittunt,
3142 3748 3282 3803 dicit
3330 3746 3627 3802 Dominus.
3664 3747 3783 3801 Hoc
3829 3751 4044 3800 autem
4087 3746 4159 3798 di-

2436 3842 2590 3890 ctum
2650 3841 2754 3902 est,
2789 3836 2925 3907 quia
2952 3835 2999 3889 si
3056 3836 3361 3907 contigerit
3412 3836 3482 3891 de
3540 3836 3651 3890 illis
3710 3834 3999 3905 perfectis
4061 3834 4157 3887 ali-

2436 3941 2630 3996 quem,
2664 3926 2745 3978 vel
2782 3926 2843 3979 in
2873 3941 3047 3996 parvo
3079 3940 3334 3996 peccare,
3366 3942 3480 3980 non
3507 3940 3641 3978 mox
3662 3922 3979 3995 prodatur.

2439 4049 2567 4103 CAP.
2600 4048 2706 4102 LV.
2759 4079 2828 4089 —
2858 4048 3015 4114 Quod
3064 4048 3222 4118 justa
3277 4048 3582 4103 obedientia
3603 4048 3772 4117 justis
3822 4046 4162 4101 mima-ibus

3089 4126 3478 4174 remuneretur.

2509 4226 2628 4292 (Ea:
2660 4224 2823 4279 dictis
2855 4226 3142 4295 cujusdam
3171 4225 3447 4296 eremitae.)
3477 4223 3720 4289 Quidam
3760 4239 3829 4277 ex
3881 4224 4168 4294 patribus

2373 4341 2415 4395 ο
2443 4314 2501 4368 in
2524 4314 2699 4368 extasi
2730 4316 2966 4385 positus,
3000 4315 3141 4368 vidit
3179 4320 3425 4385 quatuor
3461 4312 3691 4367 ordines
3737 4315 3879 4365 ante
3919 4313 4125 4367 Deum
4156 4329 4167 4366 :

2442 4408 2498 4458 et
2524 4404 2743 4473 primus
2776 4404 3007 4473 quidem
3038 4403 3178 4457 ordo
3208 4407 3331 4457 erat
3357 4401 3660 4456 hominum
3690 4400 4173 4467 inﬁrmantium,

2444 4497 2501 4545 et
2528 4491 2740 4561 gratias
2772 4491 3067 4561 agentium
3099 4492 3237 4546 Deo.
3284 4490 3577 4545 Secundus
3603 4505 3737 4542 vero
3786 4494 3923 4543 erat
3953 4504 4178 4543 eorum

2442 4579 2543 4650 qui
2602 4579 3049 4650 hospitalitatem
3112 4584 3418 4642 sectantur,
3454 4582 3510 4632 et
3542 4578 3604 4630 in
3634 4576 3743 4631 hoc
3789 4576 4178 4630 ministrant.

2443 4668 2670 4722 Tertius
2704 4683 2839 4721 vero
2869 4668 3101 4721 illorum
3134 4667 3232 4739 qui
3257 4666 3626 4721 solitudinem
3656 4665 4185 4730 sectantur.0uar-

2444 4758 2537 4808 tus
2568 4754 2962 4808 veroillorum
3013 4755 3114 4825 qui
3156 4760 3396 4825 propter
3453 4754 3634 4808 Deum
3690 4752 3751 4806 in
3814 4753 4187 4807 obedientia

2448 4842 2690 4912 subjecti
2738 4848 2872 4897 sunt
2913 4844 3193 4914 patribus.
3240 4844 3374 4897 Erat
3413 4859 3554 4913 ergo
3602 4842 3717 4895 illis
3756 4841 3961 4896 tribus
4021 4843 4191 4897 ordio

2448 4931 2617 4985 nibus
2641 4931 2729 4985 hic
2774 4932 2913 4986 ordo
2954 4932 3215 5002 superior
3256 4931 3357 5003 qui
3401 4929 3790 4985 obedientiam
3824 4930 4189 4990 exhibebat,

2449 5024 2508 5073 et
2538 5019 2785 5074 habebat
2829 5025 3095 5092 torquem
3152 5035 3418 5087 aureum,
3469 5023 3528 5073 et
3571 5018 3858 5087 majorem
3913 5019 4191 5089 gloriam

2452 5123 2570 5178 prie
2602 5108 2822 5162 caeteris
2858 5109 3207 5179 possidebat.
3268 5107 3415 5163 Dicit
3466 5112 3661 5161 autem
3708 5122 3891 5160 senex
3964 5109 4035 5162 ei
4101 5122 4194 5177 qm

2451 5196 2561 5250 sibi
2590 5196 2699 5250 hoc
2729 5196 2789 5250 in
2812 5197 2988 5251 extasi
3029 5196 3481 5265 demonstrabat,
3514 5195 3652 5266 quia
3683 5195 3780 5247 isti
3832 5196 3941 5249 alii
3980 5211 4195 5251 omnes

2452 5284 2667 5339 habent
2695 5284 2949 5355 aliquam
2988 5285 3247 5356 requiem
3278 5284 3345 5339 ad
3390 5283 3716 5354 implendas
3751 5286 4062 5356 proprias
4096 5300 4196 5336 vo-

2454 5372 2721 5427 luntates.
2757 5373 2856 5427 Hic
2902 5389 3040 5445 ergo
3066 5373 3167 5444 qui
3213 5372 3605 5427 obedientiam
3656 5380 3917 5439 exercet,
3988 5386 4197 5429 omnes

2454 5461 2777 5515 voluntates
2797 5461 3091 5533 relinquit,
3125 5466 3277 5516 totus
3304 5461 3517 5532 pendet
3545 5461 3609 5514 in
3636 5462 3963 5517 voluntate
4014 5460 4197 5518 Patris

2448 5549 2726 5619 jubentis,
2762 5553 2818 5604 et
2852 5549 2982 5605 ideo
3027 5549 3308 5619 majorem
3354 5548 3600 5621 gloriam
3631 5565 3761 5620 pra:
3819 5554 4075 5608 estex-is
4124 5560 4196 5602 es:

2455 5638 2706 5692 sortitus.
