4592 6514
527 398 619 447 997
1358 396 1827 453 DECRETORUM
1877 398 2061 453 LIBRI
2099 398 2205 452 XX.
2239 426 2306 434 —
2342 394 2550 449 LIBER
2592 391 2891 448 DECIMUS
2930 391 3172 445 NONUS.

3912 397 4014 445 998

526 520 646 573 CAP.
680 519 808 572 LVI.
842 549 910 557 —
947 521 1027 572 De
1053 521 1163 572 illis
1190 521 1286 586 qui
1313 535 1380 572 ea:
1418 520 1696 573 industria
1725 525 1967 588 peccant,
2007 526 2055 575 et
2083 536 2202 589 pro—
2236 524 2279 575 A
2319 524 2418 572 aut
2437 517 2593 589 quod
2619 515 2704 570 illi
2734 514 3048 569 secundum
3094 518 3414 568 sanctarum
3451 513 3867 584 Scripturarum
3908 532 4013 567 au-

598 594 820 643 mittunt
876 591 983 643 sibi
1013 590 1307 658 quamdam
1383 593 1760 657 impunitatem
1778 592 2042 659 peccandi
2085 607 2213 660 pro-

591 666 711 727 pter
751 663 1090 726 largitionem
1111 662 1581 727 eleemosynarum.

597 748 705 814 (Ea:
751 749 974 802 concilio
1036 748 1324 812 Cabillon.,
1386 750 1561 816 capite
1635 750 1748 816 36.)
1799 748 1909 802 Sed
1956 760 2057 802 nec
2110 748 2216 801 hoc

526 834 993 905 praetereundum
1041 835 1365 905 putavimus
1397 836 1551 906 quod
1590 836 1823 902 quidam
1848 852 1914 890 ex
1935 836 2217 890 industria

524 929 837 994 peccantes,
951 930 1190 993 propter
1257 925 1747 994 eleemosynarum
1851 925 2215 995 largitionem

525 1011 834 1080 quamdam
887 1010 992 1064 sibi
1020 1012 1363 1081 promittunt
1394 1012 1814 1082 impunitatem.
1846 1006 2217 1085 Eleemosyna

524 1098 675 1151 enim
705 1099 990 1168 extinguit
1018 1105 1333 1168 peccatum,
1378 1099 1540 1168 juxta
1570 1100 1711 1154 illud
1755 1102 1983 1171 :Ignem
2013 1102 2217 1155 arden—

523 1191 638 1239 tem
662 1187 946 1256 extinguit
975 1203 1144 1256 aqua,
1205 1192 1260 1240 et
1308 1188 1671 1257 eleemosyna
1708 1189 1993 1259 extinguit
2020 1206 2218 1259 pecca-

524 1279 664 1327 tum.
701 1275 809 1329 Sed
842 1291 907 1328 ea
937 1290 1066 1344 qua:
1100 1279 1197 1329 aut
1246 1276 1599 1342 necessitate,
1642 1282 1740 1330 aut
1768 1294 1920 1346 casu,
1952 1283 2047 1332 aut
2072 1294 2219 1347 qua-

523 1361 663 1416 libet
691 1363 837 1416 ﬁunt
895 1363 1221 1432 fragilitate.
1283 1365 1358 1417 Ea
1387 1381 1521 1418 vero
1553 1381 1681 1435 qua:
1732 1382 1799 1418 ex
1848 1367 2130 1421 industria
2150 1366 2220 1420 ad

523 1452 829 1521 cujuslibet
901 1452 1197 1505 libidinem
1291 1454 1632 1522 explendam
1696 1454 1905 1509 idcirco
1954 1456 2103 1509 ﬁunt
2158 1462 2221 1509 ut

522 1540 896 1609 eleemosynis
928 1540 1301 1603 redimantur,
1335 1557 1700 1611 nequaquam
1732 1543 1811 1595 eis
1842 1543 2048 1596 redimi
2080 1559 2218 1613 pos-

521 1635 654 1681 sunt
685 1644 696 1682 :
725 1629 860 1699 quia
891 1630 988 1699 qui
1020 1629 1128 1682 hoc
1161 1634 1496 1700 perpetrant
1533 1630 1800 1684 videntur
1857 1632 2033 1685 Deum
2066 1648 2215 1685 mer-

518 1718 656 1770 cede
685 1719 1022 1785 conducere,
1056 1723 1119 1771 ut
1166 1718 1244 1771 eis
1285 1719 1519 1789 impune
1579 1736 1811 1787 peccare
1861 1720 2046 1774 liceat.
2096 1722 2219 1774 Non

515 1822 657 1875 ergo
711 1806 921 1859 idcirco
983 1807 1111 1876 quis
1167 1823 1399 1877 peccare
1452 1807 1621 1861 debet
1681 1812 1740 1862 ut
1789 1809 2211 1878 eleemosynam
2255 1802 2294 1855 Β

515 1893 733 1946 faciat:
794 1896 889 1947 sed
946 1894 1075 1947 ideo
1141 1896 1557 1965 eleemosynam
1610 1896 1793 1950 facere
1847 1897 2034 1963 debet,
2076 1900 2214 1968 quia

513 1982 790 2050 peccavit.
847 1981 1086 2035 Mentem
1145 1983 1297 2035 enim
1349 1988 1405 2037 et
1446 2000 1652 2053 corpus
1684 2000 1810 2054 quae
1839 1985 2014 2038 libido
2043 1985 2214 2038 traxit

516 2069 589 2123 ad
644 2071 889 2139 culpam,
939 2070 1169 2124 afflictio
1225 2076 1283 2125 et
1319 2072 1585 2126 contritio
1646 2072 1814 2127 debet
1848 2074 2115 2127 reducere
2146 2074 2214 2126 ad

515 2158 768 2212 veniam.

515 2247 649 2300 CAP.
688 2247 841 2300 LVII.
873 2277 943 2286 —
967 2250 1040 2302 De
1069 2247 1154 2301 his
1175 2250 1271 2315 qui
1286 2253 1511 2317 peracta
1540 2251 1851 2315 panitentia
1881 2249 1955 2303 ad
1979 2252 2217 2319 pristina

1099 2319 1325 2371 redeunt
1349 2320 1657 2373 volutabra.

592 2406 703 2477 (Ea:
754 2406 895 2460 decr.
939 2408 1143 2474 Syricii
1190 2422 1370 2475 papae.
1430 2408 1606 2475 capite
1675 2408 1783 2477 t0.)
1845 2407 1923 2461 De
1954 2408 2044 2461 bis
2086 2424 2217 2462 vero

509 2510 635 2547 non
666 2495 981 2563 incongrue
1028 2494 1258 2548 dilectio
1316 2501 1413 2547 tua
1468 2496 1835 2565 apostolicam
1878 2495 2067 2549 sedem
2099 2512 2219 2549 cre-

509 2582 664 2636 didit
689 2583 1112 2647 consulendam,
1149 2583 1245 2653 qui
1276 2588 1523 2652 peracta,
1557 2584 1912 2653 poenitentia,
1944 2589 2217 2655 tanquam

506 2687 687 2724 canes
717 2686 781 2724 ac
811 2688 961 2736 sues,
995 2671 1062 2724 ad
1096 2672 1343 2724 vomitus
1406 2672 1677 2741 pristinos
1733 2677 1790 2726 et
1818 2673 1887 2726 ad
1920 2674 2219 2726 volutabra

506 2760 843 2824 redeuntes,
880 2764 934 2812 et
973 2759 1190 2813 militiai
1223 2760 1539 2829 cingulum,
1588 2765 1643 2813 et
1676 2760 1922 2813 ludicras
1951 2762 2217 2831 volupta-

509 2854 630 2912 tes,
661 2853 717 2900 et
758 2863 905 2899 nova
954 2848 1243 2917 conjugia,
1296 2855 1347 2899 et
1381 2847 1651 2901 inhibitus
1707 2848 1895 2901 denuo
1928 2850 2217 2918 appetiere

504 2935 873 3001 concubitus,
926 2951 1171 3005 quorum
1224 2936 1538 3004 professam
1586 2935 2063 2989 incontinentiam
2119 2952 2215 3006 ge-

502 3023 704 3078 nerati
734 3028 861 3092 post
910 3022 1324 3076 absolutionem
1376 3021 1479 3074 tilii
1512 3022 1925 3091 prodiderunt;
1984 3024 2052 3076 de
2084 3024 2214 3093 qui-

502 3113 663 3166 bus:
702 3112 837 3180 quia
888 3111 1007 3179 jam
1060 3110 1369 3180 suffugium
1416 3126 1525 3163 nou
1582 3110 1751 3163 habet
1780 3112 2117 3180 paenitendi,
2152 3113 2209 3166 id

501 3201 789 3255 duximus
818 3198 1262 3265 decernendum,
1294 3203 1355 3251 ut
1413 3200 1531 3251 sola
1562 3198 1713 3251 intra
1735 3199 2041 3254 Ecclesiam
2068 3201 2208 3255 tide-

498 3290 666 3343 Iibus
694 3288 952 3341 oratione
973 3288 1316 3357 jungantur,
1349 3302 1521 3340 sacrae
1548 3287 1953 3357 mysteriorum
1984 3288 2214 3342 celebri-

497 3376 645 3442 tati,
675 3376 935 3445 quamvis
957 3391 1073 3428 non
1106 3380 1455 3441 mereantur,
1487 3374 1771 3429 intersint.
1822 3380 1867 3429 A
1901 3376 2211 3430 Dominicaa

495 3469 711 3520 autem
771 3480 985 3517 mensas
1037 3462 1298 3516 convivio
1347 3469 1743 3533 segregentur,
1786 3470 1848 3517 ut
1878 3463 1981 3518 hac
2011 3466 2213 3519 saltem

495 3552 874 3609 districtione
930 3552 1189 3617 correcti,
1252 3556 1309 3604 et
1370 3550 1480 3622 ipsi
1536 3556 1638 3605 sua
1696 3558 1884 3606 errata
1938 3554 2217 3624 castigent

498 3647 574 3696 et
606 3640 737 3694 aliis
770 3641 1093 3711 exemplum
1141 3638 1419 3706 tribuant,
1464 3645 1744 3710 quatenus
1810 3641 1881 3695 ab
1940 3642 2216 3695 obscoenis

497 3729 932 3800 cupiditatibus
971 3728 1379 3782 retrabantur:
1438 3730 1647 3800 quibus
1693 3735 1885 3783 tamen
1941 3731 2214 3801 quoniam

495 3818 734 3874 carnali
767 3818 1075 3887 fragilitate
1125 3818 1475 3885 ceciderunt,
1512 3818 1717 3871 viatico
1766 3834 2025 3885 munere,
2086 3834 2217 3872 cum

496 3907 588 3961 ad
624 3906 930 3960 Dominum
966 3906 1238 3976 cmperint
1292 3904 1595 3975 proﬁcisci,
1645 3922 1748 3975 per
1800 3906 2219 3961 communionis

496 3995 766 4068 gratiam
798 3996 1063 4047 volumus
1103 3994 1423 4047 subvenire.
1457 3994 1637 4057 Quam
1670 3994 1923 4051 formam.
1977 4000 2032 4048 et
2072 3995 2219 4049 circa

501 4084 814 4150 mulieres,
852 4098 979 4153 qua:
1018 4098 1077 4136 se
1107 4087 1236 4151 post
1274 4082 1670 4151 pmnitentiam
1704 4082 1914 4136 talibus
1944 4083 2217 4153 pollutio-

496 4173 689 4227 nibus
718 4171 1119 4235 devinxerunt,
1154 4172 1494 4223 servandam
1526 4186 1651 4223 esse
1677 4186 1997 4225 censemus.

495 4264 648 4316 CAP.
683 4258 864 4313 LVIII.
901 4287 969 4300 —
1015 4259 1094 4311 De
1123 4260 1406 4327 poenitente
1424 4260 1632 4323 femina
1662 4274 1780 4327 quae
1809 4258 2061 4325 defuncto
2101 4260 2219 4313 viro

973 4331 1098 4382 aliis
1118 4329 1315 4383 nubere
1333 4333 1760 4397 praesumpserit.

591 4420 702 4489 (Ea:
727 4419 950 4473 concilio
981 4419 1315 4483 Arelatensi,
1369 4420 1545 4486 capite
1601 4420 1678 4483 2.)
1733 4418 2077 4472 Poenitentes
2133 4417 2215 4471 fe-

486 4509 695 4566 minae
721 4523 850 4577 quae
893 4506 1174 4560 defunctis
1205 4506 1339 4559 viris
1369 4506 1495 4559 aliis
1552 4506 1767 4559 nubere
1833 4521 2214 4576 praesumpse-

489 4599 659 4661 rint,
682 4596 767 4648 vel
814 4599 1092 4664 suspecta,
1151 4595 1240 4647 vel
1296 4594 1596 4647 interdicta
1644 4594 2029 4648 familiaritate
2086 4610 2218 4648 cum

485 4691 790 4741 extraneo
814 4683 1071 4747 vixerint,
1105 4697 1235 4735 cum
1289 4682 1485 4735 eodem
1520 4683 1589 4735 ab
1632 4682 1889 4734 Ecclesiae
1922 4681 2217 4735 liminibus

487 4778 842 4830 arceantur.
895 4772 1022 4825 Haec
1066 4771 1241 4824 etiam
1271 4769 1340 4824 de
1393 4769 1526 4822 viris
1560 4769 1619 4821 in
1653 4768 1987 4839 pcenitentia
2016 4768 2217 4838 positis

485 4861 739 4936 placuit
760 4858 1069 4914 observari.

483 4956 647 5007 CAP.
683 4951 788 5003 LIX
809 4978 878 4990 -
904 4948 1055 5014 Quod
1101 4949 1157 5000 in
1187 4946 1374 5000 danda
1421 4949 1737 5015 paenitentia
1759 4947 1911 5000 nulla
1959 4948 2218 5015 sitperso-

1136 5034 1332 5072 narum
1362 5020 1618 5086 acceptio.

580 5109 715 5180 (Ea:
757 5108 980 5162 concilio
1037 5107 1335 5169 (ξἀὸὶιιοη.ν
1382 5108 1470 5159 cui
1496 5107 1751 5171 interfuit
1781 5104 2013 5158 Carolus
2052 5106 2218 5173 impe-

479 5204 691 5262 rator,
722 5198 897 5264 capite
923 5193 1035 5263 34.)
1104 5192 1248 5257 Quia
1306 5194 1482 5262 igitur
1510 5192 1783 5263 Apostolo
1812 5197 1954 5245 teste
1989 5208 2102 5246 non
2133 5196 2220 5245 est

480 5299 899 5359 personarum
931 5284 1182 5352 acceptio
1210 5282 1360 5350 apud
1395 5282 1594 5346 Deum,
1630 5288 1687 5335 et
1715 5282 1771 5334 in
1790 5279 2219 5349 omnibusjudi-

480 5375 619 5431 ciis
653 5371 932 5425 servanda
963 5387 1077 5424 non
1108 5375 1212 5438 est,
1245 5371 1423 5423 multo
1456 5370 1637 5440 magis
1680 5370 1739 5423 in
1797 5369 1902 5422 hoc
1930 5369 2219 5438 poeniten-

484 5465 614 5519 ιὶω
653 5460 873 5531 judicio
936 5458 1241 5529 praecaveri
1274 5459 1459 5523 debet,
1504 5463 1566 5512 ut
1624 5458 1814 5512 nullus
1862 5458 2219 5511 sacerdotum

484 5564 804 5621 unquam,
828 5554 928 5602 aut
957 5547 1159 5617 gratia,
1212 5552 1310 5600 aut
1340 5546 1471 5600 odio
1498 5546 1738 5616 alicujus
1776 5560 2036 5616 personae
2059 5560 2219 5598 secus

469 5639 760 5716 judicet,
800 5652 971 5707 quam
1004 5635 1155 5705 quod
1188 5635 1247 5688 in
1270 5634 1586 5689 canonibus
1647 5635 1819 5688 sacris
1886 5632 2169 5687 invenerit
2203 5646 2216 5686 :

2325 607 2676 671 ctoritatem,
2705 608 2760 657 et
2807 602 3243 656 ecclesiasticam
3301 602 3773 656 consuetudinem
3806 603 4015 656 rectius

2324 696 2505 748 visum
2544 693 2733 747 fuerit.
2769 691 2828 747 Si
2859 708 2993 762 ergo
3025 691 3231 745 medici
3283 691 3382 761 qui
3412 691 3749 760 corporibus
3779 691 4015 745 medici-

2326 799 2460 837 nam
2495 782 2703 835 inferre
2730 786 3030 846 conantur,
3080 795 3444 850 nequaquam
3494 784 3729 849 propter
3760 796 4013 850 personae

2328 872 2628 941 cujuslibet
2648 870 3035 939 acceptionem
3070 869 3157 922 his
3182 885 3323 939 quos
3359 885 3557 922 sanare
3589 869 3846 937 cupiunt,
3883 885 4013 923 cau-

2327 960 2491 1027 terio,
2526 964 2623 1013 aut
2676 960 2849 1023 ferro,
2910 963 3009 1012 aut
3065 958 3222 1012 duris
3281 956 3403 1011 aliis
3442 957 3793 1027 quibuslibet
3845 958 4015 1011 rebus

2326 1052 2568 1118 parcunt
2600 1065 2612 1101 :
2648 1047 2829 1101 multo
2864 1047 3044 1115 magis
3072 1045 3160 1099 bis
3187 1046 3603 1099 observandum
3636 1050 3740 1111 est,
3774 1046 3874 1115 qui
3900 1063 4015 1100 nou

2327 1152 2633 1206 corporum
2685 1135 2780 1188 sed
2832 1134 3153 1187 animarum
3239 1133 3451 1187 medici
3503 1133 3772 1199 existunt,
3828 1150 4015 1204 neque

2329 1225 2482 1277 enim
2514 1223 2805 1292 pensanda
2860 1227 2945 1276 est
2976 1221 3307 1292 poenitentia
3339 1221 3658 1291 quantitate
3715 1222 4011 1291 temporis,

2330 1314 2423 1367 sed
2457 1312 2659 1366 ardore
2699 1312 2927 1377 mentis,
2971 1316 3023 1363 et
3075 1309 3512 1363 mortiﬁcatione
3579 1310 3851 1379 corporis.
3911 1310 4017 1364 Cor

2330 1408 2521 1456 autem
2548 1400 2858 1454 contritum
2885 1406 2938 1453 et
2970 1399 3337 1453 humiliatum
3370 1400 3512 1451 Deus
3534 1414 3649 1452 non
3682 1398 3942 1468 despicit.

2330 1491 2458 1544 CAP.
2511 1490 2608 1543 LX.
2641 1518 2707 1529 —
2749 1489 2831 1541 De
2849 1489 2960 1542 illis
2991 1489 3088 1556 qui
3117 1492 3336 1556 peccata
3357 1502 3457 1541 sua
3486 1489 3600 1540 sine
3615 1487 3884 1555 condigna
3901 1502 4013 1557 pai-

2699 1580 2934 1631 nitentia
2964 1578 3069 1631 sibi
3088 1578 3334 1629 relaxari
3361 1577 3656 1641 falluntur.

2401 1667 2508 1735 (Ea:
2540 1666 2701 1720 dictis
2757 1666 3010 1733 August.)
3044 1664 3312 1734 Quisquis
3366 1680 3502 1733 ergo
3560 1665 3843 1718 malorum
3879 1680 4008 1735 ope-

2331 1772 2457 1809 rum
2508 1756 2629 1809 sine
2685 1755 2971 1824 condigna
3012 1753 3348 1824 paenitentia
3398 1769 3748 1823 quemquam
3788 1754 4012 1807 veniam

2325 1858 2357 1895 a
2392 1845 2505 1896 Deo
2535 1842 2830 1911 percipere
2858 1857 3021 1911 posse
3052 1840 3274 1905 dixerit,
3318 1840 3546 1909 penitus
3577 1847 3746 1907 errat,
3783 1846 3858 1906 et,
3882 1856 4011 1894 cum

2326 1933 2591 2001 deceptus
2622 1930 2762 1982 alios
2815 1929 3079 1999 decipere
3108 1929 3359 1994 festinat,
3394 1928 3609 1998 duplici
3658 1944 3804 1981 noxa
3858 1944 4010 1981 com-

2325 2019 2623 2089 stringitur
2656 2034 2667 2072 :
2710 2017 2817 2071 hoc
2847 2022 2949 2083 est,
3000 2017 3218 2088 proprii
3250 2016 3457 2070 erroris
3513 2020 3568 2069 et
3617 2018 3816 2071 alienae
3847 2017 4014 2071 dece-

2326 2106 2554 2177 ptiouis.

2353 2195 2483 2249 Cap.
2547 2194 2670 2247 LXI.
2705 2224 2771 2231 ——
2799 2193 2957 2256 Quod
2983 2196 3094 2245 tam
3136 2191 3233 2244 diu
3282 2192 3528 2245 laborare
3569 2195 3796 2261 quisque
3827 2193 4015 2247 debeat

2772 2263 2934 2316 donec
2960 2262 3234 2331 possideat
3270 2264 3562 2318 Christum.

2399 2356 2504 2419 (Ea:
2561 2352 2722 2406 dictis
2769 2350 3014 2420 Gregor.)
3076 2351 3262 2420 Usque
3320 2355 3455 2403 tunc
3534 2351 3789 2404 laborare
3845 2351 4013 2405 debet

2326 2441 2518 2507 homo,
2580 2456 2875 2510 usquequo
2933 2439 3222 2509 possideat
3293 2438 3598 2492 Christum.
3663 2439 3771 2502 Qui
3825 2444 4013 2493 autem

2326 2531 2490 2584 illum
2536 2531 2710 2583 semel
2764 2529 3004 2599 adeptus
3044 2527 3234 2595 fuerit,
3276 2528 3396 2597 jam
3442 2544 3555 2581 non
3604 2528 3842 2582 laborat.
3892 2530 4021 2582 Per-

2327 2619 2502 2674 mittit
2530 2624 2720 2671 tamen
2776 2617 3053 2670 Dominus
3087 2616 3342 2670 laborare
3390 2617 3598 2670 electos
3629 2634 3779 2682 suos,
3832 2620 3895 2671 ut
3944 2635 4023 2671 rc-

2330 2710 2721 2760 memorentur
2766 2704 3200 2757 tribulationum
3232 2705 3456 2770 laboris,
3492 2704 3644 2757 unde
3686 2704 4019 2775 semetipsos

2327 2794 2666 2857 custodiant,
2700 2792 2967 2846 timentes
2994 2808 3065 2845 ne
3087 2797 3278 2845 tantos
3308 2792 3530 2845 labores
3551 2792 3837 2846 amittant.
3875 2795 4016 2846 Nam

2329 2888 2387 2936 et
2440 2882 2587 2935 filios
2627 2882 2799 2934 Israel
2828 2880 2957 2934 ideo
2993 2882 3139 2934 Deus
3169 2896 3271 2949 per
3311 2880 3599 2934 desertum
3630 2882 4011 2951 quadraginta

2327 2970 2491 3024 annis
2551 2969 2947 3035 circumduxit,
3000 2975 3064 3022 ut
3093 2969 3485 3023 rememoratis
3525 2969 4015 3038 tribulationibus,

2248 3079 2287 3134 ο
2330 3075 2445 3113 non
2474 3058 2725 3112 redirent
2754 3063 3088 3111 retrorsum.

2323 3150 2448 3203 CAP.
2485 3147 2637 3200 LXII.
2671 3175 2739 3184 —
2761 3147 2824 3199 Ut
2846 3146 3027 3198 nullus
3058 3146 3336 3213 episcopus
3366 3159 3457 3198 seu
3482 3144 3760 3213 presbyter
3794 3145 4019 3200 alterius

2422 3221 2762 3287 paenitentem
2802 3218 2917 3270 sine
2964 3217 3161 3269 litteris
3206 3216 3293 3269 sui
3347 3218 3583 3284 episcopi
3622 3218 3906 3285 suscipiat.

2394 3305 2502 3375 (Em
2532 3308 2689 3374 epist.
2723 3305 2911 3359 Felicis
2958 3319 3135 3372 papa,
3176 3304 3352 3372 capite
3396 3303 3467 3372 2.)
3515 3303 3841 3357 Curandum
3874 3320 4011 3359 vero

2322 3396 2573 3448 maxime
2604 3399 2661 3447 et
2690 3393 2847 3447 omni
2873 3394 3094 3447 cautela
3126 3392 3581 3464 praevidendum,
3643 3407 3713 3446 ne
3748 3393 3874 3463 quis
3900 3393 4009 3447 fra-

2325 3489 2477 3537 trum
2530 3482 3116 3552 coepiscoporumque
3158 3486 3505 3546 nostrorum,
3541 3486 3639 3533 aut
3669 3482 3839 3534 etiam
3886 3498 4013 3552 pre-

2324 3573 2682 3642 sbyterorum
2709 3570 2767 3623 in
2803 3570 3036 3623 alterius
3065 3568 3289 3622 civitate
3348 3568 3429 3623 vel
3463 3568 3693 3622 dioecesi
3737 3569 4018 3639 paeniten-

2326 3665 2462 3726 tem,
2500 3660 2584 3711 vel
2614 3657 2717 3711 sub
2762 3673 2934 3711 manu
2964 3657 3215 3727 pOsitum
3253 3656 3579 3723 sacerdotis,
3621 3661 3719 3709 aut
3747 3672 3881 3711 eum
3913 3657 4013 3727 qui

2326 3747 2754 3803 reconciliatum
2778 3761 2837 3799 se
2869 3761 2987 3799 esse
3036 3744 3260 3811 dixerit,
3317 3744 3437 3797 sine
3483 3744 3736 3814 episcopi
3769 3745 3855 3798 vel
3886 3761 4018 3815 pre-

2325 3836 2537 3905 sbyteri
2574 3834 2923 3900 testimonio,
2957 3838 3012 3887 et
3036 3833 3263 3899 litteris,
3296 3833 3365 3888 ad
3400 3833 3559 3904 cujus
3612 3832 3860 3904 pertinet
3914 3851 4018 3905 pa-

2326 3922 2576 3977 rochiam
2588 3963 2600 3984 ,
2632 3921 2922 3990 suscipiat.

2328 4012 2456 4067 CAP.
2484 4010 2663 4064 LXIII.
2698 4039 2766 4048 —
2799 4010 2865 4063 Ut
2891 4009 3203 4077 paenitentes
3232 4007 3522 4062 secundum
3541 4024 3767 4063 canones
3791 4011 3902 4063 nisi
3936 4025 4026 4079 pe-

2538 4085 2693 4134 racta
2721 4082 3039 4148 pcenitentia
3064 4083 3453 4133 communicare
3472 4095 3577 4133 non
3596 4080 3841 4134 debeant.

2399 4171 2508 4236 (Ea:
2529 4168 2670 4222 decr.
2706 4169 2795 4222 Pii
2833 4184 3012 4237 papae,
3054 4170 3229 4236 capite
3259 4170 3335 4233 2.)
3376 4167 3723 4221 Poenitentes
3754 4184 3868 4222 non
3922 4168 4019 4222 de-

2330 4256 2467 4311 bent
2497 4256 2918 4309 communicare
2960 4260 3088 4308 ante
3149 4254 3695 4308 consummationem
3726 4255 4020 4324 poeniten-

2248 4362 2292 4416 D
2331 4345 2445 4399 tim.

2326 4434 2454 4489 CAP.
2492 4432 2663 4486 LXIV.
2685 4460 2754 4471 —
2780 4430 2935 4496 Quod
2963 4445 3063 4498 pro
3093 4430 3301 4484 ethnico
3325 4436 3376 4483 et
3395 4429 3683 4498 publicano
3726 4432 3797 4484 sit
3815 4431 4023 4484 haben-

2397 4505 2519 4570 dus,
2547 4506 2644 4571 qui
2677 4517 2779 4571 pro
2810 4506 3023 4570 peccato
3052 4500 3328 4554 commisso
3371 4503 3629 4569 panitere
3684 4502 3942 4557 noluerit.

2398 4593 2507 4660 (Ea:
2556 4590 2717 4644 dictis
2772 4588 3026 4657 August,)
3094 4589 3239 4656 Erga
3288 4603 3417 4640 eum
3469 4590 3569 4658 qui
3632 4604 3730 4658 pro
3793 4594 4023 4659 peccato

2326 4680 2631 4732 commisso
2668 4694 2783 4731 non
2836 4678 3103 4751 paenitet,
3152 4675 3292 4729 tales
3348 4692 3469 4729 esse
3515 4677 3810 4745 debemus,
3876 4678 4023 4732 sicut

2328 4767 2605 4821 Dominus
2629 4766 2901 4837 praecepit
2946 4766 3139 4819 dicens
3177 4780 3188 4817 :
3238 4763 3321 4818 Sit
3348 4764 3451 4818 tibi
3498 4764 3642 4818 sicut
3679 4766 3939 4820 ethnicus
3971 4772 4025 4820 et

2325 4856 2683 4925 publicanus,
2713 4860 2771 4907 et
2799 4854 2942 4907 sicut
2969 4853 3275 4923 Apostolus
3304 4853 3465 4923 jubet
3500 4869 3513 4907 :
3546 4853 3895 4921 Subtrahite,
3930 4856 4016 4908 in-

2328 4944 2472 5013 quit,
2504 4960 2602 4996 vos
2657 4942 2725 4996 ab
2776 4941 2933 4995 omni
2981 4942 3153 4995 fratre
3196 4942 3518 4996 inordinate
3562 4942 3912 5012 ambulante,
3948 4961 4026 4997 sc-

2327 5032 2578 5085 cundum
2611 5031 2983 5084 traditionem
3015 5046 3187 5101 quam
3218 5030 3427 5084 tradidi
3450 5031 3631 5086 vobis.

2330 5121 2456 5175 CAP.
2484 5119 2628 5174 LXV.
2660 5149 2728 5158 —
2765 5119 2921 5184 Quod
2943 5135 2977 5172 a
3006 5119 3169 5172 licitis
3195 5133 3251 5172 se
3274 5119 3542 5172 abstinere
3564 5118 3770 5186 debeat,
3802 5121 3899 5188 qui
3919 5119 4024 5172 illi-

2718 5194 2827 5243 cita
2864 5206 2918 5243 se
2960 5192 3286 5243 commisisse
3313 5192 3631 5242 meminerit.

2400 5282 2507 5345 (Ea:
2534 5278 2696 5332 dictis
2731 5280 2956 5345 Gregor.
3009 5280 3215 5346 papae.)
3247 5276 3354 5340 Qui
3387 5292 3445 5329 se
3503 5276 3702 5329 illicita
3760 5274 4025 5329 meminit

2330 5367 2700 5428 commisisse,
2758 5382 2789 5418 a
2837 5365 3004 5418 licitis
3036 5365 3205 5417 etiam
3237 5363 3460 5416 studeat
3497 5363 3786 5417 abstinere
3816 5379 3828 5417 :
3883 5380 4025 5433 qua-

2329 5460 2495 5508 tenus
2527 5468 2628 5525 per
2656 5453 2760 5505 hoc
2782 5451 3077 5507 Conditori
3136 5466 3236 5503 suo
3264 5449 3589 5517 satisfaciat,
3621 5457 3686 5505 ut
3733 5452 3833 5522 qui
3874 5468 4026 5505 com-

2330 5542 2485 5595 misit
2510 5541 2823 5612 prohibita,
2856 5538 3197 5609 sibimetipsi
3226 5537 3556 5593 abscindere
3592 5539 3798 5595 debeat
3842 5540 4019 5594 etiam

2331 5646 2616 5684 concessa.
3606 5646 3609 5651 ’
