4592 6444
622 437 725 488 999
1704 399 2106 463 BURCHARDI
2146 385 2675 449 WOBMACIENSIS
2713 378 3040 437 EPISCOPI.
3986 363 4099 415 1000

626 560 753 613 CAP.
792 552 961 608 LXVI.
1001 578 1057 589 -
1101 548 1167 601 Ut
1221 543 1402 613 nullus
1445 542 1567 608 post
1592 531 1918 613 pati-utentia:
1949 526 2210 579 actionem
2243 516 2316 571 ad
2344 518 2387 571 A
2429 513 2777 582 imponatur,
2812 519 2998 574 neque
3056 495 3509 570 permittendum
3541 496 3605 547 ut
3659 486 4001 561 rebaptizati
4045 488 4099 541 ad

1956 602 1968 613 .
2453 601 2465 613 .
2542 599 2552 609 .
2630 603 2640 613 .
2758 594 2983 613 θυμω
3019 589 3463 613 __-...-.............

940 621 1199 675 militiam
1236 589 1545 668 saecularem
1582 589 1760 659 redire
1784 601 1990 654 debeat.
2421 599 2717 653 clericatus
2747 594 2987 665 gradum
3019 589 3480 661 promoveantur,

700 718 807 788 (Ea:
837 714 997 783 epist.
1038 708 1223 763 Leonis
1244 716 1420 773 papa,
1472 699 1651 765 Capite
1678 693 1793 759 25.)
1832 682 2196 742 Contrarium
2232 682 2316 731 est
2425 708 2513 763 CM

2294 682 2316 729 ί
2425 708 2553 763 CAP.
2590 701 2810 759 LXXIII.
2843 729 2911 740 —
2958 700 3028 788 De
3074 695 3280 788 clericis
3314 693 3409 760 qui
3429 687 3710 788 .corpora'li
3738 685 3933 739 delicto
3955 682 4103 736 delin-

704 768 799 788 .—~-
864 768 880 783 .
1244 768 1256 773 -
1317 768 1333 771 _

629 805 864 863 omnino
895 793 1287 855 ecclesiasticis
1325 786 1559 859 regulis,
1588 786 1715 853 post
1741 773 2090 849 pmnitentias
2132 768 2317 822 actio-

633 912 763 952 nem
797 892 983 947 redire
1015 886 1083 940 ad
1137 880 1403 937 militiam
1443 872 1788 928 saecularem.
1843 865 1984 919 Cum
2015 856 2318 929 Apostolus

635 944 1045 1042 dic—at—zltlemo
1093 972 1342 1026 militans
1372 966 1507 1028 Deo,
1554 957 1812 1028 implicat
1858 944 1916 1006 se
1955 945 2318 1003 saecularibus

636 1032 897 1142 negotiis.
938 1063 1093 1119 Unde
1126 1075 1237 1114 non
1271 1059 1353 1109 est
1379 1052 1528 1107 liber
1553 1064 1587 1101 a
1620 1044 1837 1115 laqueis
1867 1036 2100 1102 diaboli,
2133 1032 2234 1105 qui
2262 1048 2320 1083 se

637 1159 859 1218 militiai
885 1152 1191 1209 mundanae
1222 1141 1465 1198 voluerit
1491 1136 1805 1206 implicare.

807 1244 998 1301 LXVII.
1033 1268 1100 1278 —-
1135 1240 1205 1290 De
1228 1234 1348 1307 illis
1378 1229 1496 1307 qui,
1519 1226 1708 1307 relicto
1725 1221 2003 1307 religionis
2024 1212 2325 1283 proposito,

1164 1305 1239 1359 ad
1272 1295 1520 1356 saeculum
1548 1295 1792 1349 redeunt.

711 1410 819 1471 (Ea:
847 1400 1066 1458 concilio
1111 1391 1437 1454 Arelatensi,
1469 1388 1645 1454 capite
1674 1381 1746 1448 3.)
1800 1378 1871 1433 Ili
1919 1374 2019 1445 qui
2052 1376 2178 1443 post
2206 1384 2331 1423 san-

640 1460 1067 1561 cti‘rireligionis
1098 1479 1459 1555 propositum
1493 1473 1832 1544 apostatant,
1866 1471 1922 1519 et
1959 1462 2028 1517 ad
2059 1460 2329 1513 szeculum

2849 774 3021 839 quunt
3049 771 3098 821 si
3134 763 3439 819 restaurari
3462 762 3695 829 possint.

2499 885 2608 950 (Ea:
2638 880 2864 950 epistola
2891 876 3071 931 sancti
3099 871 3296 928 Isidori
3341 868 3415 923 ad
3444 864 3790 927 Massonem.)
3826 860 3996 916 Nulla
4038 867 4108 913 est

2430 976 2487 1026 in
2544 966 2943 1041 hujuscemodi
2972 960 3270 1017 sententiis
3291 958 3650 1013 decretorum
3706 950 4004 1006 diversitas
4039 948 4109 1002 in-

2431 1037 2767 1130 telligenda,
2806 1054 2958 1127 quod
2984 1050 3122 1106 alibi
3150 1048 3361 1119 legitur
3389 1046 3445 1100 in
3478 1045 3644 1113 lapsu
3703 1037 3990 1110 corporali
4033 1052 4110 1089 re-

2433 1124 2842 1204 staurandumv
2885 1138 3119 1196 honoris
3206 1133 3449 1206 gradum
3517 1134 3653 1201 post
3704 1124 4109 1198 paenitentiam.

2434 1238 2585 1293 Alibi
2605 1239 2734 1307 post
2762 1227 3092 1301 hujusmodi
3120 1225 3415 1287 delictum,
3455 1231 3824 1289 nequaquam
3853 1228 4112 1283 reparan-

2436 1328 2575 1381 dum
2608 1321 2813 1395 prioris
2842 1316 3060 1373 ordinis
3118 1314 3413 1374 meritum,
3466 1309 3586 1362 haec
3645 1305 3799 1360 enim
3835 1302 4113 1357 diversitas

2438 1416 2546 1470 hoc
2576 1389 2745 1467 modo
2778 1405 3171 1473 distinguitur.
3196 1402 3324 1457 Illos
3354 1398 3509 1453 enim
3555 1395 3627 1449 ad
3650 1392 3931 1465 pristinos
3962 1389 4111 1443 ofﬁcii

2441 1502 2649 1574 gradus
2700 1498 2888 1553 redire
2936 1491 3210 1566 praecepit
3282 1502 3487 1552 canon,
3561 1499 3708 1555 quos
3778 1478 4115 1551 poenitentia

643 1585 904 1647 redeunt,
958 1581 1013 1630 et
1066 1568 1437 1643 postmodum
1499 1556 1850 1634 poenitentiae
1902 1549 2159 1607 remedia
2213 1561 2332 1599 non
2441 1549 2646 1574 °"'"'
2701 1549 2799 1596 ’Τ
2932 1549 2956 1593 ,⁸
3096 1549 3141 1591 .·
3407 1575 3417 1585 .

1754 1644 1762 1647 Α
1816 1643 1824 1647 -
1919 1646 1922 1647 ν
2024 1637 2033 1647 .
2286 1632 2294 1641 .
2441 1591 2799 1647 ητωοεεερτιὶ
2843 1581 3171 1639 satisfactio.
3223 1577 3309 1631 vel
3364 1575 3417 1630 di

788 1585 904 1647 unt,
958 1581 1013 1630 et
1066 1574 1437 1643 postmodum
1499 1574 1850 1634 poenitentiae
1902 1574 2159 1607 remeum
2214 1574 2332 1599 uuu
2758 1587 2767 1596 ,
2932 1583 2941 1593 ,
3096 1581 3105 1591 ,
3407 1575 3417 1585 ,

788 1670 797 1680 .
921 1670 930 1680 .
1097 1657 1456 1680 ,μηηεηηη
1500 1665 1614 1680 mm
1654 1643 1931 1680 “ﬁngam
1991 1637 2113 1680 gina
2144 1632 2332 1680 nmni_
2441 1591 2799 1662 praecesserit
2843 1581 3171 1639 satisfactio.
3223 1577 3309 1631 vel
3364 1575 3540 1643 digna
3592 1574 3959 1641 peccatorum
4001 1582 4114 1619 con-

2444 1680 2630 1733 fessio.
2664 1680 2735 1730 At
2762 1677 2957 1726 contra
2989 1670 3048 1722 hi
3069 1667 3166 1738 qui
3198 1679 3384 1735 neque
3414 1678 3447 1714 a
3475 1659 3611 1712 vitio
3664 1655 3920 1726 corporis
3946 1668 4117 1706 emen-

2368 1794 2409 1848 Β
2445 1769 2652 1821 dantur
2683 1782 2696 1817 :
2726 1763 2794 1816 ad
2822 1762 2929 1815 hoc
2959 1760 3148 1828 ipsum
3180 1752 3407 1807 carnale
3437 1748 3708 1804 delictum
3748 1742 3904 1815 quod
3938 1741 4122 1794 admit-

2450 1858 2598 1919 tunt,
2635 1851 2805 1905 etiam
2853 1846 3138 1900 vindicare
3185 1840 3432 1912 quadam
3489 1833 3896 1906 superstitiosa
3921 1828 4123 1883 temeri-

2450 1948 2563 1998 tate
2604 1942 2887 2005 nituntur,
2916 1951 3021 1989 nec
3051 1932 3293 2004 gradum
3325 1929 3526 1998 utique
3556 1923 3815 1988 honoris,
3871 1935 3979 1975 nec
4018 1934 4122 1988 gra-

2450 2034 2585 2088 tiam
2610 2024 3032 2083 communionis
3061 2019 3358 2090 recipiant.

2453 2141 2577 2193 CAp.
2601 2136 2813 2191 LXXIV.
2841 2165 2905 2172 —
2934 2132 3011 2184 De
3026 2128 3107 2181 his
3122 2129 3217 2196 qui
3234 2126 3434 2179 altario
3451 2123 3548 2177 Dei
3559 2119 3893 2196 deserviunt,
3916 2113 4123 2169 εἰδυὸίιο

2764 2204 2942 2273 ﬂenda
2972 2191 3153 2256 carnis
3183 2197 3491 2265 fragilitate
3518 2191 3840 2245 corruerint.

641 1722 858 1815 teritia:
892 1769 1037 1824 quos
1068 1750 1239 1802 etiam
1280 1742 1549 1813 jiibemus
1603 1736 1669 1789 ad
1722 1731 2020 1786 clericatus
2081 1722 2333 1778 officium

641 1809 1029 1903 nonvadm‘itti.
1073 1844 1128 1889 et
1178 1809 1505 1904 quicunque
1537 1825 1633 1878 ille
1663 1826 1747 1875 est
1784 1822 1911 1889 post
1942 1809 2338 1884 paenitentiam

640 1935 901 1992 habitum
930 1926 1280 2001 {saecularem
1334 1933 1448 1972 non
1506 1912 1834 1985 prmsumat.
1890 1903 2047 1969 Quod
2099 1901 2144 1954 si
2203 1913 2343 1969 prie-

643 1999 968 2093 snmpserit,
1003 2016 1072 2069 ali
1096 2008 1336 2067 Ecclesia
1366 2006 1585 2059 alienus
1615 1999 1914 2053 habeatur.

646 2077 793 2168 iis»:
814 2077 1038 2164 LXVIII.
1068 2131 1129 2144 —-
1153 2097 1304 2170 ()uod
1325 2095 1506 2149 nullus
1526 2091 1808 2170 religiosus
1838 2087 1887 2136 et
1917 2084 2132 2135 sanctus
2162 2077 2343 2130 careat

718 2253 826 2323 (Ea:
858 2248 1020 2301 dictis
1049 2241 1306 2308 August.)
1360 2167 1819 2290 lgiiilcicilgosanctus
1875 2231 1933 2277 et
1981 2235 2143 2275 verus
2192 2220 2345 2270 caret

650 2343 885 2412 peccato
928 2350 1074 2389 :nec
1121 2337 1316 2383 tamen
1344 2340 1411 2378 ex
1456 2325 1563 2375 hoc
1619 2316 1829 2372 desinit
1857 2328 1980 2367 esse
2025 2312 2209 2379 justus
2259 2305 2342 2356 vel

654 2393 748 2412 ππ

654 2435 904 2491 sanctus,
935 2437 1061 2477 cum
1094 2417 1299 2471 affectu
1344 2413 1536 2466 teneat
1579 2405 1960 2460 sanctitatem.
2020 2400 2142 2452 Non
2190 2393 2345 2447 enim

653 2480 1164 2574 naturez’viribus,
1224 2503 1319 2557 sed
1372 2495 1653 2571 propositi
1699 2492 2035 2561 adjumento
2084 2499 2187 2554 per
2247 2480 2345 2534 Dei

658 2605 902 2678 gratiam
962 2595 1311 2667 acquirimus
1361 2588 1760 2642 sanctitatem:
1826 2585 1881 2631 et
1908 2578 2034 2630 ideo
2073 2568 2348 2626 veraciter

658 2658 745 2678 0"
1047 2658 1062 2667 .

655 2712 713 2749 se
775 2705 974 2746 omnes
1029 2682 1206 2739 sancti
1265 2674 1639 2749 pronuntiant
1694 2673 2034 2741 peccatores,
2093 2660 2228 2731 quia
2288 2658 2347 2709 in

655 2781 888 2836 veritate
919 2775 1133 2830 habent
1160 2767 1316 2840 quod
1363 2766 1658 2835 plangant,
1691 2764 1745 2811 et
1803 2757 1848 2808 si
1883 2770 1998 2807 non
2040 2749 2350 2819 reprehen-

657 2872 814 2926 sione
856 2860 1235 2924 conscientiai,
1288 2860 1436 2907 certe
1498 2848 1816 2903 mobilitate
1856 2848 1912 2895 et
1966 2835 2348 2893 mutabilitate

2524 2318 2630 2385 (Ea:
2661 2314 2882 2369 concilio
2911 2307 3216 2367 Ererdensi,
3250 2304 3426 2371 capite
3457 2299 3531 2370 5.)
3563 2298 3629 2351 Ili
3659 2295 3760 2367 qui
3805 2292 4008 2348 altario
4044 2288 4125 2343 Dei

2451 2404 2798 2467 deserviunt,
2835 2400 2881 2453 si
2911 2396 3099 2451 subito
3126 2392 3317 2447 flenda
3340 2388 3527 2443 carnis
3565 2383 3877 2455 fragilitate
3927 2394 4127 2433 corrue-

2454 2496 2586 2560 rint,
2627 2497 2681 2545 et
2729 2466 2968 2543 Domino
3017 2482 3357 2552 respiciente
3404 2476 3578 2546 digne
3625 2468 4026 2544 pmnituerint,
4066 2466 4128 2519 ita

2454 2591 2519 2639 ut
2559 2582 2903 2638 mortificato
2971 2588 3234 2644 corpore,
3291 2568 3479 2623 cordis
3522 2564 3751 2619 contriti
3805 2556 4127 2615 sacriﬁcium

2459 2676 2572 2729 Deo
2629 2672 2920 2726 otferrant,
2981 2665 3213 2717 maneat
3262 2659 3322 2712 in
3363 2658 3644 2728 potestate
3688 2648 4004 2722 pontiﬁcis,
4060 2645 4130 2697 vel

2454 2761 2730 2814 veraciter
2761 2757 2995 2810 afflictos
3015 2767 3131 2805 non
3172 2749 3269 2803 diu
3314 2743 3687 2815 suspendere,
3715 2740 3806 2793 vel
3838 2735 4131 2792 desidiosas

2456 2848 2767 2921 prolixiora
2795 2850 3075 2913 tempore,
3110 2839 3179 2893 ab
3214 2834 3473 2890 Ecclesia
3529 2843 3766 2900 corpore
3798 2836 4129 2895 segregare:

663 2952 1130 3031 prmvaricatricis
1152 2951 1390 2999 naturae.

2459 2940 2535 2992 ita
2564 2941 2755 2991 tamen
2789 2936 2851 2985 ut
2880 2932 2957 2983 sic
2986 2927 3305 2981 officiorum
3338 2934 3575 2975 suorum
3596 2920 3720 2971 loca
3747 2914 4051 2985 recipiant,
4079 2923 4134 2961 ne

2327 3024 2347 3031 -
2603 3025 2611 3031 .
2669 3028 2676 3031 .
2772 3023 2781 3031 .
3131 3014 3182 3031 ρ..
3304 3010 3545 3031 una.“
3593 3002 3925 3031 unum“:
3961 3017 3974 3029 ,
4008 2996 4134 3031 mw,

661 2996 791 3103 ΕΜ).
848 3042 1011 3097 LXIX.
1047 3066 1113 3076 —
1148 3037 1213 3089 Ut
1250 3021 1909 3123 pw‘nitentes’a’conpiviis
1949 3021 1997 3069 et
2018 3011 2347 3067 ornamentis
2387 3068 2427 3121 Ε
2466 3044 2474 3098 1

2323 3024 2347 3063 ⁸
2387 3068 2427 3121 C
2466 3025 2685 3098 possint
2717 3023 2785 3075 ad
2834 3020 3031 3074 altiora
3090 3013 3277 3067 officia
3304 3010 3547 3064 ulterius
3593 3002 3930 3077 promoveri
3961 3017 3974 3054 :
4007 2996 4136 3070 quod

2498 3115 2507 3123 ·
2545 3114 2575 3123 ··
2690 3116 2698 3123 ·
2845 3109 2856 3123 ·
2909 3112 2920 3123 -
2968 3119 3121 3123 ~—~
3170 3098 3538 3123 ι-ι-η-ει---κ
3596 3091 3803 3123 --.η-,ς
3841 3090 4051 3123 numini
4095 3090 4135 3123 ιι

1250 3068 1562 3101 μωηηυηην
1588 3068 1619 3077 ..
1652 3068 1903 3076 nam-"
1954 3068 1989 3069 ρ
2506 3068 2685 3079 νυνι-η
2718 3068 2785 3075 α-
2836 3068 3029 3074 ------ν

1226 3104 1496 3156 abstinere
1542 3096 1789 3148 άθδθαηί·
2387 3068 2427 3121 C
2467 3068 2511 3167 si
2542 3114 2742 3166 iterato
2774 3109 2928 3161 velut
2958 3121 3039 3159 cai

2469 3068 2685 3098 νιν-’νων
2718 3068 2785 3075 “··““
2836 3068 3029 3074 “”··“--”
3597 3068 3613 3077 .
4027 3068 4038 3070 ἡ

2387 3068 2427 3121 C
2467 3115 2511 3167 si
2542 3114 2742 3166 iterato
2774 3109 2928 3161 velut
2958 3119 3124 3159 canes
3168 3102 3235 3155 ad
3260 3098 3541 3153 vomitum
3596 3091 3809 3148 reversi
3841 3090 4069 3147 fuerint,
4095 3090 4137 3138 et

735 3206 839 3266 (Ea:
869 3200 1014 3299 decr.
1072 3196 1232 3299 lanea
1264 3203 1467 3299 fligi:-
1497 3186 1673 3299 E‘ffi‘f
1701 3173 2356 3299 ﬂ-lnogfgnp‘fmffﬂfz
2466 3203 2619 3256 velut
2658 3215 2788 3253 sues
2810 3197 2871 3250 in
2907 3190 3217 3247 volutabris
3265 3185 3524 3241 immersi
3573 3180 3891 3253 jacuerint,
3922 3191 4037 3231 non
4072 3190 4139 3226 so.

2286 3298 2289 3299 ,
2469 3293 2482 3299 -
2642 3289 2673 3299 ..
2769 3286 2801 3299 υ.
2851 3289 2860 3299 .
2971 3280 3100 3299 ~~_::
3143 3281 3365 3299 __..-_..a
3405 3272 3499 3299 ,ΑΔ
3527 3271 3691 3299 ..σξη-υ-
3728 3271 3988 3299 “gnatam
4018 3276 4139 3299 pnm.

664 3312 700 3350 θ’
728 3287 1002 3347 conviviis
1033 3289 1090 3365 e-t
1118 3277 1470 3336 ornamentis
1499 3279 1671 3365 3“!”
1701 3268 1826 3365 alb?
1874 3269 2024 3365 ve“?
2074 3260 2356 3365 .abs‘jnere
2469 3293 2588 3346 lum
2623 3286 2902 3358 dignitate
2932 3280 3105 3335 ofﬁcii
3134 3281 3388 3339 careant,
3405 3272 3501 3327 sed
3526 3271 3699 3325 etiam
3728 3271 3991 3322 sanctam
4018 3276 4140 3317 com-

666 3316 700 3350 Β,
728 3316 1002 3347 CUllvnua
1033 3316 1090 3365 ci.
1116 3316 1172 3380 .un
1189 3316 1470 3333 unum"..-
1499 3316 1670 3342 ..-Ἰ-ν
1702 3316 1825 3321 _-__
2074 3349 2083 3359 .
2470 3316 2588 3346 ""u
2623 3316 2902 3358 “lanuaw
2932 3316 3105 3335 vum“
3134 3316 3219 3332 un
3234 3316 3388 3339 un",
3405 3316 3501 3327 "w-
3527 3316 3699 3325 ,η’--

666 3381 931 3439 debeant,
962 3378 1021 3428 et
1073 3366 1364 3426 discordes
1422 3361 1710 3433 pellantur
1762 3354 1831 3408 ab
1890 3352 2142 3415 eccleSia,
2184 3347 2360 3400 donec
2470 3378 2806 3434 munionem
2840 3368 3156 3426 nonnisiin
3194 3366 3350 3420 exim
3383 3360 3719 3434 percipiant.

670 3470 740 3525 ad
775 3480 972 3525 pacem
1012 3460 1265 3515 redeant.
2473 3492 2483 3525 Ι

2256 3523 2265 3525 _
2473 3488 2511 3525 ρ
2524 3506 2539 3525 ι
2554 3502 2581 3525 ο
2625 3481 2814 3525 IXXV,
2835 3507 2907 3520 -
2920 3474 3076 3525 Ουοά
3097 3471 3375 3525 coniuaati
3385 3471 3441 3522 in
3456 3460 3901 3525 Quadragesima
3911 3460 4047 3515 absti

670 3470 740 3525 ad
774 3480 972 3539 pacem
1012 3460 1265 3515 redeant.

670 3561 799 3615 CAP.
833 3554 979 3610 LXX.
1006 3579 1070 3591 —
1125 3549 1189 3602 Ut
1214 3542 1496 3613 presbyter
1532 3536 2007 3615 paenitentem‘non
2037 3523 2360 3587 reconciliet,
2473 3492 2483 3539 ⁴

2329 3527 2339 3574 ε
2473 3488 2599 3543 CAP.
2625 3481 2817 3539 LXXV.
2835 3507 2907 3520 —
2920 3474 3076 3543 Quod
3097 3471 3375 3541 conjugati
3385 3471 3441 3522 in
3456 3460 3901 3551 Quadragesima
3911 3460 4142 3515 abstinere

2347 3562 2360 3587 ’
3004 3547 3229 3600 debeant
3254 3542 3322 3595 ab
3352 3539 3633 3594 umoribus.

1110 3603 1231 3672 nisi.
1250 3603 1683 3683 episcopus'suus
1704 3603 1914 3672 jubeat.

1149 3707 1168 3730 ι
1191 3705 1398 3730 ιαμ-κη
1445 3699 1619 3730 Μυκη
1663 3695 1729 3730 qn
1759 3692 1774 3730 \
1818 3691 1883 3730 ιη
1912 3686 2208 3730 mpsim”,
2249 3697 2365 3730 non
2546 3662 2653 3730 (Ea:
2683 3656 2903 3713 concilio
2940 3652 3265 3708 Elibertan..
3293 3647 3459 3715 capit.
3496 3645 3571 3707 5.)
3604 3639 3713 3706 Qui
3742 3638 3809 3693 in
3849 3634 4142 3703 Quadrage

2477 3751 2621 3804 sima
2653 3753 2782 3801 ante
2804 3743 3017 3798 Pascha
3048 3736 3381 3807 cognoverit
3406 3745 3641 3786 uxorem
3674 3743 3867 3793 suam,
3897 3729 3954 3779 et
3979 3724 4144 3778 nolue-

2477 3839 2552 3893 rit
2582 3835 2865 3891 abstinere
2894 3831 2962 3883 ab
2994 3844 3081 3895 ea,
3114 3839 3295 3880 unum
3328 3834 3545 3877 annum
3585 3816 3895 3888 poeniteat,
3927 3816 4022 3867 aut
4048 3824 4146 3881 pre-

2479 3929 2621 3981 tium
2649 3922 2914 3976 videlicet
2961 3914 3164 3986 viginti
3210 3914 3467 3983 quinque
3516 3906 3837 3960 solidorum
3898 3901 3969 3956 ad
4001 3898 4147 3954 Eccle-

2480 4017 2619 4069 siam
2653 4012 2888 4073 tribuat,
2930 4011 3027 4060 aut
3048 4001 3400 4075 pauperibus
3458 3995 3693 4051 dividat.
3736 3992 3798 4047 Si
3854 4006 3962 4061 per
4007 3986 4153 4041 ebrie-

2478 4110 2657 4159 tatem
2706 4105 2761 4154 et
2839 4098 2959 4150 sine
3010 4090 3423 4147 consuetudine
3466 4082 3754 4147 acciderit,
3807 4075 4154 4151 quadraginta

2481 4192 2601 4247 dies
2622 4188 2910 4261 paeniteat.

2484 4297 2612 4352 CAP.
2643 4292 2856 4349 LXXVI.
2883 4320 2951 4329 ——
2974 4292 3047 4343 De
3067 4287 3179 4340 illis
3209 4285 3305 4353 qui
3320 4284 3377 4335 in
3390 4279 3839 4347 Quadragesimae
3873 4274 4155 4329 diebuscar-

2907 4376 3025 4414 nem
3046 4358 3375 4411 manducare
3396 4353 3753 4422 praesumunt.
3850 4356 3855 4361 ‘

2555 4474 2666 4545 (Ea:
2685 4470 2906 4525 concilio
2970 4463 3233 4531 Toletan.)
3277 4459 3617 4528 Quicunque
3674 4454 3737 4509 in
3802 4445 4154 4518 Quadragesi-

2486 4579 2591 4617 mae
2622 4560 2822 4614 diebus
2867 4570 3028 4609 esum
3086 4551 3345 4607 carnium
3404 4542 3848 4618 praesumpserit
3892 4542 4152 4594 attentare.

2487 4666 2601 4705 non
2632 4648 2819 4701 solum
2842 4660 2972 4698 reus
3001 4642 3111 4696 erit
3140 4634 3575 4694 resurrectionis
3624 4630 3966 4693 Dominicaa,
3992 4635 4154 4678 verum

2489 4739 2662 4791 etiam
2690 4736 2910 4790 alienus
2936 4732 3006 4786 ab
3063 4728 3321 4800 ejusdem
3352 4722 3468 4779 diei
3520 4726 3716 4775 sancta
3753 4713 4154 4772 communione.

2492 4828 2557 4881 Et
2586 4826 2694 4880 hoc
2719 4823 2801 4877 illi
2847 4795 3172 4876 cumulet'ur
3199 4816 3269 4870 ad
3320 4827 3572 4885 poenam,
3621 4814 3686 4861 ut
3728 4807 3793 4862 in
3825 4806 4011 4876 ipsius
4056 4795 4158 4853 anni

2492 4915 2703 4968 circulo
2727 4912 2796 4965 ab
2827 4908 2984 4964 omni
3026 4922 3126 4961 esu
3177 4904 3439 4958 carnium
3496 4896 3826 4952 abstineat:
3861 4892 3999 4965 quia
4025 4885 4159 4943 sacris

2495 5004 2697 5059 diebus
2717 4995 3075 5053 abstinentiae
3114 4994 3326 5047 oblitus
3347 4994 3431 5043 est
3461 4985 3855 5056 disciplinam.

2497 5112 2624 5166 CAP.
2658 5105 2901 5162 LXXVII.
2922 5133 2992 5143 --
3013 5103 3091 5156 De
3117 5102 3295 5168 fratre
3312 5112 3418 5150 non
3443 5095 3693 5164 peccante
3711 5089 3793 5144 ad
3807 5093 4045 5147 mortem,
4065 5076 4163 5136 eiad

3227 5174 3449 5223 mortem
3460 5206 3471 5218 .

2570 5288 2678 5358 (Ea:
2703 5286 2860 5354 epist.
2889 5282 3127 5336 Joannis
3166 5275 3446 5344 Evangel.)
3474 5271 3585 5337 Qui
3614 5269 3721 5324 scit
3772 5269 4012 5323 fratrem
4039 5271 4162 5315 suum

2500 5345 2871 5449 peccare-non
2902 5370 2969 5425 ad
3008 5371 3277 5431 mortem,
3319 5362 3569 5435 postulet
3622 5374 3730 5429 pro
3787 5374 3885 5421 eo,
3947 5359 4004 5408 et
4052 5345 4163 5403 dabit

2502 5432 2555 5519 ei
2586 5464 2761 5517 vitam
2794 5461 2958 5514 Deus.
2991 5456 3049 5511 Si
3082 5456 3209 5527 quis
3230 5432 3411 5523 usque
3433 5449 3504 5504 ad
3535 5451 3812 5511 mortem,
3849 5446 4055 5516 peccat,
4073 5432 4163 5507 quia

2505 5556 2588 5606 est
2615 5553 2912 5623 peccatum
2969 5526 3150 5616 usque
3195 5541 3264 5597 ad
3330 5543 3577 5594 mortem
3616 5550 3737 5590 non
3794 5550 3906 5605 pro
3944 5532 4037 5586 illo
4063 5526 4162 5580 dico.

2506 5648 2573 5696 ut
2604 5641 2765 5709 roget
2787 5636 2934 5708 quis.

742 3717 853 3786 (Ea:
881 3710 1102 3767 concilio
1132 3705 1418 3772 Africano,
1442 3699 1619 3766 capite
1663 3692 1774 3763 30.)
1818 3691 1887 3745 Ut
1912 3686 2208 3759 presbyter
2249 3697 2366 3736 non

671 3806 1019 3873 interrogato
1080 3795 1347 3866 episcopo
1395 3804 1511 3843 non
1576 3780 1905 3837 reconciliet
1966 3774 2362 3846 pmnitentem,

671 3894 784 3951 nisi
813 3888 1073 3946 absentia
1101 3878 1373 3954 episcopi,
1391 3874 1724 3931 necessitate
1755 3866 2150 3937 compellente.

676 3984 806 4039 CAP.
845 3978 1015 4034 LXXI.
1036 4003 1105 4013 -—
1131 3952 1198 4026 Ut
1223 3969 1404 4022 nullus
1433 3967 1507 4039 in_
1535 3959 1884 4039 ecclesiastico
1915 3952 2102 4039 ordine
2127 3965 2223 4039 ρετ
2250 3962 2365 4001 ma-

746 4021 1293 4117 nusuiinpositionem,
1326 4034 1622 4090 remedium
1652 4030 1886 4095 accipiat
1912 4021 2223 4093 panitendi.

751 4142 870 4209 (Ea:
909 4107 1116 4190 decreto
1167 4128 1351 4184 Leonis
1395 4136 1554 4193 papae
1592 4118 1665 4173 ad
1696 4117 1992 4173 Rusticum,
2032 4112 2207 4178 capite
2261 4107 2367 4171 16.)

681 4230 947 4286 Alienum
975 4226 1057 4276 est
1089 4222 1279 4273 autem
1304 4217 1355 4283 '_a
1402 4205 1810 4266 consuetudine
1858 4197 2251 4261 ecclesiastica,
2310 4197 2373 4247 ut

823 4316 883 4369 in
936 4303 1309 4384 presbyterali
1372 4302 1613 4361 honore,
1662 4297 1758 4347 aut
1815 4291 1874 4344 in
1905 4285 2149 4344 diaconii
2191 4282 2366 4355 gradu

680 4405 895 4463 fuerint
952 4394 1287 4463 consecrati,
1340 4390 1401 4445 hi
1449 4403 1552 4459 pro
1604 4381 1842 4437 crimine
1882 4378 2074 4448 aliquo
2122 4390 2224 4427 suo
2270 4386 2374 4443 per

682 4510 890 4553 manus
914 4485 1343 4559 impositionem
1373 4475 1694 4532 remedium
1727 4468 2009 4539 accipiant
2034 4460 2372 4536 paenitendi.

682 4548 846 4651 Quod
877 4548 1201 4635 sine‘dubio
1232 4586 1299 4624 ex
1325 4564 1635 4638 apostolica
1696 4556 2006 4613 traditione
2064 4548 2374 4613 descendit,

682 4668 995 4728 secundum
1029 4660 1183 4734 quod
1204 4657 1481 4727 scriptum
1529 4657 1655 4705 est:
1709 4644 1984 4703 Sacerdos
2013 4641 2058 4694 si
2116 4652 2381 4710 peccave-

682 4724 930 4830 iiii-,quis
957 4724 1143 4809 ora-bit
1169 4764 1273 4819 pro
1296 4724 1449 4799 illo?
1507 4739 1665 4795 Unde
1696 4731 2029 4805 hujusmodi
2082 4727 2255 4799 lapsis
2309 4724 2381 4778 ad

684 4842 1126 4922 promerendam
1159 4830 1609 4891 misericordiam
1642 4826 1744 4881 Dei
1787 4822 2010 4893 privata
2076 4823 2162 4872 est
2209 4829 2382 4883 expe-

686 4906 864 4996 tenda
891 4930 1148 4988 secessio.
1197 4925 1304 4981 Ubi
1355 4923 1470 4977 illis
1517 4916 1822 4974 satisfactio
1871 4913 1919 4966 si
1963 4910 2135 4966 fuerit
2186 4906 2381 4976 digna,

689 5029 765 5084 sit
788 5026 961 5082 etiam
982 5021 1286 5075 fructuosa.

691 5081 818 5174 tiae.
846 5110 1048 5169 LXXII.
1102 5136 1170 5145 ——
1203 5106 1268 5159 Ut
1297 5099 1538 5174 ordinati
1563 5099 1621 5150 in
1650 5086 2265 5174 gravioribus‘p'ec‘catis
2295 5081 2385 5134 de-

755 5158 1029 5258 preheiisi.
1080 5193 1184 5231 non
1218 5158 1417 5229 manus
1475 5158 1870 5237 impositionem
1907 5164 1967 5213 ut
1996 5160 2124 5212 laici
2149 5158 2390 5223 accipere

762 5258 1146 5399 ῗὲξιεαῗοίῆοἱιίο
1197 5309 1634 5379 Carthaginensi,
1684 5305 1860 5372 capite
1902 5296 2016 5367 27.)
2057 5296 2199 5349 Item
2253 5308 2391 5347 con—
