4592 6464
478 346 611 397 1001

1324 343 1792 399 DECRETORUM
1836 343 2019 398 LIBRI
2058 344 2159 398 XX.
2206 375 2248 383 —
2313 345 2520 399 LIBER
2561 345 2861 401 DECIMUS
2897 345 3145 402 NONUS.

3836 355 3973 407 1002

475 471 607 523 CAP.
647 469 914 523 LXXVIII.
940 499 1007 509 η-
1033 466 1188 541 quod
1203 467 1432 541 difﬁcile
1451 470 1522 519 sit
1546 468 1787 541 graviter
1803 470 2050 535 peecanti
2069 468 2166 520 sub
2198 475 2243 526 Α
2281 467 2504 538 reliquo
2528 468 2778 521 maxima
2797 467 3182 525 sollicitudine
3207 472 3662 541 praecavendum,
3685 490 3798 530 non
3816 475 3970 529 enim

966 538 1144 606 gradu
1166 553 1379 590 manere
1403 540 1458 590 in
1488 538 1685 604 gradu.

556 628 666 691 (Ea:
692 625 855 679 dictis
889 626 1168 695 Hierony.)
1202 622 1538 693 Quicunque
1582 624 1921 693 dignitatem
1967 624 2176 694 gradus

474 715 660 768 divini
694 731 805 767 non
858 713 1207 777 custodiunt,
1242 713 1493 767 contenti
1536 712 1676 765 ﬁant
1714 713 1962 766 animam
1998 714 2177 766 salva-

475 819 542 857 re
574 820 586 856 :
622 802 833 857 reverti
857 803 1011 856 enim
1039 803 1100 855 in
1132 818 1263 855 eum
1303 802 1544 871 gradum
1580 802 1792 871 in-quo
1841 804 2005 855 antea
2054 801 2174 855 fue-

475 897 633 955 rant,
671 890 895 946 difﬁcile
923 896 1024 944 est.

900 980 1025 1033 CAP.
1064 979 1277 1032 LXXIX.
1302 1006 1373 1018 —
1402 980 1474 1031 De
1492 977 1674 1031 eadem
1707 992 1784 1031 re.

552 1067 670 1135 (Ea:
700 1066 863 1120 dictis
909 1068 1104 1120 Basilii
1140 1067 1401 1134 episcop.)
1432 1065 1537 1128 Qui
1593 1066 1696 1119 sub
1725 1063 1902 1134 gradu
1957 1068 2173 1134 peccat,

476 1154 653 1209 debet
684 1154 1187 1219 excommunicari,
1216 1154 1353 1224 quia
1397 1169 1606 1223 magna
1631 1158 1715 1206 est
1758 1152 2006 1222 dignitas
2062 1154 2175 1206 hu-

471 1238 572 1308 jus
613 1238 862 1292 nominis
896 1254 909 1291 :
944 1244 1137 1291 tamen
1168 1243 1354 1308 potest
1383 1237 1664 1290 redimere
1712 1236 1964 1290 animam
2014 1251 2175 1290 suam

476 1332 611 1397 post
642 1326 1064 1396 paenitentiam,
1098 1326 1165 1379 ad
1196 1325 1445 1395 priorem
1500 1324 1651 1378 enim
1683 1325 1925 1394 gradum
1979 1324 2175 1378 venire

478 1414 720 1469 difﬁcile
744 1419 846 1469 est.

874 1503 1001 1557 CAP.
1033 1502 1219 1555 LXXX.
1254 1533 1321 1541 —
1354 1504 1424 1554 De
1453 1501 1637 1555 eadem
1661 1517 1737 1554 re.

556 1592 666 1656 Qui
699 1592 804 1646 sub
830 1591 1007 1661 gradu
1053 1591 1274 1656 cecidit,
1330 1596 1458 1661 post
1502 1590 1899 1661 panitentiam
1938 1593 2175 1643 conten-

480 1687 578 1735 tus
610 1681 710 1735 ﬁat
758 1680 1071 1749 baptizare,
1126 1680 1593 1733 communionem
1640 1678 1882 1732 inﬁrmis
1930 1677 2087 1745 dare,
2117 1681 2174 1729 et

477 1770 693 1824 altario
727 1769 1126 1823 tantummodo
1157 1768 1501 1821 ministrare.

880 1875 1008 1929 CAP.
1043 1874 1260 1928 LXXXI.
1295 1904 1362 1913 —
1391 1878 1464 1928 De
1494 1875 1677 1927 eadem
1705 1889 1780 1927 re.

551 1983 661 2051 (Em
695 1981 858 2035 dictis
886 1982 942 2036 S.
976 1980 1192 2049 Isidor.)
1248 1979 1498 2033 Isidorus
1546 1981 1604 2032 in
1636 1978 1932 2047 evangelio
1967 1976 2175 2046 Ephesi

471 2070 877 2141 prapositum,
912 2069 969 2123 id
996 2073 1098 2133 est,
1133 2069 1479 2121 sacerdotem
1509 2068 1760 2121 ostendit
1791 2068 1953 2137 juxta
1996 2065 2172 2118 Mala-

470 2160 672 2213 chiam
705 2158 806 2229 qui
834 2158 970 2212 dicit
1004 2174 1015 2211 :
1065 2157 1235 2211 Labia
1265 2156 1571 2209 sacerdotis
1620 2155 1946 2208 custodiunt
1992 2153 2171 2205 scien-

438 2249 644 2315 tiam,
678 2253 733 2300 et
759 2245 946 2316 legem
978 2246 1280 2314 exquirent
1309 2260 1378 2296 ex
1412 2260 1508 2296 ore
1540 2244 1663 2312 ejus
1697 2259 1709 2296 :
1752 2243 1886 2313 quia
1933 2242 2168 2310 angelus

472 2336 713 2391 Domini
751 2334 1101 2388 exercituum
1146 2339 1249 2386 est.
1312 2332 1731 2387 Candelabrum
1786 2331 1937 2383 enim
1982 2327 2172 2398 angeli

468 2423 741 2477 doctrina
796 2421 1125 2485 sacerdotis,
1202 2420 1291 2473 vel
1359 2420 1543 2473 honor
1621 2418 1936 2488 potestatis,
1997 2432 2167 2486 quam

470 2513 669 2582 gestat
723 2508 1082 2578 intelligitur.
1142 2506 1555 2562 Candelabrum
1584 2522 1735 2559 enim
1792 2504 2096 2558 sacerdotis
2150 2520 2163 2557 :

470 2600 621 2671 quia
650 2597 989 2651 charismata
1020 2596 1423 2664 intelliguntur
1465 2595 1720 2657 honoris,
1776 2599 1913 2646 tunc
1942 2593 2170 2663 penitus

463 2691 642 2759 juxta
661 2688 940 2741 Joannem
971 2688 1247 2748 movetur,
1271 2682 1500 2753 quando
1523 2688 1652 2751 post
1673 2682 1896 2745 delicta,
1913 2681 2170 2749 neglecta

468 2775 836 2847 paenitentia,
871 2773 1119 2827 admissa
1145 2772 1357 2824 scelera
1383 2786 1498 2823 non
1524 2770 1826 2823 deﬂentur.
1861 2769 1985 2821 Non
2014 2766 2168 2821 enim

463 2866 636 2931 dicit,
680 2863 817 2934 quia
872 2860 1127 2915 cecidisti
1190 2860 1432 2912 movebo
1505 2857 1913 2911 candelabrum
1979 2862 2165 2921 tuum,

466 2953 579 3008 sed
628 2952 736 3005 nisi
784 2949 1179 3020 paenitentiam
1228 2947 1433 3017 egeris,
1483 2946 1722 3000 movebo
1765 2944 2165 2999 candelabrum

462 3048 663 3096 tuum.

463 3149 606 3203 CAP.
641 3144 880 3198 LXXXII.
907 3171 974 3183 —
999 3141 1152 3206 Quod
1169 3145 1291 3210 post
1310 3144 1510 3207 septem
1535 3154 1703 3193 annos
1717 3140 2056 3207 poenitentem
2086 3152 2172 3191 sa-

546 3217 814 3271 cerdotem
844 3228 1071 3267 censura
1124 3227 1387 3267 canonum
1425 3213 1482 3265 in
1522 3213 1822 3279 pristinum
1854 3216 2055 3263 statum
2083 3225 2168 3262 1e-

540 3302 725 3341 meare
753 3286 1057 3355 praecipiat.

546 3377 701 3442 (Item
726 3373 911 3442 idem.)
952 3372 1243 3426 Canonum
1277 3384 1516 3424 censura
1574 3372 1700 3440 post
1733 3372 1949 3437 septem
1991 3382 2171 3420 annos

460 3479 733 3521 remeare
759 3462 1129 3533 panitentem
1159 3460 1507 3513 sacerdotem
1547 3458 1607 3511 in
1633 3462 1841 3510 statum
1865 3455 2171 3527 pristinum

459 3552 767 3626 pracepit,
801 3567 917 3604 non
950 3549 1267 3617 expletione
1312 3546 1530 3617 proprii
1558 3544 1796 3611 arbitrii,
1830 3544 1926 3597 sed
1984 3543 2170 3613 potius

461 3659 539 3697 ex
559 3639 839 3695 sententia
872 3637 1052 3693 divini
1077 3636 1299 3707 judicii.
1354 3635 1495 3688 Nam
1544 3633 1772 3703 legitur,
1823 3632 1957 3702 quia
1998 3630 2171 3685 Maria

460 3746 643 3785 soror
673 3732 859 3784 Aaron
890 3725 1269 3798 prophetissa,
1301 3724 1440 3776 dum
1497 3719 1922 3776 obtrectationis
1970 3719 2168 3772 adver-

460 3836 569 3875 sus
600 3818 809 3871 Mosem
839 3814 1170 3869 incurrisset
1200 3812 1489 3877 delictum,
1524 3811 1674 3864 illico
1700 3808 1963 3878 stigmate
1995 3808 2168 3877 lepra

459 3922 745 3980 percussa
774 3911 877 3958 est.
930 3904 1234 3972 Quumque
1264 3900 1497 3971 petisset
1538 3900 1727 3953 Mosen
1782 3903 1848 3950 ut
1891 3895 2165 3949 emunda-

458 4001 653 4059 retur,
678 3993 954 4064 pracepit
981 4008 1107 4045 eam
1136 3994 1297 4043 extra
1328 3994 1512 4041 castra
1559 3984 1752 4057 egredi
1805 3990 2023 4054 septem
2054 3984 2169 4037 die-

457 4087 599 4150 bus,
636 4088 691 4136 et
753 4086 878 4152 post
908 4079 1377 4134 emundationem
1423 4092 1618 4129 rursus
1678 4090 1801 4127 eam
1853 4074 2048 4125 castris
2077 4086 2166 4124 re-

454 4172 635 4227 verti.
673 4171 846 4225 Maria
890 4184 1028 4237 ergo
1069 4183 1233 4222 soror
1278 4168 1466 4219 Aaron
1516 4180 1645 4217 caro
1699 4162 2041 4232 intelligitur
2084 4177 2167 4213 sa-

455 4259 733 4316 cerdotis.
787 4256 923 4320 Qua
986 4254 1121 4308 dum
1176 4253 1457 4323 superbia
1517 4251 1707 4305 dedita
1759 4248 2161 4304 sordidissimis

454 4345 906 4415 corruptionum
960 4342 1280 4395 maculatur
1354 4340 1641 4394 erroribus
1699 4344 1956 4392 moretur
2006 4341 2164 4390 extra

455 4440 653 4491 castra
715 4437 934 4503 septem
993 4430 1211 4495 diebus,
1275 4428 1333 4482 id
1382 4434 1491 4493 eat,
1536 4444 1566 4480 a
1615 4427 1854 4497 collegio
1902 4425 2162 4479 Ecclesia

455 4526 682 4578 sancta
712 4525 928 4590 septem
965 4518 1127 4572 annis
1157 4517 1511 4587 projiciatur,
1547 4515 1755 4586 quibus
1796 4519 1924 4585 post
1967 4529 2161 4566 emen-

453 4610 758 4667 dationem
789 4608 1079 4672 vitiorum,
1112 4604 1226 4659 loci
1259 4604 1373 4658 sive
1396 4604 1654 4674 pristina
1687 4601 1980 4673 dignitatis
2019 4599 2163 4654 reci-

455 4702 594 4773 piat
619 4696 910 4751 meritum.

454 4808 601 4863 CAP.
621 4803 885 4859 LXXXIII.
908 4830 977 4841 —
994 4803 1067 4855 De
1081 4799 1272 4869 populi
1284 4799 1579 4922 qecessario
1592 4795 1735 4866 quod
1747 4796 1977 4850 inultum
1997 4796 2165 4849 soleat

870 4892 871 4895 η
1179 4885 1293 4922 pra
1318 4884 1471 4922 mre.

870 4892 871 4895 η
1176 4884 1471 4938 praterzre.

538 4964 664 5034 (Ea:
692 4962 837 5016 decr.
890 4959 1195 5015 Innocentii
1235 4972 1393 5025 papa
1435 4954 1699 5024 episcopis
1738 4954 1803 5007 de
1848 4952 2164 5008 Macedonia

449 5055 708 5118 missis.)
743 5048 1061 5104 Pravideat
1084 5062 1219 5116 ergo
1248 5044 1474 5099 dilectio
1506 5050 1694 5096 vestra
1724 5042 1997 5095 hactenus
2027 5040 2164 5094 talia

450 5142 755 5202 transisse,
790 5145 845 5192 et
875 5136 1149 5192 advertite
1180 5134 1335 5205 quod
1367 5133 1566 5203 utique
1598 5136 1661 5185 ut
1693 5130 1877 5185 dicitis
1925 5129 2165 5182 necessi-

450 5240 553 5288 tas
598 5227 921 5298 imperavit,
973 5224 1034 5277 in
1076 5240 1212 5294 pace
1294 5221 1465 5274 etiam
1517 5219 1787 5273 Ecclesias
1834 5218 2163 5271 constitutas

452 5334 587 5377 non
618 5332 781 5387 posse
816 5327 1188 5385 prasumere,
1224 5311 1319 5364 sed
1349 5315 1415 5362 ut
1448 5325 1596 5377 saepe
1628 5306 1854 5373 accidit,
1884 5304 2109 5374 quoties
2131 5322 2165 5358 a

453 5403 718 5479 populis,
752 5407 851 5453 aut
878 5418 908 5452 a
937 5398 1105 5452 turba
1135 5401 1420 5467 peccatur,
1445 5396 1582 5465 quia
1610 5394 1665 5446 in
1701 5408 1899 5446 omnes
1928 5396 2165 5460 propter

451 5490 896 5551 multitudinem
946 5503 1061 5539 non
1128 5489 1317 5554 potest
1360 5482 1639 5537 vindicari
1685 5481 1933 5534 inultum
1984 5480 2163 5531 solere

455 5579 733 5639 transire.
764 5576 959 5631 Priora
988 5589 1125 5644 ergo
1157 5571 1496 5627 dimittenda
1525 5569 1648 5624 dico
1681 5569 1782 5622 Dei
1806 5566 2046 5638 judicio,
2094 5567 2162 5620 de

830 5680 1107 5747 PATROL.
1161 5678 1330 5744 CXL.

2288 556 2399 622 hic,
2450 562 2515 608 ut
2552 556 2692 608 mihi
2742 555 2989 625 videtur,
3046 558 3150 612 iste
3198 560 3395 613 doctor
3448 561 3787 629 apostolicus
3837 562 3973 617 dicit

2289 660 2405 697 non
2430 644 2814 723 necessariam
2872 661 2993 698 esse
3046 648 3256 717 populo
3299 664 3404 717 pro
3450 648 3598 702 male
3653 650 3972 703 commissis

2287 748 2454 801 agere
2487 732 2903 802 paenitentiam,
2934 734 3030 788 sed
3062 735 3193 804 quia
3227 736 3284 789 in
3318 752 3519 789 omnes
3560 742 3793 807 propter
3824 741 3970 793 mul-

2286 816 2594 869 titudinem
2638 833 2754 870 non
2802 823 2993 887 potest
3038 820 3333 885 vindicari,
3384 820 3577 890 priora
3630 821 3970 877 dimittenda

2289 904 2387 958 Dei
2419 904 2658 973 judicio,
2690 905 2759 959 de
2791 906 3013 977 reliquo
3058 908 3307 962 maxima
3342 908 3721 964 sollicitudine
3750 927 3969 981 praea-

2209 1001 2213 1005 '
2286 993 2554 1059 vendum,
2588 1009 2657 1047 ne
2691 993 2846 1047 (iant.

2287 1100 2416 1154 CAP.
2451 1101 2711 1154 LXXXIV.
2737 1131 2805 1139 —
2826 1104 2895 1155 De
2914 1103 3025 1155 illis
3048 1104 3143 1171 qui
3162 1103 3414 1169 scabiem,
3439 1109 3535 1159 aut
3552 1106 3866 1161 vermiculos
3887 1123 3969 1162 co-

2716 1171 2955 1238 medunt,
2985 1175 3067 1226 vel
3088 1176 3305 1227 urinam
3336 1175 3541 1228 bibunt.

2357 1260 2464 1323 (Em
2492 1259 2855 1311 Paenitentiali
2886 1259 3083 1325 Beda.)
3114 1260 3221 1324 Qui
3257 1261 3505 1315 comedit
3552 1262 3818 1330 scabiem,
3871 1272 3970 1319 aut

2284 1346 2643 1412 vermiculos,
2674 1347 2772 1416 qui
2801 1347 3051 1417 pediculi
3084 1348 3373 1415 dicuntur,
3402 1351 3488 1403 vel
3543 1350 3769 1404 urinam
3804 1352 3966 1419 bibit,

2284 1435 2402 1488 sive
2432 1438 2681 1488 stercora
2712 1435 2963 1489 comedit
2993 1452 3008 1489 :
3041 1436 3087 1489 si
3117 1437 3364 1491 infantes
3394 1438 3508 1492 sint
3535 1440 3619 1492 vel
3652 1440 3841 1510 pueri,
3872 1457 3969 1495 va-

2284 1523 2520 1592 pulent;
2553 1522 2599 1575 si
2631 1522 2688 1575 in
2724 1523 2872 1577 virili
2923 1529 3112 1590 atate,
3139 1524 3341 1595 viginti
3372 1526 3492 1579 dies
3522 1527 3838 1596 paniteant
3867 1546 3878 1582 :
3914 1534 3969 1582 et

2284 1610 2510 1681 utrique
2543 1626 2670 1664 cum
2699 1611 3061 1682 impositione
3087 1628 3288 1667 manus
3318 1613 3569 1684 episcopi
3601 1621 3890 1670 sanentur.

2285 1717 2410 1771 CAP.
2436 1716 2661 1771 LXXXV.
2690 1747 2763 1791 _-_-
2783 1719 2855 1771 De
2874 1719 2983 1771 illis
3006 1720 3101 1787 qui
3118 1721 3427 1773 animaliaa
3450 1720 3631 1775 bestiis
3644 1721 3966 1791 dilacerata,

2619 1789 2700 1841 vel
2724 1789 2929 1856 laqueis
2958 1791 3305 1857 strangulata
3337 1792 3635 1846 comedunt.

2355 1877 2463 1939 (Ea:
2488 1876 2848 1929 Panitentiali
2900 1877 3195 1945 Theodori.)
3252 1877 3540 1933 Animalia
3570 1895 3697 1949 qua
3729 1895 3762 1933 a
3793 1880 3963 1950 lupis,

2286 1979 2381 2016 seu
2416 1964 2651 2018 canibus
2700 1965 3042 2031 lacerantur,
3087 1980 3207 2018 non
3254 1969 3387 2019 sunt
3432 1967 3803 2036 comedenda,
3864 1984 3966 2021 nec

2282 2065 2500 2117 cervus,
2544 2065 2648 2103 nec
2691 2066 2945 2120 capreus,
3006 2050 3051 2104 si
3085 2051 3299 2105 mortui
3325 2051 3541 2106 inventi
3587 2053 3817 2121 fuerint,
3854 2054 3963 2108 nisi

2281 2138 2425 2192 forte
2458 2138 2526 2193 ab
2584 2138 2817 2192 homine
2867 2138 3049 2193 adhuc
3092 2138 3218 2192 viva
3265 2140 3593 2193 occidantur
3644 2141 3821 2211 prius,
3868 2141 3967 2196 sed

2280 2226 2467 2295 porcis
2498 2231 2553 2279 et
2582 2226 2818 2280 canibus
2861 2227 3088 2281 dentur.
3138 2230 3283 2280 Aves
3330 2244 3462 2281 vero
3500 2233 3555 2281 et
3603 2238 3805 2284 catera
3843 2230 3967 2284 ani-

2280 2314 2472 2381 malia,
2501 2314 2548 2367 si
2586 2314 2647 2368 in
2690 2314 2907 2368 retibus
2961 2316 3412 2387 strangulantur,
3462 2332 3573 2371 non
3624 2323 3757 2372 sunt
3787 2335 3968 2373 come-

2279 2402 2464 2457 denda
2496 2420 2508 2456 :
2544 2419 2647 2456 nec
2677 2402 2725 2455 si
2776 2403 3043 2473 accipiter
3075 2404 3441 2474 oppresserit,
3474 2412 3531 2458 et
3560 2405 3605 2458 si
3637 2406 3713 2459 sic
3744 2412 3967 2460 mortua

2280 2490 2656 2544 inveniuntur
2682 2507 2695 2545 :
2729 2491 2861 2561 quia
2894 2491 2953 2544 in
2979 2492 3210 2546 Actibus
3232 2494 3616 2562 apostolorum
3639 2494 3969 2565 praecipitur

2280 2578 2563 2632 abstinere
2611 2595 2643 2631 a
2689 2579 3086 2648 fornicatione,
3142 2598 3172 2633 a
3223 2581 3520 2650 sanguine,
3573 2588 3629 2636 et
3672 2582 3964 2651 suffocato,

2277 2680 2333 2720 et
2360 2666 2700 2720 idololatria.

2348 2772 2477 2827 CAP.
2509 2772 2762 2827 LXXXVI.
2795 2802 2861 2810 -—
2892 2775 2966 2826 De
2985 2772 3203 2841 apibus,
3227 2776 3278 2827 si
3296 2775 3583 2829 occiderint
3608 2777 3891 2830 hominem.

2348 2876 2456 2944 (Ea:
2483 2876 2707 2945 eodem.)
2739 2880 2888 2946 Apes
2914 2876 2963 2929 si
2991 2878 3255 2931 occidunt
3282 2878 3596 2945 hominem,
3653 2880 3792 2951 ipsa
3817 2897 3965 2951 quo-

2277 2980 2388 3035 que
2418 2964 2594 3019 occidi
2620 2965 2979 3032 festinentur,
3008 2967 3118 3019 mel
3145 2971 3338 3019 tamen
3355 2967 3748 3023 manducetur.

2281 3071 2408 3125 CAP.
2432 3070 2709 3125 LXXXVII.
2733 3099 2801 3109 —
2823 3074 2895 3125 De
2913 3074 3090 3139 porcis
3115 3077 3163 3125 et
3184 3073 3425 3139 gallinis,
3451 3075 3500 3127 si
3523 3077 3839 3141 sanguinem
3864 3076 3965 3130 ho-

2857 3145 3021 3196 minis
3042 3143 3385 3197 comederint.

2351 3244 2459 3305 (Ea:
2487 3243 2712 3315 eodem.)
2760 3244 2815 3299 Si
2846 3246 3007 3316 porci
3036 3246 3123 3299 vel
3151 3246 3378 3317 gallina
3409 3249 3748 3318 sanguinem
3780 3251 3965 3305 bomi-

2278 3332 2369 3386 nis
2396 3335 2723 3399 comedunt,
2757 3349 2886 3387 mox
2920 3334 3268 3401 occidantur,
3306 3340 3362 3388 et
3400 3336 3630 3391 intralia
3660 3339 3964 3408 projician-

2278 3426 2393 3487 tur,
2428 3428 2482 3475 et
2510 3427 2710 3476 catera
2740 3438 2871 3475 caro
2924 3423 3316 3476 manducetur.
3355 3423 3414 3477 Si
3462 3430 3649 3479 autem
3707 3427 3966 3481 tardatur

2279 3510 2505 3577 occisio,
2536 3527 2653 3563 non
2683 3510 3072 3563 manducetur.
3111 3511 3168 3565 Si
3217 3516 3407 3565 autem
3442 3513 3713 3567 cadavera
3747 3515 3963 3569 lacera-

2277 3600 2460 3651 verint
2488 3603 2865 3665 mortuorum,
2900 3603 3280 3665 macerentur,
3332 3604 3389 3652 et
3432 3606 3563 3669 post
3600 3602 3735 3655 anni
3781 3603 3965 3657 circu-

2275 3685 2395 3739 lum
2435 3686 2828 3740 comedantur.
2879 3685 2936 3740 Si
2983 3695 3173 3739 autem
3214 3686 3372 3756 porci
3421 3688 3732 3743 occiderint
3775 3691 3964 3744 homi-

2276 3788 2431 3839 nem,
2466 3772 2657 3827 statim
2687 3773 3106 3827 interticiantur
3127 3780 3182 3827 et
3212 3774 3579 3844 sepeliantur.

2278 3877 2406 3932 CAP.
2443 3879 2750 3934 LXXXVIII.
2784 3908 2853 3920 —
2887 3880 2966 3933 De
2985 3881 3093 3933 illis
3114 3882 3233 3949 lqui
3264 3896 3475 3934 carnem
3508 3883 3859 3950 immundam,
3883 3886 3965 3939 vel

2804 3953 3148 4004 morticinam
3173 3952 3472 4005 comedunt.

2349 4058 2453 4117 (Ea:
2482 4055 2705 4127 eodem.)
2737 4056 2843 4121 Qui
2869 4057 3175 4111 manducet
3193 4072 3424 4111 carnem
3452 4059 3833 4121 immundam,
3867 4066 3965 4115 aut

2277 4144 2660 4213 morticinam,
2695 4150 2791 4199 aut
2819 4142 3186 4200 dilaceratam
3219 4163 3249 4198 a
3291 4146 3509 4212 bestiis,
3554 4149 3637 4202 XL
3689 4149 3810 4203 dies
3840 4166 3961 4219 pa-

2275 4232 2500 4287 niteat:
2558 4233 2605 4285 si
2657 4232 2811 4286 enim
2856 4234 3187 4289 necessitate
3239 4234 3405 4288 famis
3429 4236 3727 4307 contingit,
3780 4240 3961 4294 multo

2274 4320 2452 4373 levius
2482 4324 2584 4373 est.

2272 4426 2399 4479 CAP.
2419 4426 2673 4481 LXXXIX.
2688 4455 2759 4466 —
2773 4429 2844 4480 De
2854 4427 2965 4481 illis
2988 4428 3083 4494 qui
3100 4428 3274 4481 cibum
3286 4428 3567 4482 immunda
3578 4445 3742 4483 manu
3761 4435 3961 4487 tactum

2341 4497 2682 4560 comederint,
2730 4499 2814 4549 vel
2867 4499 2917 4549 si
2961 4500 3132 4564 canis,
3187 4504 3281 4551 aut
3329 4499 3554 4567 aliquod
3599 4504 3809 4556 animal
3860 4507 3961 4557 im-

2340 4567 2599 4620 mundum
2629 4567 2802 4619 cibum
2830 4568 3082 4633 tetigerit.

2342 4672 2450 4737 (Ea:
2498 4670 2720 4740 eodem.)
2768 4672 2927 4735 Quod
2972 4672 3018 4725 si
3068 4687 3199 4725 casu
3253 4672 3381 4742 quis
3436 4672 3737 4729 immunda
3782 4692 3957 4733 manu

2270 4758 2462 4813 cibum
2514 4757 2718 4829 tangit,
2766 4759 2855 4811 vel
2909 4758 2953 4811 si
3005 4758 3180 4826 canis,
3230 4760 3315 4812 vel
3383 4760 3555 4830 pilax,
3598 4766 3698 4815 aut
3754 4768 3956 4833 cattus,

2272 4862 2485 4911 musve,
2528 4850 2625 4899 aut
2647 4846 2857 4899 animal
2898 4846 3284 4914 immundum,
3321 4847 3661 4917 sanguinem
3706 4850 3959 4907 hominis

2271 4936 2407 5003 edit,
2440 4950 2558 4988 non
2587 4938 2775 4999 nocet,
2808 4938 2863 4988 et
2884 4934 2984 5004 qui
3013 4950 3118 5004 pro
3150 4935 3483 4990 necessitate
3526 4936 3693 4991 famis
3722 4941 3959 4996 mandu-

2270 5028 2360 5078 cat
2385 5023 2598 5077 animal
2631 5023 2782 5093 quod
2827 5022 3193 5077 immundum
3242 5023 3491 5093 videtur,
3536 5026 3624 5079 vel
3656 5042 3837 5096 avem,
3871 5031 3958 5086 vel

2269 5112 2533 5180 bestiam,
2556 5110 2997 5165 misericorditer
3016 5112 3307 5182 poeniteat.

2272 5218 2398 5273 CAP.
2431 5217 2533 5271 XC.
2578 5246 2644 5258 —
2675 5218 2757 5270 De
2784 5218 2896 5271 illis
2927 5220 3023 5285 qui
3050 5221 3313 5285 sanguine
3339 5219 3421 5271 vel
3449 5217 3657 5286 aliquo,
3682 5224 3958 5279 immundo

2945 5289 3285 5356 polluuntur.

2343 5394 2452 5459 (Ea:
2478 5391 2699 5462 eodem.)
2728 5392 2835 5456 Qui
2855 5392 3152 5462 sanguine,
3185 5393 3268 5445 vel
3290 5409 3634 5466 quocunque
3656 5397 3958 5455 immundo

2273 5479 2569 5547 polluitur,
2606 5478 2653 5531 si
2684 5480 2861 5533 nescit
2890 5480 2989 5550 qui
3022 5479 3348 5545 manducet,
3378 5481 3496 5535 leve
3522 5490 3608 5538 est
3640 5501 3653 5538 :
3688 5486 3735 5540 si
3768 5493 3957 5543 autem

2273 5565 2393 5631 scit,
2428 5565 2700 5634 poeniteat
2723 5566 2888 5635 juxta
2916 5566 3151 5619 modum
3179 5567 3528 5636 pollutionis.

3567 5682 3650 5740 32
