3944 6396
311 359 447 414 1003
1400 356 1809 411 BUBCHARDI
1847 356 1868 406 Ἰ

2306 355 2380 413 lIS
2418 353 2736 411 EPISCOPI
3693 358 3713 411 l
3733 356 3863 409 004

309 484 439 539 CAP.
467 482 596 538 XCI.
654 510 724 520 —
751 480 834 534 De
878 480 991 535 illis
1023 483 1122 549 qui
1138 482 1485 557 sanguinem,
1529 485 1626 535 aut
1657 496 1832 536 semen
1864 482 2003 536 bibe—
2033 483 2081 539 A
2120 484 2336 553 porale,
2411 483 2528 538 imo
2611 483 3021 538 detrimentum
3080 483 3337 555 spiritale
3394 502 3428 539 a
3473 501 3867 557 quocunque

910 638 920 649 ι
1091 552 1228 649 rint-
1473 644 1482 649 Δ
1944 641 1977 649 ,Δ
2118 552 2347 643 publice
2393 577 2682 643 peccante,
2738 573 2821 626 vel
2879 552 3204 627 incestuoso
3249 552 3511 643 accipiat,
3562 580 3633 629 ut
3707 552 3864 644 epi-

381 642 487 711 (Ex
531 637 757 708 eodem.)
819 638 926 703 Qui
982 639 1341 710 sanguinem,
1391 644 1491 693 aut
1540 655 1735 695 semen
1774 640 1938 695 biber

2304 702 2310 724 ,
2360 662 2447 714 vel
2490 660 2767 714 ministris
2820 662 2943 731 ejus
2984 667 3284 731 peccatum
3331 662 3487 715 illius
3537 664 3861 717 reticeat:

309 730 491 784 sciens
519 744 624 798 pro
656 728 849 798 aliqua
879 744 961 794 re,
993 732 1108 781 tres
1136 744 1318 782 annos
1355 728 1647 798 paeniteat.

2311 765 2372 802 ro
2431 754 2690 819 respectu
2760 750 3039 820 cujusque
3095 766 3380 820 personas,
3436 756 3538 805 aut
3581 767 3864 806 consan-

345 818 473 871 Cae.
508 817 665 871 XCII.
703 847 771 855 —
807 819 882 870 De
898 816 1141 884 piscibus
1161 818 1388 870 mortuis
1409 818 1470 869 in
1485 818 1704 884 ﬂumine
1725 819 1902 871 inveni

2300 836 2440 902 :atis,
2484 838 2575 891 vel
2630 838 3059 904 familiaritatis,
3131 839 3334 893 alienis
3385 842 3857 894 communicaris

382 907 494 976 (Em
527 903 975 1002 FOd‘Em-lpiSCiS
1039 909 1302 1002 ξηοτίυυδ
1351 904 1411 1002 in
1458 904 2011 1002 Πυφξηθβυνξὲηξω
2119 926 2381 995 peccatis,
2441 926 2547 980 hoc
2611 926 2879 996 episcopo
2962 926 3321 981 innotescere
3366 930 3674 997 detrectet,
3731 945 3865 983 nec

310 1011 430 1085 ηλοῐι
456 999 543 1047 θεῖ
591 993 894 1085 ἓάθηά-υδε
959 992 1264 1085 (Ιυίδῄηοξι
1307 997 1391 1045 θεῖ
1433 992 2006 1085 Ῠθηθίίίζδξδωίηίδε
2120 992 2155 1067 a
2222 1029 2519 1085 quoquam
2591 992 2923 1083 paenitentia,
2988 1020 3087 1067 aut
3162 1015 3365 1085 gratia,
3438 1023 3538 1069 aut
3607 992 3862 1084 favore,

312 1082 519 1173 ξίνίῗῐό
550 1081 821 1173 Ρίὲοδηάο
851 1085 1052 1173 ,ωαψς
1101 1079 1295 1173 fuerit;
1345 1087 1403 1134 et
1450 1082 1592 1173 ίΡ⁵⁰Δ
1623 1081 1714 1135 die
1745 1082 2012 1173 ίηνεῖηξιξε
2122 1107 2222 1156 aut
2260 1118 2470 1155 munus
2527 1103 2817 1171 suscipere
2861 1109 3193 1172 praesumat,
3246 1109 3346 1159 aut
3398 1105 3593 1158 minus
3650 1105 3862 1173 digne

309 1171 505 1238 fuerit,
540 1170 640 1241 qui
683 1187 795 1224 non
851 1170 1091 1236 haesitat,
1126 1169 1450 1236 manducet,
1498 1170 1597 1241 qui
1629 1174 1819 1224 autem
1853 1188 1866 1224 ι

2305 1196 2496 1244 entem
2560 1191 2633 1245 ad
2694 1192 3224 1245 reconciliationem
3311 1192 3577 1259 adducat,
3658 1200 3722 1247 et
3796 1194 3861 1247 ei

310 1264 413 1327 tat,
450 1275 568 1313 non
608 1259 933 1312 manducet.

2303 1279 2510 1333 [ouium
2569 1279 3029 1333 reconcilationis
3103 1280 3268 1348 ferat,
3327 1282 3415 1335 vel
3474 1298 3860 1353 quocunque

357 1371 485 1423 CAP.
516 1367 705 1422 XCIII.
748 1397 818 1406 -—
857 1369 928 1420 De
958 1367 1167 1420 clericis
1198 1368 1358 1434 quia
1389 1365 1649 1420 daemonio
1682 1372 1975 1422 vexantur.
2123 1368 2300 1421 livore
2348 1368 2525 1420 alium
2592 1367 2890 1437 quenlibet
2947 1368 3178 1439 dignius
3225 1369 3599 1439 pmnitentem
3656 1386 3694 1423 a
3754 1386 3861 1424 re-

386 1458 504 1528 (Εω
524 1458 747 1512 concilio
768 1457 1329 1525 Aurelian.,cap.6.)
1358 1456 1417 1510 Si
1440 1458 1569 1527 quis
1591 1456 1830 1511 clericus
1850 1472 2014 1510 vexa-
2122 1456 2518 1511 conciliatione
2573 1462 2865 1509 removeat
2932 1471 2945 1509 :
3015 1458 3154 1527 quia
3240 1458 3346 1511 hoc
3403 1458 3852 1529 symoniacum,

312 1552 406 1601 tus
447 1547 623 1600 fuerit
679 1560 709 1599 a
759 1544 1071 1609 dmmonio,
1141 1545 1335 1598 decem
1385 1561 1569 1598 annos
1613 1545 1907 1615 paeniteat,
1958 1550 2016 1599 et
2124 1550 2180 1599 et
2212 1546 2324 1599 Deo
2351 1550 2406 1598 et
2434 1544 2765 1598 hominibus
2795 1545 3147 1598 contrarium
3181 1551 3283 1599 est.

312 1636 466 1690 inter
491 1635 791 1689 audientes
841 1639 969 1698 stet,
1020 1638 1076 1687 et
1126 1633 1194 1686 ad
1243 1650 1432 1686 sacros
1483 1633 1716 1687 ordines
1764 1651 1869 1688 non

2301 1652 2370 1706 II.
2432 1680 2502 1691 —
2567 1653 2643 1705 De
2707 1652 2817 1705 illis
2880 1655 2977 1719 qui
3043 1655 3408 1707 truncationes
3463 1654 3858 1708 membrorum

314 1726 574 1779 ducatur.
608 1722 666 1777 Si
698 1723 842 1819 bene
874 1721 1083 1819 egerit,
1200 1721 1435 1819 per-Dei
1463 1721 1710 1819 gratiam
1738 1722 2014 1776 liberatus
2050 1766 2089 1819 Β
2204 1810 2213 1819 ⁸
2852 1725 3099 1788 fecerint.

313 1814 506 1875 fuerit,
540 1812 611 1864 sit
640 1811 697 1864 in
721 1810 959 1881 reliquis
991 1808 1194 1863 officiis
1221 1810 1631 1863 ecclesiasticis.
2050 1808 2088 1819 ν
2198 1810 2307 1881 (Em
2346 1811 2717 1865 Pasnilentiali
2790 1811 3073 1882 Romano.)
3136 1810 3245 1875 Qui
3308 1827 3412 1881 per
3466 1810 3651 1865 rixam
3716 1813 3858 1868 ictu

317 1921 445 1975 CAP.
483 1917 666 1973 XCIV.
727 1947 795 1956 _
823 1920 896 1971 De
922 1918 1034 1970 mis
1062 1918 1160 1984 qui
1189 1922 1477 1985 ρανρηιωη
1499 1916 1747 1970 honorem
1768 1931 1875 1971 non
1903 1931 2016 1971 εεν-
2129 1899 2402 1967 debilem,
2452 1900 2536 1953 vel
2612 1898 2925 1953 deformem
2996 1899 3292 1953 hominem
3362 1899 3583 1966 fecerit,
3631 1901 3859 1955 reddat

1090 1992 1242 2041 vani.
2126 1989 2416 2060 impensas
2484 1987 2710 2054 medici,
2799 1992 2856 2040 et
2920 1988 3177 2041 medium
3244 2004 3460 2041 annum
3527 1992 3850 2059 paeniteat.

388 2079 498 2143 (Em
552 2076 917 2131 Paenitentiali
964 2078 1249 2141 Romano.)
1306 2074 1364 2129 Si
1414 2074 1542 2145 quis
1584 2074 2020 2129 inhonoraverit
2126 2078 2182 2133 Si
2233 2092 2350 2130 non
2398 2075 2666 2129 habuerit
2725 2075 2877 2129 unde
2949 2075 3168 2142 reddat,
3214 2092 3432 2129 annum
3486 2092 3673 2130 unum
3716 2094 3852 2148 p03-

314 2171 539 2237 patrem
566 2169 666 2217 aut
722 2169 984 2229 matrem,
1035 2169 1150 2217 tres
1199 2178 1379 2216 annos
1421 2162 1708 2233 pceniteat.
1760 2162 1920 2226 Quod
1970 2161 2018 2215 si
2125 2167 2323 2221 niteat.
2379 2165 2435 2220 Si
2476 2164 2653 2218 laicus
2710 2180 2814 2234 per
2870 2164 3068 2218 dolum
3126 2165 3471 2234 sanguinem
3535 2164 3852 2233 effuderit,

318 2268 556 2306 manum
624 2250 911 2317 levaverit,
974 2255 1073 2303 aut
1141 2248 1195 2302 ei
1246 2249 1675 2318 percussionem
1730 2248 2011 2303 intulerit.
2126 2254 2327 2309 reddat
2381 2253 2464 2307 illi
2523 2258 2748 2306 tantum
2780 2258 3061 2323 quantum
3108 2253 3343 2306 nocuit:
3377 2259 3434 2305 et
3472 2252 3678 2306 sinon
3733 2253 3852 2308 ha-

320 2344 539 2409 septem
562 2337 1055 2406 annospwniteat-
2128 2344 2223 2397 bet
2274 2341 2429 2397 unde
2495 2341 2716 2407 reddat,
2770 2343 2950 2395 solvat
3029 2342 3090 2395 in
3153 2356 3329 2412 opera
3411 2342 3665 2411 proximi
3721 2345 3851 2411 sui,

320 2444 448 2499 CAP.
498 2442 649 2498 XCV.
698 2472 766 2483 —
802 2442 955 2508 Quod
982 2443 1269 2511 paenitenti
1312 2442 1466 2496 nulla
1509 2444 1726 2509 negotia
1770 2458 1877 2496 exei

2297 2458 2300 2484 l
2352 2429 2448 2485 diu
2508 2429 2603 2483 ille
2660 2428 2927 2483 infirmus
2998 2436 3104 2496 est,
3164 2437 3221 2484 et
3275 2435 3473 2500 postea
3536 2430 3623 2485 XL
3715 2431 3854 2485 dies

1021 2516 1319 2566 conveniat.
2127 2519 2185 2573 in
2219 2534 2367 2590 pane
2406 2522 2461 2572 et
2481 2533 2630 2588 aqua
2658 2517 2949 2588 paeniteat.

393 2604 504 2668 (Em
533 2602 675 2657 decr.
712 2603 902 2656 Leonis
930 2617 1110 2671 papae,
1134 2604 1310 2670 capite
1332 2600 1442 2671 ‘23.)
1475 2600 1727 2665 Qualiter
1755 2601 1897 2655 lucri
1921 2618 2017 2655 ne-
2581 2607 2707 2660 CAP.
2741 2604 2853 2658 CII.
2889 2634 2958 2647 -—-
2986 2608 3061 2660 De
3084 2605 3268 2659 eadem
3298 2622 3373 2661 re.

319 2693 664 2764 gociantem.
687 2696 784 2745 aut
806 2696 1053 2757 excusat,
1088 2697 1187 2742 aut
1216 2691 1407 2759 arguit
1436 2705 1449 2742 :
1477 2690 1611 2759 quia
1639 2694 1722 2743 est
1743 2687 2017 2743 honestus
2201 2695 2312 2765 (Ea:
2359 2694 2734 2749 Paenitentiali
2789 2693 2947 2748 Bede
3046 2694 3392 2766 presbyteri.)
3469 2695 3577 2760 Qui
3652 2696 3849 2751 ictum

319 2787 577 2853 questus,
619 2787 676 2834 et
704 2780 906 2849 turpis.
943 2779 1351 2831 Verumtamen
1377 2778 1681 2847 pmnitenti
1717 2778 1913 2831 utilius
1936 2782 2020 2831 est
2128 2784 2392 2855 proximo
2450 2782 2689 2847 dederit,
2747 2786 2803 2835 et
2861 2797 2976 2835 non
3036 2784 3312 2851 nocuerit,
3368 2789 3485 2837 tres
3545 2784 3672 2838 dies
3730 2802 3855 2857 pce-

317 2869 615 2939 dispendia
667 2868 807 2937 pati,
867 2883 1041 2937 quam
1102 2866 1370 2936 perieulis
1439 2864 1847 2935 negotiationis
1908 2864 2015 2918 οὶ)-
2128 2872 2309 2925 niteat
2365 2870 2426 2924 in
2485 2886 2633 2940 pane
2693 2874 2751 2923 et
2804 2886 2971 2941 aqua.
3028 2870 3085 2925 Si
3141 2871 3403 2933 clericus,
3469 2887 3692 2926 annum
3750 2875 3852 2927 vel

318 2959 523 3027 stringi
555 2973 567 3011 :
602 2957 740 3027 quia
767 2956 1001 3010 difﬁcile
1033 2960 1120 3007 est
1165 2954 1317 3007 inter
1365 2958 1642 3020 ementes,
1675 2953 2015 3007 vendentes-
2128 2959 2454 3014 dimidium.
2532 2957 2591 3013 Si
2655 2957 2784 3028 quis
2881 2958 3060 3028 aliqui
3143 2959 3443 3029 quodlibet
3499 2962 3850 3016 membrum

319 3063 431 3117 que
462 3046 892 3110 commertium,
926 3059 1043 3097 non
1072 3042 1417 3095 intervenire
1448 3050 1764 3111 peccatum.
2050 3051 2091 3107 C
2128 3047 2424 3101 voluntate
2452 3062 2556 3099 sua
2584 3046 2953 3112 truncaverit,
2985 3052 3095 3099 tres
3112 3062 3294 3100 annos
3316 3049 3615 3116 poeniteat,
3650 3065 3851 3103 unum

319 3153 449 3207 CAP.
481 3152 667 3207 XCVI.
705 3180 771 3190 -—
814 3152 881 3205 Ut
912 3148 1212 3203 sacerdotes
1250 3149 1391 3201 nulli
1426 3150 1797 3216 paenitentiam
1831 3149 1876 3201 ir

2292 3136 2367 3189 nis
2432 3134 2494 3188 in
2558 3150 2708 3205 pane
2775 3139 2831 3189 et
2930 3150 3098 3205 aqua.
3165 3135 3393 3189 Parvuli
3457 3138 3703 3191 invicem
3783 3154 3849 3193 se

653 3226 787 3290 gant
816 3236 883 3274 ea:
915 3222 1090 3286 corde,
1123 3219 1217 3272 sed
1246 3235 1314 3272 ea:
1343 3225 1683 3272 auctoritate.
2124 3224 2533 3297 percutientes,
2590 3228 2706 3277 tres
2762 3222 2884 3278 dies
2918 3238 2933 3276 :
2975 3222 3032 3279 Si
3087 3239 3218 3277 vero
3272 3223 3686 3291 adolescentes,
3752 3226 3848 3281 XX

392 3312 498 3380 (Ea:
588 3311 773 3363 concil.
838 3309 1105 3374 Mogunt.,
1191 3322 1311 3376 cap.
1394 3306 1511 3373 24.)
1586 3306 1864 3360 Omnibus
1924 3305 2015 3361 his
2126 3314 2245 3369 dies
2273 3313 2611 3386 paeniteant.

319 3407 457 3453 actis
507 3398 779 3488 ventilata
827 3402 911 3486 est
959 3394 1102 3448 ratio
1161 3396 1528 3488 paenitentiae,
1572 3401 1648 3488 ‘ut
1693 3394 2014 3488 sacerdotes
2126 3419 2252 3474 CAP.
2288 3419 2426 3475 ειη.
2466 3446 2538 3459 __
2603 3420 2678 3473 De
2742 3417 2856 3471 illis
2936 3416 3034 3485 qui
3099 3419 3357 3472 ducatum
3418 3423 3713 3488 pratum,
3795 3426 3849 3475 et

319 3488 527 3542 certius
556 3477 968 3554 intelligerent,
1006 3482 1300 3554 quomodo
1343 3483 1730 3535 confessiones
1762 3483 2014 3553 recipere
2374 3488 2770 3558 depraedatores
2801 3477 2963 3558 super
2992 3490 3332 3544 Christianos
3364 3477 3589 3545 ducunt.

318 3583 374 3631 et
417 3575 813 3647 pmnitentiam
863 3574 1177 3626 secundum
1208 3571 1542 3625 canonicam
1590 3570 2014 3635 institutionem
2195 3579 2317 3647 (Em
2375 3578 2745 3632 Paenitentiali
2800 3577 3085 3645 Romano.)
3138 3577 3194 3632 Si
3254 3578 3384 3649 quis
3437 3579 3662 3648 pra-bet
3723 3581 3847 3635 du-

316 3665 727 3737 pceniteutibus
761 3662 1031 3717 deberent
1062 3660 1336 3715 indicare.
2124 3673 2316 3720 catum
2366 3681 2540 3736 super
2596 3665 2944 3719 Christianos
3001 3671 3065 3719 ut
3116 3666 3540 3736 depraedentur,
3596 3672 3656 3721 et
3715 3685 3848 3723 non

316 3775 440 3828 CAP.
487 3771 685 3826 XCVII.
736 3799 805 3808 —
839 3770 906 3824 Ut
935 3769 1310 3836 unusquisque
1346 3765 1631 3835 presbyter
1666 3771 1779 3821 octo
1799 3769 2011 3836 primi-
2125 3754 2391 3810 acciderit
2458 3760 2674 3824 strages
2729 3752 3207 3822 Christianorum,
3270 3758 3386 3807 tres
3447 3771 3628 3808 annos
3716 3773 3850 3828 poe-

703 3842 1030 3910 paliauitia
1058 3854 1155 3906 per
1184 3840 1429 3892 ordinem
1457 3843 1614 3892 sciat.
2124 3844 2323 3899 niteat.
2382 3841 2480 3897 Sin
2551 3858 2700 3903 vero,
2768 3842 2964 3912 ejectis
3047 3842 3244 3910 armis,
3304 3859 3484 3914 usque
3549 3844 3619 3899 ad
3668 3861 3841 3900 mor-

388 3932 504 4001 (Ea:
532 3929 732 3996 eodem,
764 3944 884 3997 cap.
917 3931 994 3994 5.)
1027 3928 1305 3980 Ventilata
1340 3929 1425 3979 est
1476 3925 1622 3979 ratio
1681 3930 1808 3979 octo
1861 3923 2015 3995 prin-
2125 3938 2243 3986 tem
2272 3931 2487 3985 mundo
2519 3937 2781 3984 mortuus
2819 3931 2988 3984 vivat,

314 4020 587 4090 cipulium
648 4018 941 4083 vitiorum,
1046 4020 1109 4068 ut
1187 4013 1552 4084 unusquique
1625 4012 2011 4067 diversitatem
2160 4020 2289 4074 CAP,
2333 4019 2464 4073 CIV.
2492 4048 2560 4057 —
2608 4021 2682 4072 De
2711 4019 2825 4071 illis
2858 4020 2955 4085 qui
2983 4034 3080 4086 per
3108 4034 3343 4072 amorem
3371 4021 3592 4089 veneﬁci
3618 4022 3792 4088 ﬁunt.

314 4108 547 4161 illorum
576 4105 734 4171 sciat,
775 4112 829 4158 et
856 4104 928 4158 ab
963 4103 1075 4157 illis
1114 4102 1346 4157 domino
1377 4101 1687 4155 auxiliante
1731 4117 1789 4154 se
1844 4100 2013 4154 intcl-
2198 4110 2309 4177 (Em
2357 4109 2724 4162 Pmnitensiali
2804 4107 3108 4173 Theodori.)
3183 4108 3239 4160 Si
3306 4108 3437 4178 quis
3497 4124 3602 4179 per
3667 4125 3841 4165 amo-

315 4207 457 4275 ligat
485 4202 789 4267 custodire,
823 4207 877 4254 et
902 4200 1030 4254 aliis
1060 4200 1391 4270 praedicare.
2125 4212 2247 4251 rem
2323 4195 2607 4249 veneﬁcus
2701 4195 2785 4261 fit,
2863 4199 2919 4249 et
2995 4194 3290 4249 neminem
3366 4196 3705 4267 perdiderit.
3783 4200 3844 4254 Si

317 4296 443 4350 CAP.
464 4294 774 4348 XCVIII.—
812 4292 876 4345 Ut
912 4289 1213 4344 sacerdotes
1236 4288 1525 4353 diligenter
1548 4284 1857 4341 examinem
1892 4302 2011 4341 con.
2043 4335 2084 4357 η
2127 4284 2364 4349 clericus
2423 4288 2525 4349 est,
2591 4299 2810 4337 annum
2874 4283 3174 4353 paeniteat,
3227 4284 3289 4337 in
3336 4300 3485 4354 pane
3542 4291 3601 4339 et
3653 4302 3839 4357 aqua.

900 4335 1506 4431 essentesset.“
2041 4335 2085 4389 ο
2122 4335 2457 4429 gf";ng

3229 4335 3288 4337 ——
3336 4335 3361 4354 .~
3549 4335 3600 4339 η
3656 4335 3838 4357 Ἴη-

2284 4372 2665 4438 subdiaconus,
2753 4372 2889 4426 duo.
2960 4372 3019 4427 Si
3088 4372 3382 4441 diaconus,
3443 4378 3580 4440 tres,
3646 4390 3841 4430 unum

386 4453 494 4524 (Ea:
545 4452 744 4515 eodem,
814 4465 935 4520 cap.
996 4448 1073 4520 6.)
1136 4448 1205 4503 Ut
1263 4446 1519 4519 episcopi
1579 4451 1636 4501 et
1692 4446 1943 4518 presbyti

2284 4461 2352 4515 iis
2417 4460 2476 4514 in
2540 4476 2690 4531 pane
2757 4466 2816 4514 et
2875 4475 3047 4530 aqua,
3130 4466 3188 4513 et
3254 4460 3431 4514 laicus
3495 4460 3841 4518 dimidium-

312 4540 644 4597 examinent
682 4539 928 4610 qualiter
966 4535 1374 4591 conﬁtentibus
1422 4540 1653 4606 peccata
1701 4534 2015 4604 dijudicent
2121 4565 2338 4605 annum
2368 4549 2661 4620 poeniteat,
2695 4548 2940 4602 maxime
2964 4548 3010 4602 si
3043 4564 3147 4619 per
3177 4549 3283 4603 hoc
3314 4550 3574 4603 mulieris
3595 4558 3836 4620 parum,

313 4636 370 4685 et
406 4636 633 4700 tempus
653 4626 1005 4699 Ραθιιίίθηίίαδ
1036 4625 1406 4678 constituam-
1798 4709 1809 4711 Α
2122 4638 2367 4711 quisque
2421 4637 2729 4709 deceperit,
2781 4642 2895 4691 tres
2928 4653 3111 4691 annos
3162 4638 3560 4709 unusquisque
3618 4656 3838 4711 super-

314 4718 442 4798 CArr.
726 4745 798 4798 —_
861 4716 929 4798 Ut
975 4713 1182 4798 singuli
1236 4711 1544 4798 presbyteri
1567 4709 1856 4798 Lcapitulu

2122 4709 2329 4798 augeat
2357 4726 2417 4779 in
2442 4742 2589 4796 pane
2612 4730 2666 4778 et
2694 4741 2863 4796 aqua,
2895 4742 2965 4779 ne
2998 4725 3322 4780 homicidiis
3354 4742 3485 4780 reus
3517 4727 3608 4781 sit.

385 4789 699 4843 cloritativa
779 4786 1014 4839 habeant
1094 4782 1169 4836 ad
1250 4781 1676 4837 succurrendum
1740 4782 2009 4853 pceniten-
2197 4781 2231 4798 υ
2442 4781 2462 4796 ⁵
2746 4781 2766 4842 Ῐ
2810 4781 2862 4842 .’
2987 4833 2998 4843 .
3235 4834 3298 4844 ..
3514 4835 3525 4845 .

388 4860 528 4888 κληι.
2120 4831 2250 4887 Car.
2311 4830 2416 4885 CV.
2484 4859 2554 4871 —
2604 4833 2677 4884 De
2734 4832 2847 4884 illis
2900 4847 2996 4888 aut
3056 4830 3324 4885 haereticis
3377 4836 3694 4888 nescientes.
3751 4836 3838 4888 vel

384 4860 549 4914 tibus.
1740 4847 1757 4853 '
2120 4847 2250 4887 uae.
2311 4847 2416 4885 ev.
2448 4859 2554 4914 .--
2604 4847 2677 4884 ue
2734 4847 3014 4914 illianul.
3056 4847 3324 4914 naereuczs
3377 4847 3694 4914 nescientes,
3751 4850 3816 4889 ve

2378 4903 2603 4956 scientes
2641 4916 2697 4954 se
2725 4904 2786 4955 in
2813 4902 3092 4970 aliquibus
3115 4904 3566 4956 commiscuerint.

2190 4993 2300 5057 (Ea:
2344 4990 2489 5043 decr.
2531 4991 2858 5058 Eutychian.
2902 4992 3109 5059 papa.)
3156 4990 3213 5045 Si
3270 4990 3399 5062 quis
3448 4991 3693 5057 dederit,
3732 4998 3838 5047 aut

2121 5078 2407 5149 exceperit
2470 5078 2940 5131 communionem
2996 5078 3066 5133 de
3150 5093 3329 5132 manu
3412 5079 3697 5145 haeretici,
3777 5086 3837 5135 et

2119 5167 2299 5223 nescit
2352 5165 2506 5237 quod
2561 5166 2845 5219 catholica
2905 5165 3149 5220 Ecclesia
3206 5167 3570 5231 contradicit,
3630 5173 3835 5238 postea

312 5254 1369 5366 ius}:'ciurbiwziiebiieienqui
1427 5294 2011 5366 culpas_peccantium
2118 5254 2766 5366 ῗῗῗῗ¹¹ἷὲθτ¹ῗᾲιῗξ¹ξῖ¹ἓξ¹¹
2801 5255 3106 5366 fimi???
3156 5256 3571 5366 ξῗῗῗῗξῗῗῗῗξξί
3623 5265 3832 5366 PIT}?

380 5340 620 5436 inmiti,
652 5372 736 5424 vel
779 5340 959 5423 minrus
991 5340 1157 5434 digne
1207 5340 1546 5434 painitentesr
1574 5363 1649 5418 ad
1670 5340 1937 5419 ri'econcili

2291 5346 2347 5396 et
2404 5340 2740 5409 neglexerit,
2799 5350 2855 5395 et
2913 5346 3112 5412 postea
3156 5343 3556 5413 paenitentiam
3620 5344 3827 5413 egerit,

381 5448 577 5499 tionem
606 5431 905 5495 adducunt.
1057 5431 1074 5434 ⁷
1207 5431 1226 5434 ⁷
2118 5431 2314 5486 decem
2370 5445 2551 5483 annos
2604 5432 2896 5500 poeniteat,
2956 5431 3054 5485 alii
3107 5431 3373 5501 judicant
3429 5438 3701 5502 septem:
3774 5438 3832 5487 et

384 5534 499 5600 (Ea:
547 5532 689 5584 decr.
768 5527 1079 5583 Alexandri
1124 5524 1321 5595 papa.)
1375 5525 1444 5579 Ut
1502 5538 1671 5577 nemo
1711 5522 2008 5593 presbyte-
2118 5518 2495 5574 humaniusV
2524 5535 2706 5571 annos
2734 5519 3030 5589 poeniteat.
3078 5520 3135 5574 Si
3177 5520 3306 5591 quis
3349 5521 3682 5593 permiserit
3715 5522 3832 5576 hie-

314 5635 509 5673 rorum
539 5618 769 5671 xenium
802 5617 885 5669 vel
917 5615 1301 5684 quodcunque
1347 5613 1807 5667 emolumentum
1860 5616 2004 5665 tem-
2120 5608 2363 5662 reticum
2415 5608 2639 5662 Missam
2699 5624 2863 5662 suam
2916 5608 3205 5664 celebrare
3254 5609 3317 5663 in
3347 5610 3597 5666 Ecclesia
3625 5609 3826 5665 catho-

387 4950 496 5016 (ΕΦ
540 4945 740 5009 eodem,
794 4959 914 5011 cap.
963 4942 1081 5009 26.)
1140 4941 1207 4994 Ut
1267 4940 1661 5011 unusquisque
1715 4939 2013 5011 presbyter

312 5036 559 5106 capitula
589 5033 797 5087 habeat
843 5032 912 5085 de
960 5030 1297 5099 majoribus,
1349 5030 1436 5083 vel
1487 5028 1806 5083 minoribus
1836 5027 2008 5094 vitiis,

312 5142 417 5198 per
446 5139 573 5195 quae
617 5135 958 5191 cognoscere
998 5117 1202 5185 valeat,
1258 5118 1346 5171 vel
1394 5117 1707 5188 praedicare
1746 5116 2009 5180 subditis,

311 5219 378 5269 ut
405 5216 641 5268 caveant
669 5212 739 5265 ab
771 5207 996 5263 insidiis
1024 5206 1257 5260 diaboli.
