4592 6464
402 405 531 455 1005

1212 405 1683 461 DECRETORUM
1727 408 1907 463 LIBRI
1950 409 2056 463 XX.
2094 439 2160 448 —
2207 410 2409 464 LIBER
2459 408 2767 465 DECIMUS
2806 408 3049 465 NONUS.

3750 418 3883 469 1006

396 525 519 589 lica,
579 530 635 578 et
713 527 909 589 nescit,
965 527 1050 579 XL
1115 528 1235 580 dies
1300 528 1590 597 paeniteat.
1668 530 1721 583 Si
1775 547 1876 600 pro
1930 534 2160 585 reve-A
2199 533 2267 587 ad
2317 548 2488 603 quem
2554 532 2805 586 dicitur:
2853 533 2930 585 Tu
2991 534 3145 586 solus
3202 535 3351 588 nosti
3403 536 3575 591 corda
3633 537 3882 593 ﬁliorum

394 610 577 664 rentia
632 610 779 681 ejus,
849 628 1064 666 annum
1138 615 1426 684 integrum
1502 618 1795 687 paeniteat.
1858 619 1915 672 Si
1985 635 2087 689 pro

392 698 757 754 damnatione
826 702 1083 755 Ecclesia:
1152 704 1465 768 catholicae,
1537 710 1592 758 et
1677 706 2085 760 consuetudine

392 788 783 842 Romanorum
869 790 1204 859 projiciatur
1284 792 1352 844 ab
1438 793 1680 846 Ecclesia
1767 794 1915 847 sicut
1970 794 2082 847 hae-

391 877 623 942 reticus,
702 877 813 930 nisi
866 878 1071 932 habeat
1127 880 1545 948 paenitentiam,
1599 882 1646 934 si
1704 882 1985 945 habuerit,
2042 885 2084 938 Χ

390 980 571 1018 annos
626 967 921 1034 paeniteat.
980 966 1038 1019 Si
1121 969 1414 1022 recesserit
1470 970 1539 1021 ab
1588 970 1830 1023 Ecclesia
1888 971 2084 1024 catho-

390 1052 498 1105 lica
582 1051 642 1105 in
726 1054 1228 1123 congregationem
1314 1055 1736 1123 haereticorum,
1823 1064 1880 1111 et
1945 1059 2085 1112 alios

390 1143 762 1210 persuaserit,
812 1148 1009 1213 postea
1062 1144 1460 1213 paenitentiam
1507 1146 1708 1215 egerit,
1755 1147 1847 1201 XII
1906 1163 2086 1199 annos

391 1231 702 1299 paeniteat:
729 1235 975 1301 quatuor
997 1247 1177 1285 annos
1195 1236 1351 1284 extra
1378 1233 1702 1295 Ecclesiam,
1735 1241 1789 1289 et
1821 1251 1911 1288 sex
1936 1235 2086 1289 inter

386 1319 696 1384 auditores,
753 1324 810 1372 et
844 1319 957 1371 duo
1011 1319 1197 1373 adhuc
1254 1326 1412 1373 extra
1467 1322 1959 1377 communionem.
2006 1324 2083 1376 De

386 1407 472 1459 his
499 1407 559 1459 in
589 1422 808 1460 canone
842 1406 1069 1471 dicitur,
1102 1413 1161 1459 ut
1190 1407 1239 1459 X
1264 1424 1415 1461 anno
1466 1411 1927 1463 communionem
1961 1410 2082 1464 sine

386 1494 678 1547 oblatione
724 1495 1019 1564 recipiant.
1077 1495 1133 1549 Si
1191 1496 1493 1565 episcopus
1541 1502 1637 1550 aut
1692 1498 1866 1551 abbas
1916 1498 2084 1568 jubet

384 1582 669 1636 monacho
702 1599 803 1635 suo
838 1600 942 1653 pro
981 1584 1262 1636 haereticis
1306 1586 1547 1637 mortuis
1596 1586 1785 1639 Missas
1830 1591 2072 1640 cantare.

386 1686 497 1723 non
532 1671 687 1735 licet,
722 1675 776 1723 et
804 1687 921 1723 non
954 1672 1181 1739 expedit
1210 1672 1440 1725 obedire
1499 1672 1599 1726 eis.
1651 1673 1707 1727 Si
1751 1674 2079 1744 presbytero

384 1757 714 1825 contigerit,
757 1757 855 1810 ubi
896 1759 1120 1811 Missam
1150 1759 1480 1826 cautaverit,
1532 1768 1588 1813 et
1617 1762 1765 1814 alius
1810 1762 2077 1816 recitave-

383 1846 455 1898 rit
482 1846 721 1899 nomina
752 1851 1131 1912 mortuorum,
1167 1853 1223 1901 et
1273 1848 1440 1901 simul
1474 1849 1857 1902 nominaverit
1889 1849 2079 1904 haere-
2111 1826 2148 1879 Β

380 1934 521 1987 ticos
584 1950 716 1987 cum
776 1934 1087 2001 catholicis,
1155 1936 1201 1989 si
1258 1941 1384 2004 post
1436 1937 1660 1990 Missam
1710 1937 2077 2007 intellexerit,

381 2022 807 2076 hebdomadam
838 2024 1129 2092 poeniteat.
1174 2023 1230 2077 Si
1251 2024 1583 2094 frequenter
1612 2025 1826 2093 fecerit,
1862 2042 2074 2079 annum

382 2110 675 2179 integrum
707 2112 997 2179 pmniteat.
1031 2110 1087 2164 Si
1121 2112 1249 2181 quis
1308 2118 1498 2165 autem
1556 2129 1659 2182 pro
1688 2118 1872 2167 morte
1897 2113 2073 2167 bare-

384 2200 476 2251 tici
530 2199 763 2253 Missam
813 2200 1180 2265 ordinaverit,
1235 2205 1290 2252 et
1344 2217 1447 2270 pro
1502 2202 1779 2270 religione
1812 2218 1914 2255 sua
1956 2203 2076 2271 ejus

380 2288 655 2357 reliquias
686 2288 763 2341 ibi
796 2290 1064 2353 tenuerit,
1117 2293 1171 2341 et
1225 2289 1403 2342 nescit
1451 2289 1831 2343 differentiam
1874 2291 2076 2344 catho-

378 2376 499 2428 licas
560 2375 717 2441 fidei,
779 2381 835 2429 et
902 2382 1094 2446 postea
1146 2377 1510 2443 intellexerit,
1564 2378 2075 2449 poenitentiamque

377 2464 577 2533 egerit,
620 2464 891 2534 reliquias
925 2464 1005 2518 ibi
1053 2465 1221 2519 debet
1264 2466 1395 2535 igne
1447 2482 1828 2532 concremare,
1888 2473 1944 2520 et
1974 2483 2073 2521 an-

378 2569 515 2605 num
557 2552 852 2622 pcenileat.
897 2553 953 2606 Si
994 2557 1183 2606 autem
1241 2554 1345 2607 scit
1390 2560 1445 2607 et
1493 2556 1829 2623 neglexerit,
1897 2555 2075 2626 poeni-

374 2641 550 2694 tentia
582 2656 650 2694 co
719 2646 927 2707 motus,
961 2641 1157 2695 decem
1189 2658 1371 2695 annos
1428 2643 1719 2713 paeniteat.
1774 2643 1829 2697 Si
1890 2644 2075 2713 quisa

374 2730 484 2782 fide
538 2728 822 2783 catholica
876 2729 1195 2783 discesserit
1272 2730 1393 2783 sine
1451 2732 1565 2784 ulla
1610 2731 1958 2799 necessitate,
2019 2739 2076 2787 et

375 2823 575 2889 postea
632 2834 696 2870 ex
745 2822 866 2870 toto
913 2818 1106 2871 animo
1155 2818 1549 2888 pcenitentiam
1607 2820 1905 2888 acceperit,
1960 2824 2074 2873 tres

374 2922 555 2959 annos
584 2910 746 2958 extra
778 2905 1101 2971 Ecclesiam,
1132 2906 1188 2960 id
1217 2912 1319 2973 est,
1362 2907 1512 2960 inter
1540 2907 1837 2961 audientes
1886 2908 2069 2977 juxta.

374 2995 675 3047 Nicaenum
707 2994 1038 3062 concilium,
1071 3000 1288 3063 septem
1323 3011 1502 3049 annos
1533 2996 1593 3048 in
1635 2995 1894 3049 Ecclesiis
1924 2995 2074 3051 inter

2196 620 2512 674 hominum.

2600 708 2727 763 CAP.
2760 708 2940 762 CVIII.
2982 738 3051 748 —
3080 710 3163 762 De
3182 709 3369 764 eadem
3394 726 3469 765 re.

2264 795 2371 863 (Ea:
2401 796 2562 849 dictis
2595 796 2878 866 ejusdem.)
2916 796 3037 850 Non
3067 813 3267 851 omnes
3298 799 3464 853 male:
3505 800 3885 870 cogitationes

2195 892 2401 935 nostra;
2460 900 2687 953 semper
2735 884 2950 938 diaboli
3021 886 3295 940 instinctu
3355 888 3715 942 excitantur:
3785 891 3882 945 sed

2176 971 2495 1040 aliquoties
2526 988 2588 1025 ex
2622 973 2802 1025 nostri
2838 973 3058 1026 arbitrii
3117 979 3275 1027 metu
3324 982 3648 1047 emergunt.
3710 978 3880 1031 Bonae.

2192 1065 2385 1112 autem
2416 1060 2785 1129 cogitationes
2815 1076 3042 1130 semper
3070 1078 3103 1114 a
3135 1062 3243 1115 Deo
3273 1068 3425 1117 sunt.

2194 1166 2319 1219 CAP.
2364 1164 2491 1219 CIX.
2518 1193 2588 1204 —
2625 1168 2698 1219 De
2722 1166 2832 1219 illis
2864 1166 3123 1289 quitalitos
3161 1170 3220 1220 in
3250 1169 3411 1237 culpa
3448 1184 3550 1223 sua
3594 1170 3880 1237 defendere

2894 1252 2953 1289 ni
2981 1252 3053 1289 un
3082 1252 3167 1289 ur.

2894 1252 3167 1290 nituntur.

2262 1323 2377 1393 (Ea:
2409 1323 2568 1377 dictis
2599 1324 2884 1393 ejusdem.)
2918 1325 3063 1378 Reos
3119 1326 3412 1396 sanguinis
3449 1343 3567 1380 non
3608 1328 3879 1385 defendat

2190 1411 2435 1465 Ecclesia
2467 1427 2480 1465 :
2510 1428 2581 1465 ne
2610 1411 2886 1466 effusione
2918 1412 3212 1483 sanguinis
3242 1416 3522 1484 particeps
3542 1414 3661 1469 ﬁat.

2643 1502 2769 1554 CAP.
2804 1500 2905 1554 CX.
2940 1532 3005 1540 —
3036 1504 3110 1555 De
3139 1502 3322 1556 eadem
3354 1519 3429 1556 re.

2260 1589 2367 1656 (Ea:
2400 1588 2541 1642 decr.
2594 1590 2815 1642 Eusebii
2841 1604 3020 1657 papae,
3078 1592 3252 1658 capite
3294 1590 3401 1660 15.)
3435 1591 3503 1644 Ut
3556 1591 3652 1661 qui
3698 1592 3875 1647 alium

2188 1675 2243 1728 in
2268 1677 2436 1745 culpa
2464 1692 2566 1729 sua
2591 1677 2914 1744 defendere,
2950 1678 3036 1731 vel
3068 1694 3334 1731 excusare
3373 1679 3595 1744 nititur,
3648 1696 3872 1735 excom-

2188 1764 2528 1818 municetur.

2188 1870 2314 1923 CAP.
2347 1870 2472 1924 CXI.
2509 1898 2581 1911 —
2640 1873 2705 1926 Ut
2755 1873 3075 1995 pmnitednttia
3128 1873 3435 1941 conjugatis
3492 1890 3559 1929 em
3617 1891 3872 1931 consensu

2976 1958 3114 1995 cur.

2976 1958 3114 1995 etur.

2256 2028 2363 2097 (Ea:
2420 2030 2642 2083 concilio
2702 2031 3008 2093 Arelatem,
3057 2034 3234 2099 capite
3289 2032 3365 2102 6.)
3424 2032 3495 2086 Ut
3538 2034 3872 2102 paenitentia

2184 2116 2503 2186 conjugatis
2528 2133 2592 2171 ex
2617 2133 2898 2171 consensu
2928 2118 3227 2172 amborum
3260 2120 3445 2173 detur.
3470 2120 3867 2175 Paenitentiam

2183 2205 2523 2274 conjugatis,
2555 2222 2672 2259 non
2699 2206 2808 2259 nisi
2835 2222 2901 2261 ex
2932 2223 3208 2261 consensu
3241 2208 3506 2264 dandam.

2183 2311 2310 2364 CAP.
2347 2311 2497 2365 CXII.
2529 2341 2599 2353 --
2658 2311 2793 2377 Quot
2837 2312 3012 2437 mOélig
3060 2315 3253 2436 animae
3311 2313 3687 2380 defunctorum
3739 2316 3876 2369 solvi

2946 2401 2971 2436 e
3010 2400 3108 2437 ean
3139 2424 3153 2437 .

2946 2400 3153 2437 εοραηε.

2253 2473 2352 2533 (Ea:
2382 2470 2542 2524 dictis
2573 2471 2866 2538 Origenis.)
2921 2472 3142 2526 Animae
3182 2471 3582 2526 defunctorum
3628 2476 3873 2544 quatuor

2178 2558 2364 2610 modis
2395 2559 2716 2625 solvuntur,
2759 2563 2858 2612 aut
2897 2559 3286 2613 oblationibus
3337 2560 3720 2627 sacerdotum,
3775 2566 3875 2615 aut

2180 2645 2442 2714 precibus
2474 2652 2823 2713 sanctorum,
2857 2651 2957 2701 aut
2981 2647 3287 2701 charorum
3329 2648 3720 2719 eleemosynis,
3773 2653 3873 2702 aut

2175 2733 2394 2803 jejunio
2424 2738 2823 2803 cognatorum.

2446 2824 2573 2876 CAP.
2608 2823 2785 2876 CXIII.
2818 2853 2886 2861 --
2917 2825 2991 2877 De
3017 2823 3329 2877 nutriendis
3356 2824 3610 2887 inﬁrmis.

2252 2909 2365 2979 (Ea
2415 2909 2576 2963 dictis
2618 2910 2880 2979 Hieron.)
2930 2911 3157 2965 Nutrire
3232 2910 3511 2978 inﬁrmos,
3564 2916 3621 2965 et
3675 2911 3867 2966 fovere

2181 3004 2467 3058 Christum
2522 3004 2666 3058 nihil
2715 3005 2971 3072 interest,
3018 3006 3357 3060 nutriendus
3401 3005 3557 3059 enim
3588 3008 3671 3059 est
3704 3006 3864 3059 inﬁr-

374 3084 743 3153 poenitentes,
778 3088 833 3135 et
872 3083 1016 3136 duos
1057 3098 1238 3136 annos
1283 3084 1467 3137 adhuc
1516 3090 1669 3137 extra
1713 3085 2066 3138 communio-
2104 3104 2144 3158 ο
2181 3108 2308 3145 mus
2342 3109 2355 3145 :
2406 3091 2542 3162 quia
2591 3092 2847 3146 Christus
2897 3092 3189 3146 inﬁrmum
3213 3109 3271 3146 se
3331 3108 3453 3146 esse
3483 3092 3862 3163 proﬁtebitur.

374 3188 509 3225 nem
540 3170 835 3241 poeniteat.

377 3297 500 3349 CAP.
566 3294 700 3349 CVI.
735 3323 806 3332 —
853 3296 925 3347 De
961 3294 1074 3347 illis
1131 3296 1228 3362 qui
1270 3295 1566 3361 comedunt,
1618 3300 1713 3348 aut
1771 3296 1956 3349 bibunt
2003 3295 2069 3349 ab

534 3365 841 3419 immundis
873 3365 1202 3418 animalibus
1225 3371 1445 3432 tactum,
1480 3368 1560 3418 vel
1590 3368 1897 3420 intinctam.

446 3472 561 3539 (Ea:
605 3471 973 3525 Pamilentiali
999 3470 1280 3540 Romano.)
1326 3471 1433 3534 Qui
1479 3470 1748 3538 comedit,
1808 3472 1895 3525 vel
1926 3471 2073 3525 bibit

376 3561 688 3613 intinctum
716 3575 749 3611 a
778 3558 1050 3611 familiari
1074 3558 1274 3624 bestia,
1307 3559 1363 3612 id
1409 3564 1511 3624 est,
1548 3575 1702 3623 cane,
1765 3560 1852 3613 vel
1896 3564 2066 3623 catto,

376 3654 430 3702 et
461 3649 589 3713 scit,
632 3648 672 3702 C
720 3647 970 3717 psalmos
1008 3650 1215 3712 cantet,
1267 3663 1314 3700 SI
1364 3648 1568 3711 nescit,
1617 3648 1756 3701 duos
1809 3647 1931 3701 dies
1977 3647 2070 3716 je-

374 3740 557 3807 junet,
609 3737 699 3789 vel
751 3736 797 3789 si
847 3735 1132 3788 redimere
1178 3735 1444 3801 voluerit,
1477 3736 1514 3789 L
1569 3737 1812 3804 psalmos
1863 3740 2067 3789 cantet.

373 3827 478 3890 Qui
512 3824 742 3879 dederit
771 3824 941 3877 alicui
971 3824 1253 3894 liquorem
1286 3824 1344 3876 in
1376 3840 1489 3895 quo
1517 3841 1663 3891 mus,
1697 3825 1782 3878 vel
1831 3826 2073 3878 mustela

373 3920 609 3968 mortua
652 3913 885 3965 inventa
917 3918 1072 3980 sunt,
1105 3912 1151 3965 si
1181 3912 1357 3965 laicus
1388 3917 1490 3977 est,
1544 3917 1758 3982 septem
1784 3913 1904 3966 dies
1952 3928 2072 3982 po:-

373 4002 573 4055 niteat.
610 4000 667 4053 Si
700 4000 758 4053 in
788 4000 1062 4054 coenobiis
1106 3999 1428 4065 contigerit,
1482 4001 1608 4053 CCC
1656 4001 1904 4053 Psalmos
1934 4017 2068 4053 can-

373 4095 472 4142 tet.
527 4088 641 4152 Qui
684 4092 879 4157 postea
922 4088 1140 4141 noverit
1174 4089 1323 4157 quod
1368 4089 1539 4141 talem
1585 4094 1785 4156 potum
1839 4089 2067 4155 biberit,

373 4177 455 4231 CL
486 4178 746 4247 psalmos
795 4180 999 4229 cantet.
1042 4176 1098 4230 Si
1156 4176 1285 4245 quis
1338 4176 1705 4229 semicoctum
1757 4177 2073 4231 comederit

373 4264 609 4329 inscius,
647 4269 757 4317 tres
812 4263 931 4317 dies
986 4263 1277 4333 poeniteat,
1325 4265 1411 4316 vel
1464 4264 1805 4316 Psalterium
1862 4270 2067 4317 cantet.

373 4353 572 4406 Sciens
629 4357 842 4417 autem,
894 4358 1109 4420 septem
1176 4351 1297 4405 dies
1346 4352 1635 4421 pmniteat.
1695 4353 1802 4405 Pro
1850 4353 2070 4407 modico

373 4440 550 4505 furto,
574 4439 662 4493 XX
688 4438 807 4492 dies
846 4439 1142 4507 poeniteat,
1192 4438 1292 4509 qui
1323 4444 1404 4491 est
1432 4439 1524 4492 XX
1565 4455 1869 4501 annorum,
1925 4456 2072 4510 puer

373 4530 471 4599 qui
499 4535 589 4582 est
621 4528 666 4581 X
696 4544 982 4581 annorum
1018 4527 1235 4597 aliquid
1268 4528 1404 4581 furti
1434 4528 1667 4595 faciens,
1702 4534 1917 4598 septem
1949 4529 2071 4583 dies

373 4617 677 4688 paeniteat.
745 4616 802 4670 Si
846 4617 975 4687 quis
1024 4616 1255 4669 tinxerit
1298 4633 1535 4670 manum
1594 4617 1654 4670 in
1713 4618 1907 4688 aliquo
1946 4617 2071 4671 cibo

373 4705 621 4776 liquido,
654 4710 711 4758 et
740 4720 854 4758 non
885 4705 1087 4759 idonea
1111 4721 1304 4768 manu,
1342 4705 1382 4757 (ἶ
1409 4704 1673 4776 palmatis
1710 4705 2068 4759 emendetur.

373 4795 425 4848 Si
454 4795 518 4846 in
554 4794 760 4858 farina,
793 4796 892 4846 aut
930 4792 987 4845 in
1039 4792 1231 4863 aliquo
1279 4794 1407 4846 cibo
1453 4793 1618 4857 sicco,
1660 4792 1845 4847 autin
1892 4794 2068 4863 pulte,

373 4888 471 4937 aut
502 4882 567 4935 in
601 4882 741 4935 lacte
771 4882 1070 4949 coagulato
1120 4897 1267 4946 mus,
1296 4882 1381 4934 vel
1436 4882 1676 4935 mustela
1724 4885 1952 4933 mortua
1995 4881 2073 4933 in-

373 4970 709 5034 veniuntur,
739 4969 886 5039 quod
917 4968 974 5021 in
1002 4969 1237 5022 circuitu
1293 4970 1414 5038 ejus
1462 4972 1545 5021 est
1574 4973 1779 5029 totum,
1806 4968 2067 5038 projicie-

373 5064 461 5111 tur
488 5059 669 5122 foras,
703 5057 855 5127 quod
890 5057 1175 5127 reliquum
1208 5062 1311 5122 est,
1346 5056 1740 5111 manducetur.

373 5182 502 5235 CAP.
542 5180 699 5234 CVII.
744 5179 895 5245 Quod
945 5178 1194 5232 diabolus
1244 5181 1484 5232 internas
1537 5180 1886 5245 cogitationes
1943 5178 2072 5231 ani-

498 5266 603 5305 mae
632 5266 735 5304 non
767 5250 969 5314 videat,
1002 5249 1096 5303 sed
1128 5265 1195 5301 ea:
1224 5254 1370 5303 motu
1399 5252 1636 5318 corporis
1662 5250 1945 5316 intelligat.

443 5379 562 5443 (Ea:
584 5375 744 5429 dictis
774 5373 1041 5443 August.)
1076 5375 1095 5426 I
1105 5379 1333 5427 nternas
1346 5373 1551 5427 animas
1565 5373 1938 5443 cogitationes
1959 5372 2073 5425 dia-

373 5466 579 5518 bolum
630 5479 746 5515 non
804 5463 997 5515 videre
1063 5462 1441 5515 certissimum
1497 5466 1599 5529 est,
1664 5462 1903 5515 motivas
1950 5477 2071 5514 cor-

373 5552 532 5622 poris
564 5551 634 5603 ab
666 5552 763 5603 illo
794 5555 848 5602 et
877 5550 1301 5603 atfectationum
1350 5550 1577 5603 indiciis
1631 5550 1820 5618 colligi
1851 5549 2071 5619 experi-

373 5644 579 5693 mento
600 5637 903 5691 didicimus
935 5654 947 5690 :
975 5642 1391 5691 secretaautem
1414 5636 1599 5691 cordis
1621 5638 1774 5690 solus
1795 5638 1889 5691 ille
1916 5638 2075 5691 novit

2179 3197 2305 3253 CAP.
2341 3197 2512 3252 CXIV.
2541 3228 2609 3236 —
2644 3198 2798 3261 Quod
2826 3212 2931 3251 non
2959 3202 3180 3252 noceant
3214 3199 3515 3266 praeterita,
3541 3200 3591 3252 si
3614 3213 3721 3253 non
3748 3199 3866 3267 pla-

2777 3274 2930 3322 ceant
2955 3270 3264 3337 presentia.

2248 3374 2357 3440 (Ea:
2386 3360 2546 3428 dictis
2577 3374 2835 3445 August.)
2869 3375 2992 3428 Non
3036 3379 3244 3428 nocent
3296 3374 3446 3428 mala
3475 3374 3784 3445 praeterita,
3819 3374 3867 3427 si

2178 3476 2293 3515 non
2321 3462 2582 3531 placeant
2610 3461 2937 3531 praesentia,
2968 3462 3255 3531 praecipue
3286 3462 3333 3516 si
3382 3463 3577 3516 multis
3624 3463 3867 3517 eleemo-

2179 3549 2333 3619 synis
2362 3549 2476 3602 sint
2505 3550 2747 3618 expiata.

2180 3654 2305 3707 CAP.
2341 3654 2488 3708 CXV.
2538 3683 2605 3692 —
2649 3656 2723 3707 De
2764 3654 2878 3707 illis
2917 3655 3013 3721 qui
3055 3654 3289 3723 hospites
3327 3656 3561 3722 recipere
3614 3656 3861 3722 neglexe-

2952 3726 3088 3779 rint.
3922 3746 3923 3749 η

2248 3809 2355 3881 (Em
2419 3812 2786 3865 Pcenitentiali
2855 3812 3145 3881 Romano)
3188 3811 3521 3882 Quicunque
3608 3813 3860 3883 hospites

2180 3916 2294 3953 non
2326 3898 2526 3968 recipit
2556 3899 2613 3952 iu
2644 3898 2816 3953 domo
2866 3916 2987 3964 sua,
3041 3900 3187 3953 sicut
3244 3900 3517 3953 Dominus
3575 3901 3861 3971 praecepit,

2179 3992 2235 4041 et
2288 3992 2523 4057 propter
2570 3986 2677 4039 hoc
2749 4002 2926 4058 regna
2982 3989 3254 4041 caelorum
3312 3988 3595 4058 promisit,
3652 3994 3865 4059 quanto

2180 4080 2437 4144 tempore
2489 4072 2810 4144 hospitibus
2885 4075 3297 4129 humanitatem
3354 4076 3751 4146 denegaverat,
3810 4080 3865 4130 et

2179 4162 2449 4218 mandata
2477 4162 2801 4231 evangelica
2848 4163 3009 4232 juxta
3060 4164 3493 4232 possibilitatem
3541 4179 3702 4218 suam
3750 4180 3866 4218 non

2181 4251 2613 4321 adimpleverat,
2669 4266 2774 4304 nec
2822 4251 2993 4320 pedes
3023 4251 3266 4317 lavabat,
3313 4267 3415 4305 nec
3445 4251 3866 4322 eleemosynam

2112 4375 2154 4427 Β
2181 4336 2410 4401 fecerat,
2446 4341 2608 4390 tanto
2637 4342 2893 4407 tempore
2923 4338 3170 4407 pleniter
3200 4339 3258 4391 in
3312 4354 3455 4408 pane
3509 4344 3565 4392 et
3593 4356 3760 4409 aqua,
3816 4339 3865 4393 si

2180 4439 2297 4477 non
2328 4424 2612 4491 emendet,
2646 4424 2938 4493 pmniteat.

2180 4527 2309 4581 CAP.
2346 4528 2517 4581 CXVI.
2575 4530 2640 4581 Ut
2696 4529 2878 4582 clerici
2922 4531 3196 4598 superflua
3232 4528 3573 4597 pauperibus
3626 4530 3860 4594 erogent.

2252 4632 2358 4703 (Ea:
2388 4633 2615 4703 eodem.)
2653 4633 2901 4687 Clericus
2944 4634 3162 4687 habens
3219 4633 3529 4702 superﬂua,
3578 4633 3753 4686 donet
3799 4649 3866 4687 ea

2180 4722 2549 4791 pauperibus.
2584 4722 2682 4775 Sin
2716 4728 2931 4787 autem,
2963 4726 3092 4790 post
3136 4722 3407 4790 pmniteat
3450 4727 3708 4791 tempore
3748 4736 3862 4792 quo

2179 4809 2349 4874 vivat,
2392 4809 2451 4863 in
2490 4810 2852 4877 contritione,
2885 4811 2944 4863 in
2996 4809 3335 4880 poenitentia
3386 4812 3639 4863 remotus
3690 4810 3862 4862 vivat.

2179 4914 2305 4972 CAP.
2340 4916 2539 4970 CXVII.
2563 4943 2628 4955 —
2666 4918 2738 4969 De
2765 4916 2858 4969 illo
2892 4917 2987 4983 qui
3030 4915 3196 4968 alicui
3223 4916 3396 4979 fratri
3421 4929 3577 4969 suum
3631 4917 3867 4984 imputat

2350 4992 2645 5054 peccatum,
2680 4988 2791 5039 nisi
2812 4990 2972 5054 prius
3011 5001 3246 5040 seorsum
3267 5001 3385 5039 eum
3413 4988 3676 5053 arguerit.

2253 5075 2359 5145 (Ea:
2388 5061 2606 5143 eodem.)
2639 5075 2746 5138 Qui
2776 5078 3070 5145 peccatum
3101 5074 3440 5144 imputando
3480 5073 3639 5126 fratri
3680 5073 3865 5143 impo-

2180 5162 2279 5225 nit,
2319 5162 2655 5232 priusquam
2689 5178 2946 5216 seorsum
2978 5168 3181 5233 arguat
3202 5177 3354 5229 eum,
3389 5160 3736 5214 satisfaciens
3791 5159 3863 5226 ei,

2180 5256 2295 5304 tres
2324 5250 2444 5304 dies
2472 5251 2763 5321 paeniteat.

2181 5355 2312 5409 CAP.
2344 5354 2570 5408 CXVIII.
2618 5356 2701 5408 De
2747 5355 2860 5410 illis
2911 5357 3006 5423 qui
3043 5355 3142 5408 diu
3195 5355 3418 5408 reticent
3471 5356 3693 5421 peccata
3743 5367 3864 5407 sua.

2254 5460 2363 5529 (Ea:
2392 5463 2756 5515 Pcenitentiali
2784 5460 2938 5515 Beda.v
2987 5458 3332 5529 presbyteri.)
3384 5458 3687 5512 Sciendum
3730 5474 3865 5512 vero

2185 5554 2287 5615 est,
2321 5554 2531 5619 quanto
2565 5550 2692 5619 quis
2722 5556 2978 5619 tempore
3011 5553 3263 5602 moratur
3289 5546 3349 5600 in
3391 5546 3656 5618 peccatis,
3711 5550 3868 5600 tanto

2184 5637 2234 5689 ei
2260 5636 2520 5705 augenda
2551 5640 2635 5689 est
2664 5635 3018 5705 poenitentia.
