4592 6456
693 317 824 371 1007

1766 314 2176 373 BURCHARDI
2216 316 2745 374 WORMACIENSIS
2784 316 3112 373 EPISCOPI.

4104 316 4209 367 1005

693 440 823 495 CAP.
872 437 1043 495 CXIX.
1075 466 1145 479 —
1197 440 1268 493 De
1323 439 1435 493 illis
1481 440 1578 508 qui
1632 439 1872 508 aliquem
1921 441 1982 493 in
2022 439 2111 493 ira
2160 455 2381 509 percus-
2412 444 2454 496 Α
2496 439 2649 510 ipsos
2680 438 3016 509 decipimus,
3046 444 3102 492 et
3149 437 3360 493 veritas
3403 438 3464 494 in
3502 438 3677 494 nobis
3725 454 3851 494 non
3907 443 4063 493 est:
4108 438 4212 491 satu

1457 512 1642 564 serint.

768 600 889 668 (Ea:
915 600 1136 653 concilio
1160 600 1504 665 Rothomag.,
1529 600 1708 667 capite
1738 600 1817 664 9.)
1850 598 1904 652 Si
1928 598 2056 668 quis
2084 598 2261 652 alium
2291 614 2394 668 per

698 687 846 742 iram
875 688 1247 757 percusserit,
1292 694 1350 741 et
1398 688 1736 756 sanguinem
1787 687 2072 751 effuderit,
2130 688 2177 741 si
2216 688 2393 741 laicus

701 781 809 842 est,
869 778 952 830 XX
1006 776 1127 830 dies
1176 776 1488 845 poeniteat:
1539 775 1797 841 clericus,
1858 776 2001 828 XXX.
2060 776 2147 828 Illi
2204 780 2395 828 autem

705 864 807 935 qui
838 865 1082 934 gradum
1108 864 1339 927 habent,
1375 863 1621 932 amplius
1663 863 1798 933 pelli
1843 863 2071 929 debent,
2122 864 2397 917 diaconus

706 970 799 1006 sex
861 969 1105 1019 menses,
1176 953 1472 1021 presbyter
1544 967 1726 1004 unum
1786 967 2023 1018 annum,
2095 953 2397 1022 episcopus

712 1040 856 1094 duos
884 1056 1064 1093 annos
1095 1046 1150 1093 et
1180 1056 1273 1092 sex
1303 1055 1543 1093 menses.

709 1148 837 1200 CAP.
875 1146 1017 1200 CXX.
1050 1174 1118 1184 —
1149 1146 1227 1198 De
1253 1146 1365 1197 illis
1396 1147 1492 1212 qui
1520 1143 1595 1196 ad
1623 1144 1939 1209 feriendum
1969 1145 2239 1199 hominem
2277 1162 2398 1199 sur-

778 1223 1039 1283 remerint,
1102 1218 1334 1269 volentes
1398 1230 1515 1267 eum
1576 1216 1829 1279 occidere,
1892 1217 1985 1269 sed
2046 1233 2150 1271 non
2214 1226 2399 1285 potue-

780 1292 930 1340 runt.

780 1374 891 1441 (EJ:
930 1373 1294 1427 Panilentiali
1324 1372 1604 1439 Romano.)
1656 1372 1765 1436 Qui
1815 1372 1884 1426 ad
1937 1373 2255 1428 feriendum
2306 1375 2404 1428 ho-

709 1462 925 1515 minem
958 1460 1289 1525 surrexerit,
1323 1461 1518 1513 volens
1549 1476 1680 1514 eum
1721 1461 1995 1526 occidere,
2032 1468 2145 1514 tres
2190 1461 2401 1515 hebdo-

710 1552 907 1604 madas
953 1550 1247 1618 pmniteat.
1306 1548 1361 1602 Si
1431 1549 1668 1601 clericus
1722 1549 1911 1611 fuerit,
1976 1566 2069 1603 sex
2125 1566 2398 1604 menses:

709 1638 862 1708 quod
921 1637 1023 1689 etsi
1053 1636 1459 1701 vulneraverit,
1489 1636 1573 1689 XL
1596 1637 1733 1689 dies.
1770 1637 1823 1690 Si
1848 1637 2085 1690 clericus
2109 1638 2400 1707 clericum,

712 1742 926 1780 annum
959 1730 1163 1789 totum,
1199 1726 1297 1777 scd
1333 1730 1390 1777 et
1444 1725 1746 1794 pecuniam
1779 1742 1880 1794 pro
1933 1726 2099 1779 modo
2157 1728 2407 1780 vulneris
2441 1720 2477 1773 Β

714 1815 805 1868 cui
831 1814 1056 1877 inflixit,
1088 1814 1324 1867 tribuat.

713 1903 841 1956 CAP.
876 1902 1042 1955 CXXI.
1069 1930 1142 1942 —
1169 1904 1245 1956 De
1272 1903 1382 1954 illis
1414 1903 1510 1968 qui
1534 1905 1849 1955 reticuerim
1890 1908 2163 1970 peccatum
2209 1905 2408 1969 fratris

1258 1973 1402 2040 quod
1431 1980 1506 2025 est
1537 1974 1609 2023 ad
1639 1980 1877 2025 mortem.

786 2062 897 2129 (Em
942 2061 1309 2114 Poznitentiali
1363 2060 1585 2127 Theod.)
1636 2058 1742 2123 Qui
1795 2060 2088 2114 reticuerit
2141 2060 2408 2114 delictum

718 2148 909 2200 fratris
940 2148 1090 2216 quod
1120 2152 1204 2199 est
1230 2163 1411 2216 usque
1438 2146 1507 2199 ad
1538 2155 1805 2211 mortem,
1864 2164 2048 2218 neque
2111 2165 2241 2202 eum
2286 2165 2402 2201 cor-

717 2235 977 2305 ripuerit,
1006 2236 1169 2305 juxta
1197 2236 1453 2303 regulam
1486 2236 1897 2305 evangelicam,
1929 2236 2116 2305 primo
2148 2237 2295 2289 inter
2328 2253 2407 2301 se,

717 2329 773 2376 et
801 2324 987 2393 ipsum
1018 2324 1221 2382 solum.
1256 2323 1459 2376 deinde
1493 2324 1644 2375 inter
1672 2326 1835 2390 alios,
1868 2325 2077 2377 deinde
2130 2326 2194 2377 ad
2229 2325 2408 2377 Eccle-

718 2412 863 2464 siam
896 2413 1122 2481 culpam
1154 2412 1426 2474 referens,
1470 2412 1513 2462 si
1560 2427 1787 2465 necesse
1838 2412 2031 2477 fuerit,
2090 2418 2145 2465 et
2194 2420 2407 2482 quanto

718 2505 975 2569 tempore
998 2500 1125 2563 fuit,
1154 2504 1308 2552 tanto
1340 2500 1629 2569 paeniteat.

717 2588 845 2641 CAP.
906 2588 1100 2641 CXXII.
1162 2587 1313 2652 Quod
1368 2603 1470 2640 non
1508 2589 1698 2669 nliceat
1753 2588 1998 2652 diacono,
2060 2590 2228 2641 alicui
2276 2590 2407 2641 dare

1365 2661 1765 2725 paenitentiam.

789 2746 895 2815 (Ex
923 2746 1286 2799 Pa’nitentiali
1314 2746 1593 2815 Romano.)
1637 2747 1760 2798 Non
1811 2747 1941 2799 licet
1964 2746 2202 2800 diacono
2236 2748 2405 2800 alicui

715 2832 849 2886 dare
895 2833 1338 2902 pcenitentiam:
1410 2834 1506 2887 sed
1568 2835 1888 2904 episcopus,
1956 2842 2055 2887 aut
2110 2835 2407 2906 presbyter

713 2919 848 2973 dare
883 2920 1066 2974 debet.

716 3024 845 3077 CAP.
868 3026 1087 3080 CXXIII.
1120 3056 1188 3064 —
1214 3028 1281 3080 Ut
1298 3028 1612 3094 panitentia
1642 3043 1759 3095 qua
1781 3026 1955 3081 dilata
1976 3034 2071 3093 est,
2096 3045 2210 3082 cum
2231 3032 2406 3099 petita

1284 3102 1453 3161 fuerit
1474 3114 1577 3149 non
1598 3104 1838 3162 negetur.

791 3184 899 3252 (Em
927 3183 1069 3237 decr.
1099 3184 1289 3237 Leonis
1316 3199 1493 3252 papa,
1528 3188 1703 3252 capite
1723 3188 1789 3237 22
1820 3186 1834 3252 )
1867 3186 2255 3239 Dissimulatio
2289 3189 2406 3241 haec

717 3276 907 3340 potest
934 3287 1049 3324 non
1081 3272 1150 3324 de
1181 3279 1512 3341 contemptu
1543 3290 1661 3325 esse
1693 3274 1951 3338 remedii,
1985 3274 2082 3327 sed
2140 3275 2207 3327 de
2253 3280 2407 3330 metu

719 3357 947 3427 gravius
1006 3358 1398 3429 delinquendi,
1455 3362 1602 3412 unde
1669 3363 2004 3430 pcenitentia
2060 3378 2187 3432 quas
2236 3365 2408 3416 dilata

719 3452 821 3513 est,
869 3462 995 3500 cum
1063 3448 1371 3500 studiosius
1421 3451 1599 3517 petita
1650 3450 1819 3504 fuerit
1867 3466 1980 3503 non
2035 3457 2291 3520 negetur,
2345 3458 2409 3506 ut

718 3536 1127 3605 quoquomodo
1160 3535 1227 3589 ad
1279 3536 1651 3605 indulgentiae
1684 3538 2024 3591 medicinam
2073 3540 2265 3592 anima
2296 3542 2410 3594 vul-

715 3631 915 3678 nerata
946 3624 1261 3693 perveniat.

646 3732 655 3739 ’
714 3714 842 3767 CAP.
877 3711 1089 3767 CXXIV.
1120 3741 1189 3750 ——
1220 3713 1298 3765 De
1324 3713 1436 3765 illis
1465 3715 1563 3780 qui
1592 3714 1897 3782 despiciunt
1923 3730 2007 3768 eos
2038 3718 2134 3784 qui
2174 3715 2408 3783 ﬁdeliter

1317 3799 1525 3851 agapas
1554 3786 1801 3849 fecerint.

784 3872 904 3941 (Ea:
932 3872 1154 3925 concilio
1190 3872 1491 3939 Gangren.,
1522 3876 1698 3941 capite
1732 3874 1838 3941 tt.)
1874 3873 1929 3927 Si
1984 3874 2113 3944 quis
2162 3874 2405 3944 despicit

713 3976 811 4012 eos
844 3959 943 4029 qui
974 3959 1223 4013 fideliter
1251 3974 1480 4028 agapas,
1519 3960 1575 4013 id
1602 3967 1704 4026 est,
1755 3961 2011 4013 convivia
2054 3962 2404 4032 pauperibus

713 4046 1006 4111 exhibent,
1038 4051 1094 4099 et
1122 4052 1356 4115 propter
1387 4047 1663 4100 honorem
1698 4048 1793 4100 Dei
1824 4054 2136 4101 convocant
2177 4049 2399 4116 fratres,

716 4140 776 4188 et
805 4134 1056 4186 noluerit
1082 4134 1510 4187 communicare
1544 4135 1942 4204 hujuscemodi
1988 4137 2399 4205 vocationibus,

712 4222 1133 4292 parvipendens
1164 4221 1312 4291 quod
1347 4222 1588 4291 geritur,
1621 4224 1925 4276 anathema
1954 4225 2043 4277 sit.

713 4310 839 4365 CAP.
870 4310 1065 4365 CXXV.
1087 4338 1160 4350 —
1176 4312 1252 4363 De
1273 4311 1381 4364 illis
1404 4314 1499 4378 qui
1519 4311 1705 4365 dicunt
1724 4327 1779 4365 se
1807 4328 1911 4366 non
1942 4312 2135 4366 habere
2154 4321 2394 4382 peccata.

779 4402 889 4466 (Ex
919 4400 1138 4451 concilio
1167 4401 1455 4465 Africano,
1518 4402 1692 4467 capite
1719 4403 1828 4467 70.)
1880 4401 2021 4453 Item
2070 4404 2301 4471 placuit,
2332 4409 2398 4457 ut

706 4488 858 4558 quod
887 4488 969 4541 ait
1027 4492 1252 4541 sanctus
1311 4488 1601 4557 apostolus
1645 4489 1939 4542 Joannes:
1986 4489 2044 4543 Si
2082 4490 2397 4545 dixerimus

705 4577 839 4647 quia
886 4581 1185 4645 peccatum
1231 4591 1350 4629 non
1389 4576 1687 4641 habemus,
1748 4578 2009 4646 nosipsos
2055 4578 2391 4649 decipimus,

704 4669 761 4718 et
786 4663 993 4717 veritas
1021 4663 1079 4716 in
1111 4662 1275 4717 nobis
1306 4679 1416 4716 non
1449 4669 1551 4719 est.
1586 4664 1852 4734 Quisquis
1880 4666 1960 4718 sic
1998 4666 2390 4737 accipiendum

701 4752 1008 4822 putaverit,
1040 4757 1106 4805 ut
1134 4751 1284 4805 dicat
1339 4757 1573 4822 propter
1614 4753 2004 4807 humilitatem
2058 4770 2175 4808 non
2221 4772 2392 4825 opor-

701 4843 822 4893 tere
863 4838 974 4892 dici
1009 4854 1113 4891 nos
1162 4855 1281 4891 nou
1320 4839 1529 4893 habere
1588 4846 1903 4911 peccatum,
1938 4858 2055 4895 non
2088 4842 2222 4913 quia
2262 4859 2391 4897 vere

701 4926 782 4978 ita
830 4929 934 4988 est,
985 4925 1288 4977 anathema
1319 4925 1409 4979 sit.
1457 4927 1726 4996 Sequitur
1789 4930 1965 4996 enim,
2018 4934 2076 4982 et
2128 4930 2393 5001 adjungit

703 5012 999 5082 apostolus
1032 5027 1045 5064 :
1079 5010 1136 5065 Si
1165 5017 1357 5064 autem
1388 5014 1630 5068 confessi
1684 5016 1963 5070 fuerimus
2014 5024 2242 5087 peccata
2285 5035 2387 5073 no-

703 5106 838 5168 stra,
882 5099 1067 5154 ﬁdelis
1110 5103 1195 5152 est
1247 5103 1304 5151 et
1345 5099 1553 5168 justus,
1593 5104 1692 5172 qui
1748 5105 2005 5159 remittat
2049 5107 2211 5161 nobis
2256 5123 2388 5177 pec-

700 5195 844 5256 cata,
878 5193 934 5243 et
964 5187 1202 5241 mandet
1230 5203 1337 5241 nos
1389 5188 1461 5241 ab
1518 5189 1675 5242 omni
1721 5190 2041 5263 iniquitate.
2093 5193 2193 5249 Ubi
2255 5196 2388 5249 satis

702 5281 959 5345 apparet,
994 5276 1100 5330 hoc
1134 5292 1248 5330 non
1280 5280 1509 5330 tantum
1553 5276 1865 5344 humiliter,
1898 5281 1996 5334 sed
2028 5282 2199 5336 etiam
2227 5299 2383 5338 vera-

702 5363 844 5417 citer
875 5364 1029 5419 dici:
1074 5369 1300 5435 poterat
1330 5366 1486 5418 enim
1531 5371 1713 5434 apOst.
1762 5367 1948 5421 dicere
1990 5384 2005 5422 :
2054 5369 2113 5424 Si
2174 5371 2383 5426 dixeri-

704 5464 852 5515 mus,
905 5466 1022 5505 non
1068 5451 1342 5506 habemus
1392 5457 1710 5523 peccatum,
1742 5455 2000 5523 nosipsos
2046 5459 2383 5529 extollimus,

708 5542 764 5589 et
791 5537 1081 5594 humilitas
1119 5539 1180 5594 in
1226 5541 1395 5595 nobis
1429 5556 1549 5595 non
1600 5545 1702 5595 est.
1755 5542 1861 5597 Sed
1917 5559 2046 5598 cum
2092 5546 2205 5600 ait:
2242 5549 2384 5602 Nos-

2504 527 2750 581 ostendit
2778 543 2910 581 eum
2942 528 3040 597 qui
3087 527 3300 581 dixerit
3347 543 3406 581 se
3454 543 3573 582 non
3604 527 3828 581 habere
3893 530 4213 598 peccatum.

2502 630 2616 668 non
2646 629 2841 667 verum
2880 612 3058 683 loqui,
3089 614 3186 666 sed
3222 613 3450 667 falsum.

2504 703 2629 756 CAP.
2666 702 2879 755 CXXVI.
2914 730 2987 741 —
3018 704 3087 754 Ue
3114 703 3224 754 illis
3256 704 3353 769 qui
3385 701 3578 754 dicunt
3604 706 3828 756 sanctos
3897 704 3962 754 in
3996 704 4213 754 orarium

2578 776 2880 837 Dominica,
2923 773 3153 825 Dimitte
3192 776 3345 826 nobis
3382 774 3568 826 debita
3607 780 3823 838 nostra,
3876 788 4002 825 non
4055 787 4156 843 pro
4180 788 4213 825 se

2575 844 2668 897 sed
2690 859 2792 912 pro
2821 843 2952 896 aliis
2974 844 3168 895 dicere.

2579 932 2698 1000 (Ea:
2729 932 2927 995 eodem,
2968 936 3142 999 capite
3169 932 3286 998 7t.)
3316 932 3454 984 Item
3504 931 3723 1001 placuit
3767 937 3837 985 ut
3892 930 4216 1002 quicunque

2506 1020 2713 1073 dixerit
2742 1020 2800 1071 in
2832 1021 3087 1072 oratione
3144 1019 3459 1085 Dominica,
3516 1020 3644 1073 ideo
3696 1019 3907 1073 dicere
3966 1026 4215 1073 sanctos:

2513 1108 2742 1161 Dimitte
2771 1107 2935 1160 nobis
2969 1108 3158 1160 debita
3190 1114 3405 1173 nostra,
3441 1113 3505 1162 ut
3551 1124 3658 1178 pro
3691 1108 3914 1178 seipsis
3968 1109 4087 1161 hoc
4132 1124 4216 1161 nor

2508 1195 2697 1247 dicant
2729 1210 2742 1247 :
2775 1196 2908 1264 quia
2942 1211 3056 1248 non
3091 1201 3177 1248 est
3207 1195 3288 1248 eis
3313 1197 3630 1250 necessaria
3678 1197 3790 1250 ista
3854 1198 4103 1267 petitio,
4151 1206 4218 1249 sed

2510 1300 2615 1354 pro
2647 1282 2770 1336 aliis
2792 1284 2891 1353 qui
2922 1289 3053 1337 sunt
3082 1284 3139 1337 in
3172 1300 3274 1337 suo
3305 1286 3517 1355 populo
3567 1292 3945 1355 peccatores,
4008 1292 4071 1339 et
4123 1286 4217 1338 ide:

2510 1388 2627 1425 non
2658 1372 2842 1425 dicere
2875 1388 3347 1443 unumquemque
3389 1379 3740 1441 sanctorum,
3784 1374 4059 1428 Dimitte
4118 1390 4218 1443 pec-

2511 1465 2635 1513 cata
2664 1476 2809 1525 mea,
2844 1460 2941 1513 sed
3002 1461 3231 1515 Dimitte
3276 1461 3439 1514 nobis
3485 1460 3679 1515 debita
3726 1469 3970 1527 nostra,
4034 1467 4099 1514 nt
4145 1463 4217 1514 hm‘

2514 1564 2616 1617 pro
2644 1549 2768 1601 aliis
2791 1549 3001 1617 potius,
3033 1565 3205 1619 quam
3246 1565 3351 1619 pro
3401 1564 3458 1601 se
3507 1549 3699 1618 justus
3750 1556 3974 1619 petere
4031 1550 4220 1604 intelli‘

2516 1642 2702 1705 gatur,
2762 1637 3085 1699 anathema,
3130 1638 3222 1691 sit.
3287 1637 3527 1692 Sanctus
3569 1638 3727 1692 enim
3760 1645 3824 1692 et
3868 1640 4086 1709 justus
4133 1654 4220 1692 era‘

2518 1726 2805 1795 apostolus
2859 1726 3122 1793 Jacobus,
3172 1742 3301 1780 cum
3372 1726 3644 1781 dicebat:
3696 1727 3761 1781 In
3814 1728 4037 1781 multis
4095 1730 4219 1781 enin

2518 1814 2858 1867 offendimus
2889 1830 3106 1868 omnes.
3138 1815 3275 1868 Nam
3313 1830 3491 1885 quare
3530 1815 3797 1870 additum
3837 1821 3936 1869 est
3999 1832 4197 1870 omnes

2517 1902 2625 1954 nisi
2654 1906 2714 1955 ut
2742 1902 2847 1955 ista
2900 1903 3181 1956 sententia
3225 1904 3593 1959 conveniret?
3634 1905 3698 1957 Et
3736 1905 3801 1958 in
3858 1905 4105 1958 Psalmo
4152 1907 4222 1958 ubi

2516 1990 2761 2060 legitur:
2802 1991 2878 2043 Ne
2912 1991 3090 2044 intres
3140 1991 3195 2043 in
3242 1992 3525 2061 judicium
3568 2008 3700 2045 cum
3736 2009 3917 2046 servo
3948 1999 4082 2058 tuo,
4115 2010 4221 2063 quia

2517 2094 2633 2132 non
2673 2079 3080 2147 justiticahitur
3137 2080 3196 2133 iu
3262 2086 3565 2150 conspectu
3616 2086 3719 2133 tuo
3765 2081 3983 2135 omnis
4032 2083 4220 2134 vivens.

2518 2168 2581 2220 Et
2630 2167 2691 2220 in
2748 2169 3003 2221 oratione
3048 2168 3451 2237 sapientissimi
3508 2168 3887 2223 Salomonis:
3985 2170 4117 2223 Non
4163 2183 4224 2223 est

2516 2256 2688 2308 homo
2720 2256 2818 2325 qui
2848 2272 2960 2309 non
2996 2256 3263 2325 peccavit.
3307 2256 3373 2309 Et
3421 2255 3482 2309 in
3540 2257 3692 2310 libro
3725 2258 3923 2311 sancti
3964 2259 4083 2312 Job
4137 2276 4149 2311 :
4184 2260 4224 2311 In

2516 2359 2686 2397 manu
2710 2344 2896 2397 omnis
2924 2345 3174 2397 hominis
3216 2344 3466 2412 signum,
3521 2351 3584 2398 ut
3634 2346 3778 2400 sciat
3825 2348 4038 2400 omnis
4076 2348 4224 2400 hom:

2514 2432 2906 2485 infirmitatem
2964 2448 3145 2485 suam.
3199 2432 3356 2486 Unde
3406 2433 3578 2486 etiam
3631 2434 3836 2487 Daniel
3884 2442 4139 2489 sanctus
4192 2452 4224 2488 e'

2507 2520 2715 2588 justus,
2750 2537 2880 2573 cum
2928 2521 2989 2573 in
3040 2520 3297 2573 oratione
3343 2521 3650 2590 pluraliter
3692 2522 3930 2576 diceret
3967 2541 3982 2577 :
4039 2526 4226 2578 Pecca-

2515 2609 2719 2673 vimus,
2754 2608 3114 2678 iniquitatem
3157 2608 3416 2676 fecimus,
3452 2616 3587 2673 etc.,
3624 2626 3756 2680 qum
3815 2611 3903 2664 ibi
3961 2614 4226 2665 veraciter

2516 2701 2571 2749 et
2618 2697 2917 2750 humiliter
2960 2698 3283 2761 confitetur,
3338 2714 3411 2751 ne
3465 2705 3795 2769 putaretur,
3841 2702 4226 2770 quemadmo-

2516 2785 2650 2839 dum
2709 2785 2941 2856 quidam
2993 2786 3266 2851 sentiunt,
3324 2786 3430 2839 hoc
3488 2802 3603 2840 non
3654 2788 3727 2841 de
3791 2789 3947 2853 suis,
4018 2790 4121 2843 sed
4175 2791 4226 2843 de

2515 2875 2713 2943 populi
2765 2874 2851 2927 sui
2902 2874 3095 2943 potius
3158 2874 3372 2928 dixisse
3446 2876 3714 2945 peccatis,
3769 2883 3996 2945 postea
4051 2878 4227 2931 dixit:

2517 2964 2656 3017 Cum
2690 2978 2929 3025 orarem,
2970 2968 3027 3015 et
3064 2962 3369 3016 confiterer
3416 2970 3649 3033 peccata
3695 2980 3847 3031 mea,
3901 2971 3967 3020 et
4009 2976 4228 3036 peccata

2518 3050 2716 3119 populi
2745 3051 2853 3103 mei
2887 3050 3129 3103 Domino
3173 3050 3287 3103 Deo
3319 3066 3466 3104 meo.
3502 3051 3699 3104 Noluit
3744 3051 3951 3107 dicere
4009 3066 4228 3123 peccata

2517 3146 2732 3202 nostra,
2766 3138 2859 3191 sed
2889 3139 3087 3207 populi
3119 3138 3208 3191 sui
3238 3139 3383 3193 dixit
3411 3144 3463 3193 et
3492 3155 3596 3193 sua
3622 3156 3636 3194 :
3664 3142 3965 3211 quoniam
4018 3143 4227 3196 futurus

2518 3227 2653 3280 istos
2682 3227 2780 3296 qui
2808 3232 2922 3280 tam
2965 3228 3111 3281 male
3143 3227 3553 3297 intelligerent,
3603 3234 3897 3300 tanquam
3954 3235 4225 3302 propheLa

2517 3315 2795 3383 praevidit.

2482 3457 2487 3464 _
2518 3403 2644 3457 CAP.
2670 3403 2910 3458 CXXVII.
2940 3432 3001 3444 —
3026 3406 3097 3457 De
3126 3406 3235 3457 illis
3258 3406 3355 3473 qui
3380 3406 3644 3473 episcopis
3664 3408 3781 3459 suis
3810 3408 3967 3461 clam
3985 3425 4099 3463 sua
4120 3426 4229 3463 c071-

2716 3478 2936 3542 fitentur
2952 3482 3195 3543 peccata,
3231 3482 3279 3528 et
3307 3483 3491 3544 postea
3512 3493 3711 3543 negare
3733 3481 4054 3534 voluerint.

2590 3562 2704 3627 (Ea:
2733 3562 2930 3627 eodem,
2968 3560 3144 3629 capite
3165 3562 3278 3631 77.)
3325 3562 3463 3616 Item
3497 3563 3733 3632 placuit,
3798 3571 3866 3618 ut
3921 3567 3975 3619 si
4008 3570 4203 3639 quand

2516 3649 2822 3718 episcopus
2866 3649 3001 3701 dicit
3034 3650 3282 3719 aliquem
3335 3650 3444 3703 sibi
3498 3651 3602 3703 soli
3652 3653 3975 3722 proprium
4018 3659 4229 3710 crimen

2519 3737 2691 3789 fuisse
2720 3736 3061 3803 confessum,
3095 3744 3265 3807 atque
3327 3738 3425 3792 ille
3473 3744 3671 3808 postea
3697 3748 3903 3811 negat,
3941 3749 4006 3797 et
4056 3762 4230 3815 pceni-

2518 3830 2635 3878 tere
2667 3824 2931 3889 noluerit,
2965 3841 3080 3878 non
3112 3832 3275 3894 putet
3298 3826 3367 3879 ad
3400 3826 3677 3896 injuriam
3712 3845 3885 3884 suam
3924 3834 4229 3904 episcopus

2518 3913 2829 3983 pertinere,
2856 3914 3005 3982 quod
3052 3914 3132 3966 illi
3165 3914 3266 3967 soli
3298 3930 3416 3968 non
3455 3916 3732 3982 creditur,
3777 3924 3838 3970 et
3873 3935 3924 3972 si
3958 3926 4227 3991 scrupulo

2516 4002 2761 4070 propriae
2788 4002 3147 4054 conscientiae
3170 4020 3226 4055 se
3258 4002 3396 4056 dicit
3443 4005 3678 4072 neganti
3710 4006 3872 4059 nolle
3906 4024 4229 4063 communi-

2515 4103 2663 4147 care,
2716 4095 2929 4141 secrete
2997 4094 3191 4142 tamen
3251 4089 3552 4144 interdicat
3608 4091 3663 4144 ei
3715 4095 4229 4150 communionem.

2516 4176 2694 4230 donec
2725 4177 3102 4247 obtemperet.

2428 4270 2470 4323 D
2511 4265 2636 4319 CAP.
2670 4265 2937 4319 CXXVIII.
2970 4296 3038 4305 —
3067 4268 3136 4319 De
3164 4267 3274 4319 illis
3306 4267 3690 4335 paenitentibus
3719 4272 3823 4337 qui
3851 4275 4079 4326 attente
4107 4274 4228 4339 leges

2982 4341 3312 4405 pcrnitenh'z
3331 4347 3724 4406 exsequuntur.

2578 4423 2685 4493 (Ea:
2724 4426 2942 4478 concilio
2980 4425 3265 4493 Carthag.,
3311 4430 3491 4495 capite
3536 4427 3651 4497 79.)
3706 4428 4089 4485 Pmnitentes
4149 4434 4229 4502 qui

2505 4518 2719 4565 attente
2769 4513 2921 4582 leges
2971 4513 3327 4583 poenitentia:
3386 4527 3810 4586 exsequuntur.
3868 4518 3921 4571 si
3985 4536 4135 4574 casu
4184 4524 4223 4572 is

2504 4600 2728 4666 itinere,
2762 4604 2845 4653 vel
2878 4602 2934 4654 in
2967 4602 3111 4655 mari
3148 4603 3363 4656 mortui
3408 4604 3641 4670 fuerint,
3699 4605 3804 4658 ubi
3856 4608 3950 4660 eis
4016 4610 4222 4663 subve-

2502 4688 2614 4741 niri
2645 4705 2759 4741 non
2794 4690 2995 4758 potuit,
3034 4691 3312 4743 memoria
3357 4707 3581 4759 eorum,
3615 4698 3673 4746 et
3721 4695 4138 4763 orationibus,
4186 4706 4225 4749 et

2502 4776 2885 4829 oblationibus
2914 4779 3373 4832 commendetur.

2500 4863 2625 4918 CAP.
2679 4865 2899 4920 CXXIX.
2956 4894 3027 4906 —
3085 4869 3155 4920 De
3202 4868 3314 4921 illis
3359 4870 3459 4935 qui
3502 4883 3561 4922 se
3613 4871 3890 4936 afﬂigunt
3954 4873 4032 4928 de
4096 4876 4226 4928 obiri.

3186 4938 3495 4992 charorum.

2572 5022 2693 5088 (Ea:
2739 5026 2898 5092 epist.
2950 5024 3211 5079 Anastas.
3253 5026 3485 5095 lpapz,
3542 5028 3757 5095 Nejano
3811 5031 4087 5087 nobiliss.
4126 5037 4219 5086 τίτί

2496 5110 2721 5175 directa,
2756 5115 2933 5180 capite
2958 5115 3064 5180 ll.)
3102 5113 3211 5165 Nos
3253 5122 3448 5167 autem
3501 5115 3601 5185 qui
3632 5116 3946 5187 novimus,
3992 5124 4101 5193 qui
4136 5124 4219 5175 hoc

2497 5198 2783 5251 credimus
2818 5205 2875 5253 et
2904 5199 3193 5266 docemus,
3228 5201 3559 5256 contristari
3591 5202 3851 5259 nimium
3887 5208 3965 5263 de
4008 5211 4217 5265 obeun-

2495 5286 2647 5340 tibus
2698 5303 2811 5341 non
2870 5287 3160 5351 debemus,
3217 5305 3287 5342 ne
3354 5290 3505 5360 quod
3563 5292 3723 5362 apud
3791 5296 3949 5350 alios
4008 5301 4214 5370 pietatis

2495 5378 2651 5428 tenet
2683 5376 2953 5445 speciem,
2989 5376 3096 5429 hoc
3155 5378 3336 5446 magis
3378 5379 3543 5432 nobis
3598 5379 3660 5433 in
3710 5384 3901 5453 culpa
3952 5388 4053 5441 sit.
4098 5391 4214 5443 Nam

2496 5462 2830 5517 diffidentiae
2858 5465 3287 5534 quodammodo
3316 5482 3497 5536 genus
3535 5474 3621 5521 est
3650 5477 3875 5527 contra
3904 5475 4046 5539 hoc,
4081 5490 4211 5547 quo;

2494 5552 2736 5623 quisque
2766 5553 3107 5623 praedicator
3135 5555 3345 5626 quierit
3364 5554 3652 5625 justitiam
3705 5574 3954 5625 amans.
4008 5567 4211 5620 dicente
