4592 6460
374 417 387 465 1
401 414 500 465 009

1190 416 1661 472 DECRETORUM
1706 421 1889 475 LIBRI
1926 422 2031 477 XX.
2073 452 2144 463 —
2183 425 2391 479 LIBER
2430 426 2731 482 DECIMUS
2772 427 3015 484 NONUS.

3734 439 3866 492 IOlO

373 535 646 604 Apostolo
680 551 692 589 :
730 536 1009 590 Nolumus
1040 541 1228 590 autem
1271 554 1367 591 vos
1411 538 1697 607 ignorare,
1730 541 1949 608 fratres,
1982 544 2051 597 de
2080 550 2125 600 A
2171 545 2301 600 CAP.
2335 547 2601 602 CXXXVI.
2665 551 2737 603 De
2792 550 2904 603 illis
2942 552 3047 622 qui
3072 566 3255 606 aream
3280 556 3528 622 promimi
3566 560 3656 611 sui
3684 559 3864 612 incen-

373 624 785 677 dormientibus
826 629 889 677 ut
933 640 1051 677 non
1096 626 1564 692 constristcmini,
1598 630 1743 681 sicut
1775 636 1829 682 et
1875 630 2061 684 caeteri

373 713 466 782 qui
498 728 659 783 spem
692 728 809 766 non
840 713 1071 767 habent.
1114 715 1226 766 Hac
1257 713 1471 783 itaque,
1507 716 1678 768 frater
1708 717 2060 784 charissime,

374 803 593 855 ratione
642 808 947 873 prospecta
1006 803 1353 855 studendum
1407 804 1569 856 nobis
1628 810 1732 869 est,
1793 812 1856 858 ut
1916 806 2061 860 sicut

373 890 637 957 diximus,
680 907 795 944 non
840 891 908 943 de
960 890 1204 944 mortuis
1267 892 1613 961 afﬂigamur,
1666 894 1761 946 sed
1795 894 2060 948 affectum

373 979 685 1032 viventibus
715 979 1137 1048 impendamus,
1188 980 1396 1048 quibus
1438 987 1494 1033 et
1522 980 1704 1051 pietas
1745 984 1813 1035 ad
1850 982 2058 1035 utilita-

373 1072 499 1126 tem.
534 1073 590 1120 et
610 1068 679 1120 sit
710 1068 777 1121 ad
811 1068 1058 1121 fructum
1098 1067 1349 1121 dilectio.
1413 1069 1614 1122 Desine
1668 1069 1863 1138 igitur,
1921 1070 2059 1123 cha-

373 1156 611 1221 rissime,
670 1172 998 1221 maerorem,
1060 1160 1116 1209 et
1163 1172 1387 1210 assume
1443 1158 1757 1226 spiritalem
1810 1159 2057 1212 fructum

374 1244 600 1311 laetitiae,
654 1245 719 1297 ad
776 1244 1077 1297 utilitatem
1136 1249 1342 1297 sanctae
1402 1246 1501 1298 Dei
1535 1246 1815 1310 Ecclesia),
1867 1262 2054 1299 serva—

373 1348 611 1402 rumque
643 1332 765 1401 ejus
822 1332 1162 1401 profectum,
1208 1338 1263 1385 et
1292 1332 1419 1385 vitae
1478 1334 1646 1399 hujus
1696 1350 2053 1404 quaecunque

373 1425 496 1473 sunt
552 1422 752 1490 spatia,
814 1420 1044 1473 aeternis
1125 1420 1449 1489 divinisque
1512 1422 1711 1474 ofﬁciis
1767 1423 2052 1477 illustrare

373 1509 669 1573 contende,
706 1513 765 1561 ut
817 1509 915 1577 qui
956 1508 1242 1577 insignem
1282 1513 1336 1561 te
1370 1509 1655 1578 praestitit,
1706 1510 1905 1563 reddat
1943 1511 2052 1564 sibi

373 1611 466 1663 per
486 1596 693 1648 saecula
723 1595 1045 1649 clariorem.

374 1703 487 1756 CAP.
522 1702 710 1757 CXXX.
751 1730 822 1742 —
854 1706 927 1756 De
946 1703 1057 1755 illis
1093 1704 1189 1768 qui
1212 1702 1457 1771 sibiipsis
1483 1704 1785 1756 voluntarie
1828 1709 2049 1758 mortem

1074 1776 1340 1838 inferunt.

429 1863 539 1927 (Ea:
563 1863 787 1914 concilia
816 1862 1105 1928 Braggar.,
1138 1863 1313 1929 capite
1360 1861 1462 1930 t0.)
1508 1861 1725 1915 Placuit
1768 1866 1830 1915 ut
1858 1862 1916 1916 hi
1948 1862 2048 1932 qui

373 1945 604 2014 iibiipsis
634 1944 978 2009 voluntarie,
1034 1950 1134 1997 aut
1174 1961 1275 2013 per
1313 1945 1550 2004 ferrum.
1611 1951 1706 1998 aut
1738 1962 1839 2014 per
1872 1963 2048 1999 vene-

373 2048 512 2093 tum,
548 2039 647 2085 aut
678 2048 782 2102 per
812 2031 1213 2100 praecipitium,
1245 2037 1342 2084 aut
1371 2048 1474 2101 per
1519 2034 1912 2102 suspendium,
1958 2035 2044 2087 vel

373 2120 607 2189 [uolibet
638 2121 806 2172 modo
853 2120 1104 2172 inferunt
1155 2125 1424 2187 mortem,
1467 2122 1618 2173 nulla
1673 2138 1777 2190 pro
1838 2122 1949 2174 illis
1985 2123 2044 2176 in

373 2209 641 2261 ὼΙδῑίοηθ
670 2209 1138 2261 commemoratio
1170 2208 1286 2275 ﬁat,
1324 2225 1510 2279 neque
1546 2225 1674 2263 cum
1702 2209 1942 2263 Psalmis
1974 2211 2043 2264 ad

378 2298 702 2363 epulturam
738 2312 939 2349 eorum
972 2297 1245 2350 cadavera
1275 2297 1650 2351 deducantur.
1689 2298 1846 2351 Multi
1886 2299 2041 2351 enim

374 2383 457 2435 tibi
492 2384 600 2436 hoc
654 2400 754 2452 per
809 2384 1196 2453 ignorantiam
1257 2390 1630 2455 usurparunt.
1691 2386 1964 2441 Similiter
1988 2391 2044 2440 et

373 2471 418 2524 le
476 2471 563 2524 bis
621 2473 838 2543 placuit
896 2472 1039 2537 ﬁeri,
1082 2472 1182 2543 qui
1235 2489 1338 2543 pro
1402 2473 1518 2526 suis
1580 2475 1888 2529 sceleribus
1936 2492 2038 2545 pu-

374 2560 605 2614 iiuntur.

734 2648 858 2701 CAP.
899 2648 1119 2702 CXXXI.
1161 2677 1230 2689 —
1263 2650 1341 2702 De
1370 2649 1553 2702 eadem
1583 2666 1658 2703 re.

422 2738 525 2805 (Ea:
567 2738 836 2796 concilia,
898 2736 1195 2801 Cabillan.,
1264 2736 1533 2805 capiteii.)
1590 2736 1925 2807 Quicunque
1984 2756 2040 2791 se

374 2825 580 2895 irapria
645 2826 956 2886 voluntate,
1020 2830 1120 2877 aut
1188 2825 1245 2877 in
1296 2841 1503 2895 aquam
1568 2826 1887 2895 jactaverit,
1945 2832 2044 2881 aut

382 2914 556 2966 ollum
593 2912 873 2983 ligaverit,
908 2918 1007 2965 aut
1054 2913 1124 2966 de
1186 2913 1387 2966 arbore
1436 2913 1896 2982 praecipitaverit,
1944 2920 2042 2969 aut

373 3018 492 3055 erro
536 3002 887 3070 percusserit
942 3006 1038 3054 aut
1094 3001 1329 3055 cuilibet
1380 3002 1699 3055 voluntarie
1756 3019 1815 3056 se
1868 3003 2038 3056 morti

374 3090 647 3148 radilerit,
681 3089 841 3141 istius
864 3087 1077 3141 oblatio
1110 3104 1225 3141 non
1256 3088 1585 3158 recipiatur.

374 3196 414 3247 ΖΑ
425 3211 474 3248 P.
507 3194 750 3249 CXXXII.
767 3225 833 3232 —
848 3196 925 3248 De
938 3194 1049 3247 illis
1063 3195 1287 3261 quicum
1308 3197 1360 3245 in
1366 3192 1617 3263 ﬁdelibus
1631 3195 1806 3248 cibum
1836 3210 2040 3249 sumere

964 3267 1430 3333 przsu-mpserint.

418 3354 528 3423 (Ea:
556 3354 782 3406 concilia
830 3350 1155 3419 Eliberlan.)
1188 3350 1246 3406 Si
1301 3366 1434 3406 vero
1494 3351 1621 3421 quis
1683 3352 1919 3405 clericus
1952 3353 2038 3406 vel

375 3441 529 3493 tdelis
560 3455 691 3493 cum
723 3439 932 3493 Iudaeis
959 3439 1150 3492 cibum
1190 3439 1518 3508 sumpserit,
1577 3440 1789 3509 placuit
1834 3456 1967 3493 eum
2006 3458 2039 3492 a

379 3530 754 3583 ommunione
787 3528 1077 3593 abstineri,
1109 3533 1173 3582 ut
1200 3529 1402 3582 debeat
1439 3529 1752 3582 emendari.

375 3638 471 3689 IAP.
482 3635 736 3691 CXXXIII
747 3665 831 3687 .—
844 3637 918 3689 De
938 3635 1047 3689 illis
1068 3637 1162 3703 qui
1172 3639 1504 3703 apostatant,
1520 3640 1569 3688 et
1584 3636 1657 3687 ad
1671 3635 2037 3689 idalolatriam

985 3720 1041 3759 se
1066 3711 1397 3759 convertunt.

418 3796 525 3865 (Ea:
557 3794 1113 3864 eodem.)Adjectum
1166 3799 1251 3847 est
1304 3793 1475 3847 etiam
1534 3792 1813 3864 quosdam
1871 3792 2035 3846 Chri-

376 3883 560 3937 tianos
594 3883 663 3937 ad
706 3883 1093 3953 apostastiam,
1144 3882 1295 3953 quod
1326 3882 1437 3936 dici
1486 3882 1644 3935 nefas
1684 3886 1788 3947 est,
1849 3886 2035 3934 trans-

383 3978 569 4036 untes,
599 3976 656 4025 et
685 3970 966 4024 idolorum
998 3971 1174 4037 cultu,
1206 3987 1270 4023 ac
1315 3970 1722 4023 sacriﬁciorum
1754 3969 2031 4023 contami-

375 4058 580 4112 iatione
603 4059 952 4127 profanatas,
970 4075 1114 4128 quos
1140 4058 1392 4112 aChristi
1418 4074 1653 4127 corpore
1685 4063 1741 4112 et
1760 4058 2037 4127 sanguine

376 4164 459 4215 fua
493 4149 719 4201 dudum
762 4148 1038 4217 redempti
1096 4148 1323 4201 fuerant
1369 4147 1737 4214 renascendo,
1767 4147 2036 4217 jubemus

382 4235 601 4289 bscindi
636 4252 649 4290 :
685 4242 741 4288 et
772 4235 817 4287 si
848 4235 1241 4305 resipiscentes
1284 4235 1430 4287 forte
1483 4234 1790 4304 aliquando
1822 4234 2038 4288 fuerint

380 4325 411 4376 d
472 4325 731 4377 lamenta
783 4324 1062 4388 conversi,
1114 4323 1201 4376 his
1247 4322 1503 4392 quandiu
1572 4322 1766 4375 vivunt
1816 4323 2035 4391 agenda

387 4412 687 4465 renitentia
716 4419 800 4464 est
834 4428 846 4465 :
881 4418 935 4465 et
963 4413 1018 4464 in
1061 4412 1263 4465 ultimo
1294 4411 1409 4465 ﬁne
1465 4428 1566 4463 suo
1619 4410 2031 4464 reconciliatio-

378 4502 433 4552 tis
474 4501 661 4570 gratia
690 4500 1005 4565 tribuenda,
1035 4500 1254 4553 dicente
1288 4499 1528 4553 Domino
1562 4516 1575 4552 :
1614 4499 1754 4553 Nolo
1793 4504 2037 4552 mortem

377 4588 686 4653 ieccatoris,
719 4588 815 4640 sed
858 4593 920 4641 ut
949 4593 1310 4641 convertatur
1340 4592 1396 4640 et
1424 4586 1592 4641 vivat.

721 4678 850 4731 CAP.
885 4677 1141 4731 CXXXIV.
1170 4706 1236 4715 —
1268 4676 1347 4728 De
1374 4674 1557 4729 eadem
1581 4692 1656 4728 re.

420 4768 532 4835 (Ea:
553 4765 782 4833 eadem.)
820 4766 895 4818 De
924 4765 1012 4819 his
1064 4764 1163 4835 qui
1219 4770 1561 4833 apostatant,
1621 4768 1677 4816 et
1702 4778 1831 4816 raro
1878 4776 1937 4814 se
1967 4761 2036 4814 ad

377 4855 658 4909 lcclesiam
713 4858 1148 4923 repraesentant,
1204 4869 1309 4906 nec
1357 4852 1588 4922 quidem
1642 4849 2038 4920 paenitentiam

384 4960 518 5012 gere
560 4949 851 5012 quwrunt,
887 4949 942 4995 et
999 4947 1192 5011 postea
1222 4940 1279 4993 in
1331 4940 1663 4993 inﬁrmitate
1696 4938 1911 5006 arrepti
1938 4954 2037 5007 pe-

377 5037 476 5084 unt
528 5030 1022 5095 communionem,
1056 5029 1268 5100 placuit
1323 5045 1438 5081 non
1470 5028 1714 5081 dandam
1770 5028 1850 5080 eis
1879 5042 2041 5079 com-

380 5120 707 5185 munionem,
752 5119 861 5171 nisi
903 5118 1279 5171 revelaverint
1328 5132 1527 5170 eorum
1576 5122 1789 5170 rectam
1847 5114 2039 5179 ﬁdem,

380 5213 401 5261 t
429 5208 661 5277 egerint
691 5207 905 5260 fructus
936 5207 1139 5273 dignos
1170 5204 1543 5276 paenitentiae.

379 5322 474 5369 LAP.
509 5316 741 5370 CXXXV.
768 5346 832 5354 —
863 5318 937 5369 De
966 5317 1075 5368 illis
1119 5316 1215 5381 qui
1235 5314 1541 5366 christiana
1570 5314 1846 5380 mancipia
1875 5310 2045 5379 capti-

1057 5387 1325 5437 vaverint.

419 5478 529 5538 (Ea:
574 5474 946 5528 Pamitentiali
986 5472 1206 5541 Thead.)
1246 5472 1311 5542 Si.
1348 5470 1706 5540 quiscunque
1752 5470 2043 5524 hominem

394 5564 613 5615 uolibet
666 5562 899 5631 ingenio
954 5560 1323 5631 captivaverit
1351 5564 1454 5613 aut
1501 5559 1902 5626 transmiserit,
1932 5563 2044 5611 tres

388 5666 535 5701 nnos
552 5648 838 5717 poenitcat.

2916 621 3118 675 derint.

2243 704 2361 771 (Ea:
2411 706 2779 760 Pamitentiali
2834 704 3115 778 Romana.)
3175 710 3231 765 Si
3290 712 3418 782 quis
3470 714 3707 769 domum
3772 719 3861 771 vel

2173 805 2362 842 aream
2417 792 2805 862 cujuscunque
2894 795 3210 848 voluntarie
3284 798 3417 867 igne
3496 804 3857 869 cremaverit,

2171 878 2391 930 sublata
2422 879 2505 931 vel
2530 879 2755 933 incensa
2800 881 2995 934 omnia
3024 883 3306 951 restituat,
3357 891 3413 939 et
3467 887 3648 941 tribus
3694 892 3858 945 annis

2164 965 2563 1034 .paanitentiam
2596 974 2745 1037 agat.

2170 1052 2294 1106 CAP.
2331 1053 2612 1108 CXXXVII.
2647 1086 2712 1095 —
2752 1058 2830 1109 De
2863 1058 2975 1111 illis
3000 1061 3096 1125 qui
3124 1060 3409 1115 libidinose
3440 1063 3857 1120 obtrectaverint

2658 1129 2894 1195 puellam
2933 1136 3029 1182 aut
3058 1133 3354 1185 mulierem.

2237 1215 2345 1277 (Ea:
2372 1213 2593 1282 eadem.)
2624 1214 2678 1267 Si
2707 1216 2835 1285 quis
2892 1216 3289 1272 obtrectaverit
3328 1220 3534 1289 puellas
3569 1227 3667 1276 aut
3720 1240 3853 1277 mu-

2163 1296 2319 1351 lieris
2349 1305 2565 1368 pectus,
2622 1303 2706 1354 vel
2755 1304 3171 1369 turpitudinem
3234 1323 3472 1361 earum:
3513 1310 3558 1361 si
3616 1312 3851 1364 clericus

2164 1389 2266 1451 est,
2328 1389 2583 1459 quinque
2642 1390 2806 1443 dies:
2850 1392 2896 1444 si
2956 1392 3147 1453 laicus,
3210 1399 3322 1447 tres
3373 1397 3493 1448 dies
3551 1399 3842 1466 pmniteat.

2162 1472 2464 1527 Monachus
2495 1478 2579 1529 vel
2612 1478 2890 1543 sacerdos,
2924 1496 2954 1531 a
2986 1480 3302 1534 ministerio
3339 1482 3531 1536 divino
3566 1486 3844 1553 suspensi,

2162 1559 2208 1612 si
2238 1561 2451 1630 aliquid
2486 1565 2595 1617 tale
2622 1566 2879 1631 fecerint,
2925 1567 3125 1637 viginti
3155 1569 3272 1621 dies
3318 1570 3650 1639 pceniteant.
3697 1573 3842 1627 Scri-

2159 1654 2321 1718 ptum
2354 1658 2439 1704 est
2469 1654 2667 1707 enim:
2720 1656 2911 1725 Neque
2964 1658 3262 1725 tetigeritis
3312 1675 3496 1730 neque
3553 1660 3835 1716 obtrecta-

2159 1738 2351 1791 veritis
2379 1741 2796 1807 turpitudinem
2828 1745 3189 1799 feminarum.

2081 1832 2119 1885 Β
2158 1826 2285 1881 CAP.
2320 1826 2633 1884 CXXXVIII.
2665 1860 2733 1869 —
2765 1836 2838 1885 De
2874 1834 2985 1886 illis
3036 1836 3132 1899 qui
3162 1834 3346 1889 balneo
3377 1852 3496 1890 cum
3525 1837 3839 1893 mulieribus

2824 1918 2879 1955 se
2911 1904 3161 1957 laverint.

2227 1984 2340 2051 (Ea:
2368 1987 2731 2041 Panitentiali
2786 1990 3008 2057 Thead.)
3067 1991 3124 2045 Si
3181 1991 3305 2062 quis
3365 1992 3422 2045 in
3480 1993 3680 2047 balneo
3709 2012 3837 2050 cum

2153 2072 2490 2126 mulieribus
2522 2091 2579 2126 se
2609 2076 2793 2128 lavare
2848 2079 3294 2146 praesumpserit,
3343 2084 3461 2134 tres
3504 2082 3623 2134 dies
3652 2084 3836 2151 poeni-

2154 2165 2286 2227 teat,
2320 2167 2376 2214 et
2401 2163 2639 2216 ulterius
2660 2180 2775 2218 non
2808 2172 3136 2234 praesumat.

2152 2249 2282 2302 CAP.
2315 2250 2570 2305 CXXXIX.
2636 2283 2701 2291 —
2741 2254 2813 2306 De
2865 2254 3337 2377 administratione
3388 2258 3751 2326 xenadochiz,
3790 2267 3841 2314 et

2915 2340 3109 2377 eczmm.

2915 2340 3109 2379 eczmx.

2221 2408 2330 2475 (Em
2359 2409 2583 2479 eodem.)
2633 2410 2690 2464 Si
2720 2410 2848 2480 quis
2877 2412 3263 2468 xenodachias
3292 2430 3611 2483 pauperum
3660 2418 3844 2471 admi-

2150 2495 2373 2561 nistrat,
2428 2497 2515 2550 vel
2581 2487 2827 2551 decimas
2886 2499 3089 2568 populi
3145 2502 3473 2569 susceperit,
3523 2508 3580 2556 et
3614 2504 3657 2557 si
3710 2506 3839 2575 quis

2149 2584 2351 2638 exinde
2385 2586 2470 2637 vel
2499 2586 2616 2639 suis
2647 2588 3013 2641 saecularibus
3044 2589 3215 2641 lucris
3247 2592 3577 2645 sectandum
3623 2592 3839 2663 aliquid

2148 2671 2511 2738 subtraxerit,
2572 2674 2732 2743 quasi
2793 2691 2985 2728 rerum
3035 2677 3352 2730 alienarum
3392 2677 3663 2731 invasor:
3707 2695 3839 2733 reus

2148 2760 2423 2813 damnum
2452 2763 2726 2815 restituat.
2765 2768 2820 2815 et
2866 2765 2969 2815 sub
3000 2764 3273 2817 canonico
3320 2764 3540 2832 judicio
3574 2766 3838 2820 reforme-

2147 2850 2262 2914 tur,
2294 2852 2347 2901 et
2380 2854 2511 2918 agat
2535 2849 2933 2918 paenitentiam
2969 2852 3151 2904 tribus
3199 2852 3382 2904 annis.
3436 2853 3721 2922 Scriptum
3753 2860 3837 2908 est

2148 2935 2300 2988 enim
2340 2952 2352 2989 :
2387 2937 2578 2989 Talem
2634 2938 3087 3006 dispensatorem
3140 2939 3417 2993 Dominus
3475 2941 3700 3011 quaerit,
3735 2942 3834 3012 qui

2148 3023 2255 3075 sibi
2284 3024 2351 3077 de
2377 3025 2491 3077 suis
2510 3025 2653 3078 nihil
2684 3031 2937 3094 usurpet.

2073 3107 2113 3160 C
2152 3111 2278 3165 CAP.
2312 3111 2457 3166 CXL.
2511 3143 2577 3151 —-
2622 3116 2685 3167 Ut
2740 3115 2957 3178 feminae
3015 3120 3365 3171 menstrualee
3420 3132 3524 3170 non
3580 3118 3830 3184 offerant.

2220 3199 2338 3269 (Ea:
2367 3202 2587 3255 concilio
2619 3204 2881 3267 Magunt.,
2915 3206 3089 3271 capite
3121 3202 3195 3269 6.)
3242 3204 3499 3258 Mulieres
3544 3211 3834 3259 menstruo

2150 3292 2405 3357 tempore
2470 3305 2585 3357 non
2688 3290 2950 3355 offerant,
3015 3307 3118 3344 nec
3192 3292 3671 3357 sanctimoniales,
3732 3310 3835 3347 nec

2148 3375 2327 3429 laicaz.
2389 3376 2444 3430 Si
2500 3378 2985 3447 praesumpseriut,
3038 3383 3150 3432 tres
3204 3379 3592 3433 hebdomadas
3650 3382 3833 3450 poeni-

2146 3467 2321 3517 teant.

2147 3551 2275 3605 CAP.
2320 3550 2488 3606 CXLI.
2529 3580 2599 3592 —
2631 3555 2700 3606 De
2731 3551 2842 3606 illis
2874 3555 3094 3617 feminis
3118 3569 3234 3622 qua
3264 3560 3388 3608 ante
3418 3556 3674 3608 mundum
3698 3571 3831 3609 san-

2216 3624 2431 3745 guinem
2495 3623 2797 3676 Ecclesiam
2842 3626 3074 3691 intrant,
3131 3629 3181 3677 et
3232 3641 3351 3692 qua
3420 3627 3701 3695 nupserint
3750 3627 3830 3678 his

2257 3708 2301 3745 ie
2340 3707 2422 3746 us.

2217 3781 2336 3849 (Ea:
2383 3782 2747 3833 Panitentiali
2799 3781 3022 3844 Thead.)
3072 3782 3270 3835 Mulier
3323 3799 3451 3852 qua:
3508 3782 3685 3837 intrat
3738 3785 3830 3837 Ee-

2145 3868 2370 3921 clesiam
2404 3874 2533 3922 ante
2578 3870 2859 3923 mundum
2918 3870 3256 3940 sanguinem
3305 3876 3433 3940 post
3489 3877 3738 3940 partum,
3783 3872 3829 3925 si

2147 3959 2459 4011 masculum
2495 3962 2746 4025 generat,
2790 3959 2993 4012 XXXIII
3044 3958 3180 4021 dies,
3239 3959 3283 4011 si
3342 3959 3637 4013 fceminam
3699 3960 3825 4014 LVI.

2144 4045 2202 4101 Si
2224 4062 2336 4116 qua
2368 4050 2556 4099 autem
2599 4047 3029 4117 prwsumpserit
3054 4053 3183 4101 ante
3224 4052 3448 4118 tempus
3480 4047 3830 4118 praeﬁnitum

2148 4135 2449 4188 Ecclesiam
2497 4134 2735 4202 intrare,
2784 4141 2868 4188 tot
2896 4134 3016 4188 dies
3048 4136 3105 4189 in
3171 4152 3320 4205 pane
3370 4141 3425 4190 et
3481 4152 3631 4207 aqua
3659 4137 3833 4207 paeni-

2146 4226 2280 4289 teat,
2313 4229 2452 4292 quot
2481 4224 2722 4277 Ecclesia
2751 4240 2943 4277 carere
2991 4224 3281 4278 debuerat.
3314 4224 3420 4288 Qui
3466 4229 3656 4277 autem
3702 4240 3833 4277 con-

2145 4310 2409 4363 cubuerit
2439 4326 2568 4363 cum
2600 4326 2667 4363 ea
2720 4310 2807 4364 his
2859 4310 3078 4376 diebus,
3130 4312 3324 4365 decem
3385 4310 3505 4365 dies
3559 4311 3832 4382 paeniteat

2147 4398 2205 4451 in
2230 4414 2378 4466 pane
2410 4403 2463 4451 et
2496 4414 2662 4467 aqua.

2148 4485 2276 4539 CAP.
2310 4484 2507 4539 CXLII.
2534 4514 2601 4524 —
2645 4484 2796 4549 Quod
2826 4486 3075 4538 monachi
3098 4484 3432 4538 secularibus
3460 4486 3831 4553 paenitentiam

2704 4554 2834 4607 dare
2873 4570 2978 4608 nan
3030 4555 3273 4608 debeant.

2219 4644 2337 4712 (Ea:
2367 4644 2590 4696 concilia
2611 4644 2875 4710 Magunt.,
2899 4644 3075 4711 capite
3094 4642 3169 4710 2.)
3210 4642 3395 4697 Liberi
3426 4641 3540 4695 sint
3571 4642 3831 4695 monachi

2147 4731 2217 4785 ad
2247 4732 2491 4785 dandam
2524 4730 2919 4800 paenitentiam
2952 4730 3336 4784 saecularibus.

2148 4820 2275 4874 CAP.
2301 4820 2383 4874 CX
2391 4820 2524 4874 LIII.
2542 4850 2606 4859 —
2631 4821 2696 4874 Ut
2704 4822 2851 4887 pleni
2856 4824 3019 4873 tentes
3032 4824 3155 4872 ante
3170 4822 3445 4887 peractam
3460 4820 3833 4886 paznitentiam

2714 4906 2818 4943 non
2841 4891 3267 4943 reconcilientur.

2220 4981 2329 5044 (Ea:
2349 4977 2547 5045 eadem,
2576 4981 2751 5047 capite
2777 4978 2893 5047 23.)
2926 4979 3048 5033 Non
3081 4977 3521 5032 reconcilientur
3559 4977 3837 5047 paeniten-

2149 5070 2232 5117 tes
2263 5064 2308 5117 si
2341 5066 2641 5118 necessitas
2692 5082 2805 5119 non
2862 5064 3135 5135 coegerit,
3196 5066 3306 5119 nisi
3365 5072 3491 5137 post
3547 5070 3834 5135 peractam

2149 5152 2570 5221 paenitentiam.

2152 5241 2279 5294 CAP.
2315 5240 2534 5295 CXLIV.
2572 5270 2630 5281 —
2664 5244 2734 5295 De
2780 5242 2893 5294 illis
2952 5244 3047 5309 qui
3075 5242 3148 5294 ad
3186 5243 3564 5307 confessionem
3594 5240 3835 5305 veniunt,

2221 5326 2425 5365 necesse
2477 5317 2553 5364 est
2602 5316 2661 5364 ut
2707 5314 2947 5379 primum
2990 5312 3055 5365 de
3094 5314 3259 5366 livore
3312 5311 3553 5377 invidiae,
3608 5315 3657 5363 et
3703 5325 3835 5361 ava-

2221 5384 2376 5445 ritia,
2400 5384 2814 5449 interragentur.

2225 5467 2342 5536 (Ea:
2373 5472 2735 5523 Pamitentiuli
2789 5470 3012 5537 Theod.)
3047 5470 3190 5522 Sane
3222 5468 3357 5538 quia
3411 5467 3478 5521 de
3537 5467 3709 5521 livore
3760 5466 3840 5520 in-

2154 5555 2341 5620 vidias,
2374 5561 2430 5608 et
2455 5557 2522 5610 de
2546 5557 2651 5621 ira,
2677 5573 2897 5610 necnon
2942 5561 2997 5609 et
3034 5557 3101 5609 de
3150 5555 3406 5619 avaritia,
3458 5559 3521 5608 ut
3577 5553 3840 5623 superius

2160 5643 2445 5711 digestum
2474 5649 2576 5708 est,
2605 5645 2871 5697 oriuntur
2903 5643 3230 5709 homicidia,
3272 5648 3441 5705 recte,
3476 5647 3541 5696 ut
3590 5642 3840 5696 arbitror
