3944 6466
378 425 505 477 1011

1461 421 1872 477 ΒΗΒΟΗΑΒΙΠ
1911 421 2444 478 WORMACIENSIS
2486 418 2822 475 EPISCOPI.

3748 423 3881 474 1012

373 545 699 600 censuimus
733 544 804 599 de
851 543 974 614 ipso
1004 543 1143 598 vitio
1197 543 1450 614 primum
1508 545 1754 616 qualiter
1793 545 2061 599 sacerdo-
2091 546 2136 599 Α
2174 543 2335 611 ﬁant,
2369 544 2515 597 sicut
2547 543 2608 596 in
2641 541 2850 596 divinis
2883 542 3108 612 legibus
3147 543 3422 598 censitum
3453 549 3557 610 est,
3604 550 3664 599 et
3694 545 3753 599 in
3792 563 3885 599 ca-

373 635 475 689 tali
500 633 719 704 judicio
752 632 1022 686 canonice
1057 633 1288 702 penitus
1315 633 1388 686 sit
1435 633 1835 704 corrigendum
1885 639 2073 687 osten-

373 723 552 777 dere:
615 738 680 775 ac
735 721 944 775 deinde
999 721 1315 775 secundum
1372 722 1634 775 ordinem
1689 722 1960 776 vitiorum
2000 722 2077 776 ita

375 810 700 865 remedium
756 810 1163 880 subsequatur,
1243 825 1356 880 quo
1410 809 1633 864 facilius
1691 811 2076 880 undecunque

373 899 662 970 paenitens
695 898 933 969 purgari
963 897 1230 964 voluerit,
1264 898 1385 951 sine
1417 898 1693 953 dilatione
1735 899 1796 952 in
1834 899 2076 969 singulis

375 987 642 1059 capitulis
673 987 1019 1042 inveniatur.

377 1095 505 1150 CAP.
539 1094 732 1151 CXLV.
762 1122 835 1134 —
864 1096 938 1148 De
963 1094 1077 1148 illis
1101 1094 1199 1162 qui
1235 1094 1340 1148 soli
1363 1095 1467 1148 Deo
1495 1100 1718 1162 peccata
1765 1109 1867 1148 sua
1909 1097 2076 1164 conﬁ-

907 1165 1071 1218 tenda
1100 1179 1210 1218 esse
1242 1167 1549 1234 afﬁrmant.

450 1254 559 1323 (Ea:
611 1253 834 1318 eodem.)
891 1253 1133 1317 Quidam
1207 1253 1321 1306 Deo
1383 1254 1748 1308 solummodo
1815 1253 2078 1309 conﬁteri

379 1341 589 1396 debere
663 1341 857 1396 dicunt
909 1346 1158 1411 peccata,
1205 1346 1270 1394 ut
1337 1341 1556 1396 Graeci:
1619 1343 1857 1412 quidam
1941 1359 2076 1396 vero

377 1429 766 1483 sacerdotibus
832 1427 1158 1482 conﬁtenda
1243 1443 1373 1482 esse
1429 1433 1786 1499 percensent,
1861 1435 1919 1484 ut
1960 1435 2077 1484 tota

377 1518 573 1571 sancta
627 1517 888 1571 Ecclesia.
954 1516 1116 1580 Quod
1159 1520 1471 1586 utrumque
1523 1533 1638 1570 non
1693 1519 1816 1571 sine
1865 1534 2076 1589 magno

373 1607 564 1661 fructu
623 1607 775 1660 intra
829 1610 1079 1658 sanctam
1132 1604 1195 1658 ﬁt
1253 1605 1572 1674 Ecclesism,
1626 1606 1724 1660 'ita
1778 1607 2073 1674 duntaxat,

377 1701 440 1749 ut
506 1706 564 1749 et
629 1697 744 1749 Deo
811 1694 913 1765 qui
969 1693 1245 1746 remissor
1319 1698 1402 1747 est
1467 1700 1833 1764 peccatorum
1907 1695 2078 1750 confi-

376 1789 606 1838 teamur
669 1787 901 1853 peccata
955 1787 1172 1849 nostra,
1267 1787 1324 1835 et
1368 1781 1478 1837 hoc
1522 1783 1907 1852 perfectorum
1971 1788 2070 1847 est,
2109 1824 2148 1877 Β

378 1878 436 1926 et
472 1888 601 1926 cum
667 1871 846 1926 David
907 1871 1218 1924 dicamus:
1284 1869 1562 1924 Delictum
1621 1886 1814 1925 meum
1884 1871 2079 1940 cogni-

379 1967 502 2015 tum
535 1960 637 2014 tibi
696 1959 824 2027 feci,
863 1964 918 2013 et
973 1957 1312 2028 injustitiam
1367 1974 1555 2011 meam
1615 1975 1726 2013 non
1782 1958 2073 2013 abscondi.

382 2049 529 2116 Dixi,
561 2047 899 2114 conﬁtebor,
951 2046 1250 2100 adversum
1304 2063 1393 2100 me
1426 2047 1736 2117 injustitias
1785 2064 1942 2102 meas
1972 2049 2076 2102 do-

379 2139 562 2205 mino,
613 2141 751 2191 ettu
801 2133 1073 2188 remisisti
1121 2132 1479 2204 impietatem
1536 2135 1754 2204 peccati
1801 2136 1937 2190 mei.
1970 2136 2078 2190 Sed

380 2229 575 2279 tamen
633 2222 878 2292 apostoli
931 2221 1218 2276 institutio
1277 2221 1444 2274 nobis
1493 2223 1787 2292 sequenda
1847 2228 1952 2284 est,
2014 2228 2080 2276 ut

380 2312 762 2366 conﬁteamur
814 2312 1153 2364 alterutrum
1185 2316 1418 2381 peccata
1474 2317 1688 2377 nostra,
1745 2317 1798 2366 et
1848 2328 2078 2365 oremus

381 2417 485 2471 pro
517 2399 760 2454 invicem
793 2404 856 2453 ut
893 2401 1195 2453 salvemur.
1240 2398 1530 2453 Confessio
1575 2399 1769 2470 itaque
1807 2417 1935 2471 quae
1967 2402 2078 2454 Deo

383 2488 488 2543 soli
513 2489 596 2553 ﬁt,
622 2489 776 2560 quod
803 2488 1093 2558 justorum
1129 2493 1234 2555 est,
1280 2493 1512 2558 peccata
1551 2495 1760 2560 purgat
1789 2507 1803 2544 :
1850 2507 1916 2543 ea
1947 2506 2078 2543 vero

382 2594 512 2648 quae
570 2577 849 2631 sacerdoti
907 2577 990 2642 ﬁt,
1043 2577 1208 2631 docet
1273 2578 1520 2648 qualiter
1582 2578 1702 2648 ipsa
1759 2584 2081 2648 purgentur

380 2670 631 2738 peccata.
669 2667 818 2720 Deus
851 2682 1100 2737 namque
1133 2667 1330 2720 salutis
1361 2672 1419 2720 et
1463 2667 1720 2720 sanitatis
1765 2673 1982 2729 auctor,
2025 2671 2081 2721 et

382 2754 642 2824 largitor,
675 2754 1018 2824 plerumque
1039 2753 1186 2808 hanc
1216 2755 1433 2824 praebet
1462 2771 1579 2808 suae
1611 2755 1886 2824 potentia:
1931 2755 2077 2809 invi-

383 2841 536 2895 sibili
569 2842 1083 2909 administratione,
1111 2845 1452 2913 plerumque
1481 2843 1837 2898 medicorum
1877 2860 2078 2915 opera-

381 2929 556 2983 tione.

383 3017 511 3072 CAP.
539 3017 752 3072 CXLVI.
783 3046 857 3058 —
885 3020 959 3072 De
1001 3019 1113 3072 illis
1144 3022 1241 3088 qui
1291 3021 1567 3088 accipiunt
1608 3022 1999 3088 pamitentiam,
2032 3026 2082 3074 et

448 3089 576 3157 plus
651 3088 970 3144 desiderant
1033 3093 1286 3159 temporis
1360 3093 1642 3145 constituti
1700 3093 2076 3160 expiationem,
2113 3109 2152 3162 ο

439 3175 620 3230 quam
635 3162 847 3227 peccati
874 3162 1261 3214 remissionem.

457 3247 568 3314 (Ea:
627 3248 993 3301 Pamitentiali
1044 3249 1201 3302 Beda:
1247 3249 1596 3317 presbyteri.)
1656 3250 1831 3312 Multi,
1926 3250 2080 3322 quod

384 3350 500 3388 non
521 3334 645 3388 sine
682 3335 878 3389 dolore
931 3335 1238 3390 dicendum
1271 3342 1374 3402 est,
1433 3337 1494 3391 in
1551 3337 1910 3406 poenitentia,
1965 3354 2082 3391 non

384 3426 502 3474 tam
535 3421 754 3492 peccati
784 3421 1207 3489 remissionem,
1253 3439 1425 3494 quam
1474 3424 1748 3494 temporis
1793 3425 2084 3480 constituti

385 3515 688 3580 expectant
744 3511 1155 3580 expletiouem,
1197 3517 1252 3566 et
1303 3512 1348 3565 si
1404 3513 1666 3567 carnium
1697 3519 1751 3567 et
1780 3513 1895 3566 vini
1949 3531 2083 3567 usus

385 3598 468 3652 eis
491 3599 826 3652 iuterdictus
857 3606 962 3668 est,
1018 3606 1239 3654 mutata
1273 3617 1389 3655 non
1449 3603 1759 3670 voluntate,
1791 3603 1887 3656 sed
1932 3603 2081 3672 ejus-

386 3687 517 3740 dem
551 3687 664 3741 cibi
703 3693 802 3741 aut
856 3694 1029 3758 potus
1083 3689 1472 3760 perceptione,
1520 3690 1578 3744 in
1611 3695 1833 3744 tantum
1865 3691 2083 3745 deliciis

385 3776 502 3829 suis
533 3776 856 3847 indulgent,
888 3783 949 3831 ut
980 3778 1304 3832 deliciosius
1336 3780 1427 3833 his
1457 3779 1792 3843 interdictis,
1838 3781 2083 3835 aliorum

383 3864 642 3919 ciborum
672 3865 756 3919 vel
786 3866 1086 3936 potionum
1121 3867 1380 3938 appetitu
1413 3867 1603 3922 vivere
1641 3875 2078 3938 cognoscantur.

385 3952 670 4022 Spiritalis
719 3960 912 4008 autem
967 3955 1340 4022 abstinentia,
1370 3973 1500 4026 quas
1557 3956 1615 4010 in
1668 3958 2082 4027 paenitentibus

384 4039 746 4110 potissimum
790 4041 984 4111 vigere
1041 4041 1230 4109 debet,
1261 4043 1641 4112 quorumdam
1705 4044 1967 4098 ciborum
2021 4062 2084 4099 ac

383 4128 686 4198 potionum
719 4128 1114 4199 perceptiones
1159 4135 1216 4182 et
1244 4129 1588 4184 desiderium
1637 4132 1836 4200 fugere
1892 4133 2080 4187 debet.

387 4217 485 4270 Ille
505 4216 763 4287 inquam,
806 4217 900 4270 ille
935 4217 1117 4288 magis
1164 4218 1533 4288 parcimoniae
1579 4219 1792 4272 servire
1839 4236 2082 4274 censen-

385 4305 492 4359 dus
523 4309 626 4366 est.
661 4304 761 4376 qui
787 4304 893 4358 sibi
925 4321 1040 4358 non
1069 4306 1256 4360 solum
1288 4308 1669 4377 quarumdam
1709 4324 1902 4362 rerum
1944 4324 2079 4378 per-

383 4391 693 4463 ceptiones,
728 4393 824 4446 sed
879 4393 1282 4448 delectationes
1326 4395 1583 4464 corporis
1614 4396 1843 4465 penitus
1900 4396 2082 4450 inter-
2110 4391 2154 4444 D

385 4481 544 4535 dicit.

385 4570 512 4624 CAP.
546 4569 791 4625 CXLVII.
825 4599 893 4609 —-
917 4571 1073 4633 Quod
1092 4571 1384 4625 secundum
1395 4587 1658 4626 canonum
1678 4577 1728 4626 et
1743 4575 2085 4641 pwnitentia-

667 4642 799 4694 lium
827 4645 1035 4696 statuta
1071 4645 1407 4711 pcenitentiae
1439 4643 1634 4698 dandae
1663 4646 1792 4698 sint.

455 4729 573 4799 (Ea:
603 4731 792 4784 concil.
847 4732 1113 4798 Mogunt.,
1147 4747 1267 4800 cap.
1302 4733 1413 4800 20.)
1456 4733 1598 4786 Cum
1649 4733 1828 4804 igitur
1887 4733 2082 4786 omnia

382 4818 616 4872 consilia
655 4835 943 4873 canonum
992 4836 1121 4890 qua:
1172 4820 1548 4891 recipiuntur,
1595 4822 1708 4875 sint
1739 4841 1770 4875 a
1816 4822 2080 4875 sacerdo-

382 4906 535 4961 tibus
556 4907 796 4976 legenda
825 4909 1300 4977 etintelligencla,
1333 4914 1390 4963 et
1418 4926 1522 4980 per
1555 4926 1620 4964 ea
1651 4912 1723 4964 sit
1776 4911 1857 4964 eis
1890 4911 2079 4964 viven-

383 4994 523 5049 dum
554 5000 611 5048 et
635 4996 1086 5064 praedicandum,
1117 4999 1500 5053 necessarium
1558 4999 1845 5066 duximus,
1897 5005 1960 5053 ut
2015 5016 2081 5053 ea

383 5099 514 5154 quae
545 5083 611 5136 ad
640 5083 811 5137 ﬁdem
843 5087 1153 5154 pertinent,
1188 5092 1245 5140 et
1267 5088 1364 5142 ubi
1395 5088 1464 5142 de
1506 5088 1856 5158 extirpandis
1906 5087 2076 5153 vitiis,

383 5176 440 5227 et
468 5171 795 5242 plantandis
827 5173 1133 5228 virtutibus
1161 5175 1446 5243 scribitur,
1478 5177 1586 5230 hoc
1635 5177 1706 5232 ab
1756 5177 1837 5230 eis
1882 5177 2079 5231 crebro

382 5261 627 5330 legatur,
657 5265 713 5314 et
737 5259 885 5315 bene
933 5262 1311 5333 intelligatur,
1369 5271 1426 5319 et
1477 5265 1539 5318 in
1590 5267 1807 5336 populo
1866 5267 2076 5336 praedi-

382 5355 562 5403 cetur.

381 5439 511 5512 CAP.
555 5439 824 5494 CXLVIII.
858 5471 924 5479 —
963 5442 1028 5495 Ut
1053 5441 1235 5512 nullus
1274 5441 1510 5510 injustas
1541 5458 1841 5507 mensuras,
1872 5449 1919 5498 et
1949 5461 2078 5512 pon-

452 5509 586 5562 dera
638 5513 867 5579 injusta,
926 5516 975 5564 et
1034 5527 1068 5563 a
1103 5510 1322 5578 {civibus
1371 5528 1478 5566 non
1543 5513 1873 5580 collaudata,
1940 5509 2078 5569 lucri

455 5595 619 5634 causa
648 5581 782 5634 dare
806 5587 1123 5650 przsumat.

453 5668 565 5734 (Em
595 5668 794 5734 eodem,
825 5686 946 5738 cap.
971 5671 1080 5736 2t.)
1113 5671 1179 5724 Ut
1217 5687 1502 5725 mensurae
1531 5677 1588 5725 et
1632 5673 1891 5742 pondera
1923 5673 2078 5743 justa

2183 633 2419 702 pitulari
2453 631 2739 687 dominico
2762 632 3109 696 continetur,
3146 638 3198 685 et
3223 631 3332 685 iste
3356 649 3518 686 sacer
3563 640 3881 687 conventus

2185 721 2404 775 statuit.
2437 721 2528 775 Sic
2560 721 2827 774 omnibus
2857 720 3023 773 nobis
3082 720 3382 774 observare
3431 722 3640 791 placet.
3711 724 3781 776 Ut
3841 723 3886 774 si

2186 809 2314 879 quis
2338 809 2519 879 justas
2551 824 2869 875 mensuras,
2911 814 2970 862 et
3007 809 3164 879 justa
3217 809 3471 879 pondera
3530 811 3674 864 lucri
3717 827 3888 865 causa

2186 903 2411 951 mutare
2444 897 2897 968 pransumpserit,
2930 897 2990 950 in
3042 913 3190 968 pane
3242 901 3298 950 et
3325 913 3474 968 aqua
3526 898 3731 970 viginti
3765 899 3888 954 dies

2183 986 2477 1057 poeniteat.

2185 1075 2315 1128 CAP.
2353 1074 2567 1128 CXLIX.
2605 1104 2672 1112 —
2706 1077 2779 1128 De
2829 1079 3003 1128 matre
3046 1090 3164 1142 qua:
3212 1075 3477 1144 infantem
3513 1092 3671 1130 suum
3721 1077 3894 1146 juxta

2255 1148 2433 1212 ignem
2459 1151 2735 1213 posuerat,
2764 1149 2814 1198 et
2835 1161 2934 1199 sua
2963 1148 3296 1213 negligentia
3325 1154 3566 1200 mortuus
3597 1151 3693 1201 est.

2256 1234 2364 1303 (Er
2389 1235 2577 1287 concil.
2619 1235 2885 1298 Triburi.,
2945 1236 3034 1288 cui
3091 1237 3348 1300 interfuit
3393 1251 3492 1289 rem
3543 1236 3892 1304 Arnolphus,

2183 1338 2302 1392 cap.
2342 1323 2450 1391 14.)
2496 1323 2670 1376 Mater
2727 1323 2772 1375 si
2818 1324 2982 1392 juxta
3027 1323 3216 1376 focum
3274 1323 3554 1376 infantem
3602 1324 3889 1393 posuerit,

2183 1415 2240 1462 et
2267 1410 2413 1463 alius
2444 1411 2618 1464 homo
2650 1427 2860 1481 aquam
2891 1411 2949 1465 in
2981 1412 3288 1465 caldariam
3322 1413 3558 1479 miserit,
3617 1418 3670 1466 et
3725 1413 3893 1466 ebul-

2184 1497 2284 1551 lita
2337 1515 2484 1570 aqua
2539 1499 2728 1553 infans
2785 1501 3122 1570 superfusus
3195 1508 3457 1554 mortuus
3519 1501 3710 1567 fuerit,
3781 1517 3890 1571 pro

2181 1587 2534 1658 negligentia
2593 1593 2774 1642 mater
2832 1590 3126 1658 paeniteat,
3201 1595 3257 1644 et
3311 1590 3407 1644 ille
3469 1590 3645 1644 homo
3716 1606 3887 1642 secu-
3940 1600 3944 1620 '

2187 1692 2283 1729 rus
2322 1677 2413 1729 sit.
3825 1695 3831 1698 -

2189 1763 2318 1818 CAP.
2374 1763 2475 1817 CL.
2529 1793 2597 1803 —
2656 1767 2731 1818 De
2786 1765 3056 1818 ordinatis
3104 1767 3156 1819 si
3209 1771 3336 1819 ante
3411 1767 3494 1819 vel
3549 1769 3671 1832 post
3741 1765 3898 1819 ordi-

2260 1839 2530 1888 nationem
2552 1838 2609 1888 in
2669 1836 3050 1890 criminalibus
3099 1839 3339 1905 peccatis
3396 1835 3730 1905 deprehendi
3771 1839 3897 1903 fue-

2257 1907 2390 1958 rint.

2261 1977 2380 2040 (Em
2408 1976 2637 2029 concilio
2680 1975 3010 2044 Hilerdensi,
3045 1993 3166 2046 cap.
3220 1979 3331 2046 IO.)
3380 1979 3456 2030 De
3502 1977 3591 2031 his
3639 1992 3784 2046 ergo
3817 1976 3898 2029 vi-

2189 2081 2315 2118 sum
2348 2069 2434 2118 est
2470 2064 2632 2117 nobis
2671 2064 2950 2118 conscribi
3001 2064 3101 2134 qui
3145 2081 3332 2118 sacros
3381 2065 3610 2118 ordines
3651 2065 3893 2130 habent,

2188 2158 2244 2206 et
2273 2158 2403 2205 ante
2461 2153 2546 2205 vel
2599 2156 2723 2221 post
2767 2152 3188 2206 ordinationem
3237 2153 3660 2206 contaminatos
3696 2154 3760 2207 in
3808 2170 3893 2206 ca-

2189 2241 2460 2311 pitalibus
2506 2240 2845 2294 criminibus
2880 2256 2938 2293 se
2995 2256 3116 2293 esse
3178 2240 3541 2310 proﬁtentur,
3593 2242 3652 2294 in
3678 2241 3893 2312 quibus

2189 2335 2255 2383 ut
2285 2328 2429 2382 mihi
2455 2328 2681 2382 videtur
2723 2329 2846 2383 haec
2874 2328 3146 2382 distantia
3177 2345 3298 2382 esse
3341 2329 3528 2394 debet,
3575 2333 3639 2381 ut
3685 2328 3750 2382 hi
3794 2329 3898 2398 qui

2188 2418 2536 2488 deprehensi
2593 2418 2679 2471 vel
2740 2418 2890 2486 capti
2949 2417 3162 2470 fuerint
3219 2417 3444 2487 publice
3494 2417 3554 2469 in
3604 2418 3892 2486 perjurio,

2188 2507 2362 2572 furto,
2390 2512 2563 2577 atque
2606 2505 3006 2572 fornicatione,
3057 2515 3113 2558 et
3145 2505 3367 2558 caeteris
3415 2505 3750 2574 hujusmodi
3794 2506 3899 2559 cri-

2189 2595 2462 2661 minibus,
2524 2595 2837 2648 secundum
2897 2610 3189 2647 sacrorum
3239 2610 3522 2647 canonum
3569 2594 3898 2648 institutaa

2191 2683 2371 2755 gradu
2398 2682 2634 2753 proprio
2666 2683 3069 2752 deponantur:
3105 2682 3243 2752 quia
3291 2682 3619 2736 scandalum
3660 2687 3750 2735 est
3786 2699 3892 2753 po-

2195 2772 2330 2843 pulo
2363 2765 2486 2838 Deli,
2549 2772 2689 2824 tales
2739 2787 3010 2842 personas
3067 2786 3240 2840 super
3286 2787 3343 2823 se
3401 2771 3612 2840 positas
3649 2770 3891 2836 habere,

2191 2877 2334 2932 quas
2385 2861 2537 2914 ultra
2597 2859 2830 2913 modum
2892 2859 3117 2913 vitiosas
3186 2863 3407 2912 constat
3455 2874 3596 2911 esse.
3672 2859 3898 2930 Nempe

2191 2949 2327 3003 inde
2385 2949 2768 3002 detrahuntur
2824 2948 3088 3002 homines
3157 2965 3191 3000 a
3244 2946 3521 3000 sacriﬁcio
3569 2946 3692 3008 Dei,
3750 2948 3902 3002 sicut

2193 3037 2484 3107 quondam
2518 3035 2652 3090 filiis
2694 3035 2818 3090 Heli
2864 3035 3232 3105 peccantibus
3262 3035 3460 3089 fecisse
3511 3035 3808 3105 leguntur,
3845 3043 3901 3089 et

2191 3125 2428 3178 rebelles
2503 3124 2640 3178 hinc
2711 3129 2882 3192 atque
2957 3125 3228 3177 contrarii
3309 3125 3632 3189 existentes,
3690 3141 3898 3178 eorum

2189 3213 2377 3284 pravis
2407 3213 2656 3282 exempli
2706 3213 2966 3283 quotidie
3024 3214 3250 3283 pejores
3297 3213 3488 3266 ﬁunt:
3545 3212 3646 3282 qui
3695 3218 3898 3266 autem

2191 3303 2261 3356 de
2292 3301 2581 3372 praedictis
2605 3301 2737 3354 viris
2792 3317 2893 3371 per
2942 3302 3223 3355 occultam
3273 3301 3690 3354 confessionem
3744 3304 3897 3356 mala

2191 3407 2224 3444 a
2282 3407 2340 3443 se
2398 3390 2668 3443 absconse
2715 3390 3021 3443 commissa
3077 3406 3267 3444 coram
3328 3389 3506 3443 oculis
3557 3391 3676 3457 Dei,
3741 3407 3894 3460 prae-

2191 3484 2352 3533 sente
2400 3479 2573 3531 etiam
2621 3478 2933 3544 sacerdote,
2994 3478 3094 3548 qui
3126 3477 3206 3531 eis
3263 3477 3584 3532 indicturus
3640 3484 3728 3531 est
3785 3497 3898 3549 poe-

2192 3568 2514 3635 nitentiam,
2548 3568 2917 3636 conﬁtentur,
2972 3572 3029 3621 et
3069 3567 3404 3637 semetipsos
3455 3567 3706 3635 graviter
3752 3568 3894 3621 deli-

2192 3657 2382 3727 quisse
2412 3661 2702 3720 accusant,
2736 3657 2783 3709 si
2830 3656 3108 3709 veraciter
3163 3656 3560 3725 paznituerint,
3595 3660 3650 3708 et
3695 3673 3757 3710 se
3795 3673 3898 3726 per

2183 3745 2429 3816 jejunia,
2499 3747 2557 3800 et
2623 3745 3002 3799 eleemosinas
3069 3745 3410 3816 vigiliasque
3473 3751 3642 3814 atque
3703 3763 3896 3799 sacras

2193 3834 2482 3888 orationes
2541 3850 2672 3887 cum
2726 3833 2996 3904 lacrymis
3080 3850 3328 3904 purgare
3380 3834 3746 3900 certaverint,
3809 3836 3896 3887 bis

2191 3923 2364 3977 etiam
2396 3922 2579 3993 gradu
2607 3927 2825 3976 servato
2873 3939 3001 3992 spes
3033 3922 3213 3976 venite
3261 3923 3331 3977 de
3362 3922 3759 3976 misericordia
3799 3923 3897 3978 Dei

2191 4011 2580 4082 promittenda
2648 4015 2751 4078 est,
2812 4010 2913 4081 qui
2959 4027 3160 4064 omnes
3218 4011 3482 4064 homines
3538 4011 3658 4064 vult
3707 4012 3898 4064 salvos

2191 4100 2338 4166 ﬁeri,
2368 4103 2424 4152 et
2481 4099 2551 4153 ad
2610 4099 2969 4169 agnitionem
3036 4100 3291 4154 veritatis
3330 4100 3668 4170 pervenire:
3702 4116 3892 4171 neque

2191 4189 2309 4242 vult
2373 4191 2620 4240 mortem
2693 4189 3026 4258 peccatoris,
3111 4188 3210 4243 sed
3271 4194 3332 4242 ut
3387 4193 3771 4254 convertatur,
3844 4194 3900 4241 et

2191 4287 2360 4328 Vivat.

2194 4347 2320 4403 CAP.
2360 4346 2590 4401 CLI.'-—
2619 4349 2691 4401 De
2719 4349 2858 4402 viris
2893 4347 3185 4413 ordinatis,
3241 4364 3470 4416 quorum
3511 4349 3718 4402 occulta
3771 4365 3894 4418 pec-

2265 4489 2377 4558 (Ea:
2405 4490 2594 4543 concil.
2629 4424 3016 4559 Toletan.)cal§:
3213 4489 3492 4543 ordinatis
3521 4505 3772 4560 quorum
3808 4508 3895 4542 oc-

2192 4577 2342 4630 culta
2375 4581 2609 4646 peccata
2637 4582 2788 4642 sunt,
2823 4593 2926 4631 nec
2958 4577 3258 4631 manifeste
3280 4578 3350 4631 ab
3371 4578 3563 4648 aliquo
3583 4578 3893 4649 arguipos-

2191 4669 2342 4730 sunt,
2377 4670 2433 4718 et
2464 4664 2770 4718 salubriter
2784 4665 3112 4736 compuncti
3135 4682 3240 4737 pro
3263 4667 3510 4736 peccatis
3531 4668 3645 4719 suis
3677 4668 3892 4720 confes-

2192 4753 2410 4806 sionem
2429 4753 2697 4823 episcopo
2727 4754 2842 4807 sive
2873 4755 3205 4825 presbytero
3263 4756 3480 4809 occulte
3527 4755 3767 4821 faciunt,
3804 4757 3894 4809 bo-

2192 4857 2332 4895 num
2359 4841 2499 4895 mihi
2529 4842 2774 4908 videtur,
2796 4848 2860 4896 ut
2877 4844 3192 4897 secundum
3222 4843 3275 4898 id
3292 4845 3444 4914 quod
3468 4843 3574 4898 sibi
3595 4844 3893 4898 decretum

2191 4929 2366 4984 fuerit
2427 4929 2497 4984 ab
2555 4930 2848 5002 episcopo,
2899 4932 3016 4984 sive
3073 4933 3433 5002 presbytero,
3490 4932 3893 5002 paenitentiam

2190 5023 2385 5090 agant,
2419 5035 2537 5072 non
2570 5020 2810 5089 trepide,
2853 5035 2957 5074 nec
3012 5022 3191 5088 tarde,
3241 5021 3337 5074 sed
3391 5021 3672 5075 fervonter
3708 5026 3764 5074 et
3811 5039 3891 5075 so-

2191 5108 2361 5176 licite,
2387 5124 2451 5162 ac
2473 5107 2552 5162 sic
2582 5124 2639 5162 se
2672 5108 2898 5163 veniam
2941 5115 3308 5178 peccatorum
3357 5127 3391 5164 a
3433 5109 3665 5164 domino
3696 5126 3893 5180 perce-

2191 5202 2408 5267 pturos,
2442 5202 2498 5250 et
2528 5197 2772 5267 gradum
2805 5215 2863 5251 se
2895 5204 3222 5252 retenturos
3250 5198 3563 5252 conﬁdant.

2190 5287 2318 5340 CAP.
2351 5285 2505 5339 CLII.
2536 5316 2602 5323 —
2658 5289 2732 5339 De
2771 5287 2869 5340 illa
2897 5289 3105 5352 femina
3136 5303 3255 5356 qum
3298 5293 3695 5342 menstruosum
3726 5303 3884 5341 suum

2258 5359 2596 5421 sanguinem,
2656 5362 2706 5408 et
2760 5373 2936 5411 semen
2990 5361 3102 5412 viri
3138 5358 3251 5423 sui,
3309 5365 3358 5412 et
3411 5363 3602 5412 testam
3653 5360 3885 5412 hominis
3936 5356 3944 5376 ‘

2259 5427 2624 5549 gorgibusserit,
2662 5429 2713 5481 et
2772 5430 2878 5482 haec
2930 5432 3112 5482 omnia
3145 5432 3261 5483 viro
3314 5445 3410 5483 suo
3463 5429 3537 5482 ad
3583 5430 3884 5497 potandum

2302 5515 2327 5549 e
2370 5499 2491 5549 erit.

2302 5513 2491 5550 eaeru.

2261 5586 2371 5646 (Ezc
2404 5585 2600 5652 eodem,
2631 5588 2807 5654 capite
2834 5588 2938 5657 17.)
2973 5589 3048 5640 De.
3100 5588 3184 5641 liis
3220 5589 3390 5642 etiam
3445 5605 3618 5658 super
3674 5589 3882 5658 quibus

2190 5675 2572 5746 interrogasti,
2602 5677 2708 5730 hoc
2733 5683 2836 5743 est,
2869 5677 2936 5730 de
2969 5679 3064 5731 illa
3087 5678 3322 5745 femina,
3351 5695 3480 5748 quae
3521 5683 3879 5731 menstruum
