3944 6410
119 336 264 389 1013

1064 339 1539 396 DECRETORUM
1584 344 1769 399 LIBRI
1806 346 1913 401 XX.
1946 378 2015 388 -ο
2060 349 2271 405 LIBER
2311 350 2697 406 VICESIMUS.

3509 360 3646 411 1014

111 475 291 512 suum
327 459 673 529 sanguinem
708 459 1024 514 immiscuit
1056 463 1183 515 cibo
1239 464 1324 516 vel
1353 470 1536 534 potin,
1566 470 1623 519 et
1672 468 1830 521 dedit
1862 473 1908 524 A
1947 487 2128 527 annos
2163 474 2453 544 poeniteat,
2488 481 2545 529 et
2586 492 2882 547 nunquam
2919 482 3116 544 mutet,
3151 479 3263 535 nisi
3310 481 3401 534 die
3454 482 3646 535 domi-

112 547 240 600 viro
272 564 374 600 suo
408 553 468 600 ut
508 550 855 615 romederet,
892 552 1035 602 etde
1066 552 1159 603 illa
1195 568 1323 621 que
1379 570 1573 606 semen
1609 556 1713 608 viri
1745 558 1832 610 sui

114 636 173 688 in
209 643 351 704 potu
386 636 554 701 bibit,
586 642 641 689 et
670 638 738 690 de
766 654 831 689 ea
862 654 990 708 que
1010 644 1211 692 testam
1240 641 1485 694 hominis
1519 644 1834 698 combussit

114 724 267 790 igni,
302 731 359 777 et
390 726 513 778 viro
547 742 651 778 suo
681 726 837 779 dedit
865 744 968 795 pro
1008 729 1343 781 inﬁrmitate
1377 730 1621 795 vitanda,
1677 732 1833 801 quali

113 813 463 882 poenitentia
499 815 612 867 sint
642 815 977 884 plectende,
1015 824 1075 869 ut
1105 818 1267 870 nobis
1301 818 1549 883 videtur,
1574 821 1670 873 tali
1705 838 1831 875 sen-

114 902 296 954 tentia
330 907 465 954 sunt
496 901 787 966 feriende,
821 904 966 956 sicut
998 905 1150 973 magi
1183 912 1237 959 et
1271 906 1431 959 arioli
1465 924 1476 961 :
1530 909 1666 978 quia
1710 925 1832 962 ma-

117 990 307 1059 gicam
342 997 525 1043 artem
557 997 875 1045 exercuisse
918 1000 1248 1047 noscuntur.
1306 997 1446 1049 Nam
1498 999 1567 1050 de
1602 998 1688 1050 his
1733 999 1833 1068 qui

118 1080 408 1148 magicam
440 1086 624 1133 artem
666 1081 983 1134 exercuisse
1018 1087 1351 1152 noscuntur,
1376 1089 1431 1137 et
1461 1085 1559 1154 qui
1591 1086 1833 1155 auguria

118 1168 449 1231 attendunt,
492 1174 549 1221 et
606 1168 986 1222 divinationes
1029 1172 1353 1235 observant,
1405 1174 1688 1227 Theodori
1737 1192 1828 1227 ar-

116 1256 477 1325 chiepiscopi
538 1257 725 1323 gentis
781 1259 1099 1327 Anglorum
1163 1261 1599 1314 constitutiones
1664 1263 1829 1316 habe-

117 1359 270 1411 mus,
314 1344 373 1396 in
400 1344 613 1415 quibus
645 1346 917 1415 scriptum
951 1353 1033 1399 est
1065 1364 1077 1400 :
1112 1347 1215 1410 Qui
1240 1348 1501 1402 immolat
1528 1350 1832 1404 daemoniis

116 1433 175 1486 in
210 1433 490 1499 minimis,
527 1451 639 1488 uno
672 1452 823 1488 anno
854 1436 1152 1506 peniteat,
1187 1438 1286 1508 qui
1317 1455 1451 1491 vero
1482 1439 1539 1492 in
1583 1441 1829 1511 magnis,

117 1523 317 1576 decem
347 1541 531 1577 annos
562 1526 859 1595 poeniteat.

117 1612 247 1683 CAP.
290 1613 469 1667 CLIII.
502 1645 565 1652 —
605 1616 669 1668 Ut
695 1615 877 1665 nullus
934 1615 1077 1666 alius
1123 1620 1418 1681 praesumat
1457 1619 1829 1683 penitentiam

188 1682 345 1756 dare,
406 1685 491 1737 vel
547 1688 931 1751 confessionem
988 1686 1200 1749 audire,
1253 1689 1361 1739 nisi
1412 1682 1695 1756 episcopus
1735 1693 1831 1742 aut

184 1754 491 1822 presbyter.

188 1845 303 1907 (Ea:
334 1844 703 1897 Penitentiuli
750 1843 1032 1912 Romano.)
1079 1844 1236 1898 Sicut
1285 1844 1441 1897 enim
1485 1846 1828 1900 sacriﬁcium

116 1930 330 1985 offerre
361 1947 477 1983 non
511 1932 720 1985 debent
749 1932 861 1985 nisi
884 1932 1135 2001 episcopi
1168 1939 1221 1984 et
1252 1933 1588 2002 presbyteri,
1619 1934 1829 2004 quibus

115 2020 306 2073 claves
361 2021 524 2091 regni
559 2022 802 2075 celestis
849 2021 1075 2075 tradite
1101 2027 1233 2075 sunt
1266 2037 1277 2075 :
1306 2022 1387 2076 sic
1420 2039 1521 2076 nec
1544 2024 1826 2093 peniten-

114 2108 263 2163 tium
291 2109 515 2179 judicia
548 2111 645 2162 alii
678 2126 952 2178 usurpare
988 2110 1218 2163 debent.

526 2198 656 2251 CAP.
696 2199 871 2252 CLIV.
906 2228 972 2237 —
1008 2199 1087 2251 De
1119 2199 1304 2253 eadem
1334 2216 1409 2252 re.

188 2286 299 2354 (Ecc
336 2284 561 2355 eodem.)
589 2286 639 2339 Si
662 2290 853 2339 autem
887 2286 1189 2339 necessitas
1211 2288 1486 2355 evenerit,
1506 2292 1561 2340 et
1588 2289 1824 2360 presby-

117 2378 201 2425 ter
232 2390 349 2427 noa
384 2374 556 2427 fuerit
584 2391 855 2443 presens,
900 2375 1174 2428 diaconus
1224 2374 1497 2445 suscipiat
1542 2378 1824 2446 penitet-

119 2468 233 2515 tem
264 2463 334 2515 ad
371 2469 624 2516 sanctam
657 2464 1149 2517 communionem.

118 2552 241 2605 CAP.
277 2552 433 2606 CLV.
474 2580 547 2591 —
597 2553 676 2605 De
722 2552 1049 2617 temporibus
1080 2553 1277 2619 quibus
1331 2568 1387 2606 se
1424 2554 1692 2607 continere
1739 2555 1825 2608 de-

532 2622 689 2675 beant
720 2624 1003 2689 conjugati
1029 2623 1096 2675 ab
1127 2624 1411 2677 umoribus.

180 2710 302 2779 (Ea:
360 2713 586 2765 concilio
643 2711 943 2780 Eliberta.)
1015 2713 1076 2765 In
1136 2711 1317 2765 tribus
1367 2714 1826 2783 quadragesimis

116 2799 268 2865 anni,
306 2800 459 2853 etin
490 2800 581 2853 die
638 2800 951 2864 dominico,
994 2804 1050 2853 et
1102 2800 1162 2854 in
1212 2806 1420 2871 quarta
1468 2802 1629 2869 feria,
1682 2808 1738 2855 et
1766 2803 1824 2856 in

115 2894 264 2941 sexta
299 2888 468 2955 feria,
503 2889 834 2958 conjugales
864 2890 1157 2942 continere
1190 2906 1247 2942 se
1278 2890 1503 2955 debent,
1558 2907 1662 2944 nec
1712 2890 1825 2945 illis

114 2978 315 3031 diebus
349 2978 634 3045 copulari,
668 2977 922 3047 quandiu
957 2983 1191 3047 gravata
1223 2978 1395 3031 fuerit
1425 2995 1587 3043 uxor,
1630 2978 1687 3032 id
1716 2984 1819 3043 est,

1944 562 2088 614 nica.
2130 563 2329 617 Mulier
2349 569 2539 616 autem
2564 568 2914 635 paupercula
2952 568 2995 619 si
3028 567 3222 621 fecerit
3260 586 3364 639 pro
3398 570 3644 623 difﬁcul«

1943 656 2056 703 tate
2086 653 2397 714 nutriendi,
2434 660 2652 722 septem
2684 672 2864 706 annos
2898 656 3188 725 paeniteat.

1944 741 2070 793 CAP.
2105 741 2309 795 CLVII.
2337 772 2407 781 —
2442 746 2509 796 De
2538 744 2648 796 illis
2680 745 2776 811 qui
2815 747 2873 797 in
2905 745 3168 798 dominico
3218 746 3307 799 die
3362 751 3647 816 nupserint

2015 830 2122 898 (Ea:
2149 833 2372 884 concilio
2404 834 2766 899 ’I‘riburiensi,
2797 838 2972 902 capite
3012 833 3124 901 5|.)
3159 835 3216 889 Si
3257 835 3385 904 quis
3431 853 3643 905 nupse-

1942 920 2017 972 rit
2044 920 2137 972 die
2160 920 2471 987 dominico,
2505 926 2659 991 petat
2691 939 2721 974 a
2755 924 2867 976 Deo
2908 922 3357 992 indulgentiam,
3402 930 3455 978 et
3514 942 3645 995 qua-

1942 1012 2076 1060 tuor
2106 1007 2227 1062 dies
2256 1008 2549 1078 poeniteat.

2119 1134 2248 1187 CAP.
2282 1134 2508 1187 CLVIII.
2536 1165 2604 1173 —
2628 1138 2698 1188 De
2722 1136 2832 1189 illis
2855 1138 2951 1205 qui
2977 1139 3219 1202 confessa
3244 1141 3461 1193 iterant.

2014 1245 2121 1306 (Ea:
2170 1243 2388 1294 concilio
2449 1243 2637 1308 Tolet.)
2683 1244 2756 1295 Ea
2804 1260 2930 1312 que
2968 1244 3257 1313 frequenti
3306 1247 3642 1315 prevarica-

1942 1330 2099 1382 tione
2167 1330 2469 1396 iterantur,
2533 1330 2821 1399 frequenti
2905 1337 2961 1385 et
3036 1333 3318 1386 sententia
3367 1335 3641 1389 condem-

1941 1424 2171 1472 nantur.

1942 1545 2069 1599 CAP.
2133 1542 2301 1597 CLIX.
2355 1572 2422 1584 —
2477 1544 2554 1596 De
2590 1546 2907 1611 penitentia
2960 1545 3219 1611 ﬁdelium.
3273 1552 3329 1599 ut
3380 1549 3641 1612 confessio

2224 1630 2404 1667 eorum
2426 1630 2529 1667 non
2560 1616 2770 1682 publice
2796 1618 2913 1681 ﬁat,
2948 1618 3039 1667 sed
3070 1620 3351 1684 privatim.

2010 1722 2119 1791 (Ea:
2144 1723 2302 1789 epist.
2328 1720 2520 1773 Leonis
2550 1736 2728 1789 papae,
2756 1723 2931 1789 capite
2952 1722 3027 1785 2.)
3054 1723 3212 1775 Illam
3247 1724 3415 1776 etiam
3440 1729 3642 1777 contra

1938 1809 2313 1879 apostolicam
2344 1811 2606 1878 regulam
2661 1811 3173 1879 presumptionem
3225 1828 3396 1881 quam
3454 1828 3642 1881 nuper

1938 1898 2145 1968 agnovi
2186 1915 2217 1950 a
2276 1899 2618 1965 quibusdam
2680 1898 2876 1951 illicita
2910 1899 3277 1968 usurpatione
3333 1902 3635 1966 committi,

1937 1987 2123 2040 modis
2147 1986 2415 2040 omnibus
2446 1987 2727 2040 constituo
2778 1988 3118 2053 submoveri,
3180 1990 3248 2040 de
3302 1990 3640 2057 penitentia

1938 2076 2170 2141 scilicet,
2196 2092 2325 2146 que
2374 2093 2405 2127 a
2446 2075 2708 2129 ﬁdelibus
2750 2079 3072 2145 postulatur
3106 2094 3118 2131 :
3173 2094 3243 2131 ne
3275 2078 3343 2131 de
3378 2079 3637 2148 singulo-

1936 2181 2065 2218 rum
2129 2171 2489 2236 peccatorum
2545 2181 2773 2236 genere,
2839 2166 3040 2218 libellis
3101 2167 3305 2236 scripta
3367 2168 3638 2236 professio

1936 2254 2165 2323 publice
2254 2254 2539 2308 recitatur.
2626 2254 3116 2308 Couscientiarum
3206 2256 3449 2309 sufﬁciat
3506 2258 3639 2309 solis

1937 2340 2327 2393 sacerdotibus
2382 2339 2619 2392 indicari
2674 2340 3030 2393 confessione
3082 2347 3311 2393 secreta.
3370 2342 3640 2405 Quamvis

1937 2429 2091 2482 enim
2125 2428 2420 2499 plenitudo
2470 2429 2603 2481 ﬁdei
2652 2429 2914 2482 videatur
2953 2446 3074 2482 CSSP
3130 2430 3450 2497 laudabilis,
3509 2448 3638 2500 que

1936 2522 2172 2588 propter
2206 2518 2302 2571 Dei
2335 2519 2599 2570 timorem
2650 2519 2799 2585 apud
2840 2519 3105 2572 homines
3158 2520 3491 2572 erubescere
3524 2536 3639 2573 non

1936 2612 2199 2659 vereatur
2235 2623 2248 2660 :
2285 2611 2478 2659 tamen
2512 2606 2648 2675 quia
2678 2623 2791 2659 non
2825 2608 3085 2660 omnium
3124 2608 3454 2676 hujusmodi
3504 2614 3638 2661 sunt

1935 2699 2183 2764 peccata,
2236 2700 2299 2747 ut
2347 2712 2410 2748 ea
2461 2695 2558 2765 qui
2622 2695 3023 2765 penitentiam
3094 2702 3354 2764 poscunt,
3404 2713 3521 2749 non
3566 2696 3635 2749 ti-

1936 2792 2131 2837 meant
2177 2784 2492 2853 publicare,
2543 2790 2874 2836 amoveatur
2934 2783 3332 2853 improbabilis
3391 2802 3631 2838 consue-

1934 2873 2090 2938 tudo,
2141 2883 2212 2925 ne
2267 2873 2432 2925 multi
2482 2889 2513 2924 a
2574 2872 2923 2941 penitentie
2980 2872 3249 2925 remediis
3310 2879 3632 2937 arceantur,

1936 2961 2071 3014 dum
2128 2968 2223 3014 aut
2282 2962 2643 3025 erubescunt,
2726 2966 2826 3013 aut
2885 2966 3151 3013 metuunt
3203 2961 3448 3014 inimicis
3517 2962 3635 3013 suis

112 3082 281 3135 aquo
316 3066 415 3118 die
460 3066 613 3119 ﬁlius
661 3036 720 3118 ίξι
781 3036 1210 3119 υιει-ονωοωω
1263 3068 1475 3131 fecerit,
1521 3084 1701 3138 usque
1751 3068 1821 3120 ad
1858 3036 1897 3091 Ο
1936 3049 2081 3103 facta
2135 3050 2428 3111 reservari,
2462 3050 2669 3119 quibus
2715 3050 2933 3119 possint
2992 3050 3181 3118 legum
3228 3050 3633 3103 constitutione

112 3159 371 3222 partum,
404 3164 629 3220 apartu
691 3159 837 3223 post,
885 3156 1095 3210 XXXIII
1152 3154 1273 3209 dies
1324 3155 1368 3207 si
1418 3155 1569 3209 ﬁlius
1617 3160 1721 3221 est,
1774 3155 1820 3208 si

112 3245 303 3294 autem
342 3241 482 3299 ﬁlia.
520 3246 647 3310 post
678 3242 807 3296 LVI.

114 3329 236 3383 CAP.
274 3329 464 3384 CLVI.
518 3358 586 3369 —
643 3332 717 3383 De
768 3332 982 3454 feminei
1027 3346 1147 3455 qpe
1203 3336 1391 3399 sponte
1430 3332 1606 3398 ﬁlium
1664 3346 1821 3385 suum

833 3417 941 3455 occi
984 3418 1063 3455 eri
1096 3443 1107 3454 .

833 3417 1107 3455 occiderit.

181 3488 237 3542 Si
266 3492 457 3542 mater
486 3488 671 3543 tilium
699 3505 867 3543 suum
898 3498 1099 3559 sponte
1150 3490 1436 3557 occiderit,
1493 3490 1820 3560 quindecim

1430 3618 1605 3658 FINIS
1652 3619 1828 3658 LIBRI

1931 3137 2183 3207 percelli.
2240 3138 2458 3191 Sufﬁcit
2513 3136 2665 3191 enim
2719 3137 2813 3190 illa
2871 3137 3151 3191 confessio
3210 3154 3337 3207 que
3379 3138 3634 3207 primum

1934 3226 2174 3280 Domino
2206 3226 2406 3289 fertur,
2445 3232 2579 3278 tunc
2622 3224 2793 3277 etiam
2846 3225 3123 3280 sacerdoti
3155 3226 3253 3295 qui
3284 3243 3387 3294 pro
3415 3226 3633 3279 delictis

1929 3315 2333 3385 penitentium
2382 3321 2647 3383 peccator
2704 3314 2962 3367 accedit:
3027 3320 3161 3367 tunc
3218 3315 3372 3367 enim
3438 3316 3634 3385 plures

1930 3404 1999 3458 ad
2030 3403 2433 3474 penitentiam
2472 3409 2744 3472 poterunt
2804 3403 3124 3473 provocari,
3159 3403 3203 3456 si
3237 3404 3433 3474 populi
3480 3404 3631 3457 auri-

1930 3491 2037 3544 bus
2066 3506 2184 3544 non
2206 3490 2534 3560 publicetur
2563 3490 2911 3543 conscientia
2943 3491 3286 3544 conﬁtentis.

1876 3617 2029 3658 NONI
2078 3617 2324 3657 DECIMI.

941 3870 1237 3943 INDEX
1296 3870 1985 3945 CAPITULORUM
2046 3871 2299 3943 LIBRI
2361 3869 2811 3943 VICESIMI.

120 4023 241 4077 CAP.
288 4028 337 4079 1.
375 4024 539 4088 Quod
577 4024 784 4079 anime
823 4025 1091 4080 humanae
1133 4026 1284 4080 inter
1330 4032 1560 4081 ceteras
1589 4031 1815 4082 creatu-

184 4126 273 4163 ras
307 4110 377 4164 ab
412 4109 579 4163 initio
614 4126 732 4164 non
765 4110 879 4164 sint
907 4118 1131 4165 create.

120 4200 165 4250 2.
205 4198 365 4263 Quod
403 4198 533 4252 due
563 4199 772 4253 anime
798 4216 912 4253 non
939 4200 1048 4254 sint
1079 4200 1137 4254 in
1160 4218 1277 4255 uno
1310 4202 1566 4271 homine,
1598 4206 1661 4256 ut
1692 4202 1818 4274 qui-

185 4287 315 4341 dam
348 4288 573 4351 dicunt,
607 4289 707 4341 sed
738 4305 854 4342 una
884 4293 1128 4343 tantum.

124 4376 169 4426 3.
211 4378 371 4439 Quod
408 4378 563 4429 solus
603 4377 778 4430 homo
829 4378 1030 4431 habeat
1068 4379 1319 4431 animam
1376 4379 1813 4434 substantivam.

122 4463 168 4515 4.
210 4465 279 4519 Ut
326 4465 618 4534 pecudum
667 4464 873 4519 anime
909 4482 1037 4519 cum
1089 4468 1273 4520 carnis
1306 4474 1487 4521 morte
1521 4468 1815 4522 ﬁniantur.

124 4552 170 4604 5.
210 4553 372 4617 Quod
408 4552 602 4607 anima
641 4554 893 4608 humana
942 4571 1062 4609 non
1116 4572 1243 4609 cum
1293 4574 1462 4611 carne
1518 4557 1814 4611 moriatur.

122 4642 166 4693 6.
209 4642 371 4706 Quod
403 4643 580 4695 homo
612 4648 835 4697 constet
868 4644 1088 4698 duabus
1121 4646 1471 4700 substantiis.

121 4733 169 4781 7.
208 4731 367 4795 Quod
403 4730 638 4801 spiritus
669 4748 781 4785 non
836 4733 1041 4786 tertius
1082 4734 1153 4787 sit
1182 4734 1240 4787 in
1271 4735 1589 4787 substantia
1630 4735 1815 4789 homi-

186 4820 290 4887 nis,
326 4825 390 4874 ut
414 4820 653 4891 quidam
681 4821 991 4876 afﬁrmant.

122 4908 168 4960 8.
212 4909 365 4972 Quod
400 4911 548 4963 Deus
579 4910 725 4963 sicut
753 4926 821 4963 ex
853 4911 1033 4964 nihilo
1064 4911 1215 4964 bona
1247 4911 1430 4965 facere
1479 4912 1682 4980 potuit,
1739 4911 1816 4964 ita

187 5013 310 5050 cum
332 4998 629 5067 voluitper
650 4998 1061 5053 incarnationis
1095 5016 1213 5053 sue
1246 5000 1605 5069 mysterium,
1642 5000 1813 5053 etiam

189 5087 407 5153 perdita
439 5085 592 5141 bona
621 5087 923 5155 reparavit.

124 5174 171 5225 9.
210 5173 364 5237 Quod
393 5177 540 5228 Deus
572 5180 686 5228 tres
712 5176 913 5229 vitales
944 5176 1178 5246 spiritus
1206 5182 1440 5241 crearet,
1488 5193 1664 5229 unum
1716 5176 1816 5247 qui

190 5278 352 5317 carne
379 5281 495 5318 non
535 5270 849 5335 tegeretur,
899 5266 1079 5319 alium
1128 5266 1226 5336 qui
1282 5283 1449 5319 carne
1501 5271 1813 5335 tegeretur,

193 5353 283 5405 sed
318 5370 435 5407 non
466 5370 596 5406 cum
630 5370 798 5407 carne
850 5359 1171 5407 moreretur
1207 5370 1218 5408 :
1254 5356 1487 5408 tertium
1520 5355 1619 5425 qui
1648 5370 1816 5407 carne

192 5443 493 5511 tegeretur,
529 5447 586 5495 et
616 5459 745 5496 cum
770 5459 940 5496 carne
973 5449 1314 5497 moreretur.

136 5529 209 5579 10.
250 5530 405 5593 Quod
449 5532 625 5585 homo
674 5532 733 5584 in
774 5532 961 5601 prima
1001 5533 1328 5586 conditione
1362 5549 1463 5584 sua
1505 5532 1679 5586 libero
1724 5548 1813 5585 ar-

195 5618 355 5675 bitrio
389 5626 636 5676 donatus
658 5620 747 5675 sit.

1934 4030 2016 4080 11.
2060 4026 2219 4090 Quod
2252 4042 2450 4079 omnes
2482 4025 2745 4078 homines
2778 4024 2833 4077 in
2869 4024 3337 4093 praevaricatione
3366 4023 3500 4078 Ade
3534 4039 3632 4077 na-

1998 4117 2243 4169 turalem
2270 4115 2705 4190 possibilitatem
2731 4113 3129 4185 perdidissent.

1936 4207 2015 4257 I'2.
2062 4206 2138 4258 De
2170 4205 2368 4258 eadem
2399 4221 2479 4257 re.

1938 4295 2019 4346 13.
2056 4293 2218 4357 Quod
2246 4294 2418 4347 homo
2473 4292 2551 4346 sic
2587 4292 2801 4361 positus
2847 4291 2920 4344 sit
2968 4292 3026 4345 in
3075 4290 3360 4359 paradiso,
3414 4290 3457 4342 si
3493 4290 3631 4343 obe-

2005 4381 2167 4435 diens
2214 4387 2599 4452 permaneret,
2671 4379 3019 4450 quandoque
3073 4379 3144 4431 ad
3193 4378 3479 4432 celestem
3530 4395 3630 4447 pa-

1999 4470 2188 4536 triam,
2223 4470 2344 4523 sine
2377 4469 2561 4521 carnis
2592 4480 2775 4522 morte
2802 4467 3091 4520 transiret.

1932 4559 2014 4613 14.
2057 4558 2219 4622 Quod
2250 4574 2353 4610 nos
2385 4558 2641 4610 carnales
2672 4556 2728 4608 in
2780 4556 2950 4624 hujus
3000 4554 3153 4607 exilii
3204 4556 3456 4607 cecitate
3487 4554 3625 4617 nati,

1998 4662 2177 4717 puero
2213 4646 2271 4698 in
2302 4661 2525 4699 carcere
2559 4650 2713 4707 nato,
2748 4648 2804 4695 et
2836 4642 3049 4694 nutrito
3080 4657 3503 4711 comparemur.

1932 4739 2014 4789 15.
2059 4735 2222 4799 Quod
2254 4734 2446 4787 nullus
2477 4749 2581 4804 per
2610 4731 2985 4800 semetipsum
3032 4731 3219 4784 bonus
3267 4730 3391 4784 ﬁeri
3428 4730 3625 4801 possit.

1932 4828 2014 4880 16.
2059 4826 2135 4878 De
2163 4823 2359 4877 eadem
2392 4839 2470 4875 re.

1934 4918 2015 4968 17.
2064 4915 2137 4967 De
2169 4914 2368 4966 eadem
2404 4928 2483 4965 re.

1932 5006 1996 5058 18
2052 5002 2209 5067 Quod
2244 5002 2424 5071 gratia
2454 5000 2647 5054 divina
2677 5016 2796 5053 non
2850 5000 3037 5054 solum
3070 5003 3303 5067 peccata
3355 4996 3625 5062 dimittat,

1999 5092 2095 5145 sed
2127 5091 2298 5144 etiam
2330 5090 2559 5158 adjuvet
2587 5106 2658 5142 ne
2688 5088 3141 5141 committantur.

1932 5185 2014 5236 19.
2059 5180 2219 5244 Quod
2253 5178 2681 5249 predestinatio
2735 5178 2833 5232 Dei
2886 5178 2965 5230 ita
3021 5177 3093 5229 sit
3131 5174 3415 5239 ordinata,
3461 5179 3526 5227 ut
3563 5190 3628 5227 ea

1998 5268 2198 5323 nociva
2230 5285 2358 5339 que
2392 5268 2793 5338 predestinata
2825 5271 2958 5319 sunt
3012 5267 3323 5318 electorum
3364 5263 3628 5333 precibus

1999 5358 2139 5412 solvi
2169 5363 2404 5428 queant.

1927 5449 2009 5499 20.
2060 5448 2198 5500 Item
2227 5447 2297 5500 de
2331 5444 2850 5517 predestinatione.

1926 5538 2014 5589 2i.
2064 5535 2137 5587 De
2172 5536 2270 5589 Dei
2304 5533 2694 5605 previdentia,
2728 5532 2894 5585 simul
2924 5535 2981 5585 et
3010 5528 3391 5601 providentia.
