3944 6454
256 438 392 490 1015

1322 437 1724 494 BURCHARDI
1763 439 2298 497 WORMACIENSIS
2339 437 2674 494 EPISCOPI.

3627 440 3767 492 1016

253 561 341 614 22.
384 557 546 622 Quod
577 555 768 612 divina
798 557 1114 625 aeternitas,
1145 573 1251 612 nec
1280 557 1474 625 fuisse,
1526 575 1630 614 nec
1685 559 1944 614 futurum
1974 562 2021 615 Α
2131 559 2522 614 miserorum:
2570 558 2760 629 justus
2813 563 3026 625 autem,
3081 563 3138 613 et
3188 559 3317 613 ideo
3360 575 3477 614 non
3534 561 3775 615 sedetur

325 663 446 701 esse
479 645 704 701 habeat.

254 738 342 791 23.
386 734 544 799 Quod
577 738 782 788 cuncta
803 751 931 806 qua:
961 734 1289 789 hominibus
1314 734 1480 799 ﬁunt,
1515 735 1729 806 absque
1763 737 1952 791 omni-

324 822 580 894 potentis
610 823 834 876 occulto
865 823 1127 888 concilio,
1160 839 1275 876 non
1305 822 1558 877 veniant.

254 913 346 968 24.
388 913 466 966 De
501 912 700 966 eadem
727 927 810 966 re.

254 1004 343 1055 25.
387 1000 554 1064 Quod
587 1001 733 1053 Deus
765 999 1004 1071 singulis
1032 1000 1159 1054 dies
1189 1016 1321 1054 suos
1349 1000 1632 1073 praefigat,
1661 1005 1724 1056 ut
1744 1001 1951 1070 minui,

328 1104 433 1143 nec
464 1088 663 1158 augeri
694 1091 938 1158 possint.

255 1180 345 1232 26.
388 1176 550 1241 Quod
583 1177 732 1230 Deus
761 1179 958 1229 nostra
989 1180 1218 1246 peccata
1249 1176 1592 1233 dissimulet.

255 1269 351 1321 27.
399 1265 555 1329 Quod
592 1266 739 1318 Deus
771 1269 975 1318 cuncta
1010 1263 1297 1334 disponat,
1346 1270 1405 1320 et
1449 1265 1773 1320 consideret
1817 1265 1955 1320 uni—

327 1369 621 1407 versorum
649 1352 846 1406 ﬁnem.

257 1443 346 1508 28,
383 1444 470 1506 29,
507 1443 594 1507 30,
640 1444 728 1507 31,
778 1444 864 1509 32,
909 1443 998 1504 33,
1036 1442 1124 1507 34,
1169 1444 1257 1510 3-5,
1303 1445 1392 1511 36,
1433 1445 1520 1509 37,
1562 1445 1648 1509 38,
1683 1445 1768 1498 39.
1811 1443 1955 1498 Item

327 1529 397 1582 de
431 1528 953 1599 prmdestinatione.

255 1618 343 1670 40.
383 1618 459 1670 De
492 1617 781 1670 creatione
804 1618 1164 1688 angelorum.

253 1706 343 1759 41.
384 1705 541 1770 Quod
578 1705 718 1759 nihil
748 1705 824 1760 sit
850 1706 1258 1777 incorporeum
1302 1710 1360 1761 et
1389 1706 1692 1771 invisibile,
1746 1713 1958 1780 praeter

328 1795 512 1848 solum
547 1795 744 1848 Deum.

255 1884 341 1936 42.
381 1883 544 1947 Quod
575 1882 763 1936 omnis
800 1887 1062 1937 creatura
1088 1883 1161 1938 sit
1185 1899 1480 1955 corporea.

256 1975 345 2027 43.
379 1971 537 2035 Quod
585 1987 784 2025 omnes
829 1972 1243 2027 intellectuales
1299 1978 1520 2027 naturae
1600 1972 1958 2028 immortales

328 2059 462 2114 sint.

257 2149 346 2204 44.
389 2148 550 2212 Quod
585 2152 858 2219 apostata:
889 2148 1080 2219 angeli
1123 2153 1254 2203 ante
1281 2148 1507 2203 ruinam
1537 2149 1780 2204 liberum
1805 2150 1956 2204 arbi-

330 2236 507 2291 trium
533 2237 801 2292 habeant.

256 2327 346 2381 45.
389 2326 501 2382 Cur
541 2326 881 2396 angelorum
931 2325 1168 2395 spiritus
1226 2324 1700 2380 irremissibiliter
1751 2343 1957 2397 pecca-

328 2419 474 2481 rent,
509 2430 643 2469 eum
672 2414 858 2468 carnis
888 2413 1292 2468 commixtione
1321 2431 1441 2468 non
1477 2418 1828 2468 tenerentur.

254 2505 344 2558 46.
369 2503 530 2568 Quod
561 2503 750 2574 angeli
771 2504 1033 2557 custodes
1054 2503 1388 2558 hominibus
1415 2509 1845 2574 praponantur.

255 2595 343 2647 47.
386 2593 547 2657 Quod
594 2592 834 2664 singulis
882 2593 1214 2647 hominibus
1264 2592 1475 2663 singuli
1507 2592 1700 2663 angeli
1749 2593 1958 2648 dentur

328 2680 611 2735 custodes.

257 2771 344 2825 48.
382 2770 544 2834 Quod
589 2769 824 2824 dextera
875 2768 975 2823 Dei
1032 2767 1106 2822 sit
1184 2768 1521 2838 angelorum
1570 2785 1703 2838 pars
1755 2770 1953 2836 electa,

327 2859 559 2912 sinistra
585 2862 778 2911 autem
808 2857 949 2927 ejus,
989 2872 1118 2927 pars
1147 2858 1487 2928 angelorum
1518 2858 1782 2927 reproba.

255 2949 345 3003 49.
389 2947 552 3012 Quod
606 2946 894 3001 immundi
943 2945 1177 3017 spiritus
1221 2945 1283 3000 in
1320 2946 1429 3000 hoc
1473 2946 1620 3012 coeli,
1671 2951 1956 3019 terrasque

325 3035 520 3089 medio
549 3040 846 3105 vagentur.

259 3126 344 3178 50.
392 3125 469 3178 De
497 3124 605 3177 hoc
637 3122 682 3177 si
710 3139 820 3192 pax
846 3115 1277 3177 in’sublimibus
1309 3122 1640 3177 retineatur.

259 3215 346 3265 51.
387 3209 550 3274 Quod
582 3209 798 3264 diaboli
827 3209 1090 3265 voluntas
1133 3227 1360 3280 semper
1399 3211 1474 3265 sit
1521 3212 1739 3283 iniqua,
1793 3218 1956 3283 pote-

328 3304 442 3351 stas
462 3303 656 3352 autem
682 3297 806 3368 ejus
834 3315 1132 3364 nunquam
1160 3299 1391 3368 injusta.

258 3388 345 3440 52.
389 3386 551 3450 Quod
582 3392 832 3456 quatuor
860 3386 1043 3440 modis
1071 3387 1338 3458 loquatur
1363 3389 1511 3442 Deus
1541 3389 1614 3442 ad
1644 3389 1954 3457 diabolum,

328 3479 385 3528 et
417 3475 598 3528 tribus
629 3474 814 3528 modis
843 3473 1103 3528 diabolus
1134 3475 1203 3529 ad
1239 3477 1439 3530 Deum.

257 3567 343 3617 53.
387 3563 549 3627 Quod
581 3579 696 3616 non
720 3562 794 3615 sit
825 3563 1014 3631 palma
1053 3563 1327 3627 victoriae,
1362 3564 1485 3618 sine
1526 3565 1715 3618 labore
1773 3572 1958 3620 certa-

328 3651 520 3705 minis.

255 3742 340 3794 54.
389 3741 462 3794 De
496 3744 774 3806 creatura,
806 3745 861 3794 et
893 3745 1119 3809 natura,
1155 3746 1213 3795 et
1243 3742 1560 3796 ministerio
1591 3745 1954 3814 angelorum,

326 3833 382 3882 et
409 3829 478 3883 de
513 3845 646 3882 casu
679 3833 1069 3898 apostatarum
1094 3830 1456 3900 angelorum.

255 3922 347 3972 55.
390 3918 553 3982 Quod
598 3934 982 3988 supernorum
1035 3918 1244 3973 civium
1295 3934 1593 3988 numerus,
1641 3905 1710 3974 let
1753 3921 1951 3976 ﬁnitus

327 4006 418 4070 sit,
450 4009 507 4058 et
533 4005 814 4060 inﬁnitus.

256 4097 342 4149 56.
385 4094 544 4158 Quod
575 4091 762 4147 omnis
787 4094 955 4162 culpa
977 4098 1109 4147 ante
1156 4094 1466 4148 discessum
1499 4096 1805 4150 oblationis
1837 4113 1957 4150 mu-

327 4198 464 4236 nere
495 4182 768 4235 solvatur.

256 4273 343 4325 57.
385 4269 545 4333 Quod
575 4285 728 4322 sacra
763 4269 976 4322 oblatio
1022 4274 1151 4339 post
1201 4275 1444 4324 mortem
1491 4271 1792 4326 animabus
1821 4289 1954 4342 pro-

328 4359 489 4412 desse
519 4357 760 4427 possint,
795 4358 840 4411 si
872 4373 986 4411 non
1019 4362 1152 4411 sunt
1185 4358 1368 4427 culpas
1402 4357 1846 4415 indissolubiles.

255 4451 342 4501 58.
385 4446 546 4510 Quod
578 4446 800 4500 beatius
829 4446 903 4499 sit
949 4461 1301 4516 quemquam
1331 4447 1578 4502 liberum
1617 4448 1749 4502 hinc
1779 4449 1952 4515 exire,

326 4552 501 4606 quam
531 4541 663 4606 post
695 4540 942 4590 mortem
978 4535 1298 4590 libertatem
1335 4553 1613 4608 quaerere.

253 4629 339 4680 59.
385 4625 546 4689 Quod
579 4625 770 4679 nullus
798 4625 1004 4679 debeat
1035 4641 1235 4696 rogare
1261 4641 1365 4696 pro
1399 4631 1649 4695 peccato,
1685 4629 1838 4698 quod
1872 4631 1958 4682 est

326 4714 392 4768 ad
428 4719 692 4768 mortem.

252 4805 338 4856 60.
385 4803 452 4856 Ut
477 4818 676 4856 omnes
708 4802 913 4857 animae
971 4803 1285 4857 electorum
1343 4804 1647 4859 credenda).
1688 4804 1804 4859 sint
1833 4821 1954 4859 esse

322 4890 385 4943 in
413 4891 578 4953 cmlo,
609 4894 666 4944 et
694 4889 1030 4960 iniquorum
1061 4890 1270 4945 animae
1301 4891 1360 4944 in
1387 4891 1630 4947 inferno.

253 4981 341 5031 61.
386 4977 544 5040 Quod
575 4977 722 5031 sicut
769 4976 900 5030 ﬁnis
954 4994 1072 5031 non
1122 4983 1207 5032 est
1256 4979 1469 5048 gaudio
1516 4979 1824 5046 bonorum,
1876 4981 1956 5035 sic

325 5065 458 5119 ﬁnis
487 5080 606 5118 non
636 5069 720 5118 est
747 5066 1045 5119 tormentis
1080 5067 1384 5122 malorum.

254 5157 339 5209 62.
387 5154 549 5218 Quod
589 5153 668 5206 ita
715 5169 830 5206 non
872 5153 964 5218 sit,
1033 5159 1097 5207 ut
1146 5155 1379 5224 quidam
1437 5157 1750 5223 afﬁrmant,
1799 5159 1950 5229 quod

326 5243 477 5297 Deus
506 5242 579 5296 ob
608 5242 714 5297 hoc
744 5241 996 5295 minatus
1027 5243 1096 5295 sit
1125 5249 1401 5299 aeternam
1429 5262 1659 5316 poenam
1706 5263 1953 5317 peccan-

325 5331 498 5393 tibus,
531 5335 598 5384 ut
617 5330 927 5401 corrigeret
955 5345 988 5383 a
1017 5329 1202 5384 malis.

255 5422 341 5474 63.
386 5419 499 5473 Cur
569 5423 801 5489 peccata
873 5435 1003 5489 qua
1063 5435 1193 5473 cum
1243 5419 1357 5474 ﬁne
1413 5427 1744 5492 perpetrata
1797 5427 1951 5492 sunt,

327 5507 448 5560 sine
471 5506 586 5560 ﬁne
618 5506 954 5575 puniantur.

259 5595 344 5648 64.
387 5594 547 5657 Quod
596 5596 744 5649 Deus
789 5595 920 5666 pius
971 5595 1060 5662 sit,
1112 5599 1168 5649 et
1216 5612 1334 5649 non
1386 5602 1653 5667 pascatur
1695 5598 1952 5654 cruciatu

2133 649 2192 703 in
2224 653 2572 720 perpetuum
2604 649 2675 702 ab
2706 647 3044 718 iniquorum
3076 648 3315 702 ultione.

2062 741 2149 793 65.
2196 739 2272 792 De
2298 738 2408 792 hoc
2459 737 2506 790 si
2539 741 2673 791 ante
2720 737 3142 790 restitutionem
3193 753 3498 807 corporum
3550 739 3770 793 animae

2128 827 2415 896 justOrum
2450 825 2509 879 in
2543 826 2751 879 coelum
2783 825 3101 895 rapiantur.

2063 917 2150 968 66.
2193 915 2356 978 Quod
2389 915 2529 985 justi
2583 915 2640 967 in
2672 914 2764 967 die
2809 914 3015 984 judicii
3074 914 3398 969 animarum
3456 914 3649 979 simul,
3711 921 3777 970 et

2134 1019 2438 1073 corporum
2466 1003 2647 1072 gloria
2693 1002 3059 1056 laetabuntur.

2063 1091 2150 1141 67.
2195 1088 2273 1141 De
2325 1089 2428 1141 hoc
2479 1087 2525 1140 si
2572 1087 2709 1140 boni
2755 1086 2938 1140 bonos
2995 1086 3056 1140 in
3113 1101 3314 1156 regno,
3384 1086 3474 1139 vel
3526 1087 3573 1140 si
3629 1087 3778 1141 mali

2135 1177 2314 1230 malos
2338 1175 2400 1228 in
2421 1175 2703 1246 supplicio
2733 1180 3069 1246 agnoscant.

2063 1267 2150 1318 68.
2196 1265 2272 1317 De
2303 1265 2412 1318 hoc
2463 1264 2510 1317 si
2552 1263 2702 1334 ignis
2744 1263 3111 1333 purgatorius
3159 1263 3478 1317 credendus
3522 1263 3616 1331 sit,
3661 1263 3771 1334 qui

2133 1357 2262 1424 post
2291 1357 2534 1406 mortem
2565 1353 2785 1406 animas
2815 1368 2846 1404 a
2877 1352 3123 1422 peccatis
3149 1357 3446 1422 expurget.

2065 1443 2151 1495 69.
2195 1441 2357 1505 Quod
2389 1457 2535 1494 unus
2568 1441 2642 1494 sit
2672 1441 2951 1510 gehennae
2975 1440 3145 1511 ignis,
3179 1441 3274 1494 sed
3310 1457 3425 1494 non
3453 1456 3564 1494 uno
3597 1441 3777 1494 modo

2133 1545 2334 1583 omnes
2365 1528 2597 1583 cruciet.

2064 1623 2159 1676 70.
2209 1619 2360 1682 Quot
2405 1634 2618 1690 genera
2673 1616 2786 1671 sint
2850 1617 3158 1671 oblationis
3202 1632 3308 1686 pro
3353 1616 3634 1670 defunctis
3685 1617 3777 1670 fa-

2135 1706 2378 1761 cienda?

2062 1799 2152 1851 71.
2197 1796 2309 1850 Cur
2361 1799 2690 1849 sanctorum
2751 1793 2961 1847 animas
3039 1810 3143 1864 pro
3193 1794 3590 1864 peccatoribus
3647 1810 3776 1848 non

2137 1889 2320 1950 orent,
2378 1884 2608 1954 quando
2659 1899 2758 1937 eos
2803 1882 2864 1936 in
2928 1882 3065 1952 igne
3122 1888 3338 1937 aeterno
3389 1883 3588 1937 ardere
3631 1899 3778 1954 pro-

2139 1972 2446 2044 spexerint.

2067 2063 2155 2114 72.
2200 2061 2360 2124 Quod
2391 2060 2613 2114 duobus
2643 2060 2828 2115 modis
2854 2059 2970 2114 vita
3022 2059 3267 2126 dicatur,
3327 2059 3550 2113 duobus
3594 2059 3778 2114 etiam

2137 2164 2293 2204 mors
2318 2149 2694 2219 intelligatur.

2066 2239 2153 2292 73.
2195 2237 2356 2302 Quod
2414 2238 2599 2305 electi,
2654 2253 2754 2291 seu
2816 2235 3046 2306 reprobi
3114 2236 3184 2291 ad
3243 2236 3371 2290 loca
3435 2236 3780 2290 communia

2139 2326 2499 2381 deducantur
2527 2325 2588 2379 in
2613 2326 2934 2379 tormentis.

2065 2414 2154 2468 74.
2201 2415 2276 2468 De
2323 2415 2429 2468 hoc
2481 2413 2635 2485 quod
2681 2413 2743 2467 in
2802 2413 2974 2467 domo
3025 2412 3124 2467 Dei
3190 2413 3390 2467 multae
3445 2411 3779 2466 mansiones

2137 2502 2268 2556 sint.

2063 2594 2152 2645 75.
2197 2591 2360 2655 Quod
2387 2590 2551 2644 illum
2582 2606 2754 2661 quem
2786 2591 2961 2644 semel
2992 2590 3160 2659 culpa
3196 2590 3264 2644 ad
3292 2605 3522 2660 poenam
3540 2595 3779 2659 pertra—

2135 2678 2240 2746 hit,
2277 2679 2668 2732 misericordia
2696 2679 2934 2732 ulterius
2963 2679 3036 2732 ad
3086 2679 3308 2733 veniam
3355 2695 3474 2732 non
3512 2679 3774 2732 reducat.

2064 2770 2154 2822 76.
2196 2767 2358 2832 Quod
2395 2769 2542 2821 Deus
2570 2767 2792 2822 dicatur
2821 2769 3030 2832 zelans,
3066 2767 3288 2821 dicatur
3316 2767 3515 2834 iratus,
3547 2768 3778 2821 dicatur

2137 2856 2440 2926 pcenitens,
2480 2856 2703 2910 dicatur
2722 2856 3066 2918 misericors,
3102 2856 3324 2910 dicatur
3351 2856 3644 2925 praescius.

2066 2949 2153 2998 77.
2199 2945 2310 2998 Cur
2339 2945 2484 2998 Dens
2512 2960 2645 2997 suos
2668 2946 2879 2998 electos
2916 2945 2995 2998 sic
3026 2945 3321 3014 permittat
3350 2945 3515 3010 mori,
3561 2947 3624 2997 ut
3651 2960 3778 2997 non

2138 3034 2196 3086 in
2227 3032 2340 3086 vita
2375 3032 2611 3086 illorum
2643 3033 2925 3097 ostendat,
2960 3034 3125 3102 cujus
3156 3033 3475 3087 sanctitatis
3505 3033 3641 3087 sint.

1990 3125 2029 3179 C
2069 3125 2157 3176 78.
2199 3121 2363 3185 Quod
2396 3122 2619 3175 miseris
2654 3139 2808 3176 mors
2839 3122 2940 3176 ﬁat
2969 3123 3091 3176 sine
3119 3127 3322 3177 morte.

2069 3213 2156 3264 79.
2199 3210 2358 3274 Quod
2391 3211 2449 3263 in
2477 3210 2701 3264 inferno
2751 3211 3148 3280 peccatoribus
3191 3212 3260 3266 ad
3309 3211 3775 3266 consolationem

2139 3299 2289 3368 ignis
2322 3315 2436 3352 non
2462 3299 2668 3368 luceat,
2701 3300 2796 3354 sed
2826 3307 2885 3355 ut
2915 3301 3096 3371 magis
3123 3305 3404 3372 torqueat.

2069 3387 2157 3439 80.
2205 3387 2278 3440 De
2310 3385 2510 3440 eadem
2543 3402 2623 3441 re.

2069 3477 2155 3528 81.
2201 3475 2359 3538 Ουοά
2413 3475 2668 3528 humana
2720 3475 2912 3529 anima
2961 3475 3042 3529 ita
3086 3475 3429 3530 immortalis
3478 3475 3569 3537 sit,
3628 3479 3694 3529 ut
3721 3479 3777 3530 et

2139 3563 2287 3616 mori
2312 3563 2513 3633 possit,
2545 3568 2602 3617 et
2634 3580 2746 3617 non
2781 3564 2980 3633 possit.

2069 3654 2154 3704 82.
2195 3651 2355 3716 Quod
2386 3666 2694 3720 corporeus
2725 3651 2800 3705 sit
2825 3651 2975 3722 ignis
3004 3652 3306 3721 gehennm,
3341 3656 3397 3704 et
3452 3668 3566 3706 non
3610 3651 3776 3707 indi-

2141 3745 2271 3810 geat
2299 3739 2410 3793 alia
2435 3741 2696 3807 materia,
2729 3740 2842 3794 nisi
2874 3741 3245 3811 reproborum
3276 3740 3550 3794 cruciatu.

2069 3832 2157 3884 83.
2217 3830 2330 3884 Cur
2376 3827 2569 3882 anima
2616 3829 2676 3882 in
2733 3845 2974 3898 corpore
3035 3845 3291 3894 manens,
3353 3834 3409 3883 et
3465 3830 3776 3899 egrediens

2141 3916 2322 3971 videri
2355 3933 2472 3971 non
2507 3917 2702 3987 possit.

2068 4008 2154 4060 84.
2201 4006 2269 4059 Ut
2317 4006 2513 4058 nullus
2563 4005 2826 4059 dubitare
2871 4006 3076 4060 debeat
3129 4022 3196 4060 ea
3252 4023 3374 4060 esse
3429 4005 3767 4071 invisibilia,

2138 4109 2266 4164 qua
2296 4095 2411 4148 Deo
2443 4093 2718 4147 invisibili
2747 4094 3206 4148 subministrant.

2067 4186 2153 4237 85.
2196 4183 2355 4247 Quod
2412 4183 2571 4236 nulla
2626 4182 2874 4236 visibilia
2932 4183 3133 4248 videri,
3187 4185 3274 4237 vel
3320 4183 3589 4254 cognosci
3641 4201 3770 4254 pos-

2137 4271 2272 4338 sint,
2305 4271 2415 4324 nisi
2443 4287 2543 4342 per
2576 4270 2907 4327 invisibilia.

2065 4363 2152 4414 86.
2211 4360 2374 4424 Quod
2420 4360 2790 4429 incorporeus
2865 4360 3100 4430 spiritus
3164 4359 3222 4414 in
3270 4361 3495 4416 inferno
3549 4377 3581 4414 a
3637 4377 3762 4415 cor-

2136 4463 2315 4518 poreo
2349 4447 2482 4519 igne
2509 4448 2818 4519 afﬂigatnr.

2064 4539 2151 4591 87.
2194 4537 2350 4600 Quod
2401 4537 2772 4606 incorporeus
2825 4537 3060 4608 spiritus
3108 4537 3391 4592 vivificare
3442 4538 3645 4608 possit,
3709 4543 3765 4592 et

2135 4625 2218 4679 ibi
2248 4625 2452 4692 teneri,
2486 4626 2585 4680 ubi
2617 4643 2650 4680 a
2680 4642 2957 4697 corporeo
2989 4626 3120 4697 igne
3153 4627 3456 4681 cruciatur.

2065 4717 2150 4770 88.
2215 4715 2290 4768 De
2352 4715 2625 4784 apostatis
2670 4714 2968 4785 spiritibus
3026 4715 3180 4785 quod
3228 4714 3558 4785 incorporei
3643 4732 3761 4769 cre-

2135 4802 2312 4857 dendi
2346 4802 2482 4856 sint.

2065 4893 2152 4945 89.
2223 4890 2382 4954 Quod
2431 4891 2712 4961 gehennae
2763 4891 2913 4962 ignis
2968 4907 3276 4964 corporeus
3343 4907 3466 4946 esse
3523 4893 3761 4947 creden-

2137 4979 2244 5033 dus
2275 4978 2363 5033 sit.

2065 5070 2154 5123 90.
2201 5068 2278 5122 De
2309 5068 2414 5121 hoc
2433 5069 2587 5138 quod
2607 5068 2892 5131 scribitur,
2920 5069 3099 5124 Deum
3122 5086 3294 5125 nemo
3327 5070 3467 5125 vidit
3485 5085 3761 5142 unquam,

2135 5160 2189 5209 et
2210 5155 2455 5225 qualiter
2485 5155 2628 5209 illud
2659 5155 3100 5226 intelligendum
3133 5158 3224 5213 sit.

2065 5246 2152 5297 91.
2195 5244 2273 5298 De
2297 5243 2510 5314 duplici
2534 5260 2702 5313 pcena
2731 5245 3154 5300 damnatorum.

2064 5334 2150 5388 92.
2197 5333 2272 5385 De
2301 5333 2485 5402 pmnis
2503 5333 2838 5403 impiorum.

2063 5423 2149 5476 93.
2182 5422 2260 5475 De
2293 5422 2655 5476 Antichristo.

2062 5511 2148 5564 94.
2191 5509 2345 5573 Quod
2380 5515 2509 5565 ante
2537 5511 2689 5566 diem
2712 5511 2936 5581 judicii,
2971 5512 3142 5566 etiam
3192 5514 3356 5567 electi
3405 5513 3589 5568 casuri
3648 5512 3757 5567 sint

2137 5597 2192 5650 in
2223 5597 2470 5652 adventu
2500 5599 2850 5654 Antichristi.

2060 5689 2147 5741 95.
2191 5687 2269 5740 De
2293 5687 2659 5742 Antichristo.
