3944 6398
90 397 226 448 1017

87 520 178 571 96.
217 517 358 571 Item
392 514 462 569 de
494 514 867 569 Autichristo.

90 608 178 658 97.
207 604 375 669 Quod
416 603 745 657 novissimis
796 618 997 657 omnes
1053 604 1317 658 lsraelitaa
1374 621 1477 675 per
1524 605 1803 675 praedica-

158 693 382 746 tionem
413 692 597 746 Heliae
626 692 883 745 converti
913 692 1177 745 debeant.

84 785 172 837 98.
203 783 282 835 De
312 786 419 836 hoc
475 798 578 835 cur
630 782 690 835 in
724 782 828 835 hac
880 782 996 835 vita
1029 783 1239 853 saepius
1293 782 1458 836 bonis
1514 784 1663 836 male
1709 782 1799 849 sit,

156 878 217 925 et
250 872 418 925 malis
450 872 618 925 bene.

88 962 174 1013 99.
210 959 377 1023 Quod
407 960 810 1027 etiampmnes
837 958 1101 1013 inﬁdeles
1131 975 1437 1030 resurgere
1465 959 1711 1014 debeant
1731 960 1802 1013 ad

157 1052 473 1116 tormenta,
505 1064 623 1102 non
648 1048 714 1102 ad
742 1048 1048 1117 judicium.

94 1140 213 1190 100.
250 1137 413 1200 Quod
447 1153 648 1189 omnes
672 1137 929 1190 homines
961 1152 1261 1206 resurgere
1295 1136 1561 1190 debeant.

96 1229 211 1279 101.
258 1227 332 1279 De
365 1229 567 1280 eadem
596 1242 676 1279 re.

93 1318 212 1368 102.
251 1314 414 1378 Quod
446 1314 639 1385 angeli
700 1318 995 1384 apostataz,
1046 1320 1103 1368 et
1160 1314 1326 1383 impii
1355 1315 1621 1368 homines
1669 1320 1799 1384 post

161 1410 452 1457 tormenta
483 1404 647 1474 quasi
668 1403 962 1475 suppliciis
994 1405 1316 1474 expurgati,
1352 1420 1470 1457 non
1504 1404 1793 1474 justorum

159 1492 419 1546 societati
452 1494 718 1546 donetur.

93 1585 211 1636 l03.
270 1582 430 1646 Quod
490 1582 831 1636 resurrectio
888 1581 1013 1636 fieri
1066 1582 1271 1636 debeat
1321 1583 1379 1635 in
1438 1587 1605 1637 aetate
1661 1599 1790 1653 per-

155 1670 319 1724 fecta:
342 1671 685 1741 juventutis,
717 1687 846 1741 quae
877 1671 1137 1740 profectu
1166 1688 1278 1725 non
1301 1673 1574 1741 indigeat.

91 1760 209 1813 104.
242 1759 404 1823 Quod
431 1760 721 1813 districtus
769 1761 949 1829 judex
982 1761 1049 1814 ad
1084 1761 1373 1831 judicium
1406 1762 1639 1815 veniens
1666 1777 1793 1831 pec-

157 1852 413 1901 catorem
444 1847 659 1915 videat,
693 1852 753 1901 ut
781 1847 967 1915 feriat,
1002 1866 1119 1902 non
1144 1858 1207 1903 ut
1238 1851 1433 1904 salvet.

1034 393 1507 449 DECRETORUM
1553 394 1735 450 LIBRI
1777 396 1877 449 ΧΧ.
1922 426 1990 436 -
2032 397 2242 451 LIBER
2283 396 2671 450 VICESIMUS.

1828 522 1873 573 A
1921 522 2034 573 105.
2065 519 2223 583 Quod
2255 520 2402 573 Deus
2457 519 2529 573 ad
2575 517 2858 588 judicium
2908 518 3101 571 veniat
3156 519 3226 573 ad
3287 518 3615 613 feriendum

3483 398 3613 451 1018

1986 607 2199 671 videns,
2236 612 2293 660 et
2322 607 2393 659 ad
2424 607 2761 659 salvandum
2796 623 2912 659 non
2943 607 3162 661 videns.

1920 696 2035 748 l06.
2071 695 2232 758 Quod
2266 694 2323 747 in
2354 694 2446 749 die
2473 694 2675 765 judicii
2714 695 2826 749 duo
2854 694 3083 749 ordines
3136 696 3195 748 in
3250 700 3497 766 quatuor
3525 696 3611 750 di-

1981 783 2267 836 vidantur.

1862 926 1875 935 ,
1918 874 2034 927 107,
2069 871 2226 935 Quod
2258 872 2399 925 liber
2430 871 2561 925 vitae
2594 872 2669 924 sit
2710 872 2829 942 ipsa
2876 872 3015 924 visio
3049 871 3407 925 advenientis
3454 872 3610 943 judi-

1980 961 2058 1013 cis
2087 977 2100 1013 :
2135 960 2272 1031 quia
2300 960 2575 1031 quicquid
2608 960 2736 1031 quis
2769 960 2997 1023 fecerat,
3045 961 3169 1031 ipso
3226 960 3344 1014 viso
3413 961 3607 1016 statim

1981 1048 2288 1119 intelliget.

1914 1139 2033 1191 108.
2070 1139 2146 1190 De
2178 1137 2363 1207 gloria
2393 1141 2721 1190 sanctorum
2758 1142 2881 1205 post
2912 1136 3216 1207 judicium.

1914 1227 2031 1279 109.
2067 1226 2232 1289 Ουοά
2266 1226 2429 1279 linito
2456 1225 2675 1295 judicio
2729 1224 2967 1295 incipiat
2997 1241 3119 1279 esse
3179 1227 3451 1280 saeculum
3509 1244 3612 1280 no-

1977 1330 2136 1379 vum,
2166 1319 2271 1367 etc.

1910 1406 2029 1458 110.
2067 1404 2280 1457 Contra
2311 1419 2408 1455 eos
2432 1404 2532 1473 qui
2562 1402 2780 1468 dicunt,
2819 1403 2864 1455 si
2898 1408 3026 1471 post
3054 1402 3266 1456 factum
3321 1402 3607 1473 judicium

1969 1490 2077 1543 erit
2106 1490 2478 1560 conﬂagratio
2520 1490 2743 1555 mundi,
2790 1490 2883 1542 ubi
2941 1495 3077 1543 tunc
3136 1507 3257 1543 esse
3311 1491 3609 1560 potuerint

1976 1580 2175 1639 sancti,
2212 1581 2312 1651 qui
2346 1596 2456 1633 non
2489 1580 2895 1649 contingantur
2926 1580 3157 1631 ﬂamma
3192 1579 3463 1633 incendii.

2370 1763 2571 1816 Indicis
2623 1761 2991 1833 capitulorum
3012 1760 3170 1829 ﬁnis.

1424 2163 2270 2268 BURCHARDI

1091 2365 1718 2421 WORMACIENSIS
1779 2366 2186 2420 ECCLESIzE
2245 2366 2617 2421 EPISCOPI

245 2548 1611 2696 DECRETORUM
1716 2551 2306 2695 LIBER
2409 2550 3458 2695 VICESIMUS

1391 2804 1492 2869 DE
1543 2802 2306 2869 CONTEMPLATIONE.

578 3101 1067 3156 ARGUMENTUM
1108 3102 1315 3157 LIBRI.

162 3190 327 3246 Liber
366 3190 461 3244 hic
487 3190 823 3260 Speculator
850 3196 1102 3245 vocatur.
1140 3191 1478 3261 Speculator
1542 3192 1695 3245 enim
1730 3191 1800 3245 de

93 3279 455 3349 providentia
485 3284 542 3333 et
572 3278 1084 3349 praedestinatione
1114 3279 1325 3346 divina,
1355 3284 1411 3333 et
1442 3281 1511 3333 de
1552 3280 1800 3334 adventu

94 3368 447 3433 Antichristi,
479 3368 550 3421 de
594 3368 717 3437 ejus
775 3368 1065 3437 operibus,
1118 3368 1186 3422 de
1244 3369 1687 3433 resurrectione,
1730 3368 1800 3422 de

95 3457 178 3511 die
202 3457 434 3528 judicii,
466 3461 522 3511 et
570 3456 951 3511 infernalibus
982 3456 1186 3528 poenis,
1241 3457 1309 3512 de
1341 3456 1611 3511 felicitate
1669 3472 1798 3527 per-

98 3550 277 3614 petuae
318 3545 476 3598 vitae.

101 3634 218 3688 CAP.
250 3635 293 3688 ῐ.
324 3664 399 3673 —
462 3633 622 3698 Quod
669 3636 866 3687 anime
916 3634 1167 3688 humanae
1212 3637 1355 3688 inter
1401 3640 1618 3689 caeteras
1649 3649 1798 3687 credo

452 3708 606 3758 turas
636 3705 704 3757 ab
735 3707 892 3758 initio
938 3721 1047 3759 non
1087 3708 1199 3759 sint
1229 3710 1439 3760 creata.

164 3795 425 3860 (August.
460 3792 645 3862 dicit.)
676 3793 911 3846 Animas
938 3793 1241 3847 hominum
1268 3811 1381 3847 non
1414 3809 1537 3847 esse
1558 3792 1801 3847 dicimus

98 3880 161 3933 ab
192 3881 353 3936 initio
414 3881 568 3935 inter
623 3885 859 3936 caeteras
899 3881 1316 3935 intellectuales
1375 3888 1631 3947 naturas,
1692 3898 1797 3935 nec

100 3973 260 4024 semel
289 3976 535 4035 creatas,
570 3975 633 4024 ut
657 3969 933 4040 Origenes
966 3970 1133 4041 fingit
1166 3987 1179 4023 :
1214 3987 1403 4042 neque
1434 3987 1564 4025 cum
1597 3986 1799 4040 corpo-

104 4057 248 4112 ribus
284 4076 390 4130 per
440 4059 659 4112 coitum
713 4058 1008 4125 seminari,
1044 4058 1191 4113 sicut
1233 4059 1578 4113 Luciferiani
1611 4064 1667 4113 et
1695 4060 1799 4130 Cy-

104 4146 269 4214 rillus,
304 4153 360 4201 et
393 4147 576 4218 aliqui
624 4147 955 4201 Latinorum
1013 4153 1429 4219 praesumentes
1480 4148 1797 4215 affirmant,

105 4236 252 4303 quasi
285 4243 510 4290 natura:
567 4237 979 4307 consequentia
1010 4237 1339 4291 serviente:
1400 4237 1493 4291 sed
1556 4236 1799 4291 dicimus

106 4338 297 4394 corpus
326 4331 560 4379 tantum
594 4340 695 4394 per
722 4324 975 4394 conjugii
1027 4326 1292 4394 copulam
1347 4325 1639 4390 seminari,
1674 4323 1795 4391 Dei,

1830 3100 1870 3152 Β
1909 3101 2194 3172 disponat,
2230 3101 2447 3155 habens
2479 3100 2538 3154 in
2580 3116 2637 3153 se
2667 3100 2995 3154 libertatem
3032 3099 3281 3167 arbitrii,
3314 3104 3379 3154 ut
3408 3100 3468 3153 in
3515 3116 3618 3153 sua

1914 3191 2229 3244 substantia
2260 3191 2433 3261 eligat
2463 3189 2873 3260 cogitationem
2908 3206 3081 3260 quam
3112 3190 3253 3242 vult.

1914 3280 2041 3334 CAP.
2118 3282 2209 3334 III.
2291 3310 2359 3320 —-
2432 3280 2589 3345 Quod
2662 3280 2806 3332 solus
2877 3280 3028 3332 homo
3094 3278 3291 3332 habeat
3374 3280 3615 3332 animam

2553 3351 2975 3404 substantivam.

1984 3439 2193 3506 (Idem)
2223 3439 2421 3493 Solum
2475 3440 2774 3492 hominem
2803 3438 3087 3491 credimus
3119 3438 3330 3491 habere
3360 3437 3614 3491 animam

1913 3528 2347 3592 substantivam,
2377 3544 2443 3581 ex
2485 3543 2597 3597 qua
2629 3543 2837 3595 corpus
2863 3526 3017 3592 vivit,
3041 3534 3096 3580 et
3117 3527 3395 3579 rationem
3428 3542 3612 3591 suam,

1913 3622 1969 3669 et
1996 3617 2224 3684 ingenia
2256 3616 2532 3669 vivaciter
2555 3619 2732 3668 tenet.
2773 3616 2966 3684 Neque
3017 3631 3147 3668 cum
3194 3630 3435 3684 corpore
3488 3630 3609 3667 mo-

1911 3704 2077 3771 ritur,
2111 3704 2257 3757 sicut
2286 3703 2463 3757 Arabs
2496 3702 2716 3766 asserit,
2771 3718 2958 3772 neque
3015 3706 3144 3771 post
3204 3702 3493 3755 modicum
3526 3701 3617 3754 in-

1911 3794 2233 3857 tervallum,
2268 3793 2413 3845 sicut
2438 3794 2631 3846 Zenon
2667 3807 2678 3843 :
2712 3791 2848 3862 quia
2874 3789 3326 3843 substantialiter
3346 3789 3503 3843 vivit.

1913 3882 2039 3934 CAP.
2085 3881 2168 3935 ιν.
2229 3909 2297 3921 -
2358 3882 2425 3935 Ut
2462 3879 2731 4018 pecudﬁum
2787 3881 2984 3932 animae
3036 3895 3157 3933 cum
3206 3880 3389 3932 carnis
3444 3885 3613 3933 morte

2662 3953 2906 4004 utantur.

2662 3953 2906 4004 utantur.

1982 4040 2192 4107 (Idem)
2224 4040 2517 4094 Pecudum
2551 4038 2761 4092 animai
2794 4055 2910 4092 non
2942 4044 3077 4092 sunt
3122 4038 3471 4092 substantive
3519 4038 3615 4092 sed

1912 4144 2041 4182 cum
2074 4129 2193 4198 ipsa
2225 4128 2413 4182 carnis
2440 4128 2735 4182 vivacitate
2780 4132 3113 4189 nascuntur.
3169 4133 3225 4181 et
3255 4143 3382 4181 cum
3429 4127 3616 4180 carnis

1913 4224 2095 4270 morte
2124 4217 2431 4271 ﬁniuntur.
2466 4217 2535 4270 Et
2567 4216 2693 4270 ideo
2724 4232 2830 4269 nec
2862 4217 3082 4269 ratione
3132 4223 3432 4285 reguntur,
3470 4217 3617 4268 sicut

1912 4306 2071 4359 Plato
2102 4313 2158 4359 et
2182 4306 2501 4361 Alexander
2529 4310 2738 4375 putant
2770 4322 2782 4357 :
2814 4306 2908 4359 sed
2935 4305 3002 4359 ad
3038 4305 3231 4358 omnia
3264 4310 3485 4358 naturae
3528 4305 3614 4357 in-

109 4426 228 4465 vero
244 4413 465 4482 judicio
494 4413 784 4483 coagulari
816 4414 874 4466 in
907 4414 1095 4479 vulva,
1137 4419 1192 4467 et
1250 4414 1414 4482 tingi,
1456 4420 1629 4483 atque
1686 4413 1799 4466 for-
1834 4386 1873 4439 (ἶ
1911 4395 2220 4447 “tamen”
2253 4394 2561 4483 ducum“-

109 4501 257 4557 mari.
293 4503 560 4556 Formato
602 4501 721 4571 jam
754 4517 1016 4571 corpore,
1070 4501 1321 4556 animam
1382 4502 1585 4568 creari,
1620 4508 1675 4555 et
1701 4502 1798 4554 in-

108 4586 275 4658 fundi,
305 4596 369 4644 ut
399 4591 552 4644 vivat
583 4589 641 4644 in
672 4594 838 4643 utero
870 4590 1044 4645 homo
1088 4607 1156 4645 ex
1185 4591 1379 4644 anima
1407 4596 1693 4657 constans,
1744 4595 1801 4644 et

108 4689 349 4747 corpore,
385 4679 839 4750 egrediaturque
878 4680 1039 4734 vivus
1074 4696 1139 4733 ex
1188 4686 1376 4745 utero,
1422 4679 1629 4750 plenus
1658 4680 1798 4733 sub-

109 4767 315 4821 stantia.
356 4768 719 4823 Creationem
775 4784 909 4822 vero
943 4770 1177 4835 animae,
1239 4771 1425 4824 solum
1477 4774 1796 4824 creatorem

109 4854 351 4909 omnium
395 4872 585 4910 nosse.

108 4956 222 5011 CAP.
258 4962 318 5014 ll.
359 4992 431 5001 —
462 4961 617 5027 Quod
649 4962 769 5016 duae
799 4964 995 5016 anima
1033 4979 1140 5016 non
1177 4966 1290 5018 sint
1320 4966 1376 5017 in
1415 4980 1521 5018 uno
1568 4964 1797 5031 homine,

394 5039 455 5087 ut
486 5032 732 5101 quidam,
767 5033 955 5087 dicunt
993 5034 1089 5087 sed
1118 5051 1229 5087 una
1262 5040 1493 5089 tantum.

174 5118 445 5189 (August)
480 5122 603 5174 Non
646 5120 789 5174 duas
843 5121 1064 5174 animas
1117 5138 1239 5176 esse
1290 5124 1533 5177 dicimus
1592 5122 1651 5176 in
1683 5139 1797 5177 uno

110 5202 350 5272 homine,
396 5208 543 5261 sicut
593 5209 828 5278 quidam
879 5210 1073 5274 Iacob,
1105 5214 1163 5263 et
1217 5210 1314 5263 alii
1358 5211 1632 5281 Syrorum
1683 5211 1797 5265 dis—

112 5296 384 5358 putatores
410 5296 693 5363 scribunt,
728 5302 790 5351 ut
811 5313 926 5351 una
950 5298 1141 5352 anima
1183 5299 1245 5351 sit
1276 5299 1345 5353 de
1377 5316 1526 5371 aqua
1584 5299 1799 5354 anime-

113 5382 197 5431 tur
222 5398 441 5454 corpus,
476 5389 535 5438 et
589 5384 853 5439 immixta
884 5386 957 5439 sit
976 5386 1269 5456 sanguini,
1310 5393 1367 5442 et
1404 5390 1587 5442 altera
1638 5389 1800 5459 spiri-

113 5467 250 5533 talis,
276 5488 403 5543 qua:
440 5474 723 5528 rationem
784 5474 1118 5529 ministret:
1168 5476 1264 5530 sed
1318 5476 1561 5531 dicimus
1621 5494 1797 5532 unam

116 5569 223 5609 esse
251 5562 627 5634 eamdemque
655 5563 909 5618 animam
961 5563 1020 5619 in
1052 5565 1302 5627 homine,
1340 5583 1466 5637 quae
1495 5572 1553 5621 et
1591 5584 1798 5639 corpus

118 5658 209 5697 sua
235 5649 501 5705 societate
558 5651 825 5717 viviﬁcet,
894 5658 949 5709 et
998 5652 1366 5724 semetipsum
1419 5671 1523 5709 sua
1577 5656 1797 5710 ratione

1915 4484 2042 4536 CAP.
2077 4484 2137 4536 V.
2175 4511 2236 4522 —
2273 4482 2430 4547 Quod
2458 4484 2645 4535 anima
2698 4481 2938 4533 humana
2989 4496 3095 4535 non
3140 4496 3261 4534 cum
3292 4495 3453 4533 carne
3501 4496 3614 4533 mo-

2660 4553 2861 4604 riatur.

1987 4644 2202 4715 (Idem)
2234 4642 2441 4697 Anima
2467 4641 2723 4695 humana
2753 4656 2867 4694 non
2908 4655 3039 4693 cum
3097 4656 3267 4693 carne
3328 4640 3609 4694 moritur:

1913 4733 2050 4804 quia
2082 4748 2194 4786 non
2231 4730 2435 4791 carnis,
2470 4734 2531 4782 ut
2560 4729 2825 4798 superius
2854 4728 3124 4794 diximus,
3157 4744 3355 4783 semen
3386 4733 3492 4796 est,
3514 4730 3613 4783 sed

1913 4823 2157 4876 formato
2185 4818 2498 4873 inventoris
2532 4817 2631 4872 Dei
2670 4816 2890 4887 judicio
2920 4833 3180 4886 corpore,
3215 4817 3460 4871 dicimus
3485 4834 3612 4872 eam

1911 4910 2115 4977 creari,
2145 4913 2201 4961 et
2229 4905 2477 4968 infundi,
2516 4912 2581 4959 ut
2611 4905 2763 4959 vivet
2806 4906 2979 4959 homo
3025 4906 3181 4960 intus
3240 4907 3297 4960 in
3322 4912 3509 4975 utero,
3555 4912 3613 4961 et

1913 5000 1992 5052 sic
2024 4997 2321 5051 nativitate
2356 4996 2628 5065 procedat
2688 4994 2745 5048 in
2779 4995 3016 5048 mundo.

1985 5105 2111 5159 CAP.
2147 5104 2235 5156 Vl.
2259 5131 2328 5143 —-
2362 5101 2516 5173 Quod
2546 5102 2698 5156 homo
2725 5106 2925 5155 constet
2952 5101 3170 5156 duabus
3196 5102 3537 5156 substantiis.

1985 5210 2200 5278 (Idem)
2225 5208 2454 5262 Duabus
2508 5208 2845 5262 substantiis
2888 5212 3110 5262 constat
3164 5209 3361 5273 homo,
3418 5207 3613 5260 anima

1912 5304 2133 5353 tantum
2166 5303 2221 5352 et
2251 5314 2439 5351 carne.
2477 5297 2684 5351 Anima
2732 5313 2862 5350 cum
2897 5296 3118 5350 ratione
3173 5312 3294 5359 sua,
3327 5301 3382 5349 et
3440 5312 3611 5350 carne

1911 5404 2039 5441 cum
2076 5387 2333 5441 sensibus
2364 5387 2502 5452 suis,
2538 5386 2590 5440 id
2625 5390 2728 5453 est,
2763 5386 2907 5446 visu,
2958 5384 3178 5450 auditu,
3234 5390 3423 5455 gustu,
3469 5385 3611 5439 odo-

1912 5481 2038 5530 ratu
2100 5482 2154 5529 et
2213 5468 2387 5529 tactu.
2452 5476 2604 5539 Quos
2664 5479 2854 5527 tamen
2883 5488 3081 5524 sensus
3136 5471 3353 5543 absque
3403 5474 3612 5528 animm

1911 5566 2180 5620 societate
2210 5582 2323 5618 non
2355 5570 2549 5619 movet
2577 5579 2707 5617 caro
2740 5579 2752 5615 :
2786 5561 2979 5615 anima
3018 5578 3151 5614 vero
3183 5566 3237 5615 et
3281 5562 3405 5616 sine
3439 5580 3611 5619 carne

1910 5655 2189 5709 rationem
2216 5670 2379 5707 suam
2405 5654 2690 5723 integram
2713 5654 2889 5705 tenet.
