3944 6384
318 321 454 374 1019

1391 321 1802 379 BURCHABDI
1840 322 2373 378 WORMACIENSIS
2408 320 2753 378 EPISCOPI.

3690 322 3707 372 l
3723 320 3830 371 020

321 446 449 501 CAP.
484 447 599 502 VII.
628 477 697 486 —
733 446 888 511 Quod
923 448 1155 518 spiritus
1178 462 1287 502 non
1317 451 1506 501 tertius
1526 452 1600 502 sit
1620 450 1676 501 in
1705 448 2016 503 substantia
2047 451 2094 503 A
2132 452 2188 501 et
2218 447 2402 517 ipsam
2442 445 2848 500 mortalitatem
2896 444 3102 511 carnis,
3158 442 3341 515 gloria
3394 442 3834 499 resurrectionis

582 568 619 597 ο
716 518 970 583 hominis,
1001 524 1063 572 ut
1093 519 1320 588 quidam
1349 522 1635 587 afﬁrmant

393 622 607 693 (Idem.)
641 624 764 678 Non
797 628 883 677 est
920 624 1124 679 tertius
1154 624 1214 677 in
1255 624 1577 679 substantia
1618 624 1867 678 hominis
1908 623 2022 695 spi-

323 709 467 765 ritus
520 717 586 766 ut
640 712 917 783 Dydimus
980 713 1297 781 contendit,
1349 714 1446 767 sed
1488 713 1723 784 spiritus
1775 714 1895 784 ipse
1943 718 2026 766 est

324 800 537 855 anima.
571 802 778 855 Anima
810 819 944 855 vero
985 818 1087 873 pro
1127 802 1374 872 spiritali
1406 810 1633 867 natura,
1668 804 1752 856 vel
1803 820 1907 874 pro
1956 820 2024 857 eo

325 890 476 960 quod
511 889 687 961 spiret
727 890 789 944 in
831 906 1089 962 corpore,
1135 892 1371 961 spiritus
1415 898 1500 945 est
1541 893 1847 962 appellata.
1881 893 2023 947 Ani—
2061 895 2078 910 '

325 993 479 1031 mam
511 994 643 1031 vero
674 994 739 1033 ex
783 996 849 1033 eo
898 980 1089 1033 vocari
1132 980 1288 1051 quod
1338 981 1409 1034 ad
1455 980 1860 1035 viviﬁcandum
1907 981 2026 1034 ani-

324 1072 518 1120 matur
543 1073 600 1121 et
628 1084 858 1138 corpus.
894 1068 1146 1122 Tertium
1187 1085 1340 1136 vero,
1375 1070 1474 1139 qui
1503 1070 1572 1123 ab
1596 1071 1867 1141 Apostolo
1894 1087 2023 1124 cum

326 1170 565 1225 corpore
600 1162 654 1209 et
679 1156 872 1210 anima
902 1156 1194 1209 inducitur
1236 1158 1492 1228 spiritus,
1547 1159 1790 1228 gratiam
1845 1159 2026 1214 sancti

324 1242 569 1313 Spiritus
599 1244 1061 1315 intelligendum,
1112 1261 1287 1315 quam
1330 1251 1458 1299 orat
1485 1248 1791 1317 Apostolus
1833 1253 1897 1300 ut
1933 1246 2021 1301 in-

325 1334 484 1398 tegra
537 1336 863 1399 perseveret
922 1332 983 1384 in
1041 1332 1229 1399 nobis,
1290 1350 1395 1387 nec
1456 1340 1650 1387 nostro
1710 1334 1867 1401 vitio,
1927 1341 2026 1390 aut

322 1417 637 1484 minuatur,
693 1424 790 1472 aut
837 1418 1072 1490 fugetur
1111 1438 1142 1474 a
1181 1422 1349 1475 nobis
1382 1439 1394 1477 :
1430 1423 1564 1494 quia
1597 1423 1839 1495 Spiritus
1886 1440 2024 1478 san-

322 1508 445 1558 ctus
474 1505 793 1575 disciplinae
824 1508 1059 1578 eﬁ‘ugiet
1087 1508 1306 1565 ﬁctum.

323 1592 449 1646 CAP.
480 1594 619 1647 VIII.
655 1625 722 1635 —
770 1596 922 1661 Quod
954 1600 1090 1652 Deus
1138 1603 1281 1652 sicut
1330 1616 1395 1653 ea:
1437 1603 1612 1655 nihilo
1662 1602 1799 1655 bona
1843 1604 2025 1667 facere

387 1667 588 1741 potuit,
620 1668 700 1741 ita
725 1682 845 1720 cum
873 1671 1042 1741 voluit
1077 1685 1178 1738 per
1223 1674 1620 1727 incarnationis
1666 1688 1776 1727 suae
1823 1679 2020 1741 myste-

391 1738 559 1801 rium,
590 1740 754 1791 etiam
792 1739 1014 1807 perdita
1052 1741 1189 1795 bona
1220 1748 1522 1810 reparavit.

396 1824 576 1892 (Greg.
609 1827 669 1879 in
707 1828 821 1879 suis
867 1829 1209 1899 Moralibus.)
1259 1830 1637 1901 Omnipotens
1686 1832 1835 1885 Deus
1880 1831 2025 1886 sicut

323 1925 392 1965 ex
433 1912 614 1966 nihilo
657 1913 809 1967 bona
855 1915 1040 1969 facere
1083 1918 1290 1987 potuit,
1340 1918 1439 1984 ita,
1491 1936 1619 1972 cum
1672 1920 1872 1986 voluit,
1921 1936 2025 1989 per

321 1997 735 2055 incarnationis
788 2019 905 2057 suae
968 2005 1304 2075 mysterium
1368 2006 1540 2059 etiam
1600 2007 1823 2078 perdita
1874 2006 2025 2060 bona

321 2089 633 2158 reparavit.
669 2091 820 2145 Duas
851 2108 984 2146 vero
1016 2093 1085 2147 ad
1132 2094 1572 2165 intelligendum
1626 2113 1685 2149 se
1735 2101 2025 2149 creaturas

322 2176 555 2243 fecerat,
589 2180 906 2247 angelicam
938 2181 1220 2245 videlicet,
1254 2189 1311 2236 et
1340 2185 1674 2237 humanam.
1710 2186 2024 2254 Utramque

323 2281 458 2319 vero
488 2267 757 2335 superbia
786 2270 1053 2339 perculit,
1099 2275 1270 2341 atque
1312 2272 1384 2326 ab
1431 2279 1580 2326 statu
1625 2274 1899 2343 ingenitae
1934 2290 2021 2327 re-

325 2353 619 2408 ctitudinis
647 2356 817 2428 fregit
848 2374 860 2411 :
898 2359 997 2412 sed
1028 2375 1145 2413 una
1174 2365 1403 2429 tegmen
1436 2361 1620 2415 carnis
1660 2362 1879 2428 habuit,
1915 2363 2026 2416 alia

324 2458 459 2495 vero
490 2443 566 2497 nil
598 2445 896 2499 infirmum
930 2447 999 2501 de
1043 2463 1212 2502 carne
1262 2452 1519 2519 gestavit.
1562 2452 1812 2520 Angelus
1860 2467 2018 2505 nam-

326 2547 438 2601 que
464 2533 829 2588 solummodo
878 2535 1113 2607 spiritus
1142 2553 1155 2591 :
1188 2536 1363 2591 homo
1393 2554 1550 2606 vero,
1590 2546 1644 2592 et
1684 2539 1941 2610 spiritus,
1969 2544 2025 2593 et

326 2635 477 2674 caro.
514 2621 776 2676 Misertus
806 2639 943 2694 ergo
983 2630 1207 2679 creator
1258 2632 1320 2679 ut
1368 2626 1695 2695 redimeret,
1752 2627 1909 2681 illam
1954 2628 2022 2682 ad

326 2724 385 2762 se
435 2709 634 2763 debuit
682 2712 970 2779 reducere,
1032 2731 1203 2785 quam
1258 2714 1316 2769 in
1361 2717 1790 2786 perpetratione
1840 2717 2023 2787 culpa:

324 2814 391 2851 ex
422 2797 756 2853 inﬁrmitate
790 2802 1006 2872 aliquid
1040 2810 1263 2857 constat
1295 2804 1563 2859 habuisse
1597 2822 1609 2859 :
1644 2810 1700 2859 et
1746 2822 1813 2859 eo
1855 2805 2025 2859 altius

324 2886 525 2941 debuit
580 2894 895 2957 apostatam
952 2892 1224 2961 angelum
1276 2894 1578 2963 repellere,
1635 2911 1750 2961 quo
1807 2911 1937 2947 cum
1992 2910 2025 2946 a

323 2976 665 3046 persistendi

323 3080 492 3118 carne
526 3066 784 3133 gestavit.
832 3067 991 3122 Unde
1022 3073 1079 3121 et
1120 3075 1272 3121 recte
1306 3069 1606 3123 Psalmista
1641 3086 1769 3123 cum
1816 3069 2025 3123 miser-

321 3157 443 3207 tum
475 3155 902 3224 redemptorem
948 3155 1279 3211 hominibus
1310 3157 1542 3219 diceret,
1576 3158 1757 3227 ipsam
1793 3173 2025 3228 quoque

322 3259 551 3296 causam
597 3244 1008 3298 misericordias
1057 3246 1355 3315 expressit,
1405 3246 1598 3300 dicens
1639 3262 1651 3300 :
1688 3247 1756 3300 Et
1805 3262 2023 3300 memo-

321 3335 480 3384 ratus
522 3337 610 3384 est
651 3331 788 3401 quia
836 3347 967 3385 caro
998 3339 1151 3386 sunt.
1187 3337 1267 3387 Ac
1296 3334 1343 3386 si
1374 3333 1588 3388 diceret
1620 3350 1632 3388 :
1665 3335 1787 3399 Quo
1821 3350 2025 3389 eorum

321 3418 552 3473 inﬁrma
580 3419 742 3485 vidit,
780 3436 846 3473 eo
877 3421 1132 3475 districte
1159 3423 1357 3491 culpas
1387 3422 1594 3491 punire
1626 3423 1830 3476 noluit.

321 3507 449 3565 CAP.
494 3509 577 3562 IX.
630 3538 694 3547 --
740 3508 892 3575 Quod
944 3510 1088 3565 Deus
1137 3516 1243 3564 tres
1291 3513 1485 3565 vitales
1525 3514 1755 3579 spiritus
1800 3518 2020 3576 crearet,

392 3593 559 3633 unum
589 3582 688 3648 qui
716 3596 883 3634 carne
912 3597 1018 3635 non
1059 3586 1346 3649 tegeretur,
1379 3583 1543 3636 alium
1599 3586 1697 3651 qui
1741 3599 1903 3637 carne
1948 3588 2023 3638 te-

392 3655 629 3717 geretur,
682 3651 780 3705 sed
838 3667 944 3706 non
990 3667 1110 3706 cum
1166 3668 1329 3707 carne
1380 3659 1691 3708 moreretur.
1758 3657 2021 3718 Tertium,

393 3724 492 3790 qui
521 3737 684 3775 carne
713 3728 1006 3790 tegeretur,
1041 3736 1089 3777 et
1121 3740 1239 3776 cum
1268 3740 1429 3777 carne
1457 3731 1772 3779 moreretur.

396 3809 517 3876 (Ea:
542 3810 764 3879 dialogo
796 3810 984 3881 Greg.)
1034 3812 1256 3866 Habent
1298 3812 1472 3866 etiam
1522 3813 1784 3868 inﬁdeles
1827 3813 2022 3880 ﬁdem,

324 3896 424 3951 sed
455 3898 671 3953 utinam
703 3898 763 3952 in
799 3901 996 3954 Deum.
1029 3898 1213 3963 Quam
1245 3900 1292 3954 si
1327 3900 1526 3971 utique
1559 3902 1859 3968 haberent,
1895 3902 2024 3956 inﬁ-

323 3985 480 4039 deles
520 4002 635 4040 non
684 3992 894 4041 essent.
943 3988 1052 4043 Sed
1103 3988 1238 4042 hinc
1284 3988 1342 4042 in
1393 4005 1496 4042 sua
1540 3990 1781 4059 perﬁdia
1830 3991 2022 4045 redar-

326 4074 541 4145 guendi
566 4080 721 4139 sunt,
756 4074 891 4129 hinc
921 4076 989 4129 ad
1012 4076 1147 4130 ﬁdei
1177 4078 1424 4146 gratiam
1468 4079 1816 4148 provocandi
1847 4096 1860 4133 :
1890 4079 2027 4150 quia

323 4162 372 4217 si
403 4162 472 4217 de
498 4162 622 4233 ipso
649 4180 751 4217 suo
781 4164 993 4219 visibili
1023 4181 1263 4237 corpore
1302 4166 1542 4221 credunt
1588 4168 1740 4239 quod
1787 4167 2026 4223 minime

2135 538 2451 604 absorbeat,
2503 542 2560 590 et
2608 536 2945 591 inhaerendo
2992 534 3240 604 spiritui,
3289 550 3419 587 caro
3468 539 3727 586 servetur
3775 532 3835 585 in

2132 633 2475 698 perpetuum
2513 643 2525 680 :
2560 625 2695 696 quia
2726 625 2847 695 ipse
2877 624 3110 694 spiritus
3142 623 3479 677 inhaarendo
3519 623 3677 675 carni
3712 637 3835 674 ser-

2133 721 2299 768 vatur
2337 715 2396 769 in
2436 716 2641 769 Deum.
2695 714 2831 778 Quae
2886 718 3078 767 tamen
3125 729 3256 766 caro
3306 728 3422 765 non
3467 711 3526 765 in
3574 710 3837 781 reprobis

2132 804 2282 857 inter
2328 802 2609 872 supplicia
2655 802 2903 871 perfecte
2949 799 3183 853 deﬁcit:
3232 800 3367 870 quia
3415 814 3641 869 semper
3682 798 3833 851 deﬁ-

2133 892 2336 946 ciendo
2387 890 2664 957 subsistit,
2717 895 2779 942 ut
2828 888 2926 959 qui
2984 888 3203 958 spiritu‘
3242 892 3297 941 et
3348 903 3515 941 carne
3568 902 3838 957 peccave-

2131 984 2287 1046 runt,
2358 995 2588 1048 semper
2646 976 3026 1030 essentialiter
3093 976 3365 1043 viventes,
3436 981 3493 1029 et
3548 991 3720 1029 carne
3783 978 3839 1028 et

2133 1068 2360 1139 spiritu,
2393 1067 2514 1120 sine
2542 1068 2653 1120 ﬁne
2686 1066 3025 1120 moriantur.

2259 1174 2388 1229 CAP.
2420 1175 2480 1229 X.
2514 1206 2583 1214 —
2615 1175 2771 1239 Quod
2806 1176 2957 1227 homo
2985 1176 3044 1226 in
3073 1175 3256 1239 prima
3285 1171 3587 1225 conditione
3615 1185 3719 1224 sua

2575 1247 2741 1301 libero
2769 1246 2998 1298 arbitrio
3029 1244 3260 1297 donatus
3292 1246 3382 1296 sit.

2206 1334 2469 1402 (August.
2501 1334 2636 1387 dicit
2668 1337 2726 1387 in
2751 1334 2893 1389 libro
2940 1333 3003 1386 de
3048 1334 3289 1386 Civitate
3330 1333 3425 1384 Dei
3473 1329 3511 1400 ε)
3561 1325 3841 1382 Libertati

2132 1422 2357 1476 arbitrii
2385 1423 2472 1476 sui
2504 1423 2845 1476 commissus
2895 1426 2980 1475 est
3023 1422 3198 1475 homo
3239 1419 3426 1473 statim
3480 1418 3669 1488 prima
3700 1432 3842 1469 con-

2134 1511 2373 1577 ditione,
2424 1516 2489 1565 ut
2526 1512 2647 1565 sola
2695 1510 2993 1581 vigilantia
3044 1508 3251 1563 mentis
3293 1508 3609 1571 adnitente,
3659 1504 3841 1559 etiam

2132 1605 2399 1671 percepta
2443 1601 2722 1665 custodia,
2756 1605 3168 1670 perseveraret,
3199 1599 3245 1651 si
3278 1599 3465 1663 vellet,
3500 1596 3561 1649 in
3592 1595 3647 1649 id
3680 1595 3841 1666 quod

2131 1696 2356 1743 creatus
2385 1691 2589 1745 fuerat.
2642 1692 2952 1760 Postquam
2998 1705 3131 1742 vero
3176 1687 3505 1741 seductione
3554 1682 3842 1755 serpentis

2137 1794 2237 1848 per
2286 1780 2456 1833 Evam
2508 1778 2711 1832 cecidit
2756 1795 2789 1831 a
2841 1786 3056 1831 natura;
3102 1777 3275 1841 bono,
3322 1773 3574 1845 perdidit
3619 1772 3843 1843 pariter

2133 1866 2393 1937 vigorem
2449 1867 2696 1931 arbitrii,
2740 1883 2857 1920 non
2910 1872 3103 1919 tamen
3154 1864 3492 1918 electionem
3545 1878 3559 1915 :
3603 1878 3676 1916 ne
3720 1876 3841 1913 non

2133 1962 2280 2010 esset
2309 1972 2477 2010 suum
2525 1957 2674 2026 quod
2725 1955 3056 2008 emendaret
3102 1957 3420 2023 peccatum,
3472 1966 3579 2004 nec
3630 1949 3840 2003 merito

2133 2045 2534 2115 indulgeretur
2562 2044 2713 2115 quod
2748 2043 2987 2097 arbitrio
3035 2042 3313 2095 diluisset.
3368 2042 3556 2094 Manet
3588 2054 3731 2108 ergo
3769 2038 3837 2091 ad

2133 2135 2376 2189 salutem
2406 2133 2628 2188 arbitrii
2659 2133 2913 2197 libertas,
2960 2130 3016 2185 id
3060 2135 3159 2187 est.
3197 2128 3496 2182 rationalis
3544 2127 3836 2193 voluntas,

2133 2223 2231 2276 sed
2278 2222 2626 2275 admonente
2676 2220 2835 2291 prius
2867 2221 3004 2284 Deo,
3040 2224 3091 2271 et
3126 2217 3401 2271 invitante
3452 2216 3519 2269 ad
3564 2216 3835 2280 salutem,

2133 2316 2197 2366 ut
2226 2312 2313 2365 vel
2352 2311 2545 2380 eligat,
2581 2311 2667 2363 vel
2700 2313 2992 2378 sequatur,
3044 2306 3129 2360 vel
3178 2311 3313 2375 agat
3360 2302 3721 2358 occasionem
3757 2320 3839 2357 sa-

2133 2400 2284 2462 lutis,
2318 2400 2428 2453 hoc
2457 2408 2562 2463 est,
2614 2397 3054 2468 inspirationem
3102 2395 3221 2448 Dei.
3277 2395 3345 2448 Ut
3389 2398 3579 2446 autem
3628 2408 3839 2445 conse-

2134 2494 2345 2559 quatur
2374 2487 2529 2558 quod
2562 2486 2741 2555 eligit,
2773 2486 2857 2538 vel
2892 2483 3043 2554 quod
3078 2484 3359 2553 sequitur,
3404 2482 3491 2533 vel
3538 2480 3696 2550 quod
3745 2496 3840 2532 oc-

2133 2576 2357 2630 casione
2417 2576 2556 2645 agit,
2616 2575 2713 2628 Dei
2767 2590 2889 2627 esse
2944 2572 3121 2626 libere
3176 2571 3538 2625 conﬁtemur.
3600 2568 3842 2623 Initium

2134 2682 2271 2734 ergo
2331 2665 2530 2717 salutis
2588 2670 2799 2717 nostrae
2859 2664 2972 2717 Deo
3021 2662 3330 2715 miserante
3375 2659 3654 2713 habemus
3714 2674 3728 2712 :
3780 2662 3844 2710 ut

2132 2755 2563 2826 acquiescanius
2608 2752 2916 2805 salutiferae
2975 2749 3361 2820 inspirationi,
3408 2755 3617 2801 nostrae
3670 2751 3842 2817 pote-

2133 2844 2293 2898 statis
2338 2848 2425 2896 est
2476 2857 2487 2897 :
2527 2847 2588 2894 ut
2638 2841 3028 2910 adipiscamur
3074 2838 3228 2909 quod
3277 2836 3692 2907 acquiescendo
3733 2834 3839 2888 ad-

2133 2930 2440 2986 monitioni
2472 2930 2753 2999 cupimus,
2788 2927 2968 2982 divini
3016 2934 3102 2980 est
3152 2926 3425 2980 muneris.
3482 2925 3552 2979 Ut
3598 2940 3719 2978 non
3764 2923 3842 2976 la-

723 2978 1073 3085 ξῗηίτῳέωθ.
1139 2988 1384 3085 corrui“
1415 3070 1427 3085 ,
1451 2983 1561 3085 "1.1,
1598 2984 1899 3079 nmmum?
1956 2998 2021 3035 ex
2064 3006 2104 3061 ο
2136 3020 2341 3074 bamur
2369 2978 2669 3085 indeuipto
2700 3016 2899 3069 salutis
2943 3030 3182 3068 munere
3214 3011 3591 3067 solicitudinis
3620 3015 3841 3063 nostrae

2135 3112 2239 3173 est,
2269 3110 2323 3159 et
2350 3104 2595 3159 caelestis
2626 3104 2844 3174 pariter
2883 3102 3177 3173 adjutorii.
3234 3103 3301 3156 Ut
3344 3100 3625 3168 labamur,
3677 3103 3842 3168 pote-

2135 3194 2297 3249 statis
2325 3198 2536 3247 nostrm
2570 3197 2673 3257 est,
2706 3196 2762 3245 et
2792 3191 3055 3262 ignaviae.

2135 3302 2264 3358 CAP.
2312 3300 2397 3355 XI.
2442 3329 2511 3340 —
2553 3299 2710 3364 Quod
2747 3314 2929 3352 omnes
2982 3300 3237 3363 homines,
3278 3300 3338 3351 in
3380 3297 3841 3364 praevaricatione

2326 3370 2464 3426 Adae
2480 3371 2786 3424 naturalem
2815 3371 3229 3439 possibilitatem
3253 3369 3639 3438 perdidissent.

2207 3462 2328 3529 (Ea:
2371 3460 2517 3513 decr.
2563 3459 2840 3513 Celesttni
2885 3474 3058 3527 papa,
3104 3461 3281 3526 capite
3326 3456 3400 3527 5.)
3448 3457 3510 3509 In
3556 3454 3837 3524 praevari-

2133 3550 2356 3604 catione
2396 3549 2551 3613 Adae,
2584 3564 2785 3601 omnes
2816 3547 3080 3601 homines
3114 3545 3436 3600 naturalem
3479 3542 3836 3613 possibilita-

2134 3645 2249 3694 tem
2306 3642 2362 3692 et
2418 3637 2807 3692 innocentiam
2874 3636 3212 3706 perdidisse,
3280 3639 3338 3689 et
3400 3632 3695 3688 neminem
3770 3633 3838 3687 de

2132 3727 2422 3799 profundo
2452 3727 2608 3781 illius
2640 3726 2823 3780 ruina:
2867 3742 2969 3796 per
3015 3725 3261 3779 liberum
3313 3723 3614 3777 arbitrium
3664 3737 3839 3791 posse

2134 3832 2499 3888 consurgere,
2531 3815 2638 3869 nisi
2670 3831 2798 3868 eum
2833 3814 3016 3884 gratia
3054 3813 3151 3868 Dei
3192 3811 3518 3866 miserantis
3563 3810 3837 3871 erexerit,

2134 3905 2542 3977 pronuntiante
2588 3904 2768 3959 beatae
2815 3902 3113 3956 memoriae
3158 3918 3303 3972 papa
3347 3898 3700 3963 Innocentio,
3755 3903 3839 3952 at-

2135 4010 2246 4065 que
2278 3993 2501 4048 dicente
2540 3992 2599 4047 in
2646 3992 2888 4061 epistola
2932 4007 3030 4043 sua
3060 3990 3128 4043 ad
3163 3989 3611 4059 Carthaginense
3641 3986 3836 4040 conci-

2134 4082 2297 4136 lium.
2348 4082 2610 4136 Liberum
2656 4080 2812 4133 enim
2844 4079 3147 4133 arbitrium
3182 4079 3279 4131 ille
3318 4093 3644 4148 perpessus,
3692 4075 3839 4129 dum

2134 4170 2251 4225 suis
2284 4170 2665 4224 inconsultius
2713 4169 2891 4222 utitur
2930 4168 3119 4233 bonis,
3153 4167 3364 4220 cadens
3392 4165 3451 4218 in
3492 4164 3835 4236 praevarica-

325 4251 610 4318 viderunt,
643 4268 745 4306 cur
776 4252 1094 4308 invisibilia
1121 4271 1237 4309 non
1264 4256 1522 4323 credunt,
1555 4273 1683 4327 quin
1714 4259 2022 4327 corporali-
2054 4284 2097 4339 ι)
2138 4259 2313 4313 tinnis
2359 4258 2646 4328 profunda
2698 4258 2994 4311 demersus
3042 4262 3144 4318 est,
3191 4259 3247 4308 et
3283 4254 3426 4308 nihil
3456 4252 3836 4323 quemadmo-

322 4344 411 4394 ter
438 4341 617 4395 videri
642 4358 759 4396 non
793 4342 1079 4413 possunt?
1110 4345 1251 4399 Nam
1294 4345 1429 4416 quia
1469 4350 1597 4416 post
1627 4352 1867 4400 mortem
1901 4364 2021 4400 car-

324 4428 414 4482 nis
447 4429 595 4485 vivat
622 4431 839 4500 anima,
878 4436 1038 4503 patet
1077 4434 1242 4497 ratio,
1280 4434 1373 4488 sed
1420 4434 1554 4488 ﬁdei
1586 4435 1852 4489 admixta.
1890 4436 2023 4490 Tres

323 4518 540 4589 quippe
593 4520 794 4573 vitales
852 4521 1089 4591 spiritus
1146 4523 1360 4577 creavit
1429 4524 1796 4593 omnipotens
1854 4526 2020 4578 Deus.

326 4606 513 4660 Unum
546 4606 644 4678 qui
672 4624 843 4662 carne
874 4625 991 4663 non
1020 4608 1253 4680 tegitur,
1276 4610 1450 4663 alium
1474 4611 1573 4681 qui
1595 4628 1764 4665 carne
1790 4612 2021 4682 tegitur,

324 4695 424 4749 sed
479 4712 597 4749 non
647 4712 777 4751 cum
837 4714 1009 4752 carne
1059 4699 1326 4753 moritur.
1402 4701 1658 4754 Tertium
1708 4705 1804 4771 qui
1855 4717 2025 4755 carne

323 4782 561 4854 tegitur,
592 4787 649 4838 et
674 4800 805 4839 cum
835 4801 1006 4839 carne
1053 4787 1316 4841 moritur.
1368 4788 1614 4857 Spiritus
1660 4805 1909 4859 namque
1944 4795 2028 4843 est

325 4871 426 4942 qui
478 4886 650 4925 carne
707 4888 821 4926 non
876 4873 1109 4942 tegitur,
1172 4877 1513 4945 angelorum
1565 4891 1580 4929 :
1638 4877 1873 4947 spiritus
1925 4876 2025 4948 qui

325 4974 496 5012 carne
543 4960 780 5027 tegitur,
821 4960 916 5014 sed
962 4977 1093 5015 cum
1140 4978 1312 5017 carne
1360 4980 1477 5018 non
1524 4966 1787 5031 moritur,
1841 4966 2025 5020 homi—

326 5064 467 5103 num
501 5063 514 5101 :
549 5048 785 5118 spiritus
816 5048 917 5119 qui
946 5065 1116 5103 carne
1157 5051 1392 5119 tegitur,
1434 5058 1491 5105 et
1520 5069 1651 5107 cum
1691 5070 1858 5107 carne
1896 5070 2025 5108 mo-

325 5137 496 5205 ritur,
541 5137 940 5207 jumentorum
990 5138 1290 5194 brutorum
1340 5141 1599 5195 omnium
1663 5143 2023 5197 animalium.

328 5228 511 5281 Homo
544 5227 737 5298 itaque
769 5227 817 5281 si
844 5228 903 5281 in
933 5227 1126 5282 medio
1175 5234 1396 5283 creatus
1447 5236 1551 5296 est,
1599 5236 1662 5285 ut
1709 5237 1855 5286 esset
1885 5233 2026 5286 infe-

327 5316 444 5370 rior
473 5318 698 5387 angelo,
723 5317 1292 5388 superiorjumento.
1343 5319 1542 5388 Itaque
1593 5319 1811 5390 aliquid
1859 5320 2029 5374 habet

328 5420 635 5458 commune
665 5421 796 5460 cum
844 5421 1093 5471 summo,
1139 5406 1359 5477 aliquid
1406 5423 1713 5461 commune
1749 5424 1877 5461 cuni
1923 5409 2031 5462 im-

329 5492 488 5546 ﬁmo.
540 5493 1038 5548 Immortalitatem
1082 5494 1297 5548 scilicet
1347 5495 1580 5565 spiritus
1619 5512 1749 5550 cum
1799 5498 2025 5567 angelo,

333 5581 745 5635 mortalitatem
796 5598 931 5637 vero
982 5583 1168 5637 carnis
1216 5599 1345 5637 cum
1384 5584 1649 5655 jumento
1683 5601 1696 5639 :
1728 5600 2036 5657 quousque

2140 4349 2275 4403 dum
2305 4348 2510 4402 exinde
2542 4363 2775 4417 surgere
2807 4350 3002 4417 posset
3045 4344 3281 4409 invenit,
3330 4358 3545 4412 suaque
3582 4341 3643 4394 in
3674 4346 3838 4395 aeter-

2138 4454 2279 4491 num
2332 4436 2593 4491 libertate
2641 4436 2934 4504 deceptus,
2983 4433 3154 4503 hujus
3198 4431 3380 4485 ruinae
3428 4429 3688 4483 latuisset
3735 4446 3837 4499 op-

2136 4541 2356 4597 pressu,
2391 4524 2500 4579 nisi
2540 4540 2670 4578 eum
2725 4528 2849 4594 post
2899 4521 3132 4587 Christi,
3184 4537 3287 4590 per
3337 4535 3441 4573 sua
3487 4518 3689 4588 gratia,
3750 4534 3835 4572 re-

2137 4618 2382 4670 levasset
2449 4616 2749 4679 adventus,
2819 4611 2919 4683 qui
2993 4627 3095 4681 per
3157 4626 3323 4664 novas
3388 4606 3838 4676 regenerationis

2137 4702 2619 4774 puriﬁcationem,
2675 4717 2847 4754 omne
2903 4698 3183 4770 prasteriti
3226 4697 3452 4764 vitium,
3504 4696 3593 4750 sui
3639 4696 3835 4766 bapti-

2137 4792 2334 4847 smatis
2360 4791 2583 4845 lavacro
2615 4789 2903 4859 purgavit.

2591 4879 2718 4932 CAP.
2750 4878 2863 4933 XII.
2891 4904 2963 4917 —-
2988 4879 3062 4931 De
3088 4875 3273 4929 eadem
3301 4890 3379 4937 re,

2210 4968 2321 5039 (E4:
2365 4968 2508 5023 decr.
2571 4967 2852 5036 ejusdem.)
2912 4964 3075 5029 Quod
3125 4980 3317 5027 nemo,
3367 4962 3477 5017 nisi
3525 4978 3628 5033 per
3673 4962 3834 5017 Chri-

2138 5062 2309 5122 stum,
2342 5055 2522 5109 libero
2551 5054 2697 5107 bene
2744 5058 2937 5107 utatur
2981 5052 3221 5107 arbitrio
3269 5051 3419 5105 idem
3477 5051 3751 5121 magister
3780 5051 3835 5104 in

2139 5145 2379 5217 epistola
2420 5144 2489 5197 ad
2541 5142 2931 5197 Milevitanum
2980 5140 3286 5194 concilium
3338 5140 3490 5206 data,
3542 5139 3833 5210 praedicat,

2140 5233 2334 5288 dicens
2362 5248 2376 5286 :
2406 5230 2652 5286 Adverte
2690 5229 2943 5293 tandem,
2979 5246 3011 5282 o
3040 5227 3509 5299 pravissimarum
3554 5228 3833 5281 mentium

2141 5335 2406 5393 perversa
2456 5317 2733 5381 doctrina,
2784 5317 2937 5389 quod
2994 5316 3247 5387 primum
3303 5316 3598 5369 hominem
3643 5316 3723 5369 ita
3770 5316 3831 5369 li-

2137 5410 2329 5466 bertas
2358 5407 2482 5477 ipsa
2520 5406 2764 5476 decepit,
2798 5412 2861 5459 ut
2886 5406 3024 5459 dum
3066 5404 3464 5474 indulgentius
3501 5403 3682 5458 frenis
3714 5405 3832 5473 ejus

2140 5498 2342 5563 utitur,
2390 5496 2450 5550 in
2494 5494 3024 5565 praevaricationem
3072 5492 3539 5563 praesumptionis
3581 5492 3832 5546 concide-

2140 5590 2247 5649 ret,
2308 5602 2414 5641 nec
2469 5601 2537 5639 ex
2589 5584 2693 5639 hac
2747 5582 2936 5654 potuit
2982 5582 3129 5648 erui,
3190 5580 3299 5636 nisi
3357 5581 3409 5636 ei
3474 5581 3831 5652 providentia
