3944 6380
146 329 271 380 1021

145 539 383 594 Domini
411 538 781 592 reformasset
811 537 1135 591 adventum.

144 629 274 682 CAP.
309 627 446 682 XIII.
480 656 554 668 —-
585 627 737 692 Quod
767 627 920 680 homo
951 629 1023 680 sit
1053 629 1130 680 sic
1176 629 1384 695 positus
1416 629 1472 679 in
1499 628 1783 695 paradiso,
1806 631 1861 682 si

215 699 468 775 obedieus
518 703 883 775 permaneret,
956 698 1280 775 quandoque
1329 699 1402 751 ad
1451 701 1708 752 cor—testem
1751 715 1855 775 pa-

218 773 386 824 triam
414 771 532 823 sine
558 771 740 822 carnis
763 775 930 823 morte
963 772 1264 822 transiret..

1085 324 1564 382 DECRETORUM
1608 325 1796 380 LIBRI
1834 325 1941 381 XX.
1987 355 2052 365 —
2095 325 2298 410 LIBER
2339 323 2729 381 VICESIMUS.

141 448 636 522 regenerationis,
699 447 894 502 statim
976 448 1238 518 pristinae
1288 448 1565 503 libertatis
1633 449 1842 504 Christi
1871 452 1916 503 A
1957 465 2085 519 quae
2132 449 2225 504 hic
2276 449 2420 503 scire
2476 465 2577 520 per
2627 448 3090 518 experimentum

220 861 399 927 (Greg.
419 861 476 911 in
499 858 823 912 suisMorat.
855 857 990 911 dicit
1021 857 1157 925 :)Ad
1183 859 1370 910 hocin
1399 857 1665 928 paradiso
1681 857 1856 911 homo
1892 899 1896 902 .

143 947 372 1018 positus
401 946 610 1010 fuerat,
656 950 715 1000 ut
765 945 810 998 si
859 963 917 1000 se
965 946 1035 999 ad
1086 947 1398 999 conditoris
1453 946 1540 999 sui
1591 947 1859 1000 obedien-

146 1037 290 1090 tiam
355 1034 597 1088 vinculis
653 1034 947 1088 cbaritatis
1021 1034 1382 1105 astringeret,
1442 1035 1513 1089 ad
1570 1036 1857 1089 caelestem

149 1125 492 1194 angelorum
542 1123 810 1194 patriam,
856 1124 1204 1194 quandoque
1256 1125 1378 1178 sine
1427 1124 1615 1177 carnis
1673 1130 1858 1178 morte

150 1213 439 1266 transiret.
500 1211 591 1266 Sic
638 1228 887 1282 namque
941 1211 1286 1265 immortalis
1335 1217 1419 1266 est
1460 1212 1747 1280 conditus,
1797 1218 1858 1266 ut

149 1306 343 1354 tamen
374 1301 421 1354 si
447 1305 728 1371 peccaret,
778 1303 835 1353 et
890 1300 1034 1353 mori
1084 1306 1278 1370 posset
1314 1317 1326 1354 :
1360 1306 1416 1353 et
1472 1300 1552 1354 sic
1598 1301 1856 1354 mortalis

148 1398 237 1444 est
267 1391 558 1456 conditus,
608 1396 674 1443 ut
723 1389 770 1442 si
823 1405 938 1443 non
991 1396 1266 1460 peccaret.
1321 1390 1494 1443 etiam
1545 1406 1657 1443 non
1711 1391 1858 1444 mori

147 1485 344 1550 posset
377 1496 389 1532 :
426 1485 597 1549 atque
629 1496 690 1532 ex
726 1479 930 1532 merito
963 1479 1131 1533 liberi
1173 1479 1394 1532 arbitrii
1441 1479 1854 1532 beatitudinem

145 1567 305 1621 illius
353 1567 610 1637 regionis
673 1568 1000 1638 attingeret,
1051 1569 1110 1620 in
1169 1584 1282 1638 qua
1331 1568 1414 1621 vel
1467 1584 1723 1636 peccare,
1771 1569 1854 1621 vel

150 1656 298 1709 mori
331 1672 443 1709 non
472 1660 684 1726 posset.
721 1656 823 1710 Ubi
854 1655 1033 1725 igitur
1064 1663 1193 1726 post
1235 1656 1648 1726 redemptionis
1705 1663 1854 1710 tem-

146 1762 274 1816 pus,
313 1744 500 1798 carnis
532 1749 718 1798 morte
751 1745 1091 1816 interposita
1131 1745 1296 1798 electi
1355 1751 1676 1812 transeunt,
1725 1745 1858 1800 illuc

145 1835 348 1906 procul
381 1833 557 1887 dubio
587 1839 854 1904 parentes
911 1834 1084 1904 primi
1139 1835 1188 1887 si
1232 1835 1290 1887 in
1343 1834 1690 1888 conditionis
1742 1853 1859 1889 suae

147 1927 301 1976 statu
368 1921 777 1991 perstitissent,
862 1922 1032 1975 etiam
1097 1921 1220 1976 sine
1280 1929 1464 1976 morte
1551 1939 1859 1993 corporum

145 2010 449 2064 transferri
481 2010 826 2080 potuissent.

146 2101 275 2154 CAP.
313 2101 447 2154 XIV.
475 2129 546 2139 —
579 2099 731 2168 Quod
756 2115 850 2153 nos
904 2100 1148 2153 carnales
1197 2102 1254 2152 in
1294 2101 1457 2167 hujus
1500 2101 1658 2153 exitii
1707 2103 1858 2155 σωσί-

217 2176 330 2224 tate
380 2173 517 2233 nati,
568 2185 736 2240 puero
803 2173 860 2224 in
902 2185 1114 2224 carcere
1165 2177 1314 2235 nato,
1373 2177 1422 2224 et
1480 2175 1689 2225 nutrito
1715 2189 1853 2226 com-

215 2257 498 2312 paremur.

218 2315 330 2379 (Ear:
363 2313 585 2379 dialogo
618 2312 807 2382 Greg.)
857 2313 1168 2381 Postquam
1217 2312 1285 2366 de
1338 2312 1587 2381 paradisi
1633 2313 1858 2383 gaudiis

143 2401 315 2471 culpa
363 2401 627 2470 exigente
681 2401 884 2471 pulsus
937 2406 1022 2453 est
1065 2400 1286 2470 primus
1342 2402 1581 2454 humani
1629 2403 1858 2472 generis

143 2505 377 2560 parens,
408 2490 466 2542 in
498 2489 670 2559 hujus
701 2489 858 2543 exilii
912 2494 1080 2559 atque
1134 2489 1428 2556 caecitatis,
1480 2507 1654 2561 quam
1701 2492 1856 2561 pati-

143 2595 274 2633 mur
324 2594 633 2633 erumnam
683 2578 842 2632 venit
887 2578 1071 2647 :quia
1129 2583 1362 2648 peccato
1430 2585 1588 2632 extra
1646 2586 1854 2634 semet-

139 2669 335 2737 ipsum
371 2667 551 2732 fusus,
583 2669 704 2737 jam
755 2667 852 2720 illa
882 2667 1123 2721 ecelestis
1167 2667 1371 2738 patriae.
1425 2668 1654 2737 gaudia,
1724 2685 1852 2738 quas

139 2756 301 2826 prius
374 2755 892 2826 contemplabatur,
969 2755 1158 2808 videre
1219 2771 1334 2809 non
1393 2757 1600 2824 potuit.
1670 2758 1852 2810 Homo

140 2845 364 2916 quippe
395 2845 452 2898 in
485 2845 752 2914 paradiso
782 2851 1112 2898 assueverat
1144 2844 1333 2898 verbis
1375 2845 1473 2898 Dei
1524 2845 1763 2915 perfrui,
1798 2852 1854 2900 et

141 2935 452 2988 beatorum
482 2934 823 3004 angelorum
869 2933 1164 3003 spiritibus
1212 2934 1397 2987 cordis
1454 2935 1759 3001 mundicia,
1795 2941 1851 2989 et

140 3023 484 3077 celsitudine
549 3022 784 3076 visionis
859 3022 1156 3088 interesse,
1215 3023 1314 3077 sed
1365 3028 1664 3093 postquam
1742 3025 1854 3077 huc

139 3112 373 3177 cecidit,
405 3111 476 3164 ab
507 3111 630 3176 illo,
667 3127 779 3182 quo
814 3111 1183 3181 implebatur,
1235 3111 1441 3164 mentis
1494 3111 1714 3167 lumine
1770 3129 1854 3166 re-

141 3201 330 3255 cessit.
374 3200 452 3254 Ex
482 3200 645 3269 cujus
696 3199 963 3254 videlicet
1011 3215 1182 3253 carne
1229 3216 1335 3253 nos
1383 3200 1443 3254 in
1495 3201 1666 3270 hujus
1697 3202 1854 3255 exilii

141 3289 403 3344 caecitate
437 3288 576 3355 nati,
631 3287 898 3342 audimus
956 3287 1192 3358 quidem
1251 3303 1371 3342 esse
1419 3289 1704 3342 caelestem
1748 3305 1852 3359 pa-

141 3376 338 3441 triam,
393 3373 665 3427 audimus
729 3374 852 3444 ejus
913 3373 1061 3427 cives
1117 3375 1353 3445 angelos
1409 3375 1530 3440 Dei,
1587 3376 1853 3431 audimus

141 3464 488 3518 eorumdem
521 3463 862 3534 angelorum
893 3462 1076 3516 socios
1106 3463 1652 3534 spiritusjustorum
1719 3482 1852 3536 per-

139 3553 445 3616 fectorum,
473 3551 572 3605 sed
607 3551 864 3605 carnales
911 3551 1128 3622 quique
1165 3568 1176 3605 :
1212 3551 1347 3622 quia
1395 3553 1494 3606 illa
1541 3553 1851 3609 invisibilia

141 3642 281 3695 scire
309 3656 435 3695 non
468 3641 657 3694 valent
687 3655 791 3710 per
821 3640 1301 3711 experimentum,
1330 3641 1599 3696 dubitant
1655 3649 1849 3697 utrum

138 3744 208 3784 ne
241 3729 317 3784 sit
374 3729 531 3800 quod
581 3728 978 3799 corporalibus
1027 3729 1207 3783 oculis
1267 3745 1386 3784 non
1431 3731 1645 3785 vident.
1709 3733 1847 3796 Quae

138 3818 420 3872 nimirum
476 3816 740 3871 dubietas
800 3818 989 3886 primo
1032 3821 1259 3887 parenti
1308 3823 1502 3871 nostro
1553 3836 1673 3874 esse
1733 3837 1849 3874 non

137 3907 326 3976 potuit
361 3922 374 3960 :
420 3905 558 3976 quia
588 3906 852 3959 exclusus
886 3922 916 3958 a
947 3905 1201 3976 paradisi
1231 3907 1477 3977 gaudiis,
1531 3909 1640 3963 hoc
1694 3909 1848 3980 quod

139 3995 349 4062 amisit,
384 3994 665 4065 quoniam
698 3994 861 4060 vidit,
912 3995 1219 4050 recolebat.
1281 3996 1342 4049 Hi
1393 4001 1582 4050 autem
1638 3999 1849 4052 sentire

140 4085 223 4138 vel
255 4083 510 4138 recolere
541 4083 736 4136 audita
794 4099 912 4136 non
957 4088 1243 4153 possunt:
1296 4085 1428 4155 quia
1471 4103 1672 4141 eorum
1713 4088 1849 4142 nul-

141 4171 259 4226 lum
311 4173 464 4226 sicut
513 4171 608 4226 ille
659 4173 864 4225 saltem
921 4171 991 4226 de
1041 4173 1332 4243 praeterito
1387 4175 1848 4244 experimentum

1893 1729 1929 1782 Β

142 4265 358 4316 tenent.
407 4265 487 4316 Ac
543 4261 590 4315 si
639 4261 792 4315 enim
841 4277 1146 4332 pregnans
1205 4263 1415 4316 mulier
1465 4264 1726 4318 mittatur
1790 4267 1848 4319 in
1879 4290 1919 4343 Β

143 4365 450 4414 carcerem,
483 4349 678 4420 ibique
708 4365 953 4421 puerum
1003 4351 1211 4420 pariat,
1263 4352 1361 4422 qui
1407 4357 1577 4407 natus
1614 4370 1758 4422 puer
1787 4355 1850 4408 in

143 4453 366 4493 carcere
406 4438 695 4494 nutriatur
755 4445 810 4492 et
848 4444 1080 4505 crescat,
1136 4440 1228 4493 cui
1275 4441 1322 4493 si
1376 4441 1609 4494 fortasse
1669 4448 1851 4498 mater

143 4542 268 4596 quae
301 4543 438 4581 eum
468 4527 687 4595 genuit,
743 4528 943 4595 solem,
998 4528 1216 4594 lunam,
1266 4530 1481 4598 stellas,
1539 4536 1763 4585 montes
1794 4537 1850 4586 et

143 4631 392 4687 campos,
443 4616 700 4670 volantes
758 4633 908 4681 aves,
966 4622 1258 4672 currentes
1320 4635 1501 4690 equos
1562 4620 1844 4687 nominet,

143 4704 232 4758 ille
261 4721 398 4759 vero
432 4704 535 4775 qui
564 4705 732 4758 estin
780 4721 1005 4759 carcere
1056 4710 1222 4759 natus
1265 4710 1321 4760 et
1369 4707 1640 4774 nutritus,
1705 4709 1848 4763 nihil

145 4792 294 4848 aliud
327 4809 508 4864 quam
540 4793 805 4847 tenebras
837 4793 1081 4847 carceris
1133 4793 1294 4862 sciat,
1329 4799 1384 4848 et
1435 4795 1555 4849 haec
1611 4797 1847 4866 quidem

143 4897 257 4935 esse
287 4882 504 4946 audiat,
539 4882 636 4936 sed
668 4881 804 4953 quia
834 4899 900 4936 ea
926 4898 1030 4952 per
1060 4883 1522 4952 experimentum
1575 4900 1690 4938 non
1744 4901 1845 4938 no-

142 4970 236 5033 vit,
266 4971 551 5024 veraciter
588 4987 708 5024 esse
741 4971 984 5032 diflidat,
1021 4971 1102 5025 ita
1126 4974 1185 5025 in
1218 4973 1323 5026 hac
1353 4972 1510 5026 exilii
1565 4972 1654 5026 sui
1685 4974 1846 5027 caeci-

143 5063 252 5112 tate
285 5061 405 5112 nati
453 5059 738 5126 homines,
786 5061 924 5114 dum
971 5077 1093 5114 esse
1151 5077 1374 5115 summa
1433 5065 1490 5116 et
1539 5061 1848 5116 invisibilia

144 5147 400 5214 audiunt,
453 5147 721 5202 difﬁdunt
768 5165 840 5203 an
882 5165 1018 5202 vera
1067 5149 1232 5202 sint:
1283 5149 1420 5221 quia
1468 5151 1592 5204 sola
1630 5150 1751 5204 haec
1791 5151 1845 5204 in

145 5235 348 5304 quibus
378 5236 503 5291 nati
537 5242 690 5304 sunt,
724 5237 924 5293 intima
954 5241 1010 5292 et
1051 5239 1298 5294 visibilia
1335 5244 1638 5294 noverunt.
1691 5239 1848 5295 Unde

145 5322 350 5380 factum
401 5331 490 5380 est
537 5331 601 5380 ut
652 5327 776 5396 ipse
820 5327 1198 5382 invisibilium
1247 5333 1304 5382 et
1341 5327 1652 5382 visibilium
1685 5345 1846 5383 crea-

149 5417 249 5478 tor,
297 5414 372 5469 ad
413 5414 655 5469 humani
704 5415 932 5485 generis
988 5415 1453 5486 redemptionem
1514 5416 1849 5486 unigenitus

147 5500 313 5568 pairis
343 5503 586 5570 veniret,
616 5508 672 5558 et
699 5505 979 5574 Spiritum
1032 5509 1287 5559 sanctum
1317 5505 1388 5558 ad
1419 5506 1594 5559 corda
1653 5509 1849 5559 nostra

147 5589 418 5659 mitteret,
466 5595 750 5663 quatenus
803 5609 907 5664 per
967 5609 1098 5649 eum
1145 5593 1407 5648 viviﬁcati
1463 5594 1844 5660 crederemus,

3533 329 3668 382 1022

3179 467 3296 504 non
3333 468 3665 522 possumus.

1968 539 2255 609 Quotquot
2309 553 2444 607 ergo
2493 539 2645 591 hunc
2676 537 2954 607 Spiritum
3001 543 3260 592 sanctum
3320 539 3668 594 haereditatis

1970 632 2181 680 nostra:
2203 626 2414 696 pignus
2445 625 2770 694 accepimus
2804 644 2816 679 :
2846 627 2915 679 de
2949 627 3062 680 vita
3107 627 3486 682 invisibilium
3555 645 3672 682 non

1970 715 2319 769 dubitemus.
2353 715 2623 784 Quisquis
2653 721 2846 768 autem
2878 716 2935 768 in
2965 717 3069 770 hac
3098 718 3434 771 credulitate
3487 719 3672 772 adhuc

1971 803 2187 856 solidus
2218 820 2332 857 non
2365 809 2466 870 est,
2510 804 2679 857 debet
2710 805 2910 873 procul
2960 805 3136 858 dubio
3177 806 3463 875 majorum
3508 807 3671 860 dictis

1969 893 2225 963 pra-bere
2275 894 2470 959 ﬁdem,
2525 893 2720 963 eisque
2766 893 2884 962 jam
2937 911 3042 964 per
3088 895 3366 964 Spiritum
3411 902 3671 949 sanctum

1968 980 2346 1034 invisibilium
2413 981 2870 1048 experimentum
2968 982 3314 1036 habentibus
3390 987 3668 1038 credere:

1970 1069 2104 1140 quia
2155 1069 2360 1121 stultus
2409 1084 2552 1138 puer
2611 1073 2697 1121 est
2732 1068 2779 1120 si
2817 1074 3059 1122 matrem
3114 1070 3245 1123 ideo
3301 1072 3542 1124 mstimet
3601 1073 3673 1124 de

1970 1159 2094 1210 luce
2128 1156 2382 1224 mentiri,
2428 1156 2564 1227 quia
2617 1157 2740 1226 ipse
2788 1157 2933 1210 nihil
2983 1159 3136 1212 aliud
3194 1175 3365 1229 quam
3403 1160 3667 1213 tenebras

1969 1246 2213 1299 carceris
2243 1245 2490 1316 agnovit.

1969 1353 2100 1407 CAP.
2130 1353 2236 1405 XV.
2295 1382 2362 1390 —
2407 1351 2558 1417 Quod
2587 1353 2767 1405 nullus
2808 1368 2906 1420 per
2944 1355 3288 1422 semetipsum
3341 1353 3506 1408 bonus
3543 1357 3673 1423 ﬁeri

2715 1425 2906 1491 possit.

2041 1511 2150 1582 (Ea:
2181 1511 2351 1565 decre.
2387 1512 2622 1565 Cwlesti.
2656 1527 2817 1580 papw
2848 1514 2866 1579 )
2917 1512 3215 1566 Neminem
3252 1530 3371 1567 esse
3426 1531 3530 1584 per
3583 1533 3670 1569 se-

1969 1601 2278 1669 metipsum
2311 1599 2550 1664 bonum,
2601 1599 2711 1652 nisi
2743 1600 3241 1669 participationem
3291 1602 3380 1654 sui
3428 1604 3522 1656 ille
3576 1603 3673 1656 do-

1970 1693 2085 1753 net,
2128 1689 2227 1758 qui
2286 1689 2440 1741 solus
2496 1693 2579 1741 est
2616 1688 2818 1741 bonus.
2876 1689 3144 1758 Nunquid
3195 1705 3299 1743 nos
3349 1690 3419 1744 de
3468 1707 3670 1745 eorum

1970 1781 2098 1846 post
2124 1776 2244 1828 hzec
2274 1780 2494 1828 rectum
2545 1776 2832 1828 mentibus
2881 1777 3251 1842 aestimemus,
3304 1778 3404 1848 qui
3450 1779 3557 1832 sibi
3611 1797 3670 1834 se

1969 1871 2175 1935 putant
2225 1864 2418 1917 deberi
2467 1865 2623 1933 quod
2672 1865 2809 1918 boni
2861 1871 3006 1929 sunt,
3062 1883 3167 1918 nec
3198 1867 3361 1920 illum
3407 1869 3670 1921 conside-

1968 1959 2118 2021 rant,
2153 1954 2315 2022 cujus
2346 1953 2600 2023 quotidie
2635 1953 2877 2023 gratiam
2927 1961 3373 2024 consequantur,
3400 1957 3500 2028 qui
3547 1957 3670 2011 sine

1968 2043 2068 2096 illo
2100 2047 2318 2095 tantem
2346 2058 2405 2094 se
2441 2041 2669 2111 assequi
2699 2059 2862 2111 posse
2888 2043 3225 2097 conﬁdunt?

2407 2131 2535 2185 CAP.
2568 2133 2703 2185 XVI.
2748 2161 2815 2171 —
2852 2135 2921 2185 De
2947 2133 3131 2185 eadem
3163 2149 3238 2186 re.

2039 2219 2148 2288 (Ea:
2177 2219 2372 2272 decret.
2417 2220 2703 2287 ejusdem.)
2752 2220 3050 2274 Neminem
3095 2222 3268 2274 etiam
3311 2221 3671 2292 baptismatis

1967 2309 2150 2377 gratia
2182 2313 2544 2373 renovatum,
2577 2309 2852 2362 idoneum
2897 2326 3013 2362 esse
3047 2311 3117 2363 ad
3147 2311 3497 2380 superaudas
3548 2312 3670 2364 dia-

1965 2396 2080 2449 boli
2110 2396 2370 2463 insidias,
2405 2402 2461 2449 et
2483 2397 2552 2450 ad
2577 2398 2919 2451 evincendas
2941 2399 3127 2451 carnis
3155 2400 3667 2468 concupiscentiae,

1965 2485 2074 2537 nisi
2099 2503 2202 2554 per
2224 2486 2629 2556 quotidianum
2653 2487 2743 2556 adj
2757 2487 3008 2540 utorium
3040 2487 3158 2550 Dei,
3185 2490 3670 2556 perseverantiam

1965 2575 2130 2628 bonae
2161 2576 2612 2630 convarsationis
2646 2577 2947 2645 acceperit.
2987 2579 3126 2630 Nam
3182 2578 3443 2647 quamvis
3489 2578 3672 2631 homi-

1964 2680 2094 2717 nem
2129 2666 2438 2718 redimeret
2464 2683 2495 2717 a
2518 2666 2824 2734 praeteritis
2847 2666 2942 2717 ille
2972 2666 3236 2735 peccatis,
3269 2673 3458 2720 tamen
3489 2669 3671 2720 sciens

1961 2753 2168 2805 iterum
2204 2770 2367 2822 posse
2395 2770 2647 2823 peccare,
2681 2754 2751 2806 ad
2793 2754 3212 2824 reparationem
3249 2755 3359 2808 sibi
3391 2757 3667 2824 quemad-

1961 2840 2196 2895 modum
2231 2850 2418 2912 posset
2447 2843 2607 2895 illum
2641 2848 2698 2895 et
2728 2848 2853 2912 post
2878 2843 2985 2895 ista
3015 2844 3325 2911 corrigere,
3345 2845 3526 2897 multa
3553 2862 3670 2898 ser-

1960 2931 2128 2986 vavit.
2166 2931 2509 2996 Quotidiaua
2559 2937 2790 3002 praestat
2828 2932 2923 2984 ille
2968 2933 3239 2985 remedia.
3291 2933 3509 2996 Quibus
3555 2933 3668 2988 nisi

1887 3010 1928 3066 Ο
1965 3020 2095 3074 freti
2125 3021 2442 3090 coutisique
2467 3021 2743 3086 nitamur,
2776 3021 3106 3074 nullatenus
3129 3021 3411 3075 humanos
3441 3023 3666 3076 vincere

1963 3110 2280 3181 poterimus
2313 3126 2554 3164 errores.
2592 3111 2827 3163 Necesse
2858 3115 2943 3162 est
2972 3109 3125 3163 enim
3151 3115 3210 3162 ut
3241 3127 3355 3180 quo
3383 3111 3665 3166 auxilian-

1964 3205 2018 3253 te
2049 3198 2347 3265 vincimus,
2382 3215 2448 3251 eo
2482 3199 2691 3252 iterum
2726 3199 3031 3268 adjuvante
3064 3199 3376 3252 vincamur.

2391 3288 2517 3342 CAP.
2549 3288 2708 3342 XVII.
2742 3317 2808 3327 —
2835 3289 2914 3342 De
2944 3287 3126 3341 eadem
3157 3304 3230 3341 re.

2034 3376 2142 3446 (Ea:
2173 3376 2366 3430 decret.
2416 3376 2700 3446 ejusdem.)
2751 3377 2909 3440 Quod
2964 3376 3042 3429 ita
3101 3378 3248 3430 Deus
3302 3376 3359 3430 in
3401 3377 3664 3431 cordibus

1961 3465 2262 3519 hominum
2293 3471 2464 3535 atque
2514 3465 2573 3518 in
2622 3465 2742 3534 ipso
2773 3461 2953 3519 libero
3004 3471 3273 3534 operetur
3312 3466 3568 3530 arbitrio,
3603 3471 3666 3520 ut

1961 3560 2156 3607 sancta
2185 3552 2478 3621 cogitatio,
2538 3554 2700 3622 pium
2749 3553 3074 3617 consilium,
3120 3552 3420 3623 omnisque
3473 3559 3662 3608 motus

1958 3642 2127 3697 bonas
2151 3643 2456 3696 voluntatis
2490 3659 2556 3696 ex
2591 3644 2703 3696 Deo
2751 3643 2860 3696 sit:
2916 3643 3050 3711 quia
3094 3659 3197 3712 per
3227 3642 3386 3696 illum
3445 3644 3662 3714 aliquid

1960 3733 2097 3786 boni
2125 3748 2452 3802 possumus,
2497 3731 2617 3784 sine
2663 3747 2776 3802 quo
2829 3730 2974 3784 nihil
3026 3748 3347 3800 possumus.
3399 3733 3483 3785 Ad
3518 3733 3663 3785 hanc

1960 3837 2061 3875 nos
2088 3820 2506 3890 professionem
2540 3819 2693 3874 idem
2727 3820 2926 3873 doctor
2959 3819 3226 3872 instituit.
3287 3820 3393 3883 Qui
3423 3836 3548 3873 cum
3590 3821 3661 3874 ad

1959 3910 2132 3963 totius
2166 3910 2318 3963 orbis
2350 3909 2651 3979 episcopos
2682 3909 2749 3963 de
2806 3909 3015 3962 divinae
3053 3908 3251 3978 gratim
3284 3909 3662 3979 opitulatione

1961 3999 2313 4069 loqueretur.
2357 3998 2518 4062 Quod
2549 4014 2704 4066 ergo,
2756 3997 2856 4065 ait,
2889 4001 3116 4068 tempus
3163 3998 3489 4064 intervenit,
3548 4015 3662 4069 quo

1957 4105 2076 4143 non
2108 4089 2228 4158 ejus
2261 4103 2531 4158 egeamus
2559 4086 2815 4140 auxilio?
2847 4088 2908 4140 In
2943 4087 3210 4140 omnibus
3244 4088 3421 4157 igitur
3445 4088 3664 4142 actibus

1959 4178 2280 4248 causisque,
2313 4177 2779 4246 cogitationibus,
2833 4177 3104 4245 motibus,
3162 4177 3389 4248 adjutor
3436 4184 3493 4231 et
3534 4195 3666 4249 pro-

1960 4271 2142 4321 tector
2175 4267 2428 4320 orandus
2457 4271 2560 4319 est.
2593 4265 2914 4336 Superbum
2945 4270 3030 4319 est
3056 4265 3231 4329 enim,
3267 4271 3329 4319 ut
3355 4266 3665 4337 quicquam

1961 4354 2066 4408 sibi
2089 4356 2342 4409 humana
2378 4359 2580 4408 natura
2619 4359 2954 4423 praesumat,
3013 4353 3294 4406 clamante
3345 4353 3615 4423 Apostolo
3649 4371 3660 4407 :

1961 4444 2082 4498 Non
2115 4449 2201 4497 est
2251 4443 2416 4497 nobis
2460 4443 2781 4495 colluctatio
2836 4441 3107 4494 adversus
3153 4457 3382 4495 carnem
3432 4447 3490 4495 et
3531 4459 3660 4495 san-

1959 4532 2216 4602 guinem,
2245 4531 2343 4584 sed
2369 4535 2568 4583 contra
2597 4528 2887 4598 principes
2919 4535 2975 4582 et
2997 4533 3302 4599 potestates
3358 4529 3502 4582 acris
3554 4529 3660 4584 hu-

1952 4620 2067 4690 jus,
2101 4625 2301 4673 contra
2332 4617 2612 4688 spiritalia
2645 4617 2920 4686 nequitiae
2951 4617 3014 4669 in
3057 4618 3402 4670 caelestibus.
3462 4619 3525 4670 Et
3585 4619 3658 4672 si-

1957 4713 2052 4762 cut
2079 4708 2199 4778 ipse
2235 4707 2442 4760 iterum
2470 4705 2607 4760 dicit
2635 4722 2648 4758 :
2692 4705 2892 4760 Infelix
2924 4721 3031 4774 ego
3080 4705 3274 4770 homo,
3309 4706 3437 4775 quis
3470 4722 3560 4758 me
3591 4707 3661 4760 li-

1957 4797 2178 4852 berabit
2226 4795 2296 4850 de
2344 4810 2585 4864 corpore
2632 4793 2832 4847 mortis
2875 4793 3092 4864 hujus?
3158 4795 3350 4849 Gratia
3406 4793 3502 4848 Dei
3561 4811 3665 4865 per

1957 4888 2150 4942 Iesum
2203 4884 2490 4940 Christum
2577 4882 2880 4936 Dominum
2942 4889 3221 4936 nostrum.
3297 4883 3364 4936 Et
3409 4883 3658 4937 iterum:

1961 4975 2151 5029 Gratia
2185 4973 2280 5027 Dei
2323 4987 2451 5025 sum
2483 4970 2538 5024 id
2573 4971 2729 5041 quod
2789 4987 2914 5024 sum
2967 4976 3022 5024 et
3052 4972 3237 5041 gratia
3293 4971 3414 5041 ejus
3464 4972 3520 5024 in
3571 4988 3662 5026 me

1961 5077 2135 5115 vacua
2165 5077 2278 5113 non
2308 5059 2432 5125 fuit,
2467 5059 2562 5112 sed
2598 5060 2726 5128 plus
2755 5058 2868 5112 illis
2899 5060 3164 5114 omnibus
3193 5059 3448 5113 laboravi
3486 5080 3496 5113 :
3537 5062 3660 5114 Non

1958 5166 2065 5220 ego
2095 5154 2308 5211 autem,
2345 5148 2442 5202 sed
2475 5148 2660 5219 gratia
2687 5148 2788 5202 Dei
2823 5164 3067 5202 mecum.

1959 5257 2086 5311 CAP.
2120 5257 2304 5311 XVIII.
2329 5287 2397 5294 —
2441 5256 2597 5320 Quod
2636 5259 2821 5322 gratia
2842 5255 3033 5309 divina
3072 5271 3178 5308 non
3223 5256 3394 5308 solum
3439 5261 3660 5323 peccata

2118 5328 2385 5392 dimittat,
2417 5327 2512 5382 sed
2542 5329 2706 5380 etiam
2738 5328 2964 5394 adjuvet
2991 5342 3056 5379 ne
3077 5329 3502 5380 committantur.

2031 5415 2284 5485 (Gregor.
2319 5420 2378 5469 in
2407 5420 2522 5470 suis
2552 5417 2746 5470 Morat.
2783 5415 2916 5468 dicit
2950 5418 2987 5481 :)
3010 5414 3172 5478 Quod
3202 5414 3385 5482 gratia
3419 5415 3517 5468 Dei
3542 5433 3654 5470 non

1946 5490 2140 5559 solum
2175 5509 2401 5576 peccata
2433 5504 2703 5569 dimittat,
2738 5503 2836 5557 sed
2885 5503 3060 5557 etiam
3106 5503 3336 5574 adjuvet
3390 5521 3460 5558 ne
3511 5522 3663 5559 com-

1959 5594 2280 5660 mittantur,
2314 5597 2369 5648 et
2406 5593 2492 5647 lex
2525 5591 2852 5662 impleatur,
2916 5607 3030 5644 non
3080 5591 3221 5646 sicut
3273 5591 3350 5646 ait
3398 5593 3662 5664 Pelagius
