  <div class='ocr_page' id='page_1' title='image "/cluster/home/n/w/nwhite01/storage/ocr_20150623/140-141/uc1.31175018559917/519.png"; bbox 0 0 4592 6506; ppageno 0'>
   <div class='ocr_carea' id='block_1_1' title="bbox 156 0 2325 127">
    <p class='ocr_par' dir='ltr' id='par_1_1' title="bbox 156 0 2325 127">
     <span class='ocr_line' id='line_1_1' title="bbox 156 0 2325 127; baseline -0.001 -12"><span class='ocrx_word' id='word_1_1' title='bbox 156 72 257 97; x_wconf 44' lang='grc' dir='ltr'><strong>ἾὟ</strong></span> 
     </span>
    </p>
   </div>
   <div class='ocr_carea' id='block_1_2' title="bbox 985 509 1118 562">
    <p class='ocr_par' dir='ltr' id='par_1_2' title="bbox 985 509 1118 562">
     <span class='ocr_line' id='line_1_2' title="bbox 985 509 1118 562; baseline 0.008 -1"><span class='ocrx_word' id='word_1_2' title='bbox 985 509 1118 562; x_wconf 77' lang='grc'><strong>1023</strong></span> 
     </span>
    </p>
   </div>
   <div class='ocr_carea' id='block_1_3' title="bbox 2064 488 3402 554">
    <p class='ocr_par' dir='ltr' id='par_1_3' title="bbox 2064 488 3402 554">
     <span class='ocr_line' id='line_1_3' title="bbox 2064 488 3402 554; baseline -0.009 -1"><span class='ocrx_word' id='word_1_3' title='bbox 2064 496 2464 554; x_wconf 81' lang='lat' dir='ltr'><strong>BURCHARDI</strong></span> <span class='ocrx_word' id='word_1_4' title='bbox 2503 491 3031 551; x_wconf 73' lang='lat' dir='ltr'><strong>WORMACIENSIS</strong></span> <span class='ocrx_word' id='word_1_5' title='bbox 3069 488 3402 546; x_wconf 80' lang='lat' dir='ltr'><strong>EPISCOPI.</strong></span> 
     </span>
    </p>
   </div>
   <div class='ocr_carea' id='block_1_4' title="bbox 4359 487 4497 540">
    <p class='ocr_par' dir='ltr' id='par_1_4' title="bbox 4359 487 4497 540">
     <span class='ocr_line' id='line_1_4' title="bbox 4359 487 4497 540; baseline -0.007 0"><span class='ocrx_word' id='word_1_6' title='bbox 4359 487 4497 540; x_wconf 72' lang='grc'><strong>1024</strong></span> 
     </span>
    </p>
   </div>
   <div class='ocr_carea' id='block_1_5' title="bbox 972 617 2746 702">
    <p class='ocr_par' dir='ltr' id='par_1_5' title="bbox 972 617 2743 697">
     <span class='ocr_line' id='line_1_5' title="bbox 972 617 2743 697; baseline -0.007 -16"><span class='ocrx_word' id='word_1_7' title='bbox 972 626 1162 695; x_wconf 83' lang='lat' dir='ltr'><strong>facile,</strong></span> <span class='ocrx_word' id='word_1_8' title='bbox 1195 624 1360 697; x_wconf 90' lang='lat' dir='ltr'><strong>quasi</strong></span> <span class='ocrx_word' id='word_1_9' title='bbox 1384 624 1508 679; x_wconf 84' lang='lat' dir='ltr'><strong>sine</strong></span> <span class='ocrx_word' id='word_1_10' title='bbox 1540 621 1722 695; x_wconf 85' lang='lat' dir='ltr'><strong>gratia</strong></span> <span class='ocrx_word' id='word_1_11' title='bbox 1753 621 1855 677; x_wconf 86' lang='lat' dir='ltr'><strong>Dei</strong></span> <span class='ocrx_word' id='word_1_12' title='bbox 1884 620 2174 676; x_wconf 90' lang='lat' dir='ltr'><strong>difﬁcilius</strong></span> <span class='ocrx_word' id='word_1_13' title='bbox 2220 620 2396 689; x_wconf 77' lang='lat' dir='ltr'><strong>possit</strong></span> <span class='ocrx_word' id='word_1_14' title='bbox 2421 619 2666 689; x_wconf 88' lang='lat' dir='ltr'><strong>impleri.</strong></span> <span class='ocrx_word' id='word_1_15' title='bbox 2696 617 2743 669; x_wconf 80' lang='grc' dir='ltr'><strong>Α</strong></span> 
     </span>
    </p>
   </div>
   <div class='ocr_carea' id='block_1_6' title="bbox 2782 617 4499 702">
    <p class='ocr_par' dir='ltr' id='par_1_6' title="bbox 2782 628 4499 702">
     <span class='ocr_line' id='line_1_6' title="bbox 2782 628 4499 702; baseline -0.003 -16"><span class='ocrx_word' id='word_1_16' title='bbox 2782 632 3006 702; x_wconf 80' lang='lat' dir='ltr'><strong>generis</strong></span> <span class='ocrx_word' id='word_1_17' title='bbox 3034 631 3274 686; x_wconf 62' lang='lat' dir='ltr'><strong>Abrahae</strong></span> <span class='ocrx_word' id='word_1_18' title='bbox 3307 646 3409 701; x_wconf 93' lang='lat' dir='ltr'><strong>per</strong></span> <span class='ocrx_word' id='word_1_19' title='bbox 3442 631 3594 684; x_wconf 88' lang='lat' dir='ltr'><strong>Isaac</strong></span> <span class='ocrx_word' id='word_1_20' title='bbox 3622 628 4028 700; x_wconf 65' lang='lat' dir='ltr'><strong>predestinata</strong></span> <span class='ocrx_word' id='word_1_21' title='bbox 4049 628 4178 694; x_wconf 87' lang='lat' dir='ltr'><strong>fuit,</strong></span> <span class='ocrx_word' id='word_1_22' title='bbox 4215 644 4325 683; x_wconf 89' lang='lat' dir='ltr'><strong>cur</strong></span> <span class='ocrx_word' id='word_1_23' title='bbox 4355 643 4499 681; x_wconf 86' lang='lat' dir='ltr'><strong>con-</strong></span> 
     </span>
    </p>
   </div>
   <div class='ocr_carea' id='block_1_7' title="bbox 977 709 2671 783">
    <p class='ocr_par' dir='ltr' id='par_1_7' title="bbox 977 709 2671 783">
     <span class='ocr_line' id='line_1_7' title="bbox 977 709 2671 783; baseline -0.005 -13"><span class='ocrx_word' id='word_1_24' title='bbox 977 716 1127 771; x_wconf 89' lang='lat' dir='ltr'><strong>Illud</strong></span> <span class='ocrx_word' id='word_1_25' title='bbox 1158 715 1334 768; x_wconf 88' lang='lat' dir='ltr'><strong>etiam</strong></span> <span class='ocrx_word' id='word_1_26' title='bbox 1356 713 1508 783; x_wconf 90' lang='lat' dir='ltr'><strong>quod</strong></span> <span class='ocrx_word' id='word_1_27' title='bbox 1542 713 1695 765; x_wconf 87' lang='lat' dir='ltr'><strong>intra</strong></span> <span class='ocrx_word' id='word_1_28' title='bbox 1726 709 2186 780; x_wconf 86' lang='lat' dir='ltr'><strong>Carthaginensis</strong></span> <span class='ocrx_word' id='word_1_29' title='bbox 2217 709 2414 777; x_wconf 81' lang='lat' dir='ltr'><strong>synodi</strong></span> <span class='ocrx_word' id='word_1_30' title='bbox 2445 710 2671 763; x_wconf 90' lang='lat' dir='ltr'><strong>decreta</strong></span> 
     </span>
    </p>
   </div>
   <div class='ocr_carea' id='block_1_8' title="bbox 980 793 2669 865">
    <p class='ocr_par' dir='ltr' id='par_1_8' title="bbox 980 793 2669 865">
     <span class='ocr_line' id='line_1_8' title="bbox 980 793 2669 865; baseline -0.002 -16"><span class='ocrx_word' id='word_1_31' title='bbox 980 797 1355 850; x_wconf 89' lang='lat' dir='ltr'><strong>constitutum</strong></span> <span class='ocrx_word' id='word_1_32' title='bbox 1408 800 1512 859; x_wconf 86' lang='lat' dir='ltr'><strong>est,</strong></span> <span class='ocrx_word' id='word_1_33' title='bbox 1574 794 1737 865; x_wconf 88' lang='lat' dir='ltr'><strong>quasi</strong></span> <span class='ocrx_word' id='word_1_34' title='bbox 1792 793 2088 863; x_wconf 89' lang='lat' dir='ltr'><strong>proprium</strong></span> <span class='ocrx_word' id='word_1_35' title='bbox 2148 793 2469 862; x_wconf 68' lang='lat' dir='ltr'><strong>apostolicae</strong></span> <span class='ocrx_word' id='word_1_36' title='bbox 2520 793 2669 846; x_wconf 85' lang='lat' dir='ltr'><strong>sedis</strong></span> 
     </span>
    </p>
   </div>
   <div class='ocr_carea' id='block_1_9' title="bbox 981 881 2669 954">
    <p class='ocr_par' dir='ltr' id='par_1_9' title="bbox 981 881 2669 954">
     <span class='ocr_line' id='line_1_9' title="bbox 981 881 2669 954; baseline -0.001 -18"><span class='ocrx_word' id='word_1_37' title='bbox 981 885 1408 954; x_wconf 83' lang='lat' dir='ltr'><strong>amplectimur,</strong></span> <span class='ocrx_word' id='word_1_38' title='bbox 1440 883 1596 954; x_wconf 90' lang='lat' dir='ltr'><strong>quod</strong></span> <span class='ocrx_word' id='word_1_39' title='bbox 1626 882 1839 936; x_wconf 81' lang='lat' dir='ltr'><strong>scilicet</strong></span> <span class='ocrx_word' id='word_1_40' title='bbox 1868 882 2035 935; x_wconf 89' lang='lat' dir='ltr'><strong>tertio</strong></span> <span class='ocrx_word' id='word_1_41' title='bbox 2072 881 2318 951; x_wconf 87' lang='lat' dir='ltr'><strong>capitulo</strong></span> <span class='ocrx_word' id='word_1_42' title='bbox 2366 882 2669 935; x_wconf 92' lang='lat' dir='ltr'><strong>deﬁnitum</strong></span> 
     </span>
    </p>
   </div>
   <div class='ocr_carea' id='block_1_10' title="bbox 980 969 2668 1043">
    <p class='ocr_par' dir='ltr' id='par_1_10' title="bbox 980 969 2668 1043">
     <span class='ocr_line' id='line_1_10' title="bbox 980 969 2668 1043; baseline -0.002 -17"><span class='ocrx_word' id='word_1_43' title='bbox 980 978 1068 1026; x_wconf 91' lang='lat' dir='ltr'><strong>est</strong></span> <span class='ocrx_word' id='word_1_44' title='bbox 1098 988 1110 1026; x_wconf 95' lang='lat'>:</span> <span class='ocrx_word' id='word_1_45' title='bbox 1140 978 1206 1026; x_wconf 92' lang='lat' dir='ltr'><strong>ut</strong></span> <span class='ocrx_word' id='word_1_46' title='bbox 1234 973 1563 1043; x_wconf 70' lang='lat' dir='ltr'><strong>quicunque</strong></span> <span class='ocrx_word' id='word_1_47' title='bbox 1592 971 1800 1024; x_wconf 77' lang='lat' dir='ltr'><strong>dixerit</strong></span> <span class='ocrx_word' id='word_1_48' title='bbox 1840 969 2081 1039; x_wconf 78' lang='lat' dir='ltr'><strong>gratiam</strong></span> <span class='ocrx_word' id='word_1_49' title='bbox 2144 969 2261 1032; x_wconf 88' lang='lat' dir='ltr'><strong>Dei,</strong></span> <span class='ocrx_word' id='word_1_50' title='bbox 2310 986 2425 1039; x_wconf 87' lang='lat' dir='ltr'><strong>qua</strong></span> <span class='ocrx_word' id='word_1_51' title='bbox 2465 970 2668 1039; x_wconf 88' lang='lat' dir='ltr'><strong>justiﬁ-</strong></span> 
     </span>
    </p>
   </div>
   <div class='ocr_carea' id='block_1_11' title="bbox 980 1056 2668 1129">
    <p class='ocr_par' dir='ltr' id='par_1_11' title="bbox 980 1056 2668 1129">
     <span class='ocr_line' id='line_1_11' title="bbox 980 1056 2668 1129; baseline -0.002 -14"><span class='ocrx_word' id='word_1_52' title='bbox 980 1076 1181 1115; x_wconf 88' lang='lat' dir='ltr'><strong>camur</strong></span> <span class='ocrx_word' id='word_1_53' title='bbox 1209 1076 1312 1129; x_wconf 93' lang='lat' dir='ltr'><strong>per</strong></span> <span class='ocrx_word' id='word_1_54' title='bbox 1339 1061 1532 1114; x_wconf 87' lang='lat' dir='ltr'><strong>Jesum</strong></span> <span class='ocrx_word' id='word_1_55' title='bbox 1577 1059 1861 1112; x_wconf 82' lang='lat' dir='ltr'><strong>Christum</strong></span> <span class='ocrx_word' id='word_1_56' title='bbox 1914 1056 2216 1111; x_wconf 89' lang='lat' dir='ltr'><strong>Dominum</strong></span> <span class='ocrx_word' id='word_1_57' title='bbox 2273 1064 2553 1120; x_wconf 87' lang='lat' dir='ltr'><strong>nostrum,</strong></span> <span class='ocrx_word' id='word_1_58' title='bbox 2600 1059 2668 1112; x_wconf 93' lang='lat' dir='ltr'><strong>ad</strong></span> 
     </span>
    </p>
   </div>
   <div class='ocr_carea' id='block_1_12' title="bbox 982 1147 2668 1217">
    <p class='ocr_par' dir='ltr' id='par_1_12' title="bbox 982 1147 2668 1217">
     <span class='ocr_line' id='line_1_12' title="bbox 982 1147 2668 1217; baseline -0.002 -15"><span class='ocrx_word' id='word_1_59' title='bbox 982 1148 1383 1202; x_wconf 85' lang='lat' dir='ltr'><strong>remissionem</strong></span> <span class='ocrx_word' id='word_1_60' title='bbox 1462 1150 1636 1201; x_wconf 89' lang='lat' dir='ltr'><strong>solam</strong></span> <span class='ocrx_word' id='word_1_61' title='bbox 1692 1150 2052 1215; x_wconf 86' lang='lat' dir='ltr'><strong>peccatorum</strong></span> <span class='ocrx_word' id='word_1_62' title='bbox 2126 1147 2309 1199; x_wconf 87' lang='lat' dir='ltr'><strong>valere</strong></span> <span class='ocrx_word' id='word_1_63' title='bbox 2379 1163 2507 1217; x_wconf 69' lang='lat' dir='ltr'><strong>quas</strong></span> <span class='ocrx_word' id='word_1_64' title='bbox 2547 1147 2668 1215; x_wconf 89' lang='lat' dir='ltr'><strong>jam</strong></span> 
     </span>
    </p>
   </div>
   <div class='ocr_carea' id='block_1_13' title="bbox 980 1234 2669 1303">
    <p class='ocr_par' dir='ltr' id='par_1_13' title="bbox 980 1234 2669 1303">
     <span class='ocr_line' id='line_1_13' title="bbox 980 1234 2669 1303; baseline -0.001 -13"><span class='ocrx_word' id='word_1_65' title='bbox 980 1237 1287 1291; x_wconf 90' lang='lat' dir='ltr'><strong>commissa</strong></span> <span class='ocrx_word' id='word_1_66' title='bbox 1321 1241 1472 1300; x_wconf 90' lang='lat' dir='ltr'><strong>sunt,</strong></span> <span class='ocrx_word' id='word_1_67' title='bbox 1506 1251 1617 1288; x_wconf 92' lang='lat' dir='ltr'><strong>non</strong></span> <span class='ocrx_word' id='word_1_68' title='bbox 1649 1235 1818 1288; x_wconf 91' lang='lat' dir='ltr'><strong>etiam</strong></span> <span class='ocrx_word' id='word_1_69' title='bbox 1847 1234 1915 1287; x_wconf 91' lang='lat' dir='ltr'><strong>ad</strong></span> <span class='ocrx_word' id='word_1_70' title='bbox 1950 1234 2300 1303; x_wconf 84' lang='lat' dir='ltr'><strong>adjutorium</strong></span> <span class='ocrx_word' id='word_1_71' title='bbox 2327 1240 2391 1287; x_wconf 89' lang='lat' dir='ltr'><strong>ut</strong></span> <span class='ocrx_word' id='word_1_72' title='bbox 2420 1251 2532 1288; x_wconf 89' lang='lat' dir='ltr'><strong>non</strong></span> <span class='ocrx_word' id='word_1_73' title='bbox 2568 1237 2669 1288; x_wconf 87' lang='lat' dir='ltr'><strong>ad-</strong></span> 
     </span>
    </p>
   </div>
   <div class='ocr_carea' id='block_1_14' title="bbox 981 1322 2668 1394">
    <p class='ocr_par' dir='ltr' id='par_1_14' title="bbox 981 1322 2668 1394">
     <span class='ocr_line' id='line_1_14' title="bbox 981 1322 2668 1394; baseline -0.002 -14"><span class='ocrx_word' id='word_1_74' title='bbox 981 1326 1306 1390; x_wconf 89' lang='lat' dir='ltr'><strong>mittantur,</strong></span> <span class='ocrx_word' id='word_1_75' title='bbox 1365 1324 1666 1378; x_wconf 83' lang='lat' dir='ltr'><strong>anathema</strong></span> <span class='ocrx_word' id='word_1_76' title='bbox 1718 1323 1808 1376; x_wconf 90' lang='lat' dir='ltr'><strong>sit.</strong></span> <span class='ocrx_word' id='word_1_77' title='bbox 1862 1324 1927 1376; x_wconf 87' lang='lat' dir='ltr'><strong>Et</strong></span> <span class='ocrx_word' id='word_1_78' title='bbox 1982 1322 2191 1376; x_wconf 88' lang='lat' dir='ltr'><strong>iterum</strong></span> <span class='ocrx_word' id='word_1_79' title='bbox 2254 1329 2457 1392; x_wconf 81' lang='lat' dir='ltr'><strong>quarto</strong></span> <span class='ocrx_word' id='word_1_80' title='bbox 2508 1325 2668 1394; x_wconf 90' lang='lat' dir='ltr'><strong>capi-</strong></span> 
     </span>
    </p>
   </div>
   <div class='ocr_carea' id='block_1_15' title="bbox 981 1411 2667 1482">
    <p class='ocr_par' dir='ltr' id='par_1_15' title="bbox 981 1411 2667 1482">
     <span class='ocr_line' id='line_1_15' title="bbox 981 1411 2667 1482; baseline -0.002 -14"><span class='ocrx_word' id='word_1_81' title='bbox 981 1416 1103 1468; x_wconf 90' lang='lat' dir='ltr'><strong>tulo</strong></span> <span class='ocrx_word' id='word_1_82' title='bbox 1138 1412 1444 1482; x_wconf 89' lang='lat' dir='ltr'><strong>:Quisquis</strong></span> <span class='ocrx_word' id='word_1_83' title='bbox 1475 1411 1692 1477; x_wconf 85' lang='lat' dir='ltr'><strong>dixerit,</strong></span> <span class='ocrx_word' id='word_1_84' title='bbox 1727 1412 1971 1480; x_wconf 82' lang='lat' dir='ltr'><strong>gratiam</strong></span> <span class='ocrx_word' id='word_1_85' title='bbox 1993 1412 2094 1466; x_wconf 90' lang='lat' dir='ltr'><strong>Dei</strong></span> <span class='ocrx_word' id='word_1_86' title='bbox 2126 1428 2229 1481; x_wconf 84' lang='lat' dir='ltr'><strong>per</strong></span> <span class='ocrx_word' id='word_1_87' title='bbox 2274 1412 2464 1465; x_wconf 79' lang='lat' dir='ltr'><strong>Jesum</strong></span> <span class='ocrx_word' id='word_1_88' title='bbox 2509 1413 2667 1466; x_wconf 88' lang='lat' dir='ltr'><strong>Chri-</strong></span> 
     </span>
    </p>
   </div>
   <div class='ocr_carea' id='block_1_16' title="bbox 979 1499 2667 1571">
    <p class='ocr_par' dir='ltr' id='par_1_16' title="bbox 979 1499 2667 1571">
     <span class='ocr_line' id='line_1_16' title="bbox 979 1499 2667 1571; baseline -0.001 -16"><span class='ocrx_word' id='word_1_89' title='bbox 979 1505 1131 1555; x_wconf 86' lang='lat' dir='ltr'><strong>stum</strong></span> <span class='ocrx_word' id='word_1_90' title='bbox 1161 1507 1396 1571; x_wconf 85' lang='lat' dir='ltr'><strong>propter</strong></span> <span class='ocrx_word' id='word_1_91' title='bbox 1428 1501 1535 1553; x_wconf 90' lang='lat' dir='ltr'><strong>hoc</strong></span> <span class='ocrx_word' id='word_1_92' title='bbox 1568 1505 1791 1553; x_wconf 90' lang='lat' dir='ltr'><strong>tantum</strong></span> <span class='ocrx_word' id='word_1_93' title='bbox 1825 1516 1927 1552; x_wconf 88' lang='lat' dir='ltr'><strong>nos</strong></span> <span class='ocrx_word' id='word_1_94' title='bbox 1976 1499 2243 1569; x_wconf 83' lang='lat' dir='ltr'><strong>adjuvare</strong></span> <span class='ocrx_word' id='word_1_95' title='bbox 2272 1516 2387 1553; x_wconf 91' lang='lat' dir='ltr'><strong>non</strong></span> <span class='ocrx_word' id='word_1_96' title='bbox 2434 1501 2503 1554; x_wconf 91' lang='lat' dir='ltr'><strong>ad</strong></span> <span class='ocrx_word' id='word_1_97' title='bbox 2538 1518 2667 1571; x_wconf 90' lang='lat' dir='ltr'><strong>pec-</strong></span> 
     </span>
    </p>
   </div>
   <div class='ocr_carea' id='block_1_17' title="bbox 981 1589 2669 1660">
    <p class='ocr_par' dir='ltr' id='par_1_17' title="bbox 981 1589 2669 1660">
     <span class='ocr_line' id='line_1_17' title="bbox 981 1589 2669 1660; baseline -0.002 -16"><span class='ocrx_word' id='word_1_98' title='bbox 981 1591 1223 1644; x_wconf 89' lang='lat' dir='ltr'><strong>candum</strong></span> <span class='ocrx_word' id='word_1_99' title='bbox 1254 1606 1268 1642; x_wconf 88' lang='lat'><strong>:</strong></span> <span class='ocrx_word' id='word_1_100' title='bbox 1301 1590 1438 1660; x_wconf 87' lang='lat' dir='ltr'><strong>quia</strong></span> <span class='ocrx_word' id='word_1_101' title='bbox 1468 1605 1569 1658; x_wconf 87' lang='lat' dir='ltr'><strong>per</strong></span> <span class='ocrx_word' id='word_1_102' title='bbox 1594 1589 1783 1658; x_wconf 85' lang='lat' dir='ltr'><strong>ipsum</strong></span> <span class='ocrx_word' id='word_1_103' title='bbox 1835 1589 1996 1642; x_wconf 90' lang='lat' dir='ltr'><strong>nobis</strong></span> <span class='ocrx_word' id='word_1_104' title='bbox 2046 1591 2329 1641; x_wconf 82' lang='lat' dir='ltr'><strong>revelatur</strong></span> <span class='ocrx_word' id='word_1_105' title='bbox 2378 1596 2434 1643; x_wconf 93' lang='lat' dir='ltr'><strong>et</strong></span> <span class='ocrx_word' id='word_1_106' title='bbox 2476 1591 2669 1659; x_wconf 86' lang='lat' dir='ltr'><strong>aperi-</strong></span> 
     </span>
    </p>
   </div>
   <div class='ocr_carea' id='block_1_18' title="bbox 980 1676 2666 1749">
    <p class='ocr_par' dir='ltr' id='par_1_18' title="bbox 980 1676 2666 1749">
     <span class='ocr_line' id='line_1_18' title="bbox 980 1676 2666 1749; baseline 0 -18"><span class='ocrx_word' id='word_1_107' title='bbox 980 1682 1075 1731; x_wconf 90' lang='lat' dir='ltr'><strong>tur</strong></span> <span class='ocrx_word' id='word_1_108' title='bbox 1124 1676 1503 1746; x_wconf 85' lang='lat' dir='ltr'><strong>intelligentia</strong></span> <span class='ocrx_word' id='word_1_109' title='bbox 1548 1677 1946 1729; x_wconf 86' lang='lat' dir='ltr'><strong>mandatorum</strong></span> <span class='ocrx_word' id='word_1_110' title='bbox 1986 1678 2103 1741; x_wconf 91' lang='lat' dir='ltr'><strong>Dei,</strong></span> <span class='ocrx_word' id='word_1_111' title='bbox 2138 1682 2198 1730; x_wconf 91' lang='lat' dir='ltr'><strong>ut</strong></span> <span class='ocrx_word' id='word_1_112' title='bbox 2241 1679 2483 1731; x_wconf 79' lang='lat' dir='ltr'><strong>sciamus</strong></span> <span class='ocrx_word' id='word_1_113' title='bbox 2530 1678 2666 1749; x_wconf 89' lang='lat' dir='ltr'><strong>quid</strong></span> 
     </span>
    </p>
   </div>
   <div class='ocr_carea' id='block_1_19' title="bbox 981 1765 2669 1836">
    <p class='ocr_par' dir='ltr' id='par_1_19' title="bbox 981 1765 2669 1836">
     <span class='ocr_line' id='line_1_19' title="bbox 981 1765 2669 1836; baseline 0 -16"><span class='ocrx_word' id='word_1_114' title='bbox 981 1772 1273 1835; x_wconf 82' lang='lat' dir='ltr'><strong>appetere,</strong></span> <span class='ocrx_word' id='word_1_115' title='bbox 1309 1772 1364 1818; x_wconf 89' lang='lat' dir='ltr'><strong>et</strong></span> <span class='ocrx_word' id='word_1_116' title='bbox 1394 1765 1528 1835; x_wconf 91' lang='lat' dir='ltr'><strong>quid</strong></span> <span class='ocrx_word' id='word_1_117' title='bbox 1570 1766 1749 1818; x_wconf 85' lang='lat' dir='ltr'><strong>vitare</strong></span> <span class='ocrx_word' id='word_1_118' title='bbox 1790 1766 2121 1832; x_wconf 88' lang='lat' dir='ltr'><strong>debeamus,</strong></span> <span class='ocrx_word' id='word_1_119' title='bbox 2169 1782 2283 1818; x_wconf 90' lang='lat' dir='ltr'><strong>non</strong></span> <span class='ocrx_word' id='word_1_120' title='bbox 2326 1773 2516 1820; x_wconf 89' lang='lat' dir='ltr'><strong>autem</strong></span> <span class='ocrx_word' id='word_1_121' title='bbox 2567 1784 2669 1836; x_wconf 88' lang='lat' dir='ltr'><strong>per</strong></span> 
     </span>
    </p>
   </div>
   <div class='ocr_carea' id='block_1_20' title="bbox 2771 717 4497 791">
    <p class='ocr_par' dir='ltr' id='par_1_20' title="bbox 2771 717 4497 791">
     <span class='ocr_line' id='line_1_20' title="bbox 2771 717 4497 791; baseline -0.001 -18"><span class='ocrx_word' id='word_1_122' title='bbox 2771 720 2972 791; x_wconf 79' lang='lat' dir='ltr'><strong>jugem</strong></span> <span class='ocrx_word' id='word_1_123' title='bbox 3003 720 3252 774; x_wconf 86' lang='lat' dir='ltr'><strong>sterilem</strong></span> <span class='ocrx_word' id='word_1_124' title='bbox 3282 720 3539 789; x_wconf 85' lang='lat' dir='ltr'><strong>accepit?</strong></span> <span class='ocrx_word' id='word_1_125' title='bbox 3567 718 3674 773; x_wconf 91' lang='lat' dir='ltr'><strong>Sed</strong></span> <span class='ocrx_word' id='word_1_126' title='bbox 3704 717 3984 772; x_wconf 89' lang='lat' dir='ltr'><strong>nimirum</strong></span> <span class='ocrx_word' id='word_1_127' title='bbox 4015 722 4247 772; x_wconf 90' lang='lat' dir='ltr'><strong>constat</strong></span> <span class='ocrx_word' id='word_1_128' title='bbox 4279 734 4294 772; x_wconf 92' lang='lat'>:</span> <span class='ocrx_word' id='word_1_129' title='bbox 4354 717 4497 788; x_wconf 83' lang='lat' dir='ltr'><strong>quia</strong></span> 
     </span>
    </p>
   </div>
   <div class='ocr_carea' id='block_1_21' title="bbox 2778 806 4494 881">
    <p class='ocr_par' dir='ltr' id='par_1_21' title="bbox 2778 806 4494 881">
     <span class='ocr_line' id='line_1_21' title="bbox 2778 806 4494 881; baseline -0.001 -20"><span class='ocrx_word' id='word_1_130' title='bbox 2778 809 3204 881; x_wconf 67' lang='lat' dir='ltr'><strong>praedestinatio</strong></span> <span class='ocrx_word' id='word_1_131' title='bbox 3248 810 3515 880; x_wconf 88' lang='lat' dir='ltr'><strong>precibus</strong></span> <span class='ocrx_word' id='word_1_132' title='bbox 3541 808 3832 877; x_wconf 88' lang='lat' dir='ltr'><strong>impletur,</strong></span> <span class='ocrx_word' id='word_1_133' title='bbox 3874 807 4109 878; x_wconf 89' lang='lat' dir='ltr'><strong>quando</strong></span> <span class='ocrx_word' id='word_1_134' title='bbox 4164 807 4213 860; x_wconf 91' lang='lat' dir='ltr'><strong>is</strong></span> <span class='ocrx_word' id='word_1_135' title='bbox 4260 806 4325 860; x_wconf 92' lang='lat' dir='ltr'><strong>in</strong></span> <span class='ocrx_word' id='word_1_136' title='bbox 4375 822 4494 875; x_wconf 89' lang='lat' dir='ltr'><strong>quo</strong></span> 
     </span>
    </p>
   </div>
   <div class='ocr_carea' id='block_1_22' title="bbox 2783 895 4489 968">
    <p class='ocr_par' dir='ltr' id='par_1_22' title="bbox 2783 895 4489 968">
     <span class='ocr_line' id='line_1_22' title="bbox 2783 895 4489 968; baseline -0.002 -17"><span class='ocrx_word' id='word_1_137' title='bbox 2783 899 2927 952; x_wconf 86' lang='lat' dir='ltr'><strong>Deus</strong></span> <span class='ocrx_word' id='word_1_138' title='bbox 2995 898 3375 968; x_wconf 86' lang='lat' dir='ltr'><strong>multiplicare</strong></span> <span class='ocrx_word' id='word_1_139' title='bbox 3409 913 3604 950; x_wconf 88' lang='lat' dir='ltr'><strong>semen</strong></span> <span class='ocrx_word' id='word_1_140' title='bbox 3652 896 3894 949; x_wconf 56' lang='lat' dir='ltr'><strong>Abrahae</strong></span> <span class='ocrx_word' id='word_1_141' title='bbox 3942 895 4489 965; x_wconf 57' lang='lat' dir='ltr'><strong>praedestinaverat,</strong></span> 
     </span>
    </p>
   </div>
   <div class='ocr_carea' id='block_1_23' title="bbox 2780 984 4225 1054">
    <p class='ocr_par' dir='ltr' id='par_1_23' title="bbox 2780 984 4225 1054">
     <span class='ocr_line' id='line_1_23' title="bbox 2780 984 4225 1054; baseline -0.002 -15"><span class='ocrx_word' id='word_1_142' title='bbox 2780 987 3039 1039; x_wconf 74' lang='lat' dir='ltr'><strong>oratione</strong></span> <span class='ocrx_word' id='word_1_143' title='bbox 3070 986 3339 1051; x_wconf 87' lang='lat' dir='ltr'><strong>obtinuit,</strong></span> <span class='ocrx_word' id='word_1_144' title='bbox 3373 991 3435 1037; x_wconf 91' lang='lat' dir='ltr'><strong>ut</strong></span> <span class='ocrx_word' id='word_1_145' title='bbox 3464 985 3644 1038; x_wconf 87' lang='lat' dir='ltr'><strong>ﬁlium</strong></span> <span class='ocrx_word' id='word_1_146' title='bbox 3679 984 3889 1038; x_wconf 84' lang='lat' dir='ltr'><strong>habere</strong></span> <span class='ocrx_word' id='word_1_147' title='bbox 3921 985 4225 1054; x_wconf 89' lang='lat' dir='ltr'><strong>potuisset.</strong></span> 
     </span>
    </p>
   </div>
   <div class='ocr_carea' id='block_1_24' title="bbox 2780 1072 4488 1141">
    <p class='ocr_par' dir='ltr' id='par_1_24' title="bbox 2780 1072 4488 1141">
     <span class='ocr_line' id='line_1_24' title="bbox 2780 1072 4488 1141; baseline -0.002 -13"><span class='ocrx_word' id='word_1_148' title='bbox 2780 1076 2906 1128; x_wconf 79' lang='lat' dir='ltr'><strong>CAP.</strong></span> <span class='ocrx_word' id='word_1_149' title='bbox 2942 1076 3069 1129; x_wconf 82' lang='lat' dir='ltr'><strong>XXI.</strong></span> <span class='ocrx_word' id='word_1_150' title='bbox 3104 1105 3171 1113; x_wconf 91' lang='lat'><strong>-—</strong></span> <span class='ocrx_word' id='word_1_151' title='bbox 3197 1076 3277 1127; x_wconf 90' lang='lat' dir='ltr'><strong>De</strong></span> <span class='ocrx_word' id='word_1_152' title='bbox 3311 1073 3809 1141; x_wconf 74' lang='lat' dir='ltr'><strong>Deipraevidentia,</strong></span> <span class='ocrx_word' id='word_1_153' title='bbox 3836 1073 4001 1126; x_wconf 81' lang='lat' dir='ltr'><strong>simul</strong></span> <span class='ocrx_word' id='word_1_154' title='bbox 4034 1077 4084 1125; x_wconf 85' lang='lat' dir='ltr'><strong>et</strong></span> <span class='ocrx_word' id='word_1_155' title='bbox 4108 1072 4488 1140; x_wconf 76' lang='lat' dir='ltr'><strong>providentia.</strong></span> 
     </span>
    </p>
   </div>
   <div class='ocr_carea' id='block_1_25' title="bbox 2848 1158 4493 1229">
    <p class='ocr_par' dir='ltr' id='par_1_25' title="bbox 2848 1158 4493 1229">
     <span class='ocr_line' id='line_1_25' title="bbox 2848 1158 4493 1229; baseline -0.002 -16"><span class='ocrx_word' id='word_1_156' title='bbox 2848 1162 3110 1229; x_wconf 74' lang='lat' dir='ltr'><strong>(August.</strong></span> <span class='ocrx_word' id='word_1_157' title='bbox 3135 1160 3269 1214; x_wconf 85' lang='lat' dir='ltr'><strong>dicit</strong></span> <span class='ocrx_word' id='word_1_158' title='bbox 3293 1163 3348 1212; x_wconf 85' lang='lat' dir='ltr'><strong>in</strong></span> <span class='ocrx_word' id='word_1_159' title='bbox 3366 1162 3439 1213; x_wconf 85' lang='lat' dir='ltr'><strong>lib</strong></span> <span class='ocrx_word' id='word_1_160' title='bbox 3477 1160 3541 1212; x_wconf 87' lang='lat' dir='ltr'><strong>de</strong></span> <span class='ocrx_word' id='word_1_161' title='bbox 3566 1159 4048 1213; x_wconf 70' lang='lat' dir='ltr'><strong>Praedestinatione</strong></span> <span class='ocrx_word' id='word_1_162' title='bbox 4070 1158 4109 1227; x_wconf 88' lang='lat'><strong>:)</strong></span> <span class='ocrx_word' id='word_1_163' title='bbox 4132 1158 4493 1225; x_wconf 83' lang='lat' dir='ltr'><strong>Omnejudi-</strong></span> 
     </span>
    </p>
   </div>
   <div class='ocr_carea' id='block_1_26' title="bbox 2778 1246 4495 1317">
    <p class='ocr_par' dir='ltr' id='par_1_26' title="bbox 2778 1246 4495 1317">
     <span class='ocr_line' id='line_1_26' title="bbox 2778 1246 4495 1317; baseline -0.003 -14"><span class='ocrx_word' id='word_1_164' title='bbox 2778 1250 2928 1303; x_wconf 90' lang='lat' dir='ltr'><strong>cium</strong></span> <span class='ocrx_word' id='word_1_165' title='bbox 2959 1250 3044 1302; x_wconf 92' lang='lat' dir='ltr'><strong>sui</strong></span> <span class='ocrx_word' id='word_1_166' title='bbox 3077 1249 3388 1302; x_wconf 86' lang='lat' dir='ltr'><strong>secundum</strong></span> <span class='ocrx_word' id='word_1_167' title='bbox 3420 1254 3707 1310; x_wconf 89' lang='lat' dir='ltr'><strong>naturam,</strong></span> <span class='ocrx_word' id='word_1_168' title='bbox 3739 1263 3868 1317; x_wconf 65' lang='lat' dir='ltr'><strong>quas</strong></span> <span class='ocrx_word' id='word_1_169' title='bbox 3897 1246 4005 1299; x_wconf 90' lang='lat' dir='ltr'><strong>sibi</strong></span> <span class='ocrx_word' id='word_1_170' title='bbox 4059 1247 4325 1316; x_wconf 88' lang='lat' dir='ltr'><strong>subjecta</strong></span> <span class='ocrx_word' id='word_1_171' title='bbox 4353 1251 4495 1299; x_wconf 87' lang='lat' dir='ltr'><strong>sunt</strong></span> 
     </span>
    </p>
   </div>
   <div class='ocr_carea' id='block_1_27' title="bbox 2778 1337 4494 1407">
    <p class='ocr_par' dir='ltr' id='par_1_27' title="bbox 2778 1337 4494 1407">
     <span class='ocr_line' id='line_1_27' title="bbox 2778 1337 4494 1407; baseline -0.003 -14"><span class='ocrx_word' id='word_1_172' title='bbox 2778 1337 3229 1407; x_wconf 86' lang='lat' dir='ltr'><strong>comprehendit.</strong></span> <span class='ocrx_word' id='word_1_173' title='bbox 3265 1338 3358 1390; x_wconf 84' lang='lat' dir='ltr'><strong>Est</strong></span> <span class='ocrx_word' id='word_1_174' title='bbox 3377 1342 3566 1389; x_wconf 90' lang='lat' dir='ltr'><strong>autem</strong></span> <span class='ocrx_word' id='word_1_175' title='bbox 3592 1337 3706 1389; x_wconf 90' lang='lat' dir='ltr'><strong>Deo</strong></span> <span class='ocrx_word' id='word_1_176' title='bbox 3729 1352 3957 1405; x_wconf 89' lang='lat' dir='ltr'><strong>semper</strong></span> <span class='ocrx_word' id='word_1_177' title='bbox 3975 1340 4230 1388; x_wconf 68' lang='lat' dir='ltr'><strong>aeternus</strong></span> <span class='ocrx_word' id='word_1_178' title='bbox 4253 1351 4321 1388; x_wconf 88' lang='lat' dir='ltr'><strong>ac</strong></span> <span class='ocrx_word' id='word_1_179' title='bbox 4346 1352 4494 1404; x_wconf 69' lang='lat' dir='ltr'><strong>pra:-</strong></span> 
     </span>
    </p>
   </div>
   <div class='ocr_carea' id='block_1_28' title="bbox 2779 1424 4495 1494">
    <p class='ocr_par' dir='ltr' id='par_1_28' title="bbox 2779 1424 4495 1494">
     <span class='ocr_line' id='line_1_28' title="bbox 2779 1424 4495 1494; baseline -0.002 -15"><span class='ocrx_word' id='word_1_180' title='bbox 2779 1427 3060 1479; x_wconf 88' lang='lat' dir='ltr'><strong>sentarius</strong></span> <span class='ocrx_word' id='word_1_181' title='bbox 3087 1431 3282 1479; x_wconf 87' lang='lat' dir='ltr'><strong>status.</strong></span> <span class='ocrx_word' id='word_1_182' title='bbox 3320 1425 3566 1479; x_wconf 89' lang='lat' dir='ltr'><strong>Scientia</strong></span> <span class='ocrx_word' id='word_1_183' title='bbox 3593 1440 3822 1494; x_wconf 88' lang='lat' dir='ltr'><strong>quoque</strong></span> <span class='ocrx_word' id='word_1_184' title='bbox 3854 1424 3979 1492; x_wconf 80' lang='lat' dir='ltr'><strong>ejus</strong></span> <span class='ocrx_word' id='word_1_185' title='bbox 3999 1439 4237 1477; x_wconf 90' lang='lat' dir='ltr'><strong>omnem</strong></span> <span class='ocrx_word' id='word_1_186' title='bbox 4272 1429 4495 1493; x_wconf 88' lang='lat' dir='ltr'><strong>tempo-</strong></span> 
     </span>
    </p>
   </div>
   <div class='ocr_carea' id='block_1_29' title="bbox 2779 1512 4491 1583">
    <p class='ocr_par' dir='ltr' id='par_1_29' title="bbox 2779 1512 4491 1583">
     <span class='ocr_line' id='line_1_29' title="bbox 2779 1512 4491 1583; baseline -0.001 -16"><span class='ocrx_word' id='word_1_187' title='bbox 2779 1516 2854 1568; x_wconf 87' lang='lat' dir='ltr'><strong>ris</strong></span> <span class='ocrx_word' id='word_1_188' title='bbox 2885 1530 3247 1583; x_wconf 90' lang='lat' dir='ltr'><strong>supergressa</strong></span> <span class='ocrx_word' id='word_1_189' title='bbox 3278 1514 3595 1575; x_wconf 87' lang='lat' dir='ltr'><strong>notionem,</strong></span> <span class='ocrx_word' id='word_1_190' title='bbox 3630 1512 3688 1565; x_wconf 91' lang='lat' dir='ltr'><strong>in</strong></span> <span class='ocrx_word' id='word_1_191' title='bbox 3720 1528 3832 1565; x_wconf 65' lang='lat' dir='ltr'><strong>sua;</strong></span> <span class='ocrx_word' id='word_1_192' title='bbox 3881 1517 4077 1565; x_wconf 86' lang='lat' dir='ltr'><strong>manet</strong></span> <span class='ocrx_word' id='word_1_193' title='bbox 4107 1512 4491 1581; x_wconf 88' lang='lat' dir='ltr'><strong>simplicitate</strong></span> 
     </span>
    </p>
   </div>
   <div class='ocr_carea' id='block_1_30' title="bbox 2778 1600 4493 1673">
    <p class='ocr_par' dir='ltr' id='par_1_30' title="bbox 2778 1600 4493 1673">
     <span class='ocr_line' id='line_1_30' title="bbox 2778 1600 4493 1673; baseline -0.001 -19"><span class='ocrx_word' id='word_1_194' title='bbox 2778 1604 3137 1673; x_wconf 57' lang='lat' dir='ltr'><strong>praesentia:</strong></span> <span class='ocrx_word' id='word_1_195' title='bbox 3190 1602 3529 1671; x_wconf 89' lang='lat' dir='ltr'><strong>inﬁnitaque</strong></span> <span class='ocrx_word' id='word_1_196' title='bbox 3595 1600 3874 1671; x_wconf 65' lang='lat' dir='ltr'><strong>praeteriti</strong></span> <span class='ocrx_word' id='word_1_197' title='bbox 3934 1616 3997 1653; x_wconf 85' lang='lat' dir='ltr'><strong>ac</strong></span> <span class='ocrx_word' id='word_1_198' title='bbox 4048 1600 4231 1653; x_wconf 88' lang='lat' dir='ltr'><strong>futuri</strong></span> <span class='ocrx_word' id='word_1_199' title='bbox 4289 1600 4493 1669; x_wconf 85' lang='lat' dir='ltr'><strong>spacia</strong></span> 
     </span>
    </p>
   </div>
   <div class='ocr_carea' id='block_1_31' title="bbox 2778 1688 4492 1761">
    <p class='ocr_par' dir='ltr' id='par_1_31' title="bbox 2778 1688 4492 1761">
     <span class='ocr_line' id='line_1_31' title="bbox 2778 1688 4492 1761; baseline -0.001 -17"><span class='ocrx_word' id='word_1_200' title='bbox 2778 1692 3178 1761; x_wconf 88' lang='lat' dir='ltr'><strong>complectens,</strong></span> <span class='ocrx_word' id='word_1_201' title='bbox 3213 1690 3404 1743; x_wconf 89' lang='lat' dir='ltr'><strong>omnia</strong></span> <span class='ocrx_word' id='word_1_202' title='bbox 3440 1689 3601 1759; x_wconf 88' lang='lat' dir='ltr'><strong>quasi</strong></span> <span class='ocrx_word' id='word_1_203' title='bbox 3624 1689 3746 1758; x_wconf 88' lang='lat' dir='ltr'><strong>jam</strong></span> <span class='ocrx_word' id='word_1_204' title='bbox 3782 1693 4058 1758; x_wconf 88' lang='lat' dir='ltr'><strong>gerantur</strong></span> <span class='ocrx_word' id='word_1_205' title='bbox 4087 1688 4147 1741; x_wconf 92' lang='lat' dir='ltr'><strong>in</strong></span> <span class='ocrx_word' id='word_1_206' title='bbox 4179 1705 4288 1741; x_wconf 90' lang='lat' dir='ltr'><strong>sua</strong></span> <span class='ocrx_word' id='word_1_207' title='bbox 4339 1688 4492 1742; x_wconf 88' lang='lat' dir='ltr'><strong>sim-</strong></span> 
     </span>
    </p>
   </div>
   <div class='ocr_carea' id='block_1_32' title="bbox 2778 1775 4491 1850">
    <p class='ocr_par' dir='ltr' id='par_1_32' title="bbox 2778 1775 4491 1850">
     <span class='ocr_line' id='line_1_32' title="bbox 2778 1775 4491 1850; baseline -0.002 -17"><span class='ocrx_word' id='word_1_208' title='bbox 2778 1780 2910 1850; x_wconf 76' lang='lat' dir='ltr'><strong>plici</strong></span> <span class='ocrx_word' id='word_1_209' title='bbox 2963 1780 3285 1849; x_wconf 89' lang='lat' dir='ltr'><strong>cognitione</strong></span> <span class='ocrx_word' id='word_1_210' title='bbox 3356 1777 3695 1831; x_wconf 85' lang='lat' dir='ltr'><strong>considerat.</strong></span> <span class='ocrx_word' id='word_1_211' title='bbox 3754 1778 3951 1846; x_wconf 86' lang='lat' dir='ltr'><strong>Itaque</strong></span> <span class='ocrx_word' id='word_1_212' title='bbox 4006 1775 4053 1829; x_wconf 93' lang='lat' dir='ltr'><strong>si</strong></span> <span class='ocrx_word' id='word_1_213' title='bbox 4107 1776 4491 1847; x_wconf 63' lang='lat' dir='ltr'><strong>praesentiam</strong></span> 
     </span>
    </p>
   </div>
   <div class='ocr_carea' id='block_1_33' title="bbox 979 1854 4495 1949">
    <p class='ocr_par' dir='ltr' id='par_1_33' title="bbox 979 1854 4495 1949">
     <span class='ocr_line' id='line_1_33' title="bbox 979 1854 4495 1949; baseline -0.001 -40"><span class='ocrx_word' id='word_1_214' title='bbox 979 1854 1137 1909; x_wconf 84' lang='lat' dir='ltr'><strong>illam</strong></span> <span class='ocrx_word' id='word_1_215' title='bbox 1189 1855 1353 1909; x_wconf 88' lang='lat' dir='ltr'><strong>nobis</strong></span> <span class='ocrx_word' id='word_1_216' title='bbox 1404 1855 1681 1924; x_wconf 77' lang='lat' dir='ltr'><strong>praestari,</strong></span> <span class='ocrx_word' id='word_1_217' title='bbox 1736 1860 1798 1908; x_wconf 91' lang='lat' dir='ltr'><strong>ut</strong></span> <span class='ocrx_word' id='word_1_218' title='bbox 1824 1856 1974 1925; x_wconf 88' lang='lat' dir='ltr'><strong>quod</strong></span> <span class='ocrx_word' id='word_1_219' title='bbox 2029 1855 2353 1909; x_wconf 83' lang='lat' dir='ltr'><strong>faciendum</strong></span> <span class='ocrx_word' id='word_1_220' title='bbox 2401 1856 2665 1926; x_wconf 87' lang='lat' dir='ltr'><strong>cognovi-</strong></span> <span class='ocrx_word' id='word_1_221' title='bbox 2699 1896 2739 1949; x_wconf 77' lang='grc' dir='ltr'><strong>Β</strong></span> <span class='ocrx_word' id='word_1_222' title='bbox 2779 1886 3017 1939; x_wconf 67' lang='lat' dir='ltr'><strong>pensare</strong></span> <span class='ocrx_word' id='word_1_223' title='bbox 3050 1868 3177 1938; x_wconf 73' lang='lat' dir='ltr'><strong>quis</strong></span> <span class='ocrx_word' id='word_1_224' title='bbox 3209 1868 3363 1932; x_wconf 61' lang='lat' dir='ltr'><strong>velit,</strong></span> <span class='ocrx_word' id='word_1_225' title='bbox 3416 1881 3528 1935; x_wconf 72' lang='lat' dir='ltr'><strong>qua</strong></span> <span class='ocrx_word' id='word_1_226' title='bbox 3554 1869 3757 1918; x_wconf 60' lang='lat' dir='ltr'><strong>cuncta</strong></span> <span class='ocrx_word' id='word_1_227' title='bbox 3812 1864 4145 1933; x_wconf 66' lang='lat' dir='ltr'><strong>dignoscit;</strong></span> <span class='ocrx_word' id='word_1_228' title='bbox 4197 1881 4321 1918; x_wconf 76' lang='lat' dir='ltr'><strong>non</strong></span> <span class='ocrx_word' id='word_1_229' title='bbox 4364 1881 4495 1917; x_wconf 68' lang='lat' dir='ltr'><strong>esse</strong></span> 
     </span>
    </p>
   </div>
   <div class='ocr_carea' id='block_1_34' title="bbox 980 1943 2667 2014">
    <p class='ocr_par' dir='ltr' id='par_1_34' title="bbox 980 1943 2667 2014">
     <span class='ocr_line' id='line_1_34' title="bbox 980 1943 2667 2014; baseline -0.001 -16"><span class='ocrx_word' id='word_1_230' title='bbox 980 1960 1128 2010; x_wconf 91' lang='lat' dir='ltr'><strong>mus,</strong></span> <span class='ocrx_word' id='word_1_231' title='bbox 1153 1943 1327 1997; x_wconf 89' lang='lat' dir='ltr'><strong>etiam</strong></span> <span class='ocrx_word' id='word_1_232' title='bbox 1359 1943 1541 1998; x_wconf 87' lang='lat' dir='ltr'><strong>facere</strong></span> <span class='ocrx_word' id='word_1_233' title='bbox 1586 1943 1891 2012; x_wconf 88' lang='lat' dir='ltr'><strong>diligamus</strong></span> <span class='ocrx_word' id='word_1_234' title='bbox 1939 1948 2109 2014; x_wconf 89' lang='lat' dir='ltr'><strong>atque</strong></span> <span class='ocrx_word' id='word_1_235' title='bbox 2163 1944 2473 2010; x_wconf 86' lang='lat' dir='ltr'><strong>valeamus,</strong></span> <span class='ocrx_word' id='word_1_236' title='bbox 2528 1960 2667 1997; x_wconf 88' lang='lat' dir='ltr'><strong>ana-</strong></span> 
     </span>
    </p>
   </div>
   <div class='ocr_carea' id='block_1_35' title="bbox 979 2032 2665 2103">
    <p class='ocr_par' dir='ltr' id='par_1_35' title="bbox 979 2032 2665 2103">
     <span class='ocr_line' id='line_1_35' title="bbox 979 2032 2665 2103; baseline 0.001 -18"><span class='ocrx_word' id='word_1_237' title='bbox 979 2032 1171 2086; x_wconf 88' lang='lat' dir='ltr'><strong>thema</strong></span> <span class='ocrx_word' id='word_1_238' title='bbox 1194 2032 1285 2086; x_wconf 86' lang='lat' dir='ltr'><strong>sit.</strong></span> <span class='ocrx_word' id='word_1_239' title='bbox 1321 2032 1463 2087; x_wconf 91' lang='lat' dir='ltr'><strong>Cum</strong></span> <span class='ocrx_word' id='word_1_240' title='bbox 1495 2032 1647 2085; x_wconf 90' lang='lat' dir='ltr'><strong>enim</strong></span> <span class='ocrx_word' id='word_1_241' title='bbox 1680 2032 1831 2086; x_wconf 90' lang='lat' dir='ltr'><strong>dicat</strong></span> <span class='ocrx_word' id='word_1_242' title='bbox 1875 2034 2179 2103; x_wconf 82' lang='lat' dir='ltr'><strong>Apostolus</strong></span> <span class='ocrx_word' id='word_1_243' title='bbox 2212 2049 2224 2086; x_wconf 90' lang='lat'><strong>:</strong></span> <span class='ocrx_word' id='word_1_244' title='bbox 2276 2033 2522 2086; x_wconf 87' lang='lat' dir='ltr'><strong>Scientia</strong></span> <span class='ocrx_word' id='word_1_245' title='bbox 2578 2033 2665 2086; x_wconf 90' lang='lat' dir='ltr'><strong>in-</strong></span> 
     </span>
    </p>
   </div>
   <div class='ocr_carea' id='block_1_36' title="bbox 979 2119 2669 2190">
    <p class='ocr_par' dir='ltr' id='par_1_36' title="bbox 979 2119 2669 2190">
     <span class='ocr_line' id='line_1_36' title="bbox 979 2119 2669 2190; baseline 0 -15"><span class='ocrx_word' id='word_1_246' title='bbox 979 2119 1097 2187; x_wconf 84' lang='lat' dir='ltr'><strong>ﬂat,</strong></span> <span class='ocrx_word' id='word_1_247' title='bbox 1149 2120 1393 2175; x_wconf 79' lang='lat' dir='ltr'><strong>charitas</strong></span> <span class='ocrx_word' id='word_1_248' title='bbox 1442 2137 1577 2174; x_wconf 87' lang='lat' dir='ltr'><strong>vero</strong></span> <span class='ocrx_word' id='word_1_249' title='bbox 1624 2121 1909 2175; x_wconf 62' lang='lat' dir='ltr'><strong>mdiﬁcat:</strong></span> <span class='ocrx_word' id='word_1_250' title='bbox 1965 2122 2127 2174; x_wconf 86' lang='lat' dir='ltr'><strong>valde</strong></span> <span class='ocrx_word' id='word_1_251' title='bbox 2172 2121 2416 2190; x_wconf 90' lang='lat' dir='ltr'><strong>impium</strong></span> <span class='ocrx_word' id='word_1_252' title='bbox 2469 2126 2552 2175; x_wconf 88' lang='lat' dir='ltr'><strong>est</strong></span> <span class='ocrx_word' id='word_1_253' title='bbox 2609 2127 2669 2175; x_wconf 90' lang='lat' dir='ltr'><strong>ut</strong></span> 
     </span>
    </p>
   </div>
   <div class='ocr_carea' id='block_1_37' title="bbox 978 2208 2667 2280">
    <p class='ocr_par' dir='ltr' id='par_1_37' title="bbox 978 2208 2667 2280">
     <span class='ocr_line' id='line_1_37' title="bbox 978 2208 2667 2280; baseline 0.001 -17"><span class='ocrx_word' id='word_1_254' title='bbox 978 2209 1298 2272; x_wconf 89' lang='lat' dir='ltr'><strong>credamus,</strong></span> <span class='ocrx_word' id='word_1_255' title='bbox 1350 2209 1418 2263; x_wconf 92' lang='lat' dir='ltr'><strong>ad</strong></span> <span class='ocrx_word' id='word_1_256' title='bbox 1467 2225 1593 2263; x_wconf 88' lang='lat' dir='ltr'><strong>eam</strong></span> <span class='ocrx_word' id='word_1_257' title='bbox 1635 2225 1763 2280; x_wconf 72' lang='lat' dir='ltr'><strong>qua:</strong></span> <span class='ocrx_word' id='word_1_258' title='bbox 1809 2208 1970 2264; x_wconf 88' lang='lat' dir='ltr'><strong>inﬁat</strong></span> <span class='ocrx_word' id='word_1_259' title='bbox 2019 2226 2120 2263; x_wconf 91' lang='lat' dir='ltr'><strong>nos</strong></span> <span class='ocrx_word' id='word_1_260' title='bbox 2172 2210 2381 2263; x_wconf 86' lang='lat' dir='ltr'><strong>habere</strong></span> <span class='ocrx_word' id='word_1_261' title='bbox 2428 2212 2667 2279; x_wconf 87' lang='lat' dir='ltr'><strong>gratiam</strong></span> 
     </span>
    </p>
   </div>
   <div class='ocr_carea' id='block_1_38' title="bbox 982 2297 2670 2369">
    <p class='ocr_par' dir='ltr' id='par_1_38' title="bbox 982 2297 2670 2369">
     <span class='ocr_line' id='line_1_38' title="bbox 982 2297 2670 2369; baseline 0 -17"><span class='ocrx_word' id='word_1_262' title='bbox 982 2297 1213 2363; x_wconf 88' lang='lat' dir='ltr'><strong>Christi,</strong></span> <span class='ocrx_word' id='word_1_263' title='bbox 1245 2302 1301 2352; x_wconf 92' lang='lat' dir='ltr'><strong>et</strong></span> <span class='ocrx_word' id='word_1_264' title='bbox 1329 2297 1398 2351; x_wconf 89' lang='lat' dir='ltr'><strong>ad</strong></span> <span class='ocrx_word' id='word_1_265' title='bbox 1429 2314 1554 2352; x_wconf 91' lang='lat' dir='ltr'><strong>eam</strong></span> <span class='ocrx_word' id='word_1_266' title='bbox 1583 2314 1711 2369; x_wconf 63' lang='lat' dir='ltr'><strong>quas</strong></span> <span class='ocrx_word' id='word_1_267' title='bbox 1742 2298 1985 2352; x_wconf 65' lang='lat' dir='ltr'><strong>mdiﬁcat</strong></span> <span class='ocrx_word' id='word_1_268' title='bbox 2013 2314 2130 2352; x_wconf 91' lang='lat' dir='ltr'><strong>non</strong></span> <span class='ocrx_word' id='word_1_269' title='bbox 2161 2299 2389 2363; x_wconf 87' lang='lat' dir='ltr'><strong>habere,</strong></span> <span class='ocrx_word' id='word_1_270' title='bbox 2423 2315 2551 2352; x_wconf 92' lang='lat' dir='ltr'><strong>cum</strong></span> <span class='ocrx_word' id='word_1_271' title='bbox 2599 2300 2670 2352; x_wconf 90' lang='lat' dir='ltr'><strong>sit</strong></span> 
     </span>
    </p>
   </div>
   <div class='ocr_carea' id='block_1_39' title="bbox 983 2385 2672 2458">
    <p class='ocr_par' dir='ltr' id='par_1_39' title="bbox 983 2385 2672 2458">
     <span class='ocr_line' id='line_1_39' title="bbox 983 2385 2672 2458; baseline 0.001 -18"><span class='ocrx_word' id='word_1_272' title='bbox 983 2391 1293 2458; x_wconf 89' lang='lat' dir='ltr'><strong>utrumque</strong></span> <span class='ocrx_word' id='word_1_273' title='bbox 1307 2387 1524 2440; x_wconf 91' lang='lat' dir='ltr'><strong>donum</strong></span> <span class='ocrx_word' id='word_1_274' title='bbox 1549 2385 1668 2453; x_wconf 89' lang='lat' dir='ltr'><strong>Dei,</strong></span> <span class='ocrx_word' id='word_1_275' title='bbox 1687 2391 1742 2440; x_wconf 90' lang='lat' dir='ltr'><strong>et</strong></span> <span class='ocrx_word' id='word_1_276' title='bbox 1758 2386 1899 2440; x_wconf 91' lang='lat' dir='ltr'><strong>scire</strong></span> <span class='ocrx_word' id='word_1_277' title='bbox 1912 2386 2048 2456; x_wconf 90' lang='lat' dir='ltr'><strong>quid</strong></span> <span class='ocrx_word' id='word_1_278' title='bbox 2065 2386 2247 2440; x_wconf 90' lang='lat' dir='ltr'><strong>facere</strong></span> <span class='ocrx_word' id='word_1_279' title='bbox 2262 2387 2591 2452; x_wconf 86' lang='lat' dir='ltr'><strong>debeamus,</strong></span> <span class='ocrx_word' id='word_1_280' title='bbox 2616 2393 2672 2441; x_wconf 89' lang='lat' dir='ltr'><strong>et</strong></span> 
     </span>
    </p>
   </div>
   <div class='ocr_carea' id='block_1_40' title="bbox 984 2474 2667 2545">
    <p class='ocr_par' dir='ltr' id='par_1_40' title="bbox 984 2474 2667 2545">
     <span class='ocr_line' id='line_1_40' title="bbox 984 2474 2667 2545; baseline -0.002 -16"><span class='ocrx_word' id='word_1_281' title='bbox 984 2474 1225 2545; x_wconf 90' lang='lat' dir='ltr'><strong>diligere</strong></span> <span class='ocrx_word' id='word_1_282' title='bbox 1261 2480 1325 2529; x_wconf 90' lang='lat' dir='ltr'><strong>ut</strong></span> <span class='ocrx_word' id='word_1_283' title='bbox 1352 2474 1648 2539; x_wconf 88' lang='lat' dir='ltr'><strong>faciamus,</strong></span> <span class='ocrx_word' id='word_1_284' title='bbox 1682 2480 1744 2528; x_wconf 91' lang='lat' dir='ltr'><strong>ut</strong></span> <span class='ocrx_word' id='word_1_285' title='bbox 1763 2474 2079 2529; x_wconf 75' lang='lat' dir='ltr'><strong>aediﬁcante</strong></span> <span class='ocrx_word' id='word_1_286' title='bbox 2111 2474 2407 2541; x_wconf 78' lang='lat' dir='ltr'><strong>cliaritate,</strong></span> <span class='ocrx_word' id='word_1_287' title='bbox 2439 2474 2667 2526; x_wconf 78' lang='lat' dir='ltr'><strong>scientia</strong></span> 
     </span>
    </p>
   </div>
   <div class='ocr_carea' id='block_1_41' title="bbox 982 2562 2670 2634">
    <p class='ocr_par' dir='ltr' id='par_1_41' title="bbox 982 2562 2670 2634">
     <span class='ocr_line' id='line_1_41' title="bbox 982 2562 2670 2634; baseline -0.002 -16"><span class='ocrx_word' id='word_1_288' title='bbox 982 2579 1101 2618; x_wconf 90' lang='lat' dir='ltr'><strong>non</strong></span> <span class='ocrx_word' id='word_1_289' title='bbox 1126 2563 1304 2633; x_wconf 88' lang='lat' dir='ltr'><strong>possit</strong></span> <span class='ocrx_word' id='word_1_290' title='bbox 1318 2563 1536 2617; x_wconf 86' lang='lat' dir='ltr'><strong>inﬂare.</strong></span> <span class='ocrx_word' id='word_1_291' title='bbox 1557 2563 1913 2618; x_wconf 87' lang='lat' dir='ltr'><strong>Sicutautem</strong></span> <span class='ocrx_word' id='word_1_292' title='bbox 1935 2563 2004 2617; x_wconf 92' lang='lat' dir='ltr'><strong>de</strong></span> <span class='ocrx_word' id='word_1_293' title='bbox 2021 2565 2133 2617; x_wconf 91' lang='lat' dir='ltr'><strong>Deo</strong></span> <span class='ocrx_word' id='word_1_294' title='bbox 2149 2564 2420 2634; x_wconf 87' lang='lat' dir='ltr'><strong>scriptum</strong></span> <span class='ocrx_word' id='word_1_295' title='bbox 2435 2568 2535 2616; x_wconf 73' lang='lat' dir='ltr'><strong>est:</strong></span> <span class='ocrx_word' id='word_1_296' title='bbox 2564 2562 2670 2626; x_wconf 87' lang='lat' dir='ltr'><strong>Qui</strong></span> 
     </span>
    </p>
   </div>
   <div class='ocr_carea' id='block_1_42' title="bbox 986 2652 2667 2723">
    <p class='ocr_par' dir='ltr' id='par_1_42' title="bbox 986 2652 2667 2723">
     <span class='ocr_line' id='line_1_42' title="bbox 986 2652 2667 2723; baseline -0.001 -17"><span class='ocrx_word' id='word_1_297' title='bbox 986 2652 1151 2706; x_wconf 90' lang='lat' dir='ltr'><strong>docet</strong></span> <span class='ocrx_word' id='word_1_298' title='bbox 1170 2652 1461 2706; x_wconf 90' lang='lat' dir='ltr'><strong>hominem</strong></span> <span class='ocrx_word' id='word_1_299' title='bbox 1497 2652 1790 2707; x_wconf 83' lang='lat' dir='ltr'><strong>scientiam</strong></span> <span class='ocrx_word' id='word_1_300' title='bbox 1824 2669 1839 2707; x_wconf 86' lang='lat'><strong>:</strong></span> <span class='ocrx_word' id='word_1_301' title='bbox 1885 2653 1963 2707; x_wconf 88' lang='lat' dir='ltr'><strong>ita</strong></span> <span class='ocrx_word' id='word_1_302' title='bbox 1990 2652 2160 2706; x_wconf 89' lang='lat' dir='ltr'><strong>etiam</strong></span> <span class='ocrx_word' id='word_1_303' title='bbox 2217 2655 2487 2723; x_wconf 89' lang='lat' dir='ltr'><strong>scriptum</strong></span> <span class='ocrx_word' id='word_1_304' title='bbox 2543 2658 2667 2705; x_wconf 87' lang='lat' dir='ltr'><strong>est:</strong></span> 
     </span>
    </p>
   </div>
   <div class='ocr_carea' id='block_1_43' title="bbox 984 2740 2671 2811">
    <p class='ocr_par' dir='ltr' id='par_1_43' title="bbox 984 2740 2671 2811">
     <span class='ocr_line' id='line_1_43' title="bbox 984 2740 2671 2811; baseline -0.002 -16"><span class='ocrx_word' id='word_1_305' title='bbox 984 2740 1239 2795; x_wconf 88' lang='lat' dir='ltr'><strong>Charitas</strong></span> <span class='ocrx_word' id='word_1_306' title='bbox 1269 2757 1333 2794; x_wconf 92' lang='lat' dir='ltr'><strong>ex</strong></span> <span class='ocrx_word' id='word_1_307' title='bbox 1366 2742 1480 2795; x_wconf 88' lang='lat' dir='ltr'><strong>Deo</strong></span> <span class='ocrx_word' id='word_1_308' title='bbox 1515 2746 1617 2794; x_wconf 90' lang='lat' dir='ltr'><strong>est.</strong></span> <span class='ocrx_word' id='word_1_309' title='bbox 1644 2742 1784 2795; x_wconf 88' lang='lat' dir='ltr'><strong>ltem</strong></span> <span class='ocrx_word' id='word_1_310' title='bbox 1812 2741 2011 2811; x_wconf 90' lang='lat' dir='ltr'><strong>quinto</strong></span> <span class='ocrx_word' id='word_1_311' title='bbox 2059 2742 2259 2810; x_wconf 85' lang='lat' dir='ltr'><strong>capite,</strong></span> <span class='ocrx_word' id='word_1_312' title='bbox 2305 2746 2367 2793; x_wconf 89' lang='lat' dir='ltr'><strong>ut</strong></span> <span class='ocrx_word' id='word_1_313' title='bbox 2410 2740 2671 2811; x_wconf 87' lang='lat' dir='ltr'><strong>quisquis</strong></span> 
     </span>
    </p>
   </div>
   <div class='ocr_carea' id='block_1_44' title="bbox 981 2829 2673 2900">
    <p class='ocr_par' dir='ltr' id='par_1_44' title="bbox 981 2829 2673 2900">
     <span class='ocr_line' id='line_1_44' title="bbox 981 2829 2673 2900; baseline -0.002 -17"><span class='ocrx_word' id='word_1_314' title='bbox 981 2829 1208 2898; x_wconf 86' lang='lat' dir='ltr'><strong>dixerit,</strong></span> <span class='ocrx_word' id='word_1_315' title='bbox 1262 2829 1392 2883; x_wconf 91' lang='lat' dir='ltr'><strong>ideo</strong></span> <span class='ocrx_word' id='word_1_316' title='bbox 1446 2829 1612 2883; x_wconf 91' lang='lat' dir='ltr'><strong>nobis</strong></span> <span class='ocrx_word' id='word_1_317' title='bbox 1670 2829 1911 2900; x_wconf 89' lang='lat' dir='ltr'><strong>gratiam</strong></span> <span class='ocrx_word' id='word_1_318' title='bbox 1959 2829 2385 2899; x_wconf 85' lang='lat' dir='ltr'><strong>justiﬁcationis</strong></span> <span class='ocrx_word' id='word_1_319' title='bbox 2434 2829 2575 2888; x_wconf 88' lang='lat' dir='ltr'><strong>dari,</strong></span> <span class='ocrx_word' id='word_1_320' title='bbox 2613 2834 2673 2881; x_wconf 89' lang='lat' dir='ltr'><strong>ut</strong></span> 
     </span>
    </p>
   </div>
   <div class='ocr_carea' id='block_1_45' title="bbox 981 2918 2673 2989">
    <p class='ocr_par' dir='ltr' id='par_1_45' title="bbox 981 2918 2673 2989">
     <span class='ocr_line' id='line_1_45' title="bbox 981 2918 2673 2989; baseline -0.002 -16"><span class='ocrx_word' id='word_1_321' title='bbox 981 2918 1133 2989; x_wconf 87' lang='lat' dir='ltr'><strong>quod</strong></span> <span class='ocrx_word' id='word_1_322' title='bbox 1165 2918 1348 2973; x_wconf 90' lang='lat' dir='ltr'><strong>facere</strong></span> <span class='ocrx_word' id='word_1_323' title='bbox 1379 2935 1482 2988; x_wconf 89' lang='lat' dir='ltr'><strong>per</strong></span> <span class='ocrx_word' id='word_1_324' title='bbox 1511 2919 1758 2973; x_wconf 89' lang='lat' dir='ltr'><strong>liberum</strong></span> <span class='ocrx_word' id='word_1_325' title='bbox 1779 2920 2053 2989; x_wconf 88' lang='lat' dir='ltr'><strong>jubemur</strong></span> <span class='ocrx_word' id='word_1_326' title='bbox 2087 2919 2408 2983; x_wconf 87' lang='lat' dir='ltr'><strong>arbitrium,</strong></span> <span class='ocrx_word' id='word_1_327' title='bbox 2452 2918 2673 2971; x_wconf 83' lang='lat' dir='ltr'><strong>facilius</strong></span> 
     </span>
    </p>
   </div>
   <div class='ocr_carea' id='block_1_46' title="bbox 981 3007 2671 3079">
    <p class='ocr_par' dir='ltr' id='par_1_46' title="bbox 981 3007 2671 3079">
     <span class='ocr_line' id='line_1_46' title="bbox 981 3007 2671 3079; baseline -0.001 -19"><span class='ocrx_word' id='word_1_328' title='bbox 981 3009 1267 3077; x_wconf 88' lang='lat' dir='ltr'><strong>possimus</strong></span> <span class='ocrx_word' id='word_1_329' title='bbox 1297 3007 1535 3078; x_wconf 89' lang='lat' dir='ltr'><strong>implere</strong></span> <span class='ocrx_word' id='word_1_330' title='bbox 1569 3024 1671 3079; x_wconf 89' lang='lat' dir='ltr'><strong>per</strong></span> <span class='ocrx_word' id='word_1_331' title='bbox 1700 3009 1964 3079; x_wconf 88' lang='lat' dir='ltr'><strong>gratiam,</strong></span> <span class='ocrx_word' id='word_1_332' title='bbox 2000 3008 2129 3061; x_wconf 88' lang='lat' dir='ltr'><strong>licet</strong></span> <span class='ocrx_word' id='word_1_333' title='bbox 2156 3014 2213 3061; x_wconf 92' lang='lat' dir='ltr'><strong>et</strong></span> <span class='ocrx_word' id='word_1_334' title='bbox 2243 3008 2286 3060; x_wconf 92' lang='lat' dir='ltr'><strong>si</strong></span> <span class='ocrx_word' id='word_1_335' title='bbox 2318 3008 2503 3077; x_wconf 84' lang='lat' dir='ltr'><strong>gratia</strong></span> <span class='ocrx_word' id='word_1_336' title='bbox 2556 3022 2671 3060; x_wconf 90' lang='lat' dir='ltr'><strong>non</strong></span> 
     </span>
    </p>
   </div>
   <div class='ocr_carea' id='block_1_47' title="bbox 986 3095 2670 3167">
    <p class='ocr_par' dir='ltr' id='par_1_47' title="bbox 986 3095 2670 3167">
     <span class='ocr_line' id='line_1_47' title="bbox 986 3095 2670 3167; baseline -0.003 -17"><span class='ocrx_word' id='word_1_337' title='bbox 986 3095 1239 3161; x_wconf 86' lang='lat' dir='ltr'><strong>daretur,</strong></span> <span class='ocrx_word' id='word_1_338' title='bbox 1307 3112 1422 3151; x_wconf 90' lang='lat' dir='ltr'><strong>non</strong></span> <span class='ocrx_word' id='word_1_339' title='bbox 1476 3096 1712 3167; x_wconf 90' lang='lat' dir='ltr'><strong>quidem</strong></span> <span class='ocrx_word' id='word_1_340' title='bbox 1770 3097 1951 3163; x_wconf 85' lang='lat' dir='ltr'><strong>facile,</strong></span> <span class='ocrx_word' id='word_1_341' title='bbox 2011 3097 2105 3151; x_wconf 89' lang='lat' dir='ltr'><strong>sed</strong></span> <span class='ocrx_word' id='word_1_342' title='bbox 2133 3102 2324 3150; x_wconf 91' lang='lat' dir='ltr'><strong>tamen</strong></span> <span class='ocrx_word' id='word_1_343' title='bbox 2375 3112 2670 3167; x_wconf 88' lang='lat' dir='ltr'><strong>possemus</strong></span> 
     </span>
    </p>
   </div>
   <div class='ocr_carea' id='block_1_48' title="bbox 984 3176 2746 3254">
    <p class='ocr_par' dir='ltr' id='par_1_48' title="bbox 984 3176 2746 3254">
     <span class='ocr_line' id='line_1_48' title="bbox 984 3176 2746 3254; baseline -0.003 -18"><span class='ocrx_word' id='word_1_344' title='bbox 984 3182 1156 3236; x_wconf 86' lang='lat' dir='ltr'><strong>etiam</strong></span> <span class='ocrx_word' id='word_1_345' title='bbox 1188 3181 1311 3236; x_wconf 89' lang='lat' dir='ltr'><strong>sine</strong></span> <span class='ocrx_word' id='word_1_346' title='bbox 1366 3182 1465 3236; x_wconf 89' lang='lat' dir='ltr'><strong>illa</strong></span> <span class='ocrx_word' id='word_1_347' title='bbox 1504 3183 1745 3254; x_wconf 88' lang='lat' dir='ltr'><strong>implere</strong></span> <span class='ocrx_word' id='word_1_348' title='bbox 1794 3183 1990 3238; x_wconf 88' lang='lat' dir='ltr'><strong>divina</strong></span> <span class='ocrx_word' id='word_1_349' title='bbox 2047 3184 2331 3250; x_wconf 91' lang='lat' dir='ltr'><strong>mandata,</strong></span> <span class='ocrx_word' id='word_1_350' title='bbox 2372 3184 2676 3237; x_wconf 85' lang='lat' dir='ltr'><strong>anathema</strong></span> <span class='ocrx_word' id='word_1_351' title='bbox 2707 3176 2746 3230; x_wconf 90' lang='lat' dir='ltr'><strong>C</strong></span> 
     </span>
    </p>
   </div>
   <div class='ocr_carea' id='block_1_49' title="bbox 984 3269 2675 3339">
    <p class='ocr_par' dir='ltr' id='par_1_49' title="bbox 984 3269 2675 3339">
     <span class='ocr_line' id='line_1_49' title="bbox 984 3269 2675 3339; baseline 0.001 -17"><span class='ocrx_word' id='word_1_352' title='bbox 984 3269 1076 3322; x_wconf 86' lang='lat' dir='ltr'><strong>sit.</strong></span> <span class='ocrx_word' id='word_1_353' title='bbox 1113 3270 1189 3323; x_wconf 89' lang='lat' dir='ltr'><strong>De</strong></span> <span class='ocrx_word' id='word_1_354' title='bbox 1217 3270 1492 3323; x_wconf 90' lang='lat' dir='ltr'><strong>fructibus</strong></span> <span class='ocrx_word' id='word_1_355' title='bbox 1523 3270 1678 3324; x_wconf 89' lang='lat' dir='ltr'><strong>enim</strong></span> <span class='ocrx_word' id='word_1_356' title='bbox 1727 3272 2132 3325; x_wconf 91' lang='lat' dir='ltr'><strong>mandatorum</strong></span> <span class='ocrx_word' id='word_1_357' title='bbox 2170 3272 2440 3325; x_wconf 91' lang='lat' dir='ltr'><strong>Dominus</strong></span> <span class='ocrx_word' id='word_1_358' title='bbox 2483 3272 2675 3339; x_wconf 90' lang='lat' dir='ltr'><strong>loque-</strong></span> 
     </span>
    </p>
   </div>
   <div class='ocr_carea' id='block_1_50' title="bbox 986 3357 2673 3431">
    <p class='ocr_par' dir='ltr' id='par_1_50' title="bbox 986 3357 2673 3431">
     <span class='ocr_line' id='line_1_50' title="bbox 986 3357 2673 3431; baseline 0.001 -19"><span class='ocrx_word' id='word_1_359' title='bbox 986 3358 1176 3425; x_wconf 89' lang='lat' dir='ltr'><strong>batur,</strong></span> <span class='ocrx_word' id='word_1_360' title='bbox 1208 3357 1306 3412; x_wconf 83' lang='lat' dir='ltr'><strong>uhi</strong></span> <span class='ocrx_word' id='word_1_361' title='bbox 1334 3375 1447 3411; x_wconf 89' lang='lat' dir='ltr'><strong>non</strong></span> <span class='ocrx_word' id='word_1_362' title='bbox 1477 3360 1586 3413; x_wconf 90' lang='lat' dir='ltr'><strong>ait:</strong></span> <span class='ocrx_word' id='word_1_363' title='bbox 1613 3359 1745 3415; x_wconf 90' lang='lat' dir='ltr'><strong>Sine</strong></span> <span class='ocrx_word' id='word_1_364' title='bbox 1778 3376 1866 3413; x_wconf 92' lang='lat' dir='ltr'><strong>me</strong></span> <span class='ocrx_word' id='word_1_365' title='bbox 1891 3360 2177 3414; x_wconf 84' lang='lat' dir='ltr'><strong>difﬁcilius</strong></span> <span class='ocrx_word' id='word_1_366' title='bbox 2211 3361 2440 3431; x_wconf 88' lang='lat' dir='ltr'><strong>potestis</strong></span> <span class='ocrx_word' id='word_1_367' title='bbox 2472 3361 2673 3425; x_wconf 83' lang='lat' dir='ltr'><strong>facere,</strong></span> 
     </span>
    </p>
   </div>
   <div class='ocr_carea' id='block_1_51' title="bbox 988 3447 2197 3520">
    <p class='ocr_par' dir='ltr' id='par_1_51' title="bbox 988 3447 2197 3520">
     <span class='ocr_line' id='line_1_51' title="bbox 988 3447 2197 3520; baseline 0.002 -20"><span class='ocrx_word' id='word_1_368' title='bbox 988 3447 1088 3501; x_wconf 90' lang='lat' dir='ltr'><strong>sed</strong></span> <span class='ocrx_word' id='word_1_369' title='bbox 1118 3447 1200 3501; x_wconf 89' lang='lat' dir='ltr'><strong>ait</strong></span> <span class='ocrx_word' id='word_1_370' title='bbox 1231 3463 1246 3501; x_wconf 87' lang='lat'><strong>:</strong></span> <span class='ocrx_word' id='word_1_371' title='bbox 1279 3447 1412 3501; x_wconf 89' lang='lat' dir='ltr'><strong>Sine</strong></span> <span class='ocrx_word' id='word_1_372' title='bbox 1442 3463 1531 3501; x_wconf 88' lang='lat' dir='ltr'><strong>me</strong></span> <span class='ocrx_word' id='word_1_373' title='bbox 1563 3448 1703 3501; x_wconf 91' lang='lat' dir='ltr'><strong>nihil</strong></span> <span class='ocrx_word' id='word_1_374' title='bbox 1734 3449 1966 3520; x_wconf 88' lang='lat' dir='ltr'><strong>potestis</strong></span> <span class='ocrx_word' id='word_1_375' title='bbox 1998 3450 2197 3503; x_wconf 87' lang='lat' dir='ltr'><strong>facere.</strong></span> 
     </span>
    </p>
   </div>
   <div class='ocr_carea' id='block_1_52' title="bbox 988 3554 2678 3624">
    <p class='ocr_par' dir='ltr' id='par_1_52' title="bbox 988 3554 2678 3624">
     <span class='ocr_line' id='line_1_52' title="bbox 988 3554 2678 3624; baseline -0.001 -15"><span class='ocrx_word' id='word_1_376' title='bbox 988 3554 1117 3609; x_wconf 66' lang='lat' dir='ltr'><strong>Car.</strong></span> <span class='ocrx_word' id='word_1_377' title='bbox 1145 3555 1275 3609; x_wconf 84' lang='lat' dir='ltr'><strong>XIX.</strong></span> <span class='ocrx_word' id='word_1_378' title='bbox 1306 3584 1374 3595; x_wconf 97' lang='lat'><em>—</em></span> <span class='ocrx_word' id='word_1_379' title='bbox 1397 3555 1550 3624; x_wconf 76' lang='lat' dir='ltr'><strong>Quod</strong></span> <span class='ocrx_word' id='word_1_380' title='bbox 1576 3556 1986 3624; x_wconf 67' lang='lat' dir='ltr'><strong>praadestinatio</strong></span> <span class='ocrx_word' id='word_1_381' title='bbox 2014 3558 2105 3609; x_wconf 73' lang='lat' dir='ltr'><strong>Dei</strong></span> <span class='ocrx_word' id='word_1_382' title='bbox 2122 3558 2201 3608; x_wconf 90' lang='lat' dir='ltr'><strong>ita</strong></span> <span class='ocrx_word' id='word_1_383' title='bbox 2222 3558 2293 3609; x_wconf 87' lang='lat' dir='ltr'><strong>sit</strong></span> <span class='ocrx_word' id='word_1_384' title='bbox 2322 3555 2595 3617; x_wconf 82' lang='lat' dir='ltr'><strong>ordinata,</strong></span> <span class='ocrx_word' id='word_1_385' title='bbox 2618 3561 2678 3609; x_wconf 85' lang='lat' dir='ltr'><strong>ut</strong></span> 
     </span>
    </p>
   </div>
   <div class='ocr_carea' id='block_1_53' title="bbox 1056 3627 2677 3694">
    <p class='ocr_par' dir='ltr' id='par_1_53' title="bbox 1056 3627 2677 3694">
     <span class='ocr_line' id='line_1_53' title="bbox 1056 3627 2677 3694; baseline -0.001 -15"><span class='ocrx_word' id='word_1_386' title='bbox 1056 3640 1119 3680; x_wconf 87' lang='lat' dir='ltr'><strong>ea</strong></span> <span class='ocrx_word' id='word_1_387' title='bbox 1165 3628 1357 3679; x_wconf 78' lang='lat' dir='ltr'><strong>nociva</strong></span> <span class='ocrx_word' id='word_1_388' title='bbox 1414 3642 1531 3694; x_wconf 69' lang='lat' dir='ltr'><strong>quae</strong></span> <span class='ocrx_word' id='word_1_389' title='bbox 1592 3627 1980 3694; x_wconf 64' lang='lat' dir='ltr'><strong>praedestinata</strong></span> <span class='ocrx_word' id='word_1_390' title='bbox 2028 3632 2176 3691; x_wconf 78' lang='lat' dir='ltr'><strong>sunt,</strong></span> <span class='ocrx_word' id='word_1_391' title='bbox 2228 3628 2511 3680; x_wconf 81' lang='lat' dir='ltr'><strong>electorum</strong></span> <span class='ocrx_word' id='word_1_392' title='bbox 2545 3641 2677 3694; x_wconf 79' lang='lat' dir='ltr'><strong>pre—</strong></span> 
     </span>
    </p>
   </div>
   <div class='ocr_carea' id='block_1_54' title="bbox 1055 3697 1616 3764">
    <p class='ocr_par' dir='ltr' id='par_1_54' title="bbox 1055 3697 1616 3764">
     <span class='ocr_line' id='line_1_54' title="bbox 1055 3697 1616 3764; baseline -0.002 -14"><span class='ocrx_word' id='word_1_393' title='bbox 1055 3697 1205 3751; x_wconf 83' lang='lat' dir='ltr'><strong>cibus</strong></span> <span class='ocrx_word' id='word_1_394' title='bbox 1236 3698 1375 3750; x_wconf 83' lang='lat' dir='ltr'><strong>soivi</strong></span> <span class='ocrx_word' id='word_1_395' title='bbox 1404 3703 1616 3764; x_wconf 80' lang='lat' dir='ltr'><strong>queant.</strong></span> 
     </span>
    </p>
   </div>
   <div class='ocr_carea' id='block_1_55' title="bbox 1055 3785 2675 3854">
    <p class='ocr_par' dir='ltr' id='par_1_55' title="bbox 1055 3785 2675 3854">
     <span class='ocr_line' id='line_1_55' title="bbox 1055 3785 2675 3854; baseline -0.003 -13"><span class='ocrx_word' id='word_1_396' title='bbox 1055 3785 1301 3854; x_wconf 84' lang='lat' dir='ltr'><strong>(Gregor.</strong></span> <span class='ocrx_word' id='word_1_397' title='bbox 1336 3789 1393 3839; x_wconf 81' lang='lat' dir='ltr'><strong>in</strong></span> <span class='ocrx_word' id='word_1_398' title='bbox 1417 3800 1511 3840; x_wconf 86' lang='lat' dir='ltr'><strong>suo</strong></span> <span class='ocrx_word' id='word_1_399' title='bbox 1538 3786 1761 3853; x_wconf 88' lang='lat' dir='ltr'><strong>Dialogo</strong></span> <span class='ocrx_word' id='word_1_400' title='bbox 1792 3786 1925 3840; x_wconf 81' lang='lat' dir='ltr'><strong>dicit</strong></span> <span class='ocrx_word' id='word_1_401' title='bbox 1959 3786 2000 3854; x_wconf 76' lang='grc' dir='ltr'>ε)</span> <span class='ocrx_word' id='word_1_402' title='bbox 2033 3785 2286 3840; x_wconf 88' lang='lat' dir='ltr'><strong>Obtineri</strong></span> <span class='ocrx_word' id='word_1_403' title='bbox 2310 3800 2675 3854; x_wconf 89' lang='lat' dir='ltr'><strong>nequaquam</strong></span> 
     </span>
    </p>
   </div>
   <div class='ocr_carea' id='block_1_56' title="bbox 987 3874 2676 3945">
    <p class='ocr_par' dir='ltr' id='par_1_56' title="bbox 987 3874 2676 3945">
     <span class='ocr_line' id='line_1_56' title="bbox 987 3874 2676 3945; baseline 0.001 -19"><span class='ocrx_word' id='word_1_404' title='bbox 987 3879 1225 3945; x_wconf 91' lang='lat' dir='ltr'><strong>possunt</strong></span> <span class='ocrx_word' id='word_1_405' title='bbox 1250 3890 1379 3944; x_wconf 70' lang='lat' dir='ltr'><strong>quae</strong></span> <span class='ocrx_word' id='word_1_406' title='bbox 1410 3874 1811 3944; x_wconf 63' lang='lat' dir='ltr'><strong>praedestinata</strong></span> <span class='ocrx_word' id='word_1_407' title='bbox 1870 3890 1987 3928; x_wconf 91' lang='lat' dir='ltr'><strong>non</strong></span> <span class='ocrx_word' id='word_1_408' title='bbox 2028 3875 2241 3928; x_wconf 86' lang='lat' dir='ltr'><strong>fuerint</strong></span> <span class='ocrx_word' id='word_1_409' title='bbox 2275 3890 2288 3926; x_wconf 86' lang='lat'>:</span> <span class='ocrx_word' id='word_1_410' title='bbox 2323 3874 2421 3927; x_wconf 89' lang='lat' dir='ltr'><strong>sed</strong></span> <span class='ocrx_word' id='word_1_411' title='bbox 2456 3891 2520 3926; x_wconf 83' lang='lat' dir='ltr'><strong>ea</strong></span> <span class='ocrx_word' id='word_1_412' title='bbox 2550 3890 2676 3944; x_wconf 67' lang='lat' dir='ltr'><strong>quae</strong></span> 
     </span>
    </p>
   </div>
   <div class='ocr_carea' id='block_1_57' title="bbox 985 3962 2674 4032">
    <p class='ocr_par' dir='ltr' id='par_1_57' title="bbox 985 3962 2674 4032">
     <span class='ocr_line' id='line_1_57' title="bbox 985 3962 2674 4032; baseline -0.001 -17"><span class='ocrx_word' id='word_1_413' title='bbox 985 3963 1164 4016; x_wconf 91' lang='lat' dir='ltr'><strong>sancti</strong></span> <span class='ocrx_word' id='word_1_414' title='bbox 1192 3962 1295 4015; x_wconf 92' lang='lat' dir='ltr'><strong>viri</strong></span> <span class='ocrx_word' id='word_1_415' title='bbox 1348 3962 1561 4016; x_wconf 78' lang='lat' dir='ltr'><strong>orando</strong></span> <span class='ocrx_word' id='word_1_416' title='bbox 1592 3962 1869 4029; x_wconf 89' lang='lat' dir='ltr'><strong>efﬁciunt,</strong></span> <span class='ocrx_word' id='word_1_417' title='bbox 1929 3963 2009 4015; x_wconf 91' lang='lat' dir='ltr'><strong>ita</strong></span> <span class='ocrx_word' id='word_1_418' title='bbox 2060 3962 2466 4032; x_wconf 69' lang='lat' dir='ltr'><strong>predestinata</strong></span> <span class='ocrx_word' id='word_1_419' title='bbox 2522 3967 2674 4027; x_wconf 89' lang='lat' dir='ltr'><strong>sunt,</strong></span> 
     </span>
    </p>
   </div>
   <div class='ocr_carea' id='block_1_58' title="bbox 985 4050 2678 4121">
    <p class='ocr_par' dir='ltr' id='par_1_58' title="bbox 985 4050 2678 4121">
     <span class='ocr_line' id='line_1_58' title="bbox 985 4050 2678 4121; baseline -0.001 -18"><span class='ocrx_word' id='word_1_420' title='bbox 985 4056 1051 4103; x_wconf 93' lang='lat' dir='ltr'><strong>ut</strong></span> <span class='ocrx_word' id='word_1_421' title='bbox 1080 4050 1345 4120; x_wconf 89' lang='lat' dir='ltr'><strong>precibus</strong></span> <span class='ocrx_word' id='word_1_422' title='bbox 1371 4050 1757 4105; x_wconf 87' lang='lat' dir='ltr'><strong>obtineantur.</strong></span> <span class='ocrx_word' id='word_1_423' title='bbox 1796 4051 1936 4105; x_wconf 87' lang='lat' dir='ltr'><strong>Nam</strong></span> <span class='ocrx_word' id='word_1_424' title='bbox 1969 4050 2092 4120; x_wconf 89' lang='lat' dir='ltr'><strong>ipsa</strong></span> <span class='ocrx_word' id='word_1_425' title='bbox 2132 4067 2363 4121; x_wconf 89' lang='lat' dir='ltr'><strong>quoque</strong></span> <span class='ocrx_word' id='word_1_426' title='bbox 2408 4052 2678 4120; x_wconf 86' lang='lat' dir='ltr'><strong>perennis</strong></span> 
     </span>
    </p>
   </div>
   <div class='ocr_carea' id='block_1_59' title="bbox 988 4138 2676 4208">
    <p class='ocr_par' dir='ltr' id='par_1_59' title="bbox 988 4138 2676 4208">
     <span class='ocr_line' id='line_1_59' title="bbox 988 4138 2676 4208; baseline 0.001 -18"><span class='ocrx_word' id='word_1_427' title='bbox 988 4138 1155 4207; x_wconf 89' lang='lat' dir='ltr'><strong>regni</strong></span> <span class='ocrx_word' id='word_1_428' title='bbox 1215 4138 1665 4208; x_wconf 64' lang='lat' dir='ltr'><strong>praedestinatio,</strong></span> <span class='ocrx_word' id='word_1_429' title='bbox 1732 4138 1809 4191; x_wconf 92' lang='lat' dir='ltr'><strong>ita</strong></span> <span class='ocrx_word' id='word_1_430' title='bbox 1860 4144 1947 4191; x_wconf 90' lang='lat' dir='ltr'><strong>est</strong></span> <span class='ocrx_word' id='word_1_431' title='bbox 2010 4138 2081 4192; x_wconf 87' lang='lat' dir='ltr'><strong>ab</strong></span> <span class='ocrx_word' id='word_1_432' title='bbox 2136 4139 2516 4207; x_wconf 89' lang='lat' dir='ltr'><strong>omnipotenti</strong></span> <span class='ocrx_word' id='word_1_433' title='bbox 2564 4140 2676 4192; x_wconf 91' lang='lat' dir='ltr'><strong>Deo</strong></span> 
     </span>
    </p>
   </div>
   <div class='ocr_carea' id='block_1_60' title="bbox 988 4225 2672 4295">
    <p class='ocr_par' dir='ltr' id='par_1_60' title="bbox 988 4225 2672 4295">
     <span class='ocr_line' id='line_1_60' title="bbox 988 4225 2672 4295; baseline 0.002 -17"><span class='ocrx_word' id='word_1_434' title='bbox 988 4225 1284 4295; x_wconf 89' lang='lat' dir='ltr'><strong>disposita,</strong></span> <span class='ocrx_word' id='word_1_435' title='bbox 1339 4231 1401 4279; x_wconf 93' lang='lat' dir='ltr'><strong>ut</strong></span> <span class='ocrx_word' id='word_1_436' title='bbox 1450 4226 1519 4280; x_wconf 92' lang='lat' dir='ltr'><strong>ad</strong></span> <span class='ocrx_word' id='word_1_437' title='bbox 1564 4227 1668 4280; x_wconf 92' lang='lat' dir='ltr'><strong>hoc</strong></span> <span class='ocrx_word' id='word_1_438' title='bbox 1721 4228 1885 4279; x_wconf 89' lang='lat' dir='ltr'><strong>electi</strong></span> <span class='ocrx_word' id='word_1_439' title='bbox 1932 4242 1994 4279; x_wconf 87' lang='lat' dir='ltr'><strong>ex</strong></span> <span class='ocrx_word' id='word_1_440' title='bbox 2050 4227 2243 4280; x_wconf 90' lang='lat' dir='ltr'><strong>labore</strong></span> <span class='ocrx_word' id='word_1_441' title='bbox 2299 4227 2672 4295; x_wconf 84' lang='lat' dir='ltr'><strong>perveniant:</strong></span> 
     </span>
    </p>
   </div>
   <div class='ocr_carea' id='block_1_61' title="bbox 989 4315 2676 4386">
    <p class='ocr_par' dir='ltr' id='par_1_61' title="bbox 989 4315 2676 4386">
     <span class='ocr_line' id='line_1_61' title="bbox 989 4315 2676 4386; baseline 0.002 -20"><span class='ocrx_word' id='word_1_442' title='bbox 989 4320 1270 4386; x_wconf 81' lang='lat' dir='ltr'><strong>quatenus</strong></span> <span class='ocrx_word' id='word_1_443' title='bbox 1316 4316 1654 4385; x_wconf 90' lang='lat' dir='ltr'><strong>postulando</strong></span> <span class='ocrx_word' id='word_1_444' title='bbox 1704 4322 1994 4369; x_wconf 89' lang='lat' dir='ltr'><strong>mereatur</strong></span> <span class='ocrx_word' id='word_1_445' title='bbox 2053 4315 2328 4385; x_wconf 90' lang='lat' dir='ltr'><strong>accipere,</strong></span> <span class='ocrx_word' id='word_1_446' title='bbox 2390 4315 2543 4385; x_wconf 89' lang='lat' dir='ltr'><strong>quod</strong></span> <span class='ocrx_word' id='word_1_447' title='bbox 2596 4316 2676 4369; x_wconf 90' lang='lat' dir='ltr'><strong>eis</strong></span> 
     </span>
    </p>
   </div>
   <div class='ocr_carea' id='block_1_62' title="bbox 2778 1953 4495 2028">
    <p class='ocr_par' dir='ltr' id='par_1_62' title="bbox 2778 1953 4495 2028">
     <span class='ocr_line' id='line_1_62' title="bbox 2778 1953 4495 2028; baseline -0.002 -18"><span class='ocrx_word' id='word_1_448' title='bbox 2778 1957 3138 2028; x_wconf 73' lang='lat' dir='ltr'><strong>praesentiam</strong></span> <span class='ocrx_word' id='word_1_449' title='bbox 3192 1956 3355 2026; x_wconf 89' lang='lat' dir='ltr'><strong>quasi</strong></span> <span class='ocrx_word' id='word_1_450' title='bbox 3406 1954 3604 2016; x_wconf 89' lang='lat' dir='ltr'><strong>futuri,</strong></span> <span class='ocrx_word' id='word_1_451' title='bbox 3658 1953 3754 2007; x_wconf 91' lang='lat' dir='ltr'><strong>sed</strong></span> <span class='ocrx_word' id='word_1_452' title='bbox 3816 1953 4116 2006; x_wconf 89' lang='lat' dir='ltr'><strong>scientiam</strong></span> <span class='ocrx_word' id='word_1_453' title='bbox 4175 1969 4495 2023; x_wconf 83' lang='lat' dir='ltr'><strong>nunquam</strong></span> 
     </span>
    </p>
   </div>
   <div class='ocr_carea' id='block_1_63' title="bbox 2775 2042 4496 2100">
    <p class='ocr_par' dir='ltr' id='par_1_63' title="bbox 2775 2042 4496 2100">
     <span class='ocr_line' id='line_1_63' title="bbox 2775 2042 4496 2100; baseline -0.003 0"><span class='ocrx_word' id='word_1_454' title='bbox 2775 2046 3091 2100; x_wconf 91' lang='lat' dir='ltr'><strong>deﬁcientis</strong></span> <span class='ocrx_word' id='word_1_455' title='bbox 3134 2044 3419 2098; x_wconf 64' lang='lat' dir='ltr'><strong>instantiae</strong></span> <span class='ocrx_word' id='word_1_456' title='bbox 3467 2042 3675 2097; x_wconf 89' lang='lat' dir='ltr'><strong>rectius</strong></span> <span class='ocrx_word' id='word_1_457' title='bbox 3749 2042 4079 2096; x_wconf 71' lang='lat' dir='ltr'><strong>aestimabit.</strong></span> <span class='ocrx_word' id='word_1_458' title='bbox 4150 2042 4320 2096; x_wconf 87' lang='lat' dir='ltr'><strong>Unde</strong></span> <span class='ocrx_word' id='word_1_459' title='bbox 4378 2058 4496 2095; x_wconf 90' lang='lat' dir='ltr'><strong>non</strong></span> 
     </span>
    </p>
   </div>
   <div class='ocr_carea' id='block_1_64' title="bbox 2774 2129 4497 2205">
    <p class='ocr_par' dir='ltr' id='par_1_64' title="bbox 2774 2129 4497 2205">
     <span class='ocr_line' id='line_1_64' title="bbox 2774 2129 4497 2205; baseline -0.003 -17"><span class='ocrx_word' id='word_1_460' title='bbox 2774 2134 3167 2205; x_wconf 67' lang='lat' dir='ltr'><strong>praevidentia,</strong></span> <span class='ocrx_word' id='word_1_461' title='bbox 3223 2133 3317 2185; x_wconf 91' lang='lat' dir='ltr'><strong>sed</strong></span> <span class='ocrx_word' id='word_1_462' title='bbox 3369 2130 3727 2201; x_wconf 85' lang='lat' dir='ltr'><strong>providentia</strong></span> <span class='ocrx_word' id='word_1_463' title='bbox 3776 2131 3968 2200; x_wconf 89' lang='lat' dir='ltr'><strong>potius</strong></span> <span class='ocrx_word' id='word_1_464' title='bbox 4000 2129 4267 2184; x_wconf 88' lang='lat' dir='ltr'><strong>dicitur:</strong></span> <span class='ocrx_word' id='word_1_465' title='bbox 4332 2132 4497 2201; x_wconf 86' lang='lat' dir='ltr'><strong>quod</strong></span> 
     </span>
    </p>
   </div>
   <div class='ocr_carea' id='block_1_65' title="bbox 2776 2218 4499 2294">
    <p class='ocr_par' dir='ltr' id='par_1_65' title="bbox 2776 2218 4499 2294">
     <span class='ocr_line' id='line_1_65' title="bbox 2776 2218 4499 2294; baseline -0.003 -17"><span class='ocrx_word' id='word_1_466' title='bbox 2776 2239 3001 2294; x_wconf 90' lang='lat' dir='ltr'><strong>porroa</strong></span> <span class='ocrx_word' id='word_1_467' title='bbox 3060 2222 3231 2275; x_wconf 88' lang='lat' dir='ltr'><strong>rebus</strong></span> <span class='ocrx_word' id='word_1_468' title='bbox 3270 2222 3484 2275; x_wconf 87' lang='lat' dir='ltr'><strong>inﬁmis</strong></span> <span class='ocrx_word' id='word_1_469' title='bbox 3536 2219 3865 2287; x_wconf 87' lang='lat' dir='ltr'><strong>constituta,</strong></span> <span class='ocrx_word' id='word_1_470' title='bbox 3918 2220 4084 2290; x_wconf 87' lang='lat' dir='ltr'><strong>quasi</strong></span> <span class='ocrx_word' id='word_1_471' title='bbox 4130 2218 4207 2272; x_wconf 83' lang='lat' dir='ltr'><strong>ab</strong></span> <span class='ocrx_word' id='word_1_472' title='bbox 4265 2219 4499 2272; x_wconf 87' lang='lat' dir='ltr'><strong>excelso</strong></span> 
     </span>
    </p>
   </div>
   <div class='ocr_carea' id='block_1_66' title="bbox 2775 2305 4499 2378">
    <p class='ocr_par' dir='ltr' id='par_1_66' title="bbox 2775 2305 4499 2378">
     <span class='ocr_line' id='line_1_66' title="bbox 2775 2305 4499 2378; baseline -0.003 -13"><span class='ocrx_word' id='word_1_473' title='bbox 2775 2327 2968 2365; x_wconf 89' lang='lat' dir='ltr'><strong>rerum</strong></span> <span class='ocrx_word' id='word_1_474' title='bbox 3001 2310 3294 2362; x_wconf 88' lang='lat' dir='ltr'><strong>cacumine</strong></span> <span class='ocrx_word' id='word_1_475' title='bbox 3336 2315 3537 2361; x_wconf 88' lang='lat' dir='ltr'><strong>cuncta</strong></span> <span class='ocrx_word' id='word_1_476' title='bbox 3568 2307 3897 2378; x_wconf 87' lang='lat' dir='ltr'><strong>prospiciat.</strong></span> <span class='ocrx_word' id='word_1_477' title='bbox 3952 2306 4098 2371; x_wconf 90' lang='lat' dir='ltr'><strong>Quid</strong></span> <span class='ocrx_word' id='word_1_478' title='bbox 4149 2305 4350 2373; x_wconf 79' lang='lat' dir='ltr'><strong>igitur</strong></span> <span class='ocrx_word' id='word_1_479' title='bbox 4402 2306 4499 2359; x_wconf 90' lang='lat' dir='ltr'><strong>di-</strong></span> 
     </span>
    </p>
   </div>
   <div class='ocr_carea' id='block_1_67' title="bbox 2777 2394 4500 2465">
    <p class='ocr_par' dir='ltr' id='par_1_67' title="bbox 2777 2394 4500 2465">
     <span class='ocr_line' id='line_1_67' title="bbox 2777 2394 4500 2465; baseline -0.003 -12"><span class='ocrx_word' id='word_1_480' title='bbox 2777 2400 3019 2454; x_wconf 90' lang='lat' dir='ltr'><strong>cendum</strong></span> <span class='ocrx_word' id='word_1_481' title='bbox 3050 2398 3173 2452; x_wconf 80' lang='lat' dir='ltr'><strong>est?</strong></span> <span class='ocrx_word' id='word_1_482' title='bbox 3213 2399 3281 2452; x_wconf 91' lang='lat' dir='ltr'><strong>Ut</strong></span> <span class='ocrx_word' id='word_1_483' title='bbox 3311 2398 3627 2450; x_wconf 88' lang='lat' dir='ltr'><strong>necessaria</strong></span> <span class='ocrx_word' id='word_1_484' title='bbox 3667 2396 3808 2449; x_wconf 88' lang='lat' dir='ltr'><strong>ﬁant</strong></span> <span class='ocrx_word' id='word_1_485' title='bbox 3863 2411 3995 2465; x_wconf 62' lang='lat' dir='ltr'><strong>qua</strong></span> <span class='ocrx_word' id='word_1_486' title='bbox 4024 2394 4226 2449; x_wconf 89' lang='lat' dir='ltr'><strong>divino</strong></span> <span class='ocrx_word' id='word_1_487' title='bbox 4270 2395 4500 2448; x_wconf 89' lang='lat' dir='ltr'><strong>lumine</strong></span> 
     </span>
    </p>
   </div>
   <div class='ocr_carea' id='block_1_68' title="bbox 2778 2481 4501 2555">
    <p class='ocr_par' dir='ltr' id='par_1_68' title="bbox 2778 2481 4501 2555">
     <span class='ocr_line' id='line_1_68' title="bbox 2778 2481 4501 2555; baseline -0.004 -14"><span class='ocrx_word' id='word_1_488' title='bbox 2778 2489 3110 2552; x_wconf 91' lang='lat' dir='ltr'><strong>lustrentur,</strong></span> <span class='ocrx_word' id='word_1_489' title='bbox 3144 2502 3275 2539; x_wconf 92' lang='lat' dir='ltr'><strong>cum</strong></span> <span class='ocrx_word' id='word_1_490' title='bbox 3331 2502 3400 2538; x_wconf 91' lang='lat' dir='ltr'><strong>ne</strong></span> <span class='ocrx_word' id='word_1_491' title='bbox 3440 2484 3704 2538; x_wconf 89' lang='lat' dir='ltr'><strong>homines</strong></span> <span class='ocrx_word' id='word_1_492' title='bbox 3730 2483 3964 2555; x_wconf 88' lang='lat' dir='ltr'><strong>quidem</strong></span> <span class='ocrx_word' id='word_1_493' title='bbox 4021 2482 4367 2537; x_wconf 79' lang='lat' dir='ltr'><strong>necessaria</strong></span> <span class='ocrx_word' id='word_1_494' title='bbox 4417 2481 4501 2534; x_wconf 88' lang='lat' dir='ltr'><strong>fa-</strong></span> 
     </span>
    </p>
   </div>
   <div class='ocr_carea' id='block_1_69' title="bbox 2778 2570 4506 2645">
    <p class='ocr_par' dir='ltr' id='par_1_69' title="bbox 2778 2570 4506 2645">
     <span class='ocr_line' id='line_1_69' title="bbox 2778 2570 4506 2645; baseline -0.005 -15"><span class='ocrx_word' id='word_1_495' title='bbox 2778 2576 2930 2630; x_wconf 90' lang='lat' dir='ltr'><strong>ciant</strong></span> <span class='ocrx_word' id='word_1_496' title='bbox 2956 2592 3079 2629; x_wconf 90' lang='lat' dir='ltr'><strong>esse</strong></span> <span class='ocrx_word' id='word_1_497' title='bbox 3109 2592 3237 2645; x_wconf 69' lang='lat' dir='ltr'><strong>quas</strong></span> <span class='ocrx_word' id='word_1_498' title='bbox 3267 2573 3535 2627; x_wconf 76' lang='lat' dir='ltr'><strong>videant?</strong></span> <span class='ocrx_word' id='word_1_499' title='bbox 3585 2574 3730 2627; x_wconf 84' lang='lat' dir='ltr'><strong>Num</strong></span> <span class='ocrx_word' id='word_1_500' title='bbox 3779 2572 3937 2625; x_wconf 90' lang='lat' dir='ltr'><strong>enim</strong></span> <span class='ocrx_word' id='word_1_501' title='bbox 3993 2587 4126 2642; x_wconf 64' lang='lat' dir='ltr'><strong>qua</strong></span> <span class='ocrx_word' id='word_1_502' title='bbox 4176 2570 4506 2640; x_wconf 73' lang='lat' dir='ltr'><strong>praesentia</strong></span> 
     </span>
    </p>
   </div>
   <div class='ocr_carea' id='block_1_70' title="bbox 2777 2659 4508 2733">
    <p class='ocr_par' dir='ltr' id='par_1_70' title="bbox 2777 2659 4508 2733">
     <span class='ocr_line' id='line_1_70' title="bbox 2777 2659 4508 2733; baseline -0.004 -15"><span class='ocrx_word' id='word_1_503' title='bbox 2777 2671 3107 2727; x_wconf 89' lang='lat' dir='ltr'><strong>cernuntur,</strong></span> <span class='ocrx_word' id='word_1_504' title='bbox 3156 2664 3406 2733; x_wconf 84' lang='lat' dir='ltr'><strong>aliquam</strong></span> <span class='ocrx_word' id='word_1_505' title='bbox 3447 2662 3528 2715; x_wconf 90' lang='lat' dir='ltr'><strong>eis</strong></span> <span class='ocrx_word' id='word_1_506' title='bbox 3583 2661 3978 2715; x_wconf 82' lang='lat' dir='ltr'><strong>necessitatem</strong></span> <span class='ocrx_word' id='word_1_507' title='bbox 4032 2659 4293 2714; x_wconf 86' lang='lat' dir='ltr'><strong>videntis</strong></span> <span class='ocrx_word' id='word_1_508' title='bbox 4346 2659 4508 2711; x_wconf 88' lang='lat' dir='ltr'><strong>addit</strong></span> 
     </span>
    </p>
   </div>
   <div class='ocr_carea' id='block_1_71' title="bbox 2779 2748 4505 2819">
    <p class='ocr_par' dir='ltr' id='par_1_71' title="bbox 2779 2748 4505 2819">
     <span class='ocr_line' id='line_1_71' title="bbox 2779 2748 4505 2819; baseline -0.002 -13"><span class='ocrx_word' id='word_1_509' title='bbox 2779 2753 3059 2806; x_wconf 88' lang='lat' dir='ltr'><strong>intuitus?</strong></span> <span class='ocrx_word' id='word_1_510' title='bbox 3112 2751 3359 2804; x_wconf 79' lang='lat' dir='ltr'><strong>Minime.</strong></span> <span class='ocrx_word' id='word_1_511' title='bbox 3419 2750 3614 2819; x_wconf 79' lang='lat' dir='ltr'><strong>Atqui,</strong></span> <span class='ocrx_word' id='word_1_512' title='bbox 3672 2749 3719 2803; x_wconf 88' lang='lat' dir='ltr'><strong>si</strong></span> <span class='ocrx_word' id='word_1_513' title='bbox 3759 2754 3843 2802; x_wconf 91' lang='lat' dir='ltr'><strong>est</strong></span> <span class='ocrx_word' id='word_1_514' title='bbox 3890 2748 4074 2802; x_wconf 84' lang='lat' dir='ltr'><strong>divini</strong></span> <span class='ocrx_word' id='word_1_515' title='bbox 4122 2749 4505 2818; x_wconf 86' lang='lat' dir='ltr'><strong>humanique</strong></span> 
     </span>
    </p>
   </div>
   <div class='ocr_carea' id='block_1_72' title="bbox 2780 2837 4506 2911">
    <p class='ocr_par' dir='ltr' id='par_1_72' title="bbox 2780 2837 4506 2911">
     <span class='ocr_line' id='line_1_72' title="bbox 2780 2837 4506 2911; baseline -0.002 -17"><span class='ocrx_word' id='word_1_516' title='bbox 2780 2840 3079 2911; x_wconf 66' lang='lat' dir='ltr'><strong>praesentis</strong></span> <span class='ocrx_word' id='word_1_517' title='bbox 3109 2840 3283 2907; x_wconf 91' lang='lat' dir='ltr'><strong>digna</strong></span> <span class='ocrx_word' id='word_1_518' title='bbox 3314 2838 3559 2902; x_wconf 90' lang='lat' dir='ltr'><strong>collatio,</strong></span> <span class='ocrx_word' id='word_1_519' title='bbox 3583 2838 3669 2891; x_wconf 90' lang='lat' dir='ltr'><strong>uti</strong></span> <span class='ocrx_word' id='word_1_520' title='bbox 3700 2837 3963 2891; x_wconf 78' lang='lat' dir='ltr'><strong>homines</strong></span> <span class='ocrx_word' id='word_1_521' title='bbox 3993 2837 4104 2890; x_wconf 92' lang='lat' dir='ltr'><strong>hoc</strong></span> <span class='ocrx_word' id='word_1_522' title='bbox 4132 2839 4506 2907; x_wconf 88' lang='lat' dir='ltr'><strong>temporario</strong></span> 
     </span>
    </p>
   </div>
   <div class='ocr_carea' id='block_1_73' title="bbox 2782 2925 4506 3001">
    <p class='ocr_par' dir='ltr' id='par_1_73' title="bbox 2782 2925 4506 3001">
     <span class='ocr_line' id='line_1_73' title="bbox 2782 2925 4506 3001; baseline -0.003 -18"><span class='ocrx_word' id='word_1_523' title='bbox 2782 2928 3047 3001; x_wconf 67' lang='lat' dir='ltr'><strong>praesenti</strong></span> <span class='ocrx_word' id='word_1_524' title='bbox 3079 2928 3343 2997; x_wconf 68' lang='lat' dir='ltr'><strong>quaedam</strong></span> <span class='ocrx_word' id='word_1_525' title='bbox 3376 2927 3572 2979; x_wconf 89' lang='lat' dir='ltr'><strong>vident</strong></span> <span class='ocrx_word' id='word_1_526' title='bbox 3601 2945 3617 2979; x_wconf 88' lang='lat'><strong><em>:</em></strong></span> <span class='ocrx_word' id='word_1_527' title='bbox 3653 2926 3731 2979; x_wconf 90' lang='lat' dir='ltr'><strong>ita</strong></span> <span class='ocrx_word' id='word_1_528' title='bbox 3765 2925 3861 2979; x_wconf 89' lang='lat' dir='ltr'><strong>ille</strong></span> <span class='ocrx_word' id='word_1_529' title='bbox 3894 2925 4093 2979; x_wconf 88' lang='lat' dir='ltr'><strong>omnia</strong></span> <span class='ocrx_word' id='word_1_530' title='bbox 4136 2940 4251 2978; x_wconf 88' lang='lat' dir='ltr'><strong>suo</strong></span> <span class='ocrx_word' id='word_1_531' title='bbox 4313 2926 4506 2979; x_wconf 87' lang='lat' dir='ltr'><strong>cernit</strong></span> 
     </span>
    </p>
   </div>
   <div class='ocr_carea' id='block_1_74' title="bbox 2782 3014 4505 3083">
    <p class='ocr_par' dir='ltr' id='par_1_74' title="bbox 2782 3014 4505 3083">
     <span class='ocr_line' id='line_1_74' title="bbox 2782 3014 4505 3083; baseline -0.002 -13"><span class='ocrx_word' id='word_1_532' title='bbox 2782 3023 3015 3070; x_wconf 62' lang='lat' dir='ltr'><strong>aeterno.</strong></span> <span class='ocrx_word' id='word_1_533' title='bbox 3040 3016 3225 3079; x_wconf 89' lang='lat' dir='ltr'><strong>Quare</strong></span> <span class='ocrx_word' id='word_1_534' title='bbox 3254 3015 3375 3068; x_wconf 71' lang='lat' dir='ltr'><strong>haec</strong></span> <span class='ocrx_word' id='word_1_535' title='bbox 3400 3014 3592 3067; x_wconf 89' lang='lat' dir='ltr'><strong>divina</strong></span> <span class='ocrx_word' id='word_1_536' title='bbox 3629 3015 3933 3083; x_wconf 64' lang='lat' dir='ltr'><strong>praenotio,</strong></span> <span class='ocrx_word' id='word_1_537' title='bbox 3966 3019 4246 3066; x_wconf 86' lang='lat' dir='ltr'><strong>naturam</strong></span> <span class='ocrx_word' id='word_1_538' title='bbox 4298 3029 4505 3066; x_wconf 87' lang='lat' dir='ltr'><strong>rerum</strong></span> 
     </span>
    </p>
   </div>
   <div class='ocr_carea' id='block_1_75' title="bbox 2780 3101 4507 3175">
    <p class='ocr_par' dir='ltr' id='par_1_75' title="bbox 2780 3101 4507 3175">
     <span class='ocr_line' id='line_1_75' title="bbox 2780 3101 4507 3175; baseline -0.001 -18"><span class='ocrx_word' id='word_1_539' title='bbox 2780 3103 3305 3175; x_wconf 87' lang='lat' dir='ltr'><strong>proprietatemque</strong></span> <span class='ocrx_word' id='word_1_540' title='bbox 3336 3118 3452 3155; x_wconf 91' lang='lat' dir='ltr'><strong>non</strong></span> <span class='ocrx_word' id='word_1_541' title='bbox 3488 3107 3694 3167; x_wconf 88' lang='lat' dir='ltr'><strong>mutat,</strong></span> <span class='ocrx_word' id='word_1_542' title='bbox 3734 3102 3987 3171; x_wconf 83' lang='lat' dir='ltr'><strong>taliaque</strong></span> <span class='ocrx_word' id='word_1_543' title='bbox 4032 3101 4194 3169; x_wconf 88' lang='lat' dir='ltr'><strong>apud</strong></span> <span class='ocrx_word' id='word_1_544' title='bbox 4228 3117 4295 3154; x_wconf 79' lang='lat' dir='ltr'><strong>se</strong></span> <span class='ocrx_word' id='word_1_545' title='bbox 4350 3117 4507 3171; x_wconf 61' lang='lat' dir='ltr'><strong>pras-</strong></span> 
     </span>
    </p>
   </div>
   <div class='ocr_carea' id='block_1_76' title="bbox 2787 3189 4509 3261">
    <p class='ocr_par' dir='ltr' id='par_1_76' title="bbox 2787 3189 4509 3261">
     <span class='ocr_line' id='line_1_76' title="bbox 2787 3189 4509 3261; baseline -0.002 -15"><span class='ocrx_word' id='word_1_546' title='bbox 2787 3193 2964 3247; x_wconf 90' lang='lat' dir='ltr'><strong>sentia</strong></span> <span class='ocrx_word' id='word_1_547' title='bbox 2997 3196 3230 3261; x_wconf 88' lang='lat' dir='ltr'><strong>spectat,</strong></span> <span class='ocrx_word' id='word_1_548' title='bbox 3266 3190 3463 3261; x_wconf 89' lang='lat' dir='ltr'><strong>qualia</strong></span> <span class='ocrx_word' id='word_1_549' title='bbox 3493 3191 3549 3243; x_wconf 90' lang='lat' dir='ltr'><strong>in</strong></span> <span class='ocrx_word' id='word_1_550' title='bbox 3582 3195 3839 3261; x_wconf 90' lang='lat' dir='ltr'><strong>tempore</strong></span> <span class='ocrx_word' id='word_1_551' title='bbox 3885 3190 4027 3243; x_wconf 91' lang='lat' dir='ltr'><strong>olim</strong></span> <span class='ocrx_word' id='word_1_552' title='bbox 4055 3189 4262 3243; x_wconf 87' lang='lat' dir='ltr'><strong>futura</strong></span> <span class='ocrx_word' id='word_1_553' title='bbox 4298 3206 4509 3259; x_wconf 79' lang='lat' dir='ltr'><strong>prove-</strong></span> 
     </span>
    </p>
   </div>
   <div class='ocr_carea' id='block_1_77' title="bbox 2783 3278 4509 3348">
    <p class='ocr_par' dir='ltr' id='par_1_77' title="bbox 2783 3278 4509 3348">
     <span class='ocr_line' id='line_1_77' title="bbox 2783 3278 4509 3348; baseline -0.002 -13"><span class='ocrx_word' id='word_1_554' title='bbox 2783 3282 2963 3345; x_wconf 91' lang='lat' dir='ltr'><strong>nient,</strong></span> <span class='ocrx_word' id='word_1_555' title='bbox 3018 3296 3121 3333; x_wconf 80' lang='lat' dir='ltr'><strong>nec</strong></span> <span class='ocrx_word' id='word_1_556' title='bbox 3180 3295 3369 3332; x_wconf 90' lang='lat' dir='ltr'><strong>rerum</strong></span> <span class='ocrx_word' id='word_1_557' title='bbox 3421 3278 3638 3348; x_wconf 85' lang='lat' dir='ltr'><strong>judicia</strong></span> <span class='ocrx_word' id='word_1_558' title='bbox 3693 3278 4038 3332; x_wconf 92' lang='lat' dir='ltr'><strong>confundit:</strong></span> <span class='ocrx_word' id='word_1_559' title='bbox 4105 3293 4362 3348; x_wconf 86' lang='lat' dir='ltr'><strong>unoque</strong></span> <span class='ocrx_word' id='word_1_560' title='bbox 4410 3294 4509 3331; x_wconf 85' lang='lat' dir='ltr'><strong>suo</strong></span> 
     </span>
    </p>
   </div>
   <div class='ocr_carea' id='block_1_78' title="bbox 2785 3367 4510 3437">
    <p class='ocr_par' dir='ltr' id='par_1_78' title="bbox 2785 3367 4510 3437">
     <span class='ocr_line' id='line_1_78' title="bbox 2785 3367 4510 3437; baseline -0.003 -12"><span class='ocrx_word' id='word_1_561' title='bbox 2785 3370 2993 3425; x_wconf 88' lang='lat' dir='ltr'><strong>mentis</strong></span> <span class='ocrx_word' id='word_1_562' title='bbox 3026 3368 3233 3421; x_wconf 90' lang='lat' dir='ltr'><strong>intuitu</strong></span> <span class='ocrx_word' id='word_1_563' title='bbox 3267 3374 3382 3421; x_wconf 90' lang='lat' dir='ltr'><strong>tam</strong></span> <span class='ocrx_word' id='word_1_564' title='bbox 3415 3367 3730 3420; x_wconf 90' lang='lat' dir='ltr'><strong>necessarie</strong></span> <span class='ocrx_word' id='word_1_565' title='bbox 3762 3382 3935 3437; x_wconf 89' lang='lat' dir='ltr'><strong>quam</strong></span> <span class='ocrx_word' id='word_1_566' title='bbox 3975 3382 4097 3420; x_wconf 92' lang='lat' dir='ltr'><strong>non</strong></span> <span class='ocrx_word' id='word_1_567' title='bbox 4150 3367 4510 3435; x_wconf 81' lang='lat' dir='ltr'><strong>necessarie,</strong></span> 
     </span>
    </p>
   </div>
   <div class='ocr_carea' id='block_1_79' title="bbox 2786 3454 4510 3526">
    <p class='ocr_par' dir='ltr' id='par_1_79' title="bbox 2786 3454 4510 3526">
     <span class='ocr_line' id='line_1_79' title="bbox 2786 3454 4510 3526; baseline -0.003 -14"><span class='ocrx_word' id='word_1_568' title='bbox 2786 3465 3022 3515; x_wconf 86' lang='lat' dir='ltr'><strong>ventura</strong></span> <span class='ocrx_word' id='word_1_569' title='bbox 3053 3457 3353 3525; x_wconf 88' lang='lat' dir='ltr'><strong>dignoscit.</strong></span> <span class='ocrx_word' id='word_1_570' title='bbox 3389 3455 3563 3510; x_wconf 87' lang='lat' dir='ltr'><strong>Sicuti</strong></span> <span class='ocrx_word' id='word_1_571' title='bbox 3593 3454 3805 3526; x_wconf 90' lang='lat' dir='ltr'><strong>aliquis</strong></span> <span class='ocrx_word' id='word_1_572' title='bbox 3837 3471 3966 3509; x_wconf 90' lang='lat' dir='ltr'><strong>cum</strong></span> <span class='ocrx_word' id='word_1_573' title='bbox 4025 3455 4254 3523; x_wconf 86' lang='lat' dir='ltr'><strong>pariter</strong></span> <span class='ocrx_word' id='word_1_574' title='bbox 4307 3456 4510 3509; x_wconf 58' lang='lat' dir='ltr'><strong>ambo.</strong></span> 
     </span>
    </p>
   </div>
   <div class='ocr_carea' id='block_1_80' title="bbox 2784 3544 4503 3609">
    <p class='ocr_par' dir='ltr' id='par_1_80' title="bbox 2784 3544 4503 3609">
     <span class='ocr_line' id='line_1_80' title="bbox 2784 3544 4503 3609; baseline -0.002 -8"><span class='ocrx_word' id='word_1_575' title='bbox 2784 3548 2900 3602; x_wconf 87' lang='lat' dir='ltr'><strong>lare</strong></span> <span class='ocrx_word' id='word_1_576' title='bbox 2931 3549 2987 3600; x_wconf 90' lang='lat' dir='ltr'><strong>in</strong></span> <span class='ocrx_word' id='word_1_577' title='bbox 3019 3551 3168 3600; x_wconf 91' lang='lat' dir='ltr'><strong>terra</strong></span> <span class='ocrx_word' id='word_1_578' title='bbox 3204 3546 3520 3609; x_wconf 88' lang='lat' dir='ltr'><strong>hominem,</strong></span> <span class='ocrx_word' id='word_1_579' title='bbox 3551 3548 3607 3597; x_wconf 89' lang='lat' dir='ltr'><strong>et</strong></span> <span class='ocrx_word' id='word_1_580' title='bbox 3637 3544 3776 3598; x_wconf 89' lang='lat' dir='ltr'><strong>oriri</strong></span> <span class='ocrx_word' id='word_1_581' title='bbox 3812 3544 3873 3597; x_wconf 91' lang='lat' dir='ltr'><strong>in</strong></span> <span class='ocrx_word' id='word_1_582' title='bbox 3918 3544 4065 3597; x_wconf 67' lang='lat' dir='ltr'><strong>coelo</strong></span> <span class='ocrx_word' id='word_1_583' title='bbox 4097 3544 4290 3597; x_wconf 87' lang='lat' dir='ltr'><strong>solem</strong></span> <span class='ocrx_word' id='word_1_584' title='bbox 4330 3544 4503 3609; x_wconf 85' lang='lat' dir='ltr'><strong>videt,</strong></span> 
     </span>
    </p>
   </div>
   <div class='ocr_carea' id='block_1_81' title="bbox 2787 3633 4506 3707">
    <p class='ocr_par' dir='ltr' id='par_1_81' title="bbox 2787 3633 4506 3707">
     <span class='ocr_line' id='line_1_81' title="bbox 2787 3633 4506 3707; baseline -0.002 -19"><span class='ocrx_word' id='word_1_585' title='bbox 2787 3651 3119 3707; x_wconf 89' lang='lat' dir='ltr'><strong>quanquam</strong></span> <span class='ocrx_word' id='word_1_586' title='bbox 3167 3634 3333 3687; x_wconf 90' lang='lat' dir='ltr'><strong>simul</strong></span> <span class='ocrx_word' id='word_1_587' title='bbox 3391 3639 3700 3703; x_wconf 89' lang='lat' dir='ltr'><strong>utrumque</strong></span> <span class='ocrx_word' id='word_1_588' title='bbox 3741 3633 3815 3685; x_wconf 91' lang='lat' dir='ltr'><strong>sit</strong></span> <span class='ocrx_word' id='word_1_589' title='bbox 3843 3637 4248 3702; x_wconf 86' lang='lat' dir='ltr'><strong>conspectum,</strong></span> <span class='ocrx_word' id='word_1_590' title='bbox 4307 3637 4506 3686; x_wconf 83' lang='lat' dir='ltr'><strong>tamen</strong></span> 
     </span>
    </p>
   </div>
   <div class='ocr_carea' id='block_1_82' title="bbox 2787 3719 4504 3787">
    <p class='ocr_par' dir='ltr' id='par_1_82' title="bbox 2787 3719 4504 3787">
     <span class='ocr_line' id='line_1_82' title="bbox 2787 3719 4504 3787; baseline -0.001 -10"><span class='ocrx_word' id='word_1_591' title='bbox 2787 3724 3078 3787; x_wconf 88' lang='lat' dir='ltr'><strong>discernit,</strong></span> <span class='ocrx_word' id='word_1_592' title='bbox 3111 3728 3169 3776; x_wconf 89' lang='lat' dir='ltr'><strong>et</strong></span> <span class='ocrx_word' id='word_1_593' title='bbox 3195 3722 3300 3774; x_wconf 91' lang='lat' dir='ltr'><strong>hoc</strong></span> <span class='ocrx_word' id='word_1_594' title='bbox 3329 3719 3737 3785; x_wconf 87' lang='lat' dir='ltr'><strong>voluntarium,</strong></span> <span class='ocrx_word' id='word_1_595' title='bbox 3768 3720 3911 3773; x_wconf 87' lang='lat' dir='ltr'><strong>illud</strong></span> <span class='ocrx_word' id='word_1_596' title='bbox 3938 3736 4059 3773; x_wconf 89' lang='lat' dir='ltr'><strong>esse</strong></span> <span class='ocrx_word' id='word_1_597' title='bbox 4096 3722 4504 3775; x_wconf 87' lang='lat' dir='ltr'><strong>necessarium</strong></span> 
     </span>
    </p>
   </div>
   <div class='ocr_carea' id='block_1_83' title="bbox 2778 3808 4505 3884">
    <p class='ocr_par' dir='ltr' id='par_1_83' title="bbox 2778 3808 4505 3884">
     <span class='ocr_line' id='line_1_83' title="bbox 2778 3808 4505 3884; baseline -0.002 -18"><span class='ocrx_word' id='word_1_598' title='bbox 2778 3813 3012 3884; x_wconf 89' lang='lat' dir='ltr'><strong>judicat.</strong></span> <span class='ocrx_word' id='word_1_599' title='bbox 3051 3812 3130 3865; x_wconf 91' lang='lat' dir='ltr'><strong>lta</strong></span> <span class='ocrx_word' id='word_1_600' title='bbox 3158 3811 3334 3879; x_wconf 88' lang='lat' dir='ltr'><strong>igitur</strong></span> <span class='ocrx_word' id='word_1_601' title='bbox 3361 3815 3567 3863; x_wconf 89' lang='lat' dir='ltr'><strong>cuncta</strong></span> <span class='ocrx_word' id='word_1_602' title='bbox 3588 3808 3907 3879; x_wconf 89' lang='lat' dir='ltr'><strong>despiciens</strong></span> <span class='ocrx_word' id='word_1_603' title='bbox 3956 3809 4192 3862; x_wconf 89' lang='lat' dir='ltr'><strong>divinus</strong></span> <span class='ocrx_word' id='word_1_604' title='bbox 4225 3809 4505 3877; x_wconf 87' lang='lat' dir='ltr'><strong>intuitus,</strong></span> 
     </span>
    </p>
   </div>
   <div class='ocr_carea' id='block_1_84' title="bbox 2786 3896 4506 3971">
    <p class='ocr_par' dir='ltr' id='par_1_84' title="bbox 2786 3896 4506 3971">
     <span class='ocr_line' id='line_1_84' title="bbox 2786 3896 4506 3971; baseline -0.001 -19"><span class='ocrx_word' id='word_1_605' title='bbox 2786 3900 3120 3971; x_wconf 89' lang='lat' dir='ltr'><strong>qualitatem</strong></span> <span class='ocrx_word' id='word_1_606' title='bbox 3147 3914 3335 3951; x_wconf 92' lang='lat' dir='ltr'><strong>rerum</strong></span> <span class='ocrx_word' id='word_1_607' title='bbox 3363 3897 3598 3950; x_wconf 89' lang='lat' dir='ltr'><strong>minime</strong></span> <span class='ocrx_word' id='word_1_608' title='bbox 3625 3896 3958 3965; x_wconf 88' lang='lat' dir='ltr'><strong>perturbat:</strong></span> <span class='ocrx_word' id='word_1_609' title='bbox 3983 3896 4136 3965; x_wconf 91' lang='lat' dir='ltr'><strong>apud</strong></span> <span class='ocrx_word' id='word_1_610' title='bbox 4160 3912 4222 3948; x_wconf 90' lang='lat' dir='ltr'><strong>se</strong></span> <span class='ocrx_word' id='word_1_611' title='bbox 4258 3897 4506 3966; x_wconf 87' lang='lat' dir='ltr'><strong>quidem</strong></span> 
     </span>
    </p>
   </div>
   <div class='ocr_carea' id='block_1_85' title="bbox 2786 3984 4505 4059">
    <p class='ocr_par' dir='ltr' id='par_1_85' title="bbox 2786 3984 4505 4059">
     <span class='ocr_line' id='line_1_85' title="bbox 2786 3984 4505 4059; baseline -0.002 -19"><span class='ocrx_word' id='word_1_612' title='bbox 2786 3987 3181 4059; x_wconf 61' lang='lat' dir='ltr'><strong>praesentium,</strong></span> <span class='ocrx_word' id='word_1_613' title='bbox 3217 3986 3287 4039; x_wconf 90' lang='lat' dir='ltr'><strong>ad</strong></span> <span class='ocrx_word' id='word_1_614' title='bbox 3318 3985 3702 4038; x_wconf 90' lang='lat' dir='ltr'><strong>conditionem</strong></span> <span class='ocrx_word' id='word_1_615' title='bbox 3753 4000 3888 4037; x_wconf 86' lang='lat' dir='ltr'><strong>vero</strong></span> <span class='ocrx_word' id='word_1_616' title='bbox 3940 3984 4228 4052; x_wconf 89' lang='lat' dir='ltr'><strong>temporis</strong></span> <span class='ocrx_word' id='word_1_617' title='bbox 4277 3985 4505 4038; x_wconf 87' lang='lat' dir='ltr'><strong>futura-</strong></span> 
     </span>
    </p>
   </div>
   <div class='ocr_carea' id='block_1_86' title="bbox 2784 4072 4509 4143">
    <p class='ocr_par' dir='ltr' id='par_1_86' title="bbox 2784 4072 4509 4143">
     <span class='ocr_line' id='line_1_86' title="bbox 2784 4072 4509 4143; baseline -0.003 -13"><span class='ocrx_word' id='word_1_618' title='bbox 2784 4093 2931 4130; x_wconf 90' lang='lat' dir='ltr'><strong>rum.</strong></span> <span class='ocrx_word' id='word_1_619' title='bbox 2966 4075 3087 4140; x_wconf 87' lang='lat' dir='ltr'><strong>Quo</strong></span> <span class='ocrx_word' id='word_1_620' title='bbox 3117 4074 3183 4129; x_wconf 92' lang='lat' dir='ltr'><strong>ﬁt</strong></span> <span class='ocrx_word' id='word_1_621' title='bbox 3216 4082 3277 4128; x_wconf 89' lang='lat' dir='ltr'><strong>ut</strong></span> <span class='ocrx_word' id='word_1_622' title='bbox 3299 4076 3401 4128; x_wconf 92' lang='lat' dir='ltr'><strong>hoc</strong></span> <span class='ocrx_word' id='word_1_623' title='bbox 3424 4090 3537 4126; x_wconf 92' lang='lat' dir='ltr'><strong>non</strong></span> <span class='ocrx_word' id='word_1_624' title='bbox 3560 4074 3631 4127; x_wconf 88' lang='lat' dir='ltr'><strong>sit</strong></span> <span class='ocrx_word' id='word_1_625' title='bbox 3659 4072 3880 4141; x_wconf 90' lang='lat' dir='ltr'><strong>opinio,</strong></span> <span class='ocrx_word' id='word_1_626' title='bbox 3904 4072 4000 4125; x_wconf 89' lang='lat' dir='ltr'><strong>sed</strong></span> <span class='ocrx_word' id='word_1_627' title='bbox 4032 4072 4287 4125; x_wconf 84' lang='lat' dir='ltr'><strong>veritate</strong></span> <span class='ocrx_word' id='word_1_628' title='bbox 4316 4074 4509 4143; x_wconf 89' lang='lat' dir='ltr'><strong>potius</strong></span> 
     </span>
    </p>
   </div>
   <div class='ocr_carea' id='block_1_87' title="bbox 2784 4159 4508 4231">
    <p class='ocr_par' dir='ltr' id='par_1_87' title="bbox 2784 4159 4508 4231">
     <span class='ocr_line' id='line_1_87' title="bbox 2784 4159 4508 4231; baseline -0.002 -14"><span class='ocrx_word' id='word_1_629' title='bbox 2784 4163 2915 4217; x_wconf 88' lang='lat' dir='ltr'><strong>nixa</strong></span> <span class='ocrx_word' id='word_1_630' title='bbox 2945 4165 3196 4231; x_wconf 88' lang='lat' dir='ltr'><strong>cognitio</strong></span> <span class='ocrx_word' id='word_1_631' title='bbox 3230 4178 3242 4216; x_wconf 89' lang='lat'>:</span> <span class='ocrx_word' id='word_1_632' title='bbox 3276 4178 3407 4215; x_wconf 91' lang='lat' dir='ltr'><strong>cum</strong></span> <span class='ocrx_word' id='word_1_633' title='bbox 3454 4160 3769 4215; x_wconf 90' lang='lat' dir='ltr'><strong>extiturnm</strong></span> <span class='ocrx_word' id='word_1_634' title='bbox 3824 4159 3965 4230; x_wconf 91' lang='lat' dir='ltr'><strong>quid</strong></span> <span class='ocrx_word' id='word_1_635' title='bbox 3995 4176 4118 4212; x_wconf 82' lang='lat' dir='ltr'><strong>esse</strong></span> <span class='ocrx_word' id='word_1_636' title='bbox 4175 4162 4508 4230; x_wconf 86' lang='lat' dir='ltr'><strong>cognoscit,</strong></span> 
     </span>
    </p>
   </div>
   <div class='ocr_carea' id='block_1_88' title="bbox 2786 4249 4508 4322">
    <p class='ocr_par' dir='ltr' id='par_1_88' title="bbox 2786 4249 4508 4322">
     <span class='ocr_line' id='line_1_88' title="bbox 2786 4249 4508 4322; baseline -0.002 -19"><span class='ocrx_word' id='word_1_637' title='bbox 2786 4253 2924 4322; x_wconf 90' lang='lat' dir='ltr'><strong>quid</strong></span> <span class='ocrx_word' id='word_1_638' title='bbox 2970 4252 3121 4305; x_wconf 91' lang='lat' dir='ltr'><strong>idem</strong></span> <span class='ocrx_word' id='word_1_639' title='bbox 3148 4250 3425 4304; x_wconf 85' lang='lat' dir='ltr'><strong>existendi</strong></span> <span class='ocrx_word' id='word_1_640' title='bbox 3479 4249 3813 4303; x_wconf 82' lang='lat' dir='ltr'><strong>necessitate</strong></span> <span class='ocrx_word' id='word_1_641' title='bbox 3846 4264 4041 4302; x_wconf 88' lang='lat' dir='ltr'><strong>carere</strong></span> <span class='ocrx_word' id='word_1_642' title='bbox 4074 4264 4193 4302; x_wconf 90' lang='lat' dir='ltr'><strong>non</strong></span> <span class='ocrx_word' id='word_1_643' title='bbox 4262 4252 4508 4303; x_wconf 86' lang='lat' dir='ltr'><strong>nesciat.</strong></span> 
     </span>
    </p>
   </div>
   <div class='ocr_carea' id='block_1_89' title="bbox 2786 4337 4514 4410">
    <p class='ocr_par' dir='ltr' id='par_1_89' title="bbox 2786 4337 4514 4410">
     <span class='ocr_line' id='line_1_89' title="bbox 2786 4337 4514 4410; baseline -0.001 -17"><span class='ocrx_word' id='word_1_644' title='bbox 2786 4341 2885 4394; x_wconf 82' lang='lat' dir='ltr'><strong>Hic</strong></span> <span class='ocrx_word' id='word_1_645' title='bbox 2924 4339 2971 4392; x_wconf 90' lang='lat' dir='ltr'><strong>si</strong></span> <span class='ocrx_word' id='word_1_646' title='bbox 3002 4340 3130 4410; x_wconf 92' lang='lat' dir='ltr'><strong>quis</strong></span> <span class='ocrx_word' id='word_1_647' title='bbox 3172 4338 3321 4392; x_wconf 91' lang='lat' dir='ltr'><strong>dicat</strong></span> <span class='ocrx_word' id='word_1_648' title='bbox 3366 4337 3520 4407; x_wconf 88' lang='lat' dir='ltr'><strong>quod</strong></span> <span class='ocrx_word' id='word_1_649' title='bbox 3550 4342 3892 4392; x_wconf 87' lang='lat' dir='ltr'><strong>eventurum</strong></span> <span class='ocrx_word' id='word_1_650' title='bbox 3924 4337 4072 4390; x_wconf 90' lang='lat' dir='ltr'><strong>Deus</strong></span> <span class='ocrx_word' id='word_1_651' title='bbox 4094 4337 4280 4401; x_wconf 89' lang='lat' dir='ltr'><strong>videt,</strong></span> <span class='ocrx_word' id='word_1_652' title='bbox 4312 4338 4373 4391; x_wconf 89' lang='lat' dir='ltr'><strong>id</strong></span> <span class='ocrx_word' id='word_1_653' title='bbox 4400 4355 4514 4391; x_wconf 88' lang='lat' dir='ltr'><strong>non</strong></span> 
     </span>
    </p>
   </div>
   <div class='ocr_carea' id='block_1_90' title="bbox 989 4403 4514 4497">
    <p class='ocr_par' dir='ltr' id='par_1_90' title="bbox 989 4403 4514 4497">
     <span class='ocr_line' id='line_1_90' title="bbox 989 4403 4514 4497; baseline 0.001 -24"><span class='ocrx_word' id='word_1_654' title='bbox 989 4403 1356 4497; x_wconf 58' lang='grc' dir='ltr'><strong>9ωηίρξίθξι⁸</strong></span> <span class='ocrx_word' id='word_1_655' title='bbox 1389 4403 1697 4497; x_wconf 39' lang='grc' dir='ltr'><strong>ρθυξ-εξοῑθ</strong></span> <span class='ocrx_word' id='word_1_656' title='bbox 1748 4403 1936 4497; x_wconf 38' lang='lat' dir='ltr'><strong>“ﬁcu”</strong></span> <span class='ocrx_word' id='word_1_657' title='bbox 1984 4404 2262 4497; x_wconf 47' lang='grc' dir='ltr'><strong>ξίδροδξιίί</strong></span> <span class='ocrx_word' id='word_1_658' title='bbox 2296 4403 2526 4456; x_wconf 66' lang='grc' dir='ltr'><strong>άοηδτθ-</strong></span> <span class='ocrx_word' id='word_1_659' title='bbox 2574 4404 2672 4497; x_wconf 43' lang='lat'><strong>{’3&#39;</strong></span> <span class='ocrx_word' id='word_1_660' title='bbox 2706 4444 2748 4497; x_wconf 79' lang='grc' dir='ltr'><strong>ι)</strong></span> <span class='ocrx_word' id='word_1_661' title='bbox 2786 4403 3160 4478; x_wconf 66' lang='grc' dir='ltr'><strong>θνεηίτεήοι]</strong></span> <span class='ocrx_word' id='word_1_662' title='bbox 3182 4438 3365 4493; x_wconf 89' lang='lat' dir='ltr'><strong>posse,</strong></span> <span class='ocrx_word' id='word_1_663' title='bbox 3389 4403 3545 4491; x_wconf 82' lang='lat' dir='ltr'><strong>quod</strong></span> <span class='ocrx_word' id='word_1_664' title='bbox 3573 4426 3766 4475; x_wconf 86' lang='lat' dir='ltr'><strong>autem</strong></span> <span class='ocrx_word' id='word_1_665' title='bbox 3805 4436 3921 4473; x_wconf 91' lang='lat' dir='ltr'><strong>non</strong></span> <span class='ocrx_word' id='word_1_666' title='bbox 3953 4426 4145 4490; x_wconf 83' lang='lat' dir='ltr'><strong>potest</strong></span> <span class='ocrx_word' id='word_1_667' title='bbox 4194 4438 4328 4475; x_wconf 90' lang='lat' dir='ltr'><strong>non</strong></span> <span class='ocrx_word' id='word_1_668' title='bbox 4378 4438 4514 4475; x_wconf 76' lang='lat' dir='ltr'><strong>eve-</strong></span> 
     </span>
    </p>
   </div>
   <div class='ocr_carea' id='block_1_91' title="bbox 986 4491 2673 4563">
    <p class='ocr_par' dir='ltr' id='par_1_91' title="bbox 986 4491 2673 4563">
     <span class='ocr_line' id='line_1_91' title="bbox 986 4491 2673 4563; baseline 0.001 -18"><span class='ocrx_word' id='word_1_669' title='bbox 986 4496 1108 4545; x_wconf 89' lang='lat' dir='ltr'><strong>trus</strong></span> <span class='ocrx_word' id='word_1_670' title='bbox 1142 4507 1155 4545; x_wconf 91' lang='lat'><strong>:</strong></span> <span class='ocrx_word' id='word_1_671' title='bbox 1187 4491 1423 4545; x_wconf 89' lang='lat' dir='ltr'><strong>Probari</strong></span> <span class='ocrx_word' id='word_1_672' title='bbox 1456 4491 1597 4545; x_wconf 91' lang='lat' dir='ltr'><strong>mihi</strong></span> <span class='ocrx_word' id='word_1_673' title='bbox 1628 4492 1881 4563; x_wconf 88' lang='lat' dir='ltr'><strong>apertius</strong></span> <span class='ocrx_word' id='word_1_674' title='bbox 1911 4492 2106 4560; x_wconf 84' lang='lat' dir='ltr'><strong>velim,</strong></span> <span class='ocrx_word' id='word_1_675' title='bbox 2150 4492 2195 4545; x_wconf 89' lang='lat' dir='ltr'><strong>si</strong></span> <span class='ocrx_word' id='word_1_676' title='bbox 2224 4497 2411 4562; x_wconf 89' lang='lat' dir='ltr'><strong>potest</strong></span> <span class='ocrx_word' id='word_1_677' title='bbox 2449 4492 2673 4561; x_wconf 65' lang='lat' dir='ltr'><strong>prcede-</strong></span> 
     </span>
    </p>
   </div>
   <div class='ocr_carea' id='block_1_92' title="bbox 986 4579 1824 4651">
    <p class='ocr_par' dir='ltr' id='par_1_92' title="bbox 986 4579 1824 4651">
     <span class='ocr_line' id='line_1_92' title="bbox 986 4579 1824 4651; baseline 0.002 -19"><span class='ocrx_word' id='word_1_678' title='bbox 986 4579 1215 4634; x_wconf 91' lang='lat' dir='ltr'><strong>stinatio</strong></span> <span class='ocrx_word' id='word_1_679' title='bbox 1253 4580 1520 4650; x_wconf 91' lang='lat' dir='ltr'><strong>precibus</strong></span> <span class='ocrx_word' id='word_1_680' title='bbox 1548 4581 1824 4651; x_wconf 85' lang='lat' dir='ltr'><strong>adjuvari.</strong></span> 
     </span>
    </p>
   </div>
   <div class='ocr_carea' id='block_1_93' title="bbox 1298 4686 2445 4757">
    <p class='ocr_par' dir='ltr' id='par_1_93' title="bbox 1298 4686 2445 4757">
     <span class='ocr_line' id='line_1_93' title="bbox 1298 4686 2445 4757; baseline -0.003 -16"><span class='ocrx_word' id='word_1_681' title='bbox 1298 4686 1428 4742; x_wconf 78' lang='lat' dir='ltr'><strong>CAP.</strong></span> <span class='ocrx_word' id='word_1_682' title='bbox 1460 4688 1559 4742; x_wconf 84' lang='lat' dir='ltr'><strong>XX.</strong></span> <span class='ocrx_word' id='word_1_683' title='bbox 1592 4716 1659 4728; x_wconf 96' lang='lat'><strong><em>—</em></strong></span> <span class='ocrx_word' id='word_1_684' title='bbox 1689 4689 1824 4742; x_wconf 86' lang='lat' dir='ltr'><strong>Item</strong></span> <span class='ocrx_word' id='word_1_685' title='bbox 1852 4687 1915 4741; x_wconf 79' lang='lat' dir='ltr'><strong>:te</strong></span> <span class='ocrx_word' id='word_1_686' title='bbox 1952 4687 2445 4757; x_wconf 78' lang='lat' dir='ltr'><strong>praedestinatione.</strong></span> 
     </span>
    </p>
   </div>
   <div class='ocr_carea' id='block_1_94' title="bbox 1058 4774 2676 4846">
    <p class='ocr_par' dir='ltr' id='par_1_94' title="bbox 1058 4774 2676 4846">
     <span class='ocr_line' id='line_1_94' title="bbox 1058 4774 2676 4846; baseline 0 -17"><span class='ocrx_word' id='word_1_687' title='bbox 1058 4774 1168 4842; x_wconf 80' lang='lat' dir='ltr'><strong>(Ea:</strong></span> <span class='ocrx_word' id='word_1_688' title='bbox 1193 4774 1415 4845; x_wconf 83' lang='lat' dir='ltr'><strong>eodem.)</strong></span> <span class='ocrx_word' id='word_1_689' title='bbox 1475 4776 1589 4830; x_wconf 83' lang='lat' dir='ltr'><strong>Hoc</strong></span> <span class='ocrx_word' id='word_1_690' title='bbox 1632 4776 1786 4846; x_wconf 90' lang='lat' dir='ltr'><strong>quod</strong></span> <span class='ocrx_word' id='word_1_691' title='bbox 1841 4792 1946 4846; x_wconf 93' lang='lat' dir='ltr'><strong>ego</strong></span> <span class='ocrx_word' id='word_1_692' title='bbox 1996 4776 2157 4829; x_wconf 89' lang='lat' dir='ltr'><strong>Petre</strong></span> <span class='ocrx_word' id='word_1_693' title='bbox 2219 4776 2410 4840; x_wconf 86' lang='lat' dir='ltr'><strong>intuli,</strong></span> <span class='ocrx_word' id='word_1_694' title='bbox 2462 4776 2676 4829; x_wconf 80' lang='lat' dir='ltr'><strong>concita</strong></span> 
     </span>
    </p>
   </div>
   <div class='ocr_carea' id='block_1_95' title="bbox 987 4863 2675 4934">
    <p class='ocr_par' dir='ltr' id='par_1_95' title="bbox 987 4863 2675 4934">
     <span class='ocr_line' id='line_1_95' title="bbox 987 4863 2675 4934; baseline 0.001 -19"><span class='ocrx_word' id='word_1_695' title='bbox 987 4864 1138 4918; x_wconf 88' lang='lat' dir='ltr'><strong>valet</strong></span> <span class='ocrx_word' id='word_1_696' title='bbox 1164 4863 1415 4934; x_wconf 88' lang='lat' dir='ltr'><strong>probari.</strong></span> <span class='ocrx_word' id='word_1_697' title='bbox 1443 4864 1603 4919; x_wconf 82' lang='lat' dir='ltr'><strong>Certe</strong></span> <span class='ocrx_word' id='word_1_698' title='bbox 1634 4863 1847 4919; x_wconf 90' lang='lat' dir='ltr'><strong>etenim</strong></span> <span class='ocrx_word' id='word_1_699' title='bbox 1912 4864 2082 4927; x_wconf 90' lang='lat' dir='ltr'><strong>nosti,</strong></span> <span class='ocrx_word' id='word_1_700' title='bbox 2116 4864 2250 4934; x_wconf 92' lang='lat' dir='ltr'><strong>quia</strong></span> <span class='ocrx_word' id='word_1_701' title='bbox 2281 4864 2348 4918; x_wconf 92' lang='lat' dir='ltr'><strong>ad</strong></span> <span class='ocrx_word' id='word_1_702' title='bbox 2390 4864 2675 4917; x_wconf 84' lang='lat' dir='ltr'><strong>Abraham</strong></span> 
     </span>
    </p>
   </div>
   <div class='ocr_carea' id='block_1_96' title="bbox 988 4952 2680 5009">
    <p class='ocr_par' dir='ltr' id='par_1_96' title="bbox 988 4952 2680 5009">
     <span class='ocr_line' id='line_1_96' title="bbox 988 4952 2680 5009; baseline -0.002 0"><span class='ocrx_word' id='word_1_703' title='bbox 988 4952 1267 5009; x_wconf 90' lang='lat' dir='ltr'><strong>Dominus</strong></span> <span class='ocrx_word' id='word_1_704' title='bbox 1288 4952 1428 5007; x_wconf 84' lang='lat' dir='ltr'><strong>dixit</strong></span> <span class='ocrx_word' id='word_1_705' title='bbox 1461 4969 1475 5006; x_wconf 90' lang='lat'><strong>:</strong></span> <span class='ocrx_word' id='word_1_706' title='bbox 1510 4953 1576 5006; x_wconf 91' lang='lat' dir='ltr'><strong>In</strong></span> <span class='ocrx_word' id='word_1_707' title='bbox 1607 4954 1759 5007; x_wconf 86' lang='lat' dir='ltr'><strong>Isaac</strong></span> <span class='ocrx_word' id='word_1_708' title='bbox 1795 4954 2089 5007; x_wconf 81' lang='lat' dir='ltr'><strong>vocabitur</strong></span> <span class='ocrx_word' id='word_1_709' title='bbox 2136 4953 2241 5007; x_wconf 83' lang='lat' dir='ltr'><strong>tibi</strong></span> <span class='ocrx_word' id='word_1_710' title='bbox 2292 4969 2507 5006; x_wconf 89' lang='lat' dir='ltr'><strong>semen.</strong></span> <span class='ocrx_word' id='word_1_711' title='bbox 2568 4953 2680 5006; x_wconf 91' lang='lat' dir='ltr'><strong>Cur</strong></span> 
     </span>
    </p>
   </div>
   <div class='ocr_carea' id='block_1_97' title="bbox 986 5040 2675 5110">
    <p class='ocr_par' dir='ltr' id='par_1_97' title="bbox 986 5040 2675 5110">
     <span class='ocr_line' id='line_1_97' title="bbox 986 5040 2675 5110; baseline -0.001 -17"><span class='ocrx_word' id='word_1_712' title='bbox 986 5041 1160 5095; x_wconf 88' lang='lat' dir='ltr'><strong>etiam</strong></span> <span class='ocrx_word' id='word_1_713' title='bbox 1190 5040 1407 5094; x_wconf 82' lang='lat' dir='ltr'><strong>dixerat</strong></span> <span class='ocrx_word' id='word_1_714' title='bbox 1437 5041 1658 5094; x_wconf 87' lang='lat' dir='ltr'><strong>Patrem</strong></span> <span class='ocrx_word' id='word_1_715' title='bbox 1694 5041 2001 5095; x_wconf 89' lang='lat' dir='ltr'><strong>multarum</strong></span> <span class='ocrx_word' id='word_1_716' title='bbox 2024 5040 2280 5110; x_wconf 86' lang='lat' dir='ltr'><strong>gentium</strong></span> <span class='ocrx_word' id='word_1_717' title='bbox 2303 5040 2573 5094; x_wconf 90' lang='lat' dir='ltr'><strong>constitui</strong></span> <span class='ocrx_word' id='word_1_718' title='bbox 2607 5044 2675 5093; x_wconf 91' lang='lat' dir='ltr'><strong>te.</strong></span> 
     </span>
    </p>
   </div>
   <div class='ocr_carea' id='block_1_98' title="bbox 987 5127 2681 5198">
    <p class='ocr_par' dir='ltr' id='par_1_98' title="bbox 987 5127 2681 5198">
     <span class='ocr_line' id='line_1_98' title="bbox 987 5127 2681 5198; baseline -0.001 -15"><span class='ocrx_word' id='word_1_719' title='bbox 987 5128 1091 5183; x_wconf 89' lang='lat' dir='ltr'><strong>Cui</strong></span> <span class='ocrx_word' id='word_1_720' title='bbox 1144 5144 1373 5182; x_wconf 88' lang='lat' dir='ltr'><strong>rursum</strong></span> <span class='ocrx_word' id='word_1_721' title='bbox 1426 5127 1712 5198; x_wconf 89' lang='lat' dir='ltr'><strong>promisit,</strong></span> <span class='ocrx_word' id='word_1_722' title='bbox 1774 5128 1965 5181; x_wconf 71' lang='grc' dir='ltr'><strong>ἀίει-ηε</strong></span> <span class='ocrx_word' id='word_1_723' title='bbox 2022 5146 2035 5183; x_wconf 88' lang='grc'>;</span> <span class='ocrx_word' id='word_1_724' title='bbox 2093 5129 2431 5183; x_wconf 86' lang='lat' dir='ltr'><strong>Benedicam</strong></span> <span class='ocrx_word' id='word_1_725' title='bbox 2481 5128 2585 5183; x_wconf 90' lang='lat' dir='ltr'><strong>tibi</strong></span> <span class='ocrx_word' id='word_1_726' title='bbox 2624 5133 2681 5182; x_wconf 89' lang='lat' dir='ltr'><strong>et</strong></span> 
     </span>
    </p>
   </div>
   <div class='ocr_carea' id='block_1_99' title="bbox 988 5216 2680 5287">
    <p class='ocr_par' dir='ltr' id='par_1_99' title="bbox 988 5216 2680 5287">
     <span class='ocr_line' id='line_1_99' title="bbox 988 5216 2680 5287; baseline -0.001 -16"><span class='ocrx_word' id='word_1_727' title='bbox 988 5216 1386 5287; x_wconf 86' lang='lat' dir='ltr'><strong>multiplicabo</strong></span> <span class='ocrx_word' id='word_1_728' title='bbox 1417 5232 1613 5270; x_wconf 89' lang='lat' dir='ltr'><strong>semen</strong></span> <span class='ocrx_word' id='word_1_729' title='bbox 1641 5220 1804 5270; x_wconf 88' lang='lat' dir='ltr'><strong>tuum</strong></span> <span class='ocrx_word' id='word_1_730' title='bbox 1834 5216 1977 5271; x_wconf 91' lang='lat' dir='ltr'><strong>sicut</strong></span> <span class='ocrx_word' id='word_1_731' title='bbox 2009 5218 2197 5271; x_wconf 89' lang='lat' dir='ltr'><strong>stellas</strong></span> <span class='ocrx_word' id='word_1_732' title='bbox 2227 5218 2375 5280; x_wconf 77' lang='lat' dir='ltr'><strong>coeli,</strong></span> <span class='ocrx_word' id='word_1_733' title='bbox 2425 5224 2482 5271; x_wconf 89' lang='lat' dir='ltr'><strong>et</strong></span> <span class='ocrx_word' id='word_1_734' title='bbox 2527 5218 2680 5271; x_wconf 93' lang='lat' dir='ltr'><strong>velut</strong></span> 
     </span>
    </p>
   </div>
   <div class='ocr_carea' id='block_1_100' title="bbox 988 5304 2678 5377">
    <p class='ocr_par' dir='ltr' id='par_1_100' title="bbox 988 5304 2678 5377">
     <span class='ocr_line' id='line_1_100' title="bbox 988 5304 2678 5377; baseline -0.001 -18"><span class='ocrx_word' id='word_1_735' title='bbox 988 5321 1219 5360; x_wconf 89' lang='lat' dir='ltr'><strong>arenam</strong></span> <span class='ocrx_word' id='word_1_736' title='bbox 1252 5321 1382 5377; x_wconf 70' lang='lat' dir='ltr'><strong>quae</strong></span> <span class='ocrx_word' id='word_1_737' title='bbox 1412 5310 1496 5359; x_wconf 89' lang='lat' dir='ltr'><strong>est</strong></span> <span class='ocrx_word' id='word_1_738' title='bbox 1520 5304 1579 5359; x_wconf 91' lang='lat' dir='ltr'><strong>in</strong></span> <span class='ocrx_word' id='word_1_739' title='bbox 1612 5304 1800 5358; x_wconf 89' lang='lat' dir='ltr'><strong>littore</strong></span> <span class='ocrx_word' id='word_1_740' title='bbox 1854 5305 2041 5359; x_wconf 88' lang='lat' dir='ltr'><strong>maris.</strong></span> <span class='ocrx_word' id='word_1_741' title='bbox 2071 5306 2149 5358; x_wconf 81' lang='lat' dir='ltr'><strong>Ex</strong></span> <span class='ocrx_word' id='word_1_742' title='bbox 2210 5322 2322 5376; x_wconf 90' lang='lat' dir='ltr'><strong>qua</strong></span> <span class='ocrx_word' id='word_1_743' title='bbox 2366 5322 2426 5359; x_wconf 90' lang='lat' dir='ltr'><strong>re</strong></span> <span class='ocrx_word' id='word_1_744' title='bbox 2485 5310 2678 5376; x_wconf 91' lang='lat' dir='ltr'><strong>aperte</strong></span> 
     </span>
    </p>
   </div>
   <div class='ocr_carea' id='block_1_101' title="bbox 989 5393 2679 5465">
    <p class='ocr_par' dir='ltr' id='par_1_101' title="bbox 989 5393 2679 5465">
     <span class='ocr_line' id='line_1_101' title="bbox 989 5393 2679 5465; baseline -0.002 -17"><span class='ocrx_word' id='word_1_745' title='bbox 989 5398 1210 5448; x_wconf 87' lang='lat' dir='ltr'><strong>constat</strong></span> <span class='ocrx_word' id='word_1_746' title='bbox 1236 5393 1502 5465; x_wconf 90' lang='lat' dir='ltr'><strong>intelligi,</strong></span> <span class='ocrx_word' id='word_1_747' title='bbox 1533 5393 1671 5464; x_wconf 89' lang='lat' dir='ltr'><strong>quia</strong></span> <span class='ocrx_word' id='word_1_748' title='bbox 1694 5393 2061 5462; x_wconf 90' lang='lat' dir='ltr'><strong>omnipotens</strong></span> <span class='ocrx_word' id='word_1_749' title='bbox 2088 5394 2233 5447; x_wconf 91' lang='lat' dir='ltr'><strong>Deus</strong></span> <span class='ocrx_word' id='word_1_750' title='bbox 2268 5409 2459 5446; x_wconf 87' lang='lat' dir='ltr'><strong>semen</strong></span> <span class='ocrx_word' id='word_1_751' title='bbox 2494 5394 2679 5447; x_wconf 79' lang='lat' dir='ltr'><strong>Abra—</strong></span> 
     </span>
    </p>
   </div>
   <div class='ocr_carea' id='block_1_102' title="bbox 989 5480 2681 5552">
    <p class='ocr_par' dir='ltr' id='par_1_102' title="bbox 989 5480 2681 5552">
     <span class='ocr_line' id='line_1_102' title="bbox 989 5480 2681 5552; baseline 0 -17"><span class='ocrx_word' id='word_1_752' title='bbox 989 5481 1077 5536; x_wconf 61' lang='lat' dir='ltr'><strong>bas</strong></span> <span class='ocrx_word' id='word_1_753' title='bbox 1105 5482 1611 5552; x_wconf 72' lang='lat' dir='ltr'><strong>praedestinaverat</strong></span> <span class='ocrx_word' id='word_1_754' title='bbox 1635 5498 1739 5552; x_wconf 89' lang='lat' dir='ltr'><strong>per</strong></span> <span class='ocrx_word' id='word_1_755' title='bbox 1768 5482 1919 5535; x_wconf 86' lang='lat' dir='ltr'><strong>Isaac</strong></span> <span class='ocrx_word' id='word_1_756' title='bbox 1950 5480 2328 5550; x_wconf 89' lang='lat' dir='ltr'><strong>multiplicare</strong></span> <span class='ocrx_word' id='word_1_757' title='bbox 2363 5497 2376 5533; x_wconf 90' lang='lat'>:</span> <span class='ocrx_word' id='word_1_758' title='bbox 2406 5487 2461 5534; x_wconf 92' lang='lat' dir='ltr'><strong>et</strong></span> <span class='ocrx_word' id='word_1_759' title='bbox 2490 5486 2681 5535; x_wconf 87' lang='lat' dir='ltr'><strong>tamen</strong></span> 
     </span>
    </p>
   </div>
   <div class='ocr_carea' id='block_1_103' title="bbox 990 5558 2681 5642">
    <p class='ocr_par' dir='ltr' id='par_1_103' title="bbox 990 5558 2681 5642">
     <span class='ocr_line' id='line_1_103' title="bbox 990 5558 2681 5642; baseline -0.001 -19"><span class='ocrx_word' id='word_1_760' title='bbox 990 5569 1263 5639; x_wconf 88' lang='lat' dir='ltr'><strong>scriptum</strong></span> <span class='ocrx_word' id='word_1_761' title='bbox 1319 5578 1424 5638; x_wconf 91' lang='lat' dir='ltr'><strong>est,</strong></span> <span class='ocrx_word' id='word_1_762' title='bbox 1484 5558 1820 5642; x_wconf 64' lang='lat' dir='ltr'><strong>deprecatus</strong></span> <span class='ocrx_word' id='word_1_763' title='bbox 1875 5573 1961 5624; x_wconf 88' lang='lat' dir='ltr'><strong>est</strong></span> <span class='ocrx_word' id='word_1_764' title='bbox 2016 5570 2170 5623; x_wconf 82' lang='lat' dir='ltr'><strong>Isaac</strong></span> <span class='ocrx_word' id='word_1_765' title='bbox 2214 5569 2521 5623; x_wconf 91' lang='lat' dir='ltr'><strong>Dominum</strong></span> <span class='ocrx_word' id='word_1_766' title='bbox 2577 5586 2681 5640; x_wconf 91' lang='lat' dir='ltr'><strong>pro</strong></span> 
     </span>
    </p>
   </div>
   <div class='ocr_carea' id='block_1_104' title="bbox 995 5656 2680 5728">
    <p class='ocr_par' dir='ltr' id='par_1_104' title="bbox 995 5656 2680 5728">
     <span class='ocr_line' id='line_1_104' title="bbox 995 5656 2680 5728; baseline 0.001 -18"><span class='ocrx_word' id='word_1_767' title='bbox 995 5672 1170 5711; x_wconf 92' lang='lat' dir='ltr'><strong>uxore</strong></span> <span class='ocrx_word' id='word_1_768' title='bbox 1199 5674 1321 5723; x_wconf 89' lang='lat' dir='ltr'><strong>sua,</strong></span> <span class='ocrx_word' id='word_1_769' title='bbox 1352 5674 1419 5712; x_wconf 90' lang='lat' dir='ltr'><strong>eo</strong></span> <span class='ocrx_word' id='word_1_770' title='bbox 1445 5659 1596 5728; x_wconf 90' lang='lat' dir='ltr'><strong>quod</strong></span> <span class='ocrx_word' id='word_1_771' title='bbox 1627 5663 1774 5713; x_wconf 81' lang='lat' dir='ltr'><strong>esset</strong></span> <span class='ocrx_word' id='word_1_772' title='bbox 1802 5658 2029 5723; x_wconf 88' lang='lat' dir='ltr'><strong>sterilis,</strong></span> <span class='ocrx_word' id='word_1_773' title='bbox 2065 5656 2164 5728; x_wconf 90' lang='lat' dir='ltr'><strong>qui</strong></span> <span class='ocrx_word' id='word_1_774' title='bbox 2195 5657 2483 5711; x_wconf 82' lang='lat' dir='ltr'><strong>exaudivit</strong></span> <span class='ocrx_word' id='word_1_775' title='bbox 2525 5674 2680 5723; x_wconf 91' lang='lat' dir='ltr'><strong>eum,</strong></span> 
     </span>
    </p>
   </div>
   <div class='ocr_carea' id='block_1_105' title="bbox 995 5743 2685 5817">
    <p class='ocr_par' dir='ltr' id='par_1_105' title="bbox 995 5743 2685 5817">
     <span class='ocr_line' id='line_1_105' title="bbox 995 5743 2685 5817; baseline 0.001 -18"><span class='ocrx_word' id='word_1_776' title='bbox 995 5743 1241 5813; x_wconf 39' lang='lat' dir='ltr'><strong>etldedit</strong></span> <span class='ocrx_word' id='word_1_777' title='bbox 1272 5750 1609 5816; x_wconf 88' lang='lat' dir='ltr'><strong>conceptum</strong></span> <span class='ocrx_word' id='word_1_778' title='bbox 1656 5747 1938 5802; x_wconf 71' lang='lat' dir='ltr'><strong>Rebeccae.</strong></span> <span class='ocrx_word' id='word_1_779' title='bbox 1989 5747 2045 5801; x_wconf 92' lang='lat' dir='ltr'><strong>Si</strong></span> <span class='ocrx_word' id='word_1_780' title='bbox 2101 5762 2239 5817; x_wconf 90' lang='lat' dir='ltr'><strong>ergo</strong></span> <span class='ocrx_word' id='word_1_781' title='bbox 2288 5746 2685 5816; x_wconf 92' lang='lat' dir='ltr'><strong>multiplicatio</strong></span> 
     </span>
    </p>
   </div>
   <div class='ocr_carea' id='block_1_106' title="bbox 2786 4508 4513 4578">
    <p class='ocr_par' dir='ltr' id='par_1_106' title="bbox 2786 4508 4513 4578">
     <span class='ocr_line' id='line_1_106' title="bbox 2786 4508 4513 4578; baseline -0.002 -14"><span class='ocrx_word' id='word_1_782' title='bbox 2786 4511 2930 4578; x_wconf 85' lang='lat' dir='ltr'><strong>nire,</strong></span> <span class='ocrx_word' id='word_1_783' title='bbox 2982 4510 3037 4564; x_wconf 91' lang='lat' dir='ltr'><strong>id</strong></span> <span class='ocrx_word' id='word_1_784' title='bbox 3082 4526 3147 4563; x_wconf 93' lang='lat' dir='ltr'><strong>ex</strong></span> <span class='ocrx_word' id='word_1_785' title='bbox 3197 4509 3529 4563; x_wconf 77' lang='lat' dir='ltr'><strong>necessitate</strong></span> <span class='ocrx_word' id='word_1_786' title='bbox 3549 4508 3902 4578; x_wconf 86' lang='lat' dir='ltr'><strong>contingere.</strong></span> <span class='ocrx_word' id='word_1_787' title='bbox 3954 4508 4369 4577; x_wconf 78' lang='lat' dir='ltr'><strong>Respondebit</strong></span> <span class='ocrx_word' id='word_1_788' title='bbox 4432 4510 4513 4562; x_wconf 88' lang='lat' dir='ltr'><strong>illi</strong></span> 
     </span>
    </p>
   </div>
   <div class='ocr_carea' id='block_1_107' title="bbox 2788 4596 4515 4669">
    <p class='ocr_par' dir='ltr' id='par_1_107' title="bbox 2788 4596 4515 4669">
     <span class='ocr_line' id='line_1_107' title="bbox 2788 4596 4515 4669; baseline -0.001 -17"><span class='ocrx_word' id='word_1_789' title='bbox 2788 4614 2877 4652; x_wconf 88' lang='lat' dir='ltr'><strong>res</strong></span> <span class='ocrx_word' id='word_1_790' title='bbox 2909 4597 3139 4669; x_wconf 90' lang='lat' dir='ltr'><strong>quidem</strong></span> <span class='ocrx_word' id='word_1_791' title='bbox 3173 4598 3529 4651; x_wconf 59' lang='lat' dir='ltr'><strong>solidissima;</strong></span> <span class='ocrx_word' id='word_1_792' title='bbox 3564 4597 3837 4664; x_wconf 85' lang='lat' dir='ltr'><strong>veritatis,</strong></span> <span class='ocrx_word' id='word_1_793' title='bbox 3879 4596 3977 4650; x_wconf 81' lang='lat' dir='ltr'><strong>sed</strong></span> <span class='ocrx_word' id='word_1_794' title='bbox 4007 4596 4101 4650; x_wconf 92' lang='lat' dir='ltr'><strong>cui</strong></span> <span class='ocrx_word' id='word_1_795' title='bbox 4133 4596 4231 4650; x_wconf 83' lang='lat' dir='ltr'><strong>vix</strong></span> <span class='ocrx_word' id='word_1_796' title='bbox 4296 4599 4515 4668; x_wconf 85' lang='lat' dir='ltr'><strong>aliquis</strong></span> 
     </span>
    </p>
   </div>
   <div class='ocr_carea' id='block_1_108' title="bbox 2787 4685 4512 4757">
    <p class='ocr_par' dir='ltr' id='par_1_108' title="bbox 2787 4685 4512 4757">
     <span class='ocr_line' id='line_1_108' title="bbox 2787 4685 4512 4757; baseline 0 -18"><span class='ocrx_word' id='word_1_797' title='bbox 2787 4687 2896 4740; x_wconf 90' lang='lat' dir='ltr'><strong>nisi</strong></span> <span class='ocrx_word' id='word_1_798' title='bbox 2934 4687 3110 4740; x_wconf 88' lang='lat' dir='ltr'><strong>divini</strong></span> <span class='ocrx_word' id='word_1_799' title='bbox 3138 4686 3457 4756; x_wconf 86' lang='lat' dir='ltr'><strong>speculator</strong></span> <span class='ocrx_word' id='word_1_800' title='bbox 3513 4685 3832 4740; x_wconf 83' lang='lat' dir='ltr'><strong>accesserit.</strong></span> <span class='ocrx_word' id='word_1_801' title='bbox 3887 4685 4176 4739; x_wconf 81' lang='lat' dir='ltr'><strong>Firmatur</strong></span> <span class='ocrx_word' id='word_1_802' title='bbox 4232 4702 4512 4757; x_wconf 88' lang='lat' dir='ltr'><strong>namque</strong></span> 
     </span>
    </p>
   </div>
   <div class='ocr_carea' id='block_1_109' title="bbox 2790 4773 4513 4841">
    <p class='ocr_par' dir='ltr' id='par_1_109' title="bbox 2790 4773 4513 4841">
     <span class='ocr_line' id='line_1_109' title="bbox 2790 4773 4513 4841; baseline 0.001 -13"><span class='ocrx_word' id='word_1_803' title='bbox 2790 4774 2944 4828; x_wconf 92' lang='lat' dir='ltr'><strong>idem</strong></span> <span class='ocrx_word' id='word_1_804' title='bbox 2971 4780 3297 4841; x_wconf 87' lang='lat' dir='ltr'><strong>venturum,</strong></span> <span class='ocrx_word' id='word_1_805' title='bbox 3333 4790 3462 4828; x_wconf 91' lang='lat' dir='ltr'><strong>cum</strong></span> <span class='ocrx_word' id='word_1_806' title='bbox 3494 4774 3564 4828; x_wconf 87' lang='lat' dir='ltr'><strong>ad</strong></span> <span class='ocrx_word' id='word_1_807' title='bbox 3600 4774 3856 4829; x_wconf 87' lang='lat' dir='ltr'><strong>divinam</strong></span> <span class='ocrx_word' id='word_1_808' title='bbox 3892 4773 4192 4827; x_wconf 87' lang='lat' dir='ltr'><strong>notionem</strong></span> <span class='ocrx_word' id='word_1_809' title='bbox 4251 4775 4513 4829; x_wconf 78' lang='lat' dir='ltr'><strong>refertur</strong></span> 
     </span>
    </p>
   </div>
   <div class='ocr_carea' id='block_1_110' title="bbox 2792 4862 4509 4933">
    <p class='ocr_par' dir='ltr' id='par_1_110' title="bbox 2792 4862 4509 4933">
     <span class='ocr_line' id='line_1_110' title="bbox 2792 4862 4509 4933; baseline -0.001 -16"><span class='ocrx_word' id='word_1_810' title='bbox 2792 4864 3173 4917; x_wconf 89' lang='lat' dir='ltr'><strong>necessarium</strong></span> <span class='ocrx_word' id='word_1_811' title='bbox 3211 4879 3225 4917; x_wconf 90' lang='lat'><strong>:</strong></span> <span class='ocrx_word' id='word_1_812' title='bbox 3258 4879 3385 4917; x_wconf 89' lang='lat' dir='ltr'><strong>cum</strong></span> <span class='ocrx_word' id='word_1_813' title='bbox 3430 4879 3563 4916; x_wconf 89' lang='lat' dir='ltr'><strong>vero</strong></span> <span class='ocrx_word' id='word_1_814' title='bbox 3610 4862 3670 4916; x_wconf 92' lang='lat' dir='ltr'><strong>in</strong></span> <span class='ocrx_word' id='word_1_815' title='bbox 3702 4879 3807 4915; x_wconf 90' lang='lat' dir='ltr'><strong>sua</strong></span> <span class='ocrx_word' id='word_1_816' title='bbox 3830 4866 4039 4916; x_wconf 88' lang='lat' dir='ltr'><strong>natura</strong></span> <span class='ocrx_word' id='word_1_817' title='bbox 4083 4864 4509 4933; x_wconf 87' lang='lat' dir='ltr'><strong>perpenditur,</strong></span> 
     </span>
    </p>
   </div>
   <div class='ocr_carea' id='block_1_111' title="bbox 2830 4950 4513 5022">
    <p class='ocr_par' dir='ltr' id='par_1_111' title="bbox 2830 4950 4513 5022">
     <span class='ocr_line' id='line_1_111' title="bbox 2830 4950 4513 5022; baseline 0 -17"><span class='ocrx_word' id='word_1_818' title='bbox 2830 4952 3031 5005; x_wconf 88' lang='lat' dir='ltr'><strong>herum</strong></span> <span class='ocrx_word' id='word_1_819' title='bbox 3081 4968 3312 5022; x_wconf 90' lang='lat' dir='ltr'><strong>prorsus</strong></span> <span class='ocrx_word' id='word_1_820' title='bbox 3342 4957 3514 5021; x_wconf 91' lang='lat' dir='ltr'><strong>atque</strong></span> <span class='ocrx_word' id='word_1_821' title='bbox 3561 4951 3888 5005; x_wconf 89' lang='lat' dir='ltr'><strong>absolutum</strong></span> <span class='ocrx_word' id='word_1_822' title='bbox 3937 4950 4145 5004; x_wconf 83' lang='lat' dir='ltr'><strong>videri.</strong></span> <span class='ocrx_word' id='word_1_823' title='bbox 4180 4951 4330 5006; x_wconf 66' lang='lat' dir='ltr'><strong>Due</strong></span> <span class='ocrx_word' id='word_1_824' title='bbox 4381 4960 4513 5005; x_wconf 90' lang='lat' dir='ltr'><strong>sunt</strong></span> 
     </span>
    </p>
   </div>
   <div class='ocr_carea' id='block_1_112' title="bbox 2789 5038 4515 5109">
    <p class='ocr_par' dir='ltr' id='par_1_112' title="bbox 2789 5038 4515 5109">
     <span class='ocr_line' id='line_1_112' title="bbox 2789 5038 4515 5109; baseline 0 -15"><span class='ocrx_word' id='word_1_825' title='bbox 2789 5040 3002 5095; x_wconf 90' lang='lat' dir='ltr'><strong>etenim</strong></span> <span class='ocrx_word' id='word_1_826' title='bbox 3060 5043 3441 5106; x_wconf 81' lang='lat' dir='ltr'><strong>necessitates,</strong></span> <span class='ocrx_word' id='word_1_827' title='bbox 3475 5040 3715 5109; x_wconf 88' lang='lat' dir='ltr'><strong>simplex</strong></span> <span class='ocrx_word' id='word_1_828' title='bbox 3750 5055 3885 5102; x_wconf 88' lang='lat' dir='ltr'><strong>una,</strong></span> <span class='ocrx_word' id='word_1_829' title='bbox 3918 5038 4094 5092; x_wconf 89' lang='lat' dir='ltr'><strong>veluti</strong></span> <span class='ocrx_word' id='word_1_830' title='bbox 4117 5055 4243 5109; x_wconf 80' lang='lat' dir='ltr'><strong>qua</strong></span> <span class='ocrx_word' id='word_1_831' title='bbox 4276 5057 4515 5094; x_wconf 84' lang='lat' dir='ltr'><strong>necesse</strong></span> 
     </span>
    </p>
   </div>
   <div class='ocr_carea' id='block_1_113' title="bbox 2792 5127 4510 5192">
    <p class='ocr_par' dir='ltr' id='par_1_113' title="bbox 2792 5127 4510 5192">
     <span class='ocr_line' id='line_1_113' title="bbox 2792 5127 4510 5192; baseline -0.001 -10"><span class='ocrx_word' id='word_1_832' title='bbox 2792 5134 2875 5182; x_wconf 92' lang='lat' dir='ltr'><strong>est</strong></span> <span class='ocrx_word' id='word_1_833' title='bbox 2904 5145 3101 5183; x_wconf 89' lang='lat' dir='ltr'><strong>omnes</strong></span> <span class='ocrx_word' id='word_1_834' title='bbox 3128 5127 3391 5182; x_wconf 88' lang='lat' dir='ltr'><strong>homines</strong></span> <span class='ocrx_word' id='word_1_835' title='bbox 3420 5145 3541 5181; x_wconf 88' lang='lat' dir='ltr'><strong>esse</strong></span> <span class='ocrx_word' id='word_1_836' title='bbox 3574 5128 3878 5182; x_wconf 76' lang='lat' dir='ltr'><strong>mortales:</strong></span> <span class='ocrx_word' id='word_1_837' title='bbox 3915 5128 4096 5179; x_wconf 89' lang='lat' dir='ltr'><strong>altera</strong></span> <span class='ocrx_word' id='word_1_838' title='bbox 4116 5129 4510 5192; x_wconf 88' lang='lat' dir='ltr'><strong>conditionis,</strong></span> 
     </span>
    </p>
   </div>
   <div class='ocr_carea' id='block_1_114' title="bbox 2794 5215 4516 5286">
    <p class='ocr_par' dir='ltr' id='par_1_114' title="bbox 2794 5215 4516 5286">
     <span class='ocr_line' id='line_1_114' title="bbox 2794 5215 4516 5286; baseline 0.001 -16"><span class='ocrx_word' id='word_1_839' title='bbox 2794 5221 2859 5271; x_wconf 90' lang='lat' dir='ltr'><strong>ut</strong></span> <span class='ocrx_word' id='word_1_840' title='bbox 2889 5217 2933 5269; x_wconf 90' lang='lat' dir='ltr'><strong>si</strong></span> <span class='ocrx_word' id='word_1_841' title='bbox 2962 5217 3209 5286; x_wconf 89' lang='lat' dir='ltr'><strong>aliquem</strong></span> <span class='ocrx_word' id='word_1_842' title='bbox 3243 5217 3537 5269; x_wconf 88' lang='lat' dir='ltr'><strong>ambulare</strong></span> <span class='ocrx_word' id='word_1_843' title='bbox 3570 5215 3698 5286; x_wconf 91' lang='lat' dir='ltr'><strong>quis</strong></span> <span class='ocrx_word' id='word_1_844' title='bbox 3728 5216 3851 5281; x_wconf 90' lang='lat' dir='ltr'><strong>scit,</strong></span> <span class='ocrx_word' id='word_1_845' title='bbox 3888 5230 4023 5269; x_wconf 87' lang='lat' dir='ltr'><strong>eum</strong></span> <span class='ocrx_word' id='word_1_846' title='bbox 4052 5215 4379 5271; x_wconf 83' lang='lat' dir='ltr'><strong>ambulare</strong></span> <span class='ocrx_word' id='word_1_847' title='bbox 4414 5234 4516 5271; x_wconf 82' lang='lat' dir='ltr'><strong>ne—</strong></span> 
     </span>
    </p>
   </div>
   <div class='ocr_carea' id='block_1_115' title="bbox 2794 5302 4515 5375">
    <p class='ocr_par' dir='ltr' id='par_1_115' title="bbox 2794 5302 4515 5375">
     <span class='ocr_line' id='line_1_115' title="bbox 2794 5302 4515 5375; baseline 0 -17"><span class='ocrx_word' id='word_1_848' title='bbox 2794 5320 2947 5358; x_wconf 90' lang='lat' dir='ltr'><strong>cesse</strong></span> <span class='ocrx_word' id='word_1_849' title='bbox 2976 5312 3081 5358; x_wconf 88' lang='lat' dir='ltr'><strong>est.</strong></span> <span class='ocrx_word' id='word_1_850' title='bbox 3113 5304 3274 5368; x_wconf 88' lang='lat' dir='ltr'><strong>Quod</strong></span> <span class='ocrx_word' id='word_1_851' title='bbox 3304 5304 3453 5357; x_wconf 89' lang='lat' dir='ltr'><strong>enim</strong></span> <span class='ocrx_word' id='word_1_852' title='bbox 3483 5304 3727 5375; x_wconf 88' lang='lat' dir='ltr'><strong>quisque</strong></span> <span class='ocrx_word' id='word_1_853' title='bbox 3759 5303 3941 5368; x_wconf 83' lang='lat' dir='ltr'><strong>novit,</strong></span> <span class='ocrx_word' id='word_1_854' title='bbox 3991 5302 4053 5357; x_wconf 88' lang='lat' dir='ltr'><strong>id</strong></span> <span class='ocrx_word' id='word_1_855' title='bbox 4081 5320 4214 5357; x_wconf 87' lang='lat' dir='ltr'><strong>esse</strong></span> <span class='ocrx_word' id='word_1_856' title='bbox 4244 5306 4431 5360; x_wconf 81' lang='lat' dir='ltr'><strong>aliter</strong></span> <span class='ocrx_word' id='word_1_857' title='bbox 4460 5323 4515 5358; x_wconf 84' lang='lat' dir='ltr'><strong>ac</strong></span> 
     </span>
    </p>
   </div>
   <div class='ocr_carea' id='block_1_116' title="bbox 2796 5391 4512 5462">
    <p class='ocr_par' dir='ltr' id='par_1_116' title="bbox 2796 5391 4512 5462">
     <span class='ocr_line' id='line_1_116' title="bbox 2796 5391 4512 5462; baseline 0.001 -15"><span class='ocrx_word' id='word_1_858' title='bbox 2796 5399 2995 5447; x_wconf 90' lang='lat' dir='ltr'><strong>notum</strong></span> <span class='ocrx_word' id='word_1_859' title='bbox 3028 5399 3129 5459; x_wconf 87' lang='lat' dir='ltr'><strong>est,</strong></span> <span class='ocrx_word' id='word_1_860' title='bbox 3162 5393 3380 5462; x_wconf 87' lang='lat' dir='ltr'><strong>nequit.</strong></span> <span class='ocrx_word' id='word_1_861' title='bbox 3407 5392 3513 5446; x_wconf 89' lang='lat' dir='ltr'><strong>Sed</strong></span> <span class='ocrx_word' id='word_1_862' title='bbox 3548 5393 3665 5446; x_wconf 68' lang='lat' dir='ltr'><strong>hinc</strong></span> <span class='ocrx_word' id='word_1_863' title='bbox 3687 5391 3927 5445; x_wconf 90' lang='lat' dir='ltr'><strong>minime</strong></span> <span class='ocrx_word' id='word_1_864' title='bbox 3949 5407 4145 5445; x_wconf 89' lang='lat' dir='ltr'><strong>secum</strong></span> <span class='ocrx_word' id='word_1_865' title='bbox 4171 5392 4349 5448; x_wconf 88' lang='lat' dir='ltr'><strong>illam</strong></span> <span class='ocrx_word' id='word_1_866' title='bbox 4382 5396 4512 5448; x_wconf 82' lang='lat' dir='ltr'><strong>sim-</strong></span> 
     </span>
    </p>
   </div>
   <div class='ocr_carea' id='block_1_117' title="bbox 2793 5480 4513 5553">
    <p class='ocr_par' dir='ltr' id='par_1_117' title="bbox 2793 5480 4513 5553">
     <span class='ocr_line' id='line_1_117' title="bbox 2793 5480 4513 5553; baseline 0.001 -19"><span class='ocrx_word' id='word_1_867' title='bbox 2793 5481 2998 5552; x_wconf 90' lang='lat' dir='ltr'><strong>plicem</strong></span> <span class='ocrx_word' id='word_1_868' title='bbox 3033 5481 3226 5535; x_wconf 89' lang='lat' dir='ltr'><strong>trahit.</strong></span> <span class='ocrx_word' id='word_1_869' title='bbox 3265 5482 3417 5534; x_wconf 84' lang='lat' dir='ltr'><strong>Hanc</strong></span> <span class='ocrx_word' id='word_1_870' title='bbox 3448 5480 3601 5534; x_wconf 92' lang='lat' dir='ltr'><strong>enim</strong></span> <span class='ocrx_word' id='word_1_871' title='bbox 3653 5480 4057 5533; x_wconf 84' lang='lat' dir='ltr'><strong>necessitatem</strong></span> <span class='ocrx_word' id='word_1_872' title='bbox 4091 5496 4216 5533; x_wconf 91' lang='lat' dir='ltr'><strong>non</strong></span> <span class='ocrx_word' id='word_1_873' title='bbox 4279 5485 4513 5553; x_wconf 84' lang='lat' dir='ltr'><strong>propria</strong></span> 
     </span>
    </p>
   </div>
   <div class='ocr_carea' id='block_1_118' title="bbox 2794 5568 4511 5637">
    <p class='ocr_par' dir='ltr' id='par_1_118' title="bbox 2794 5568 4511 5637">
     <span class='ocr_line' id='line_1_118' title="bbox 2794 5568 4511 5637; baseline 0.001 -13"><span class='ocrx_word' id='word_1_874' title='bbox 2794 5569 2930 5624; x_wconf 89' lang='lat' dir='ltr'><strong>facit</strong></span> <span class='ocrx_word' id='word_1_875' title='bbox 2984 5575 3211 5637; x_wconf 91' lang='lat' dir='ltr'><strong>natura,</strong></span> <span class='ocrx_word' id='word_1_876' title='bbox 3260 5570 3355 5623; x_wconf 90' lang='lat' dir='ltr'><strong>sed</strong></span> <span class='ocrx_word' id='word_1_877' title='bbox 3409 5568 3753 5622; x_wconf 82' lang='lat' dir='ltr'><strong>conditionis</strong></span> <span class='ocrx_word' id='word_1_878' title='bbox 3802 5568 4070 5635; x_wconf 86' lang='lat' dir='ltr'><strong>adjectio.</strong></span> <span class='ocrx_word' id='word_1_879' title='bbox 4125 5569 4310 5623; x_wconf 83' lang='lat' dir='ltr'><strong>Nulla</strong></span> <span class='ocrx_word' id='word_1_880' title='bbox 4361 5574 4511 5625; x_wconf 86' lang='lat' dir='ltr'><strong>enim</strong></span> 
     </span>
    </p>
   </div>
   <div class='ocr_carea' id='block_1_119' title="bbox 2794 5657 4508 5729">
    <p class='ocr_par' dir='ltr' id='par_1_119' title="bbox 2794 5657 4508 5729">
     <span class='ocr_line' id='line_1_119' title="bbox 2794 5657 4508 5729; baseline 0 -16"><span class='ocrx_word' id='word_1_881' title='bbox 2794 5659 3101 5713; x_wconf 86' lang='lat' dir='ltr'><strong>necessitas</strong></span> <span class='ocrx_word' id='word_1_882' title='bbox 3155 5657 3310 5729; x_wconf 92' lang='lat' dir='ltr'><strong>cogit</strong></span> <span class='ocrx_word' id='word_1_883' title='bbox 3396 5657 3660 5712; x_wconf 89' lang='lat' dir='ltr'><strong>incedere</strong></span> <span class='ocrx_word' id='word_1_884' title='bbox 3710 5658 4007 5711; x_wconf 88' lang='lat' dir='ltr'><strong>voluntate</strong></span> <span class='ocrx_word' id='word_1_885' title='bbox 4083 5660 4508 5728; x_wconf 86' lang='lat' dir='ltr'><strong>gradientem:</strong></span> 
     </span>
    </p>
   </div>
   <div class='ocr_carea' id='block_1_120' title="bbox 2795 5745 4510 5818">
    <p class='ocr_par' dir='ltr' id='par_1_120' title="bbox 2795 5745 4510 5818">
     <span class='ocr_line' id='line_1_120' title="bbox 2795 5745 4510 5818; baseline 0.002 -18"><span class='ocrx_word' id='word_1_886' title='bbox 2795 5748 3053 5818; x_wconf 89' lang='lat' dir='ltr'><strong>quamvis</strong></span> <span class='ocrx_word' id='word_1_887' title='bbox 3082 5762 3211 5801; x_wconf 91' lang='lat' dir='ltr'><strong>cum</strong></span> <span class='ocrx_word' id='word_1_888' title='bbox 3264 5752 3384 5800; x_wconf 89' lang='lat' dir='ltr'><strong>tum</strong></span> <span class='ocrx_word' id='word_1_889' title='bbox 3438 5762 3568 5799; x_wconf 90' lang='lat' dir='ltr'><strong>cum</strong></span> <span class='ocrx_word' id='word_1_890' title='bbox 3626 5745 3906 5817; x_wconf 89' lang='lat' dir='ltr'><strong>graditur,</strong></span> <span class='ocrx_word' id='word_1_891' title='bbox 3970 5745 4253 5802; x_wconf 86' lang='lat' dir='ltr'><strong>incedere</strong></span> <span class='ocrx_word' id='word_1_892' title='bbox 4312 5765 4510 5803; x_wconf 73' lang='lat' dir='ltr'><strong>neces—</strong></span> 
     </span>
    </p>
   </div>
  </div>
