4592 6474
464 373 585 423 1025

455 494 657 547 sarium
694 492 786 546 sit.
826 492 1039 547 Eodem
1070 492 1248 565 igitur
1284 495 1456 549 modo
1488 496 1533 549 si
1589 498 1727 566 quid
1778 498 2132 567 providentia
2160 504 2207 556 Α

452 598 696 652 praesens
731 582 901 647 videt,
936 582 993 635 id
1034 599 1154 636 esse
1191 599 1418 637 necesse
1466 590 1569 651 est,
1631 588 1855 639 tametsi
1912 588 2131 641 nullam

453 677 663 725 naturae
694 670 901 724 habeat
948 672 1361 726 necessitatem.
1426 675 1597 743 Atqui
1635 676 1774 727 Deus
1820 691 1885 727 ea
1917 676 2129 742 futura,

456 775 575 828 quae
602 775 668 812 ex
698 759 919 812 arbitrii
941 760 1201 813 libertate
1247 762 1615 830 proveniunt,
1666 765 1969 832 praesentia
1999 781 2131 817 con-

452 854 658 901 tuetur.
703 848 833 900 Hasc
867 847 1045 915 igitur
1076 848 1145 900 ad
1200 849 1473 901 intuitum
1509 850 1686 903 relata
1743 852 2000 906 divinum
2040 870 2133 905 ue-

454 936 687 989 cessaria
719 937 867 990 ﬁunt
914 953 1019 1006 per
1071 936 1503 1007 dispositionem
1566 938 1773 991 divinas
1834 938 2130 1008 notionis;

453 1041 552 1094 per
586 1041 642 1077 se
677 1040 810 1078 vero
864 1026 1240 1094 considerata,
1300 1028 1368 1078 ab
1423 1025 1683 1079 absoluta
1740 1032 1958 1080 naturae
2016 1044 2132 1080 suas

453 1113 708 1165 libertate
759 1130 873 1166 non
909 1114 1198 1167 desinunt.
1264 1115 1425 1167 Fient
1480 1114 1659 1184 igitur
1709 1117 1905 1184 procul
1961 1116 2133 1169 dubio

451 1206 648 1254 cuncta
679 1218 806 1272 quae
844 1202 1033 1255 futura
1090 1203 1238 1255 Deus
1269 1220 1388 1256 esse
1440 1204 1760 1272 praenoscit,
1796 1204 1890 1257 sed
1937 1220 2131 1258 eorum

450 1289 710 1357 quaedam
769 1291 837 1342 de
898 1290 1078 1343 libero
1135 1290 1581 1361 proﬁciscuntur
1638 1292 1873 1345 arbitrio
1931 1309 1943 1345 :
2005 1308 2133 1361 quae

448 1378 704 1446 quamvis
736 1378 1003 1431 eveniant
1060 1379 1377 1443 existendo,
1440 1385 1628 1432 tamen
1690 1385 1953 1433 naturam
2001 1397 2130 1451 pro-

446 1465 629 1533 priam
667 1482 781 1519 non
814 1467 1083 1519 amittunt
1113 1482 1223 1536 qua
1267 1467 1425 1537 prius
1459 1483 1631 1537 quam
1677 1467 1901 1533 ﬁerent,
1961 1469 2132 1521 etiam

446 1569 557 1605 non
596 1556 822 1607 evenire
855 1556 1195 1625 potuissent.
1742 1541 1752 1548 ’

446 1658 572 1711 CAP.
600 1660 755 1713 XXII.
808 1691 875 1698 —
926 1660 1083 1725 Quod
1127 1661 1316 1713 divina
1368 1664 1663 1726 aeternitas,
1709 1677 1801 1715 nec
1827 1663 1999 1728 fuisse
2044 1679 2135 1716 nec

975 1734 1222 1796 futurum
1255 1746 1364 1784 esse
1399 1732 1610 1785 habeat.

514 1818 703 1882 (Greg.
764 1820 823 1870 in
874 1824 985 1871 suis
1036 1818 1380 1887 Moralibus.)
1432 1819 1537 1871 Sed
1605 1818 1738 1889 quia
1786 1820 1987 1873 beatus
2033 1820 2137 1873 Job

445 1910 640 1957 sancto
670 1907 954 1958 zeternatis
989 1907 1188 1976 spiritu
1219 1907 1510 1975 impletur,
1547 1912 1602 1959 et
1633 1908 1803 1959 fuisse
1845 1908 1929 1960 vel
1977 1909 2134 1961 futu-

442 2007 571 2044 rum
605 2009 725 2045 esse
759 1996 1047 2046 aeternitas
1081 2011 1193 2047 non
1224 1994 1415 2057 habet,
1449 1995 1538 2047 cui
1572 1996 1846 2049 nimirum
1872 2013 1971 2049 nec
1998 2012 2138 2066 prae-

442 2086 615 2133 terita
644 2087 962 2147 transeunt,
995 2099 1100 2136 nec
1140 2099 1266 2153 qua:
1303 2086 1492 2136 futura
1523 2088 1652 2136 sunt
1679 2085 1918 2138 veniunt
1947 2101 1960 2138 :
2004 2085 2138 2155 quia

439 2175 649 2221 cuncta
682 2186 783 2237 per
814 2186 1067 2240 praesens
1098 2172 1268 2224 videt.

438 2256 568 2309 CAP.
599 2258 778 2311 XXIII.
813 2290 880 2296 —
905 2260 1057 2325 Quod
1082 2268 1271 2312 cuncta
1294 2275 1414 2327 quae
1434 2260 1737 2314 hominibus
1756 2264 1911 2329 ﬁunt,
1938 2262 2138 2329 absque

654 2350 1036 2415 omnipotentis
1067 2350 1268 2402 occulto
1296 2350 1520 2403 consilio
1544 2365 1651 2402 non
1684 2353 1924 2405 veniant.

508 2435 633 2504 (Ea:
664 2436 886 2506 eodem.)
921 2438 1084 2489 Nulla
1115 2454 1241 2507 qua:
1276 2438 1335 2490 in
1384 2439 1489 2491 hoc
1537 2439 1753 2491 mundo
1804 2438 2135 2492 hominibus

432 2520 605 2589 ﬁunt,
639 2522 857 2594 absque
905 2525 1313 2594 omnipotentis
1364 2525 1463 2578 Dei
1494 2528 1711 2579 occulto
1769 2528 2008 2581 consilio
2039 2545 2133 2579 ve-

432 2610 625 2664 niunt.
665 2612 803 2664 Nam
863 2619 1065 2666 cuncta
1115 2614 1261 2667 Deus
1311 2620 1574 2667 secutura
1634 2615 1956 2683 praesciens,
2006 2622 2135 2670 ante

432 2701 650 2753 saecula
693 2700 956 2765 decrevit,
988 2702 1233 2771 qualiter
1262 2718 1365 2771 per
1395 2703 1600 2755 saecula
1633 2703 2025 2772 disponantur.

856 2791 980 2843 CAP.
1013 2790 1184 2843 XXIV.
1227 2820 1294 2829 —
1322 2791 1400 2844 De
1428 2791 1611 2843 eadem
1650 2807 1725 2844 re.

504 2876 631 2947 (Ea:
655 2878 881 2947 eodem.)
915 2879 1022 2932 Nec
1053 2880 1336 2948 propheta
1381 2879 1559 2949 igitur
1598 2881 1763 2932 fallax
1813 2880 1946 2949 quia
1989 2884 2133 2933 tem-

430 2981 541 3033 pus
573 2967 781 3019 mortis
813 2966 1080 3033 innotuit,
1116 2983 1229 3037 quo
1284 2967 1371 3019 vir
1402 2968 1495 3019 ille
1555 2968 1697 3019 mori
1759 2968 2085 3021 merebatur
2117 2985 2129 3021 :

2167 1775 2207 1826 Β

1376 375 1856 432 DECRETORUM
1897 378 2083 433 LIBRI
2121 380 2228 434 XX.

2271 409 2338 417 ——
2380 380 2587 433 LIBER
2632 380 3013 436 VICESIMUS.
3802 392 3934 443 l026

2246 499 2483 553 lentium
2517 514 2731 565 vocem,
2764 504 2838 563 ut
2897 505 3102 569 augeat
3158 501 3483 567 utilitatem,
3551 510 3610 556 ut
3661 510 3937 576 purgetur

2243 588 2355 640 vita
2387 603 2488 657 per
2510 603 2758 657 pmnam,
2819 595 2875 640 et
2931 588 3138 657 quietis
3198 590 3601 659 tranquillitas,
3658 609 3786 663 quas
3843 594 3935 647 hic

2245 675 2489 728 inveniri
2517 691 2631 729 non
2663 678 2829 741 valet,
2853 676 2990 729 alibi
3021 684 3331 746 quaeratur.

2245 781 2370 835 CAP.
2404 782 2609 836 XXVII.
2639 810 2701 823 -—
2730 781 2885 847 Quod
2904 784 3039 836 Deus
3060 788 3249 836 cuncta
3271 783 3546 852 disponat,
3570 791 3619 838 et
3640 786 3933 841 consideret

2788 855 3159 906 universorum
3199 856 3376 921 ﬁnem.

2317 938 2423 1008 (Ea:
2453 940 2669 1002 eodem.)
2702 941 2949 1009 Tempus
2971 957 3106 1010 ergo
3162 943 3354 1010 posuit
3413 943 3681 1009 tenebris,
3721 949 3776 997 et
3808 945 3932 998 uni-

2244 1040 2537 1079 versorum
2586 1027 2761 1080 tinem
2810 1027 2932 1097 ipse
2969 1028 3310 1081 considerat.
3368 1030 3766 1085 Universorum
3829 1049 3933 1086 no-

2247 1113 2423 1180 mine,
2474 1121 2529 1167 et
2576 1116 2783 1169 electos
2862 1117 3037 1169 voluit
3091 1122 3145 1169 et
3188 1119 3463 1187 reprobos
3493 1120 3928 1190 comprehendi.

2247 1202 2385 1255 Nam
2416 1202 2566 1255 bona
2596 1204 2806 1256 faciens
2844 1210 2900 1257 et
2952 1205 3221 1258 ordinans
3277 1207 3443 1272 Deus,
3503 1209 3654 1261 mala
3703 1224 3817 1261 non
3850 1208 3933 1262 fa-

2246 1287 2417 1351 ciens,
2451 1290 2543 1343 sed
2600 1293 2668 1343 ab
2708 1291 2921 1361 iniquis
2973 1292 3138 1360 facta,
3202 1309 3269 1345 ne
3328 1294 3648 1349 inordinate
3686 1296 3935 1366 lveniant

2246 1375 2365 1447 ipse
2403 1378 2729 1447 disponens,
2764 1380 3080 1434 considerat
3109 1378 3501 1435 universorum
3530 1384 3723 1449 tinem,
3758 1388 3814 1437 et
3829 1400 3931 1453 pa-

2245 1466 2454 1519 tienter
2482 1469 2689 1520 tolerat
2726 1468 2940 1534 omnia,
2981 1476 3153 1539 atque
3194 1469 3450 1523 intuetur
3488 1472 3768 1524 malorum
3812 1478 3930 1525 ter-

2247 1554 2490 1621 minum,
2522 1571 2634 1623 quo
2667 1571 2732 1608 ex
2767 1557 2916 1608 malo
2950 1563 3244 1609 mutentur
3272 1558 3337 1610 ad
3390 1559 3620 1611 bonum.
3670 1560 3932 1612 Intuetur

2247 1642 2416 1693 etiam
2448 1645 2826 1710 reproborum
2854 1643 3044 1704 ﬁnem,
3078 1661 3190 1714 quo
3229 1646 3297 1698 de
3325 1647 3474 1698 malo
3525 1662 3718 1716 opere,
3766 1646 3929 1716 digni

2247 1730 2546 1783 trahantur
2573 1732 2642 1783 ad
2691 1732 3053 1801 supplicium.
3111 1733 3262 1786 Vidit
3314 1732 3485 1786 ﬁnem
3536 1734 3930 1804 persequentis

2248 1818 2425 1882 Sauli,
2497 1819 2637 1872 vidit
2716 1819 2889 1872 ﬁnem
2967 1820 3129 1890 quasi
3207 1822 3571 1890 obsequentis
3638 1821 3926 1891 discipuli,

2246 1906 2532 1976 quodpro
2566 1909 2869 1960 commisso
2899 1910 3107 1961 scelere
3134 1913 3332 1977 guttur
3365 1911 3567 1978 laqueo
3596 1910 3927 1979 stringeret,

2245 2011 2417 2064 seque
2448 2001 2503 2047 et
2532 2003 2861 2065 peccantem
2921 1996 3170 2065 puniret,
3224 2004 3279 2049 et
3323 1997 3571 2050 deterius
3630 1998 3927 2067 puniendo

2244 2083 2551 2152 deciperet.
2611 2084 2759 2137 Vidit
2818 2084 3093 2137 Ninivitas
3165 2085 3607 2155 delinquentes:
3664 2085 3760 2139 sed
3789 2102 3927 2139 con-

2246 2172 2509 2225 sideravit
2541 2172 2715 2225 ﬁnem
2764 2172 3248 2242 delinquentium,
3298 2173 3694 2241 pmnitentiam
3744 2190 3931 2229 corre-

2244 2266 2484 2313 ctorum.
2514 2261 2661 2313 Vidit
2689 2276 2917 2330 quoque
2949 2262 3253 2313 Sodomam
3304 2261 3733 2331 delinquentem
3769 2278 3780 2315 :
3829 2262 3926 2315 sed

2244 2348 2620 2401 consideravit
2675 2348 2850 2401 ﬁnem
2931 2348 3149 2401 ardoris
3225 2349 3489 2411 luxuriae,
3544 2349 3740 2419 ignem
3826 2366 3929 2418 ge-

2244 2435 2467 2488 hennte.
2504 2435 2655 2489 Vidit
2686 2436 3027 2490 Gentilitatis
3069 2437 3264 2497 tinem,
3320 2438 3472 2505 quod
3530 2454 3785 2507 possessa
3814 2437 3931 2490 ini-

2244 2524 2528 2594 quitatum
2559 2525 2827 2586 tenebris,
2880 2525 3223 2594 quandoque
3281 2524 3416 2578 ﬁdei
3477 2526 3599 2578 luce
3657 2528 3931 2579 claresce-

2244 2618 2352 2664 ret.
2388 2612 2537 2665 Vidit
2568 2612 2743 2665 etiam
2773 2612 2989 2665 Judaeae
3015 2613 3348 2678 terminum,
3387 2614 3541 2683 quod
3588 2613 3658 2667 ab
3684 2630 3750 2667 ea
3807 2616 3931 2667 luce

2244 2700 2567 2769 ﬁdeiquam
2599 2702 2848 2767 tenebat,
2879 2702 3171 2755 obdurataa
3210 2702 3468 2771 perﬁdiae
3522 2701 3776 2755 tenebris
3830 2719 3925 2755 cae-

2245 2794 2486 2842 caretur.

2455 2881 2582 2932 CAP.
2616 2878 2839 2931 XXVIII.
2875 2907 2941 2918 —
2972 2880 3099 2932 Item
3131 2878 3195 2931 de
3220 2878 3713 2946 przdestinatione.

2315 2966 2424 3033 (Ea:
2455 2966 2614 3019 dictis
2646 2966 2969 3035 Fulgentii.)
3006 2967 3337 3036 Fulgentius
3371 2968 3427 3019 in
3460 2968 3603 3019 libro
3652 2967 3719 3019 de
3775 2982 3926 3036 pras-

429 3067 537 3104 nec
571 3053 866 3106 dominica
890 3059 1096 3106 statuta
1127 3055 1396 3107 convulsa
1443 3060 1578 3107 sunt
1634 3056 1766 3124 quia
1809 3062 1868 3108 ut
1907 3072 1970 3109 ex
2020 3058 2134 3109 lar-
2168 3063 2207 3116 C
2244 3054 2623 3107 destinatione
2654 3054 2731 3106 ita
2777 3056 2857 3107 ait
2889 3071 2901 3108 :
2941 3056 3130 3125 Neque
3160 3054 3313 3107 enim
3354 3060 3437 3108 est
3487 3055 3597 3108 alia
3650 3055 3747 3108 Dei
3783 3070 3929 3124 pra!-

426 3141 611 3213 gitate
652 3142 750 3193 Dei
785 3142 920 3195 anni
979 3142 1105 3195 vitae
1136 3149 1473 3208 crescerent,
1530 3142 1634 3196 hoc
1689 3161 1921 3214 quoque
1981 3146 2130 3215 quod

427 3236 564 3282 ante
601 3231 799 3283 secula
831 3230 1128 3299 praeﬁxum
1157 3231 1280 3293 fuit,
1317 3236 1488 3301 atque
1520 3232 1764 3301 spatium
1812 3239 1938 3286 vute
1980 3234 2129 3304 quod

421 3318 739 3388 inopinate
761 3319 899 3371 foris
927 3325 1009 3372 est
1036 3319 1279 3387 aditum,
1312 3321 1434 3373 sine
1475 3327 1783 3389 augmento
1830 3322 2134 3390 prmscien-

419 3404 519 3460 tia:
553 3408 673 3461 fuit
703 3407 863 3460 intus
886 3412 1180 3460 statutum.

419 3495 555 3549 CAP.
594 3496 757 3550 XXV.
793 3525 860 3534 —
893 3496 1048 3561 Quod
1076 3499 1212 3550 Deus
1235 3497 1468 3561 singulis
1496 3496 1607 3550 dies
1628 3512 1750 3551 suos
1774 3500 2043 3566 prae/ﬁgat,
2076 3503 2138 3553 ut

822 3600 916 3638 nec
957 3587 1151 3650 minui,
1185 3601 1276 3638 nec
1306 3587 1500 3655 augeri
1522 3588 1748 3654 possint.

490 3673 625 3740 (Ea:
676 3672 903 3741 eodem.)
941 3673 1160 3726 Prastixi
1191 3674 1310 3727 dies
1360 3673 1604 3743 singulis
1654 3674 2000 3741 ab_interna
2033 3675 2132 3728 Dei

413 3761 822 3831 praescientia,
866 3778 969 3814 nec
1000 3762 1197 3831 augeri
1232 3768 1469 3832 possunt
1496 3777 1599 3815 nec
1628 3762 1835 3830 minui,
1870 3763 1977 3814 nisi
1995 3779 2130 3815 con-

413 3850 615 3919 tingat
650 3856 719 3902 ut
746 3848 823 3901 ita
863 3849 1254 3918 prmsciantur,
1286 3855 1349 3903 ut
1399 3854 1497 3902 aut
1558 3865 1685 3903 cum
1746 3850 1976 3919 optimis
2005 3867 2134 3920 ope-

409 3940 585 3992 ribus
622 3937 918 4007 longiores
970 3938 1101 4003 sint,
1166 3944 1265 3991 aut
1302 3954 1431 3990 cum
1493 3938 1757 4007 pessimis
1822 3938 2129 4005 breviores,

410 4028 574 4081 sicut
630 4026 902 4080 Ezechias
957 4033 1329 4097 augmentum
1376 4027 1597 4080 dierum
1647 4026 1855 4079 meruit
1909 4027 2132 4097 impen-

410 4117 588 4169 sione
649 4116 1064 4185 lacrymarum,
1118 4120 1173 4167 et
1200 4115 1345 4168 sicut
1398 4116 1465 4168 de
1520 4116 1799 4185 perversis
1858 4117 2131 4186 scriptum

408 4210 501 4256 est
545 4203 1005 4272 indisciplinatis
1062 4203 1253 4257 obviat
1308 4219 1478 4257 mors.
1526 4203 1629 4257 Sed
1682 4219 1833 4272 saepe
1900 4204 2133 4274 iniquus

406 4290 702 4361 quamvis
728 4289 787 4343 in
820 4292 1038 4343 occulta
1068 4292 1165 4344 Dei
1197 4292 1553 4361 praescientia
1604 4292 1774 4361 longa
1829 4292 1958 4345 vitas
2008 4293 2131 4363 ejus

403 4385 698 4449 tempora
726 4395 845 4431 non
885 4379 997 4432 sint
1026 4380 1448 4449 prazdestinata,
1478 4380 1596 4450 ipse
1627 4386 1818 4433 tamen
1851 4380 1984 4450 quia
2013 4396 2130 4433 car-

400 4470 634 4522 naliter
665 4468 860 4520 vivere
890 4468 1126 4538 appetit,
1162 4470 1359 4538 longos
1419 4469 1612 4522 animo
1663 4469 1783 4522 dies
1840 4468 2126 4538 proponit,

400 4564 463 4611 et
508 4558 663 4627 quia
699 4555 772 4609 ad
806 4556 943 4609 illud
972 4562 1199 4626 tempus
1246 4557 1545 4626 pervenire
1606 4573 1720 4610 non
1771 4559 1918 4609 valet
1974 4557 2129 4626 quod

397 4649 746 4716 exspectat,
806 4645 970 4714 quasi
1025 4650 1336 4715 antequam
1388 4646 1508 4699 dies
1560 4645 1712 4698 illius
1778 4644 2129 4714 impleantur

393 4736 583 4805 perit.
642 4732 813 4796 Quod
874 4738 1068 4786 tamen
1120 4734 1441 4803 intelligere
1492 4740 1547 4787 et
1593 4735 1752 4787 aliter
1801 4750 2124 4803 possumus.

391 4826 777 4891 Plerumque
831 4822 982 4875 enim
1042 4823 1319 4892 quosdam
1382 4823 1685 4884 cernimus,
1748 4830 1803 4875 et
1864 4837 2125 4892 perverse

391 4928 604 4981 agere,
647 4916 716 4964 et
744 4926 925 4980 usque
955 4910 1025 4964 ad
1085 4917 1434 4964 senectutem
1489 4911 1750 4964 ultimam
1804 4910 2121 4978 pervenire.

391 4999 727 5065 Quomodo
782 4999 936 5051 enim
995 4999 1226 5065 dicitur,
1285 5005 1596 5069 antequam
1656 4998 1774 5052 dies
1835 4999 1956 5068 ejus
2012 4999 2123 5051 im-

391 5093 715 5158 pleantur,
751 5087 978 5155 peribit,
1014 5104 1141 5140 cum
1176 5088 1233 5140 in
1262 5088 1605 5157 quibusdam
1639 5103 1787 5156 saepe
1811 5086 2121 5152 videamus,

391 5179 535 5250 quia
568 5181 759 5230 aetate
790 5175 959 5245 longa
983 5175 1105 5245 jam
1166 5177 1424 5230 membra
1470 5175 1759 5242 deﬁciunt,
1825 5180 1879 5228 et
1934 5180 2122 5228 tamen

391 5266 773 5336 pravitatem
804 5279 966 5316 suam
1007 5279 1207 5317 eorum
1231 5263 1516 5318 desideria
1545 5263 1776 5334 exsequi
1811 5279 1930 5317 non
1974 5263 2124 5317 desi-

391 5352 606 5409 stunt?

392 5447 523 5499 ZAP.
564 5437 767 5493 XXVI.
802 5467 870 5479 —
902 5439 1053 5504 Quod
1080 5443 1213 5494 Deus
1235 5446 1422 5494 nostra
1443 5445 1665 5510 peccata
1692 5440 2012 5495 dissimulet.

455 5532 594 5599 (Ea:
629 5526 869 5595 eodem.)
903 5528 1282 5598 Omnipotens
1319 5529 1466 5583 Deus
1512 5529 1649 5599 quid
1701 5529 1866 5583 nobis
1921 5526 2114 5598 profu-

401 5635 600 5676 urum
636 5630 775 5671 esse
804 5616 985 5671 valeat
1045 5618 1248 5682 sciens,
1299 5618 1619 5673 dissimulat
1663 5623 1719 5672 et
1773 5616 1971 5671 audire
2022 5615 2118 5669 do-

2244 3140 2571 3209 destinatio,
2603 3141 2711 3194 nisi
2742 3141 3067 3195 futurorum
3113 3157 3351 3211 operum
3382 3144 3505 3211 ejus
3536 3146 3752 3194 aeterna
3782 3156 3931 3211 prae-

2242 3231 2487 3298 paratio.
2546 3231 2610 3283 Et
2693 3230 2783 3283 hic
2836 3230 3316 3301 praeparationem
3364 3230 3929 3299 prtedestinationem

2242 3319 2578 3372 nominavit.
2620 3320 2859 3373 Proinde
2899 3320 3015 3372 sive
3056 3319 3556 3388 praeparationem,
3618 3335 3719 3372 seu
3780 3334 3928 3388 prte-

2243 3408 2704 3473 destinationem,
2738 3408 2797 3460 in
2824 3414 3150 3461 sanctorum
3187 3408 3351 3461 dictis
3394 3409 3645 3477 positum
3694 3408 3924 3460 invene-

2243 3496 2439 3561 rimus,
2474 3512 2654 3549 unum
2686 3496 2951 3565 idemque
2982 3496 3293 3564 signiﬁcari
3322 3496 3609 3549 docemur.

2488 3585 2616 3638 CAP.
2652 3583 2818 3638 XXIX.
2848 3613 2906 3623 -
2940 3586 3071 3637 Item
3093 3584 3158 3636 de
3183 3584 3676 3651 prmdestinatione.

2313 3672 2428 3740 (Ea:
2456 3672 2618 3725 dictis
2652 3671 2902 3741 Ambro.)
2935 3671 3027 3723 His
3087 3671 3354 3723 omnibus
3404 3671 3744 3724 testimoniis
3784 3686 3929 3741 prae-

2240 3760 2504 3813 destinati
2536 3760 2937 3825 ostenduntur,
2971 3759 3107 3811 mali
3134 3759 3203 3812 ad
3236 3775 3481 3828 pinnam,
3513 3760 3608 3813 sed
3642 3775 3754 3811 non
3785 3776 3930 3828 pras-

2241 3848 2505 3902 destinati
2529 3850 2598 3902 ad
2630 3854 2945 3918 peccatum.
2978 3847 3261 3911 Quoniam
3293 3864 3492 3901 eorum
3559 3864 3687 3918 qua:
3748 3849 3927 3901 factu-

2242 3954 2337 3990 rus
2364 3943 2448 3991 est
2479 3939 2643 4002 Deus,
2681 3936 3120 4006 praadestinator
3146 3943 3249 3989 est.
3284 3936 3420 4000 Quae
3450 3952 3584 3989 vero
3625 3952 3727 3990 nec
3766 3936 3923 4002 fecit,

2241 4042 2344 4079 nec
2374 4026 2622 4078 facturus
2649 4029 2751 4091 est,
2786 4041 2851 4078 ea
2900 4042 3011 4078 non
3054 4024 3493 4095 praedestinavit.
3554 4025 3697 4088 Quia
3732 4031 3926 4079 autem

2236 4114 2592 4184 judicaturus
2622 4119 2705 4166 est
2739 4112 3037 4177 mundum,
3079 4118 3133 4165 et
3166 4113 3375 4181 impios
3428 4114 3584 4181 justo
3642 4113 3923 4182 supplicio

2240 4217 2345 4270 pro
2377 4201 2779 4271 iniquitatibus
2810 4201 2927 4253 suis
2960 4202 3352 4267 damnaturus,
3385 4207 3690 4272 propterea
3724 4208 3780 4255 et
3827 4218 3925 4255 eos

2240 4290 2666 4358 prmdestinavit
2695 4289 2762 4342 ad
2814 4304 3064 4357 pcenam,
3104 4294 3160 4341 et
3215 4305 3443 4358 poenam
3502 4289 3927 4358 prmdestinavit

2242 4380 2371 4431 illis.
2430 4377 2511 4430 Ad
2568 4381 2864 4446 peccatum
2917 4382 3105 4428 autem
3160 4392 3271 4429 non
3324 4393 3421 4429 eos
3475 4377 3924 4445 praedestinavit,

2240 4466 2513 4536 quoniam
2543 4481 2654 4517 non
2701 4470 2785 4517 est
2810 4465 2960 4519 Deus
3007 4469 3203 4517 auctor
3240 4464 3580 4534 iniquitatis.
3637 4464 3920 4528 Quoniam

2238 4556 2381 4607 sicut
2404 4552 2631 4623 justitia
2659 4568 2724 4605 ex
2757 4553 2869 4604 Deo
2917 4557 3021 4618 est,
3055 4557 3111 4604 et
3149 4566 3319 4603 omne
3370 4567 3512 4620 opus
3567 4551 3781 4605 bonum
3843 4551 3923 4605 ita

2236 4642 2503 4711 iniquitas
2533 4646 2587 4693 et
2616 4656 2784 4693 omne
2817 4655 2962 4709 opus
2990 4654 3226 4709 pravum
3259 4655 3324 4692 ex
3355 4639 3600 4693 diabolo.

2482 4728 2608 4783 CAP.
2642 4729 2783 4782 XXX.
2823 4755 2882 4766 ~—
2910 4728 3052 4780 Item
3081 4727 3145 4780 de
3172 4726 3665 4795 praedestinatione.

2307 4820 2416 4887 (Ea:
2441 4818 2602 4871 dictis
2644 4816 2906 4884 August.)
2934 4816 3456 4870 Prazdestinationis
3486 4817 3640 4871 enim
3679 4816 3915 4870 nomine

2233 4922 2351 4959 non
2392 4906 2583 4975 aliqua
2630 4904 2941 4958 voluntatis
2989 4904 3257 4956 humanae
3304 4904 3566 4957 coactitia
3612 4904 3918 4958 necessitas

2232 4994 2587 5063 exprimitur.
2642 4994 2751 5048 Sed
2808 4992 3131 5046 misericors
3190 4996 3248 5047 et
3279 4993 3436 5063 justa
3492 4992 3671 5046 divini
3728 4993 3919 5063 operis

2232 5084 2577 5152 sempiterna
2607 5082 2905 5150 dispositio
2928 5082 3292 5151 praedicatur.

2474 5172 2603 5225 CAP.
2635 5172 2808 5226 XXXI.
2842 5200 2912 5211 —
2938 5173 3068 5225 Item
3093 5171 3158 5224 de
3181 5171 3678 5240 praedestinatione.

2299 5261 2410 5328 (Ea:
2440 5260 2600 5313 dictis
2625 5259 3044 5329 Isidori.)Quia
3095 5276 3231 5328 ergo
3265 5260 3409 5312 Deus
3465 5259 3625 5311 nulla
3674 5258 3917 5311 necessi-

2230 5353 2345 5402 tate
2375 5349 2759 5417 compellitur,
2796 5354 2858 5401 ut
2887 5347 3101 5418 aliquid
3134 5347 3333 5399 nolens
3362 5345 3672 5416 promittat.
3700 5346 3922 5400 Nullius

2228 5438 2428 5507 utique
2460 5437 2816 5490 adversitatis
2848 5436 3158 5506 impeditur
3185 5435 3501 5501 obstaculo,
3534 5451 3648 5504 quo
3680 5435 3736 5488 id
3766 5435 3919 5505 quod

2228 5524 2512 5595 promisit,
2554 5530 2652 5578 aut
2702 5524 2891 5577 minus
2925 5539 3097 5594 quam
3129 5524 3268 5588 vult,
3304 5528 3401 5577 aut
3456 5524 3674 5577 tardius
3731 5522 3915 5577 faciat.

2230 5614 2471 5668 Proinde
2500 5613 2707 5682 potuit,
2766 5614 2909 5666 sicut
2940 5610 3135 5677 voluit,
3187 5612 3597 5681 praedestinare
3642 5611 3919 5683 quosdam
