4592 6518
636 6194 675 6269 Ι

420 6190 859 6448 ιλιι

979 545 1112 598 I027

2052 541 2454 597 BURCIIARDI
2495 537 3035 595 WOBMACIENSIS
3074 536 3406 593 EPISCOPI.

1081 23 1166 117 ε
2876 141 2935 152 ᾖ

4360 536 4476 588 1028

976 667 1045 722 ad
1072 667 1337 739 gloriam,
1370 682 1517 739 quos
1548 666 1662 721 lam
1693 664 1763 720 ad
1797 680 2044 736 pmnam.
2084 664 2190 720 Sed
2248 680 2392 735 quos
2442 664 2669 735 praede-
2701 670 2744 720 Α
2787 665 2977 718 minus
3008 665 3065 718 in
3090 662 3307 734 judicio
3334 676 3452 717 non
3480 662 3670 717 solum
3697 661 3883 730 bonis,
3920 668 3985 717 ut
4032 662 4365 734 percipiant
4392 677 4474 716 ra-

973 756 1205 810 stinavit
1232 756 1302 811 ad
1330 756 1596 827 gloriam,
1630 753 2057 826 praedestinavit
2086 753 2153 807 ad
2177 754 2482 825 justitiam.
2515 754 2667 817 Quos

972 852 1166 899 autem
1199 843 1625 916 praedestinavit
1654 843 1720 896 ad
1753 858 2004 912 poenam,
2057 858 2170 895 non
2245 842 2670 912 praedestinavit

973 934 1042 986 ad
1072 934 1322 1003 culpam.
1371 934 1511 986 Item
1565 932 1735 1001 paulo
1782 930 2040 983 inferius.
2099 930 2161 983 In
2221 931 2431 983 sanctis
2492 931 2667 999 igitur

971 1028 1212 1075 coronat
1239 1020 1706 1090 Deusjustitiam,
1740 1034 1913 1090 quam
1935 1018 2016 1071 eis
2055 1018 2233 1088 gratis
2264 1018 2383 1088 ipse
2440 1019 2660 1079 tribuit,

967 1112 1149 1180 gratis
1189 1111 1450 1175 servavit,
1507 1109 1800 1179 gratisque
1858 1106 2113 1177 perfecit.
2177 1106 2411 1177 Iniquos
2469 1114 2662 1162 autem

969 1199 1374 1253 condemnavit
1404 1214 1506 1269 pro
1538 1197 1851 1267 impietate,
1885 1197 1971 1249 vel
1999 1196 2240 1265 justitia,
2274 1212 2447 1267 quam
2481 1197 2540 1251 in
2583 1197 2665 1250 eis

966 1287 1088 1357 ipse
1119 1304 1234 1341 non
1266 1286 1414 1340 fecit.
1453 1287 1516 1353 In
1550 1286 1663 1339 illis
1684 1285 1835 1338 enim
1887 1300 2062 1354 opera
2092 1301 2194 1338 sua
2251 1285 2553 1355 gloriﬁcat,
2604 1285 2663 1339 in

966 1374 1091 1428 istis
1130 1384 1321 1430 autem
1350 1390 1526 1444 opera
1550 1390 1664 1427 non
1697 1390 1798 1426 sua
1828 1374 2195 1427 condemnat.

1180 1463 1308 1517 CAP.
1340 1462 1543 1516 XXXII.
1586 1491 1651 1502 —
1684 1464 1817 1516 Item
1848 1462 1914 1515 de
1947 1462 2444 1531 praedestinatione.

1038 1552 1145 1619 (Ea:
1174 1552 1336 1606 dictis
1379 1549 1641 1620 August.)
1677 1550 1963 1603 Fidelibus
2004 1550 2268 1620 congruit
2323 1551 2576 1616 credere,
2608 1555 2664 1605 et

967 1639 1131 1692 fateri
1155 1640 1332 1693 Deum
1364 1638 1602 1702 bonum,
1637 1638 1953 1705 etjustum,
1986 1638 2517 1709 praescisseqaidem
2538 1656 2661 1709 pec-

967 1731 1183 1779 catores
1224 1727 1486 1779 homines
1520 1743 1532 1779 :
1569 1726 1703 1796 quia
1734 1725 1878 1778 nihil
1910 1742 2039 1779 eum
2076 1728 2246 1779 latere
2296 1727 2483 1796 potuit
2514 1728 2661 1781 futu-

965 1830 1184 1867 rorum.
1221 1816 1415 1884 Neque
1448 1814 1600 1867 enim
1628 1815 1714 1866 vel
1739 1815 1932 1867 futura
1960 1821 2167 1881 essent,
2204 1814 2249 1867 si
2283 1814 2340 1868 in
2367 1816 2487 1885 ejus
2520 1833 2661 1886 prae-

966 1903 1147 1955 sentia
1176 1919 1289 1956 non
1310 1903 1569 1970 fuissent,
1605 1918 1722 1955 non
1753 1908 1946 1955 tamen
1987 1903 2424 1971 praedestinasse
2457 1920 2659 1974 quem-

965 1989 1103 2042 libet
1135 1990 1206 2044 ad
1238 1996 1553 2061 peccatum.
1580 1990 1741 2053 Quod
1770 1991 1814 2043 si
1841 1991 1905 2043 ad
1935 1998 2230 2059 peccatum
2256 1992 2483 2061 aliquod
2513 1993 2658 2045 Deus

964 2077 1257 2132 hominem
1295 2080 1750 2149 praedestinaret,
1786 2096 1888 2148 pro
1920 2080 2163 2148 peccatis
2205 2080 2497 2134 hominem
2540 2097 2655 2134 non

963 2167 1217 2235 puniret.
1255 2168 1354 2221 Dei
1375 2168 1530 2221 enim
1571 2168 2091 2238 prmdestinatione,
2146 2175 2245 2222 aut
2294 2178 2659 2238 peccatorum

963 2262 1289 2325 praeparata
1319 2261 1401 2309 est
1457 2257 1553 2326 pia
1610 2256 1896 2325 remissio,
1936 2263 2035 2310 aut
2090 2265 2452 2327 peccatorum
2504 2260 2659 2328 justa

965 2344 1216 2414 punitio.

1183 2434 1309 2485 CAP.
1343 2432 1563 2486 XXXIII.
1598 2460 1663 2471 —
1698 2433 1829 2487 Item
1860 2431 1924 2485 de
1952 2432 2443 2501 praedestinatione.

1039 2521 1157 2589 (Em
1187 2519 1348 2574 dictis
1370 2520 1648 2587 Ambros.)
1683 2520 1916 2590 Iniquos
1939 2520 2151 2590 itaque,
2193 2537 2335 2590 quos
2378 2521 2660 2591 prmscivit

970 2608 1118 2661 Deus
1138 2608 1283 2661 hanc
1306 2608 1479 2661 vitam
1510 2609 1567 2660 in
1619 2616 1847 2678 peccato
1882 2612 2288 2662 terminaturos
2339 2610 2660 2680 praesdesti-

964 2696 1125 2749 navit
1154 2696 1433 2766 supplicio
1463 2696 1879 2749 interminabili
1912 2698 2249 2765 puniendos.
2286 2698 2345 2751 In
2371 2716 2482 2768 quo
2517 2700 2661 2752 sicut

964 2785 1246 2854 culpanda
1276 2800 1390 2838 non
1437 2790 1521 2837 est
1571 2786 1928 2855 priescientia
1982 2786 2254 2839 humanm
2313 2787 2655 2856 iniquitatis,

962 2871 1044 2926 ita
1076 2873 1504 2943 praedestinatio
1531 2873 1865 2942 jUStiSSlmtB
1898 2874 2178 2927 laudanda
2212 2880 2294 2927 est
2322 2876 2574 2941 ultionis,
2595 2881 2659 2929 ut

960 2966 1387 3030 agnosceretur,
1420 2977 1534 3014 non
1582 2962 1651 3014 ab
1712 2978 1778 3014 eo
1828 2963 2299 3031 praedestinatum
2365 2964 2653 3017 hominem

964 3053 1031 3106 ad
1064 3052 1459 3123 qualecunque
1494 3058 1810 3123 peccatum,
1845 3069 2017 3123 quem
2065 3056 2494 3123 praedestinavit
2526 3073 2654 3124 pec-

962 3141 1072 3194 cati
1095 3142 1300 3194 merito
1321 3141 1705 3211 puniendum,
1732 3142 1880 3194 Deus
1916 3141 2106 3211 itaque
2129 3143 2321 3195 omnia
2347 3144 2647 3197 hominum

963 3245 1156 3299 opera,
1190 3229 1303 3282 sive
1335 3229 1502 3296 bona,
1538 3246 1637 3282 seu
1666 3229 1814 3282 mala
1848 3231 2162 3299 pra=scivitz
2199 3232 2334 3301 quia
2392 3248 2521 3285 eum
2575 3234 2652 3285 la-
2687 3224 2725 3276 C

963 3323 1083 3371 tere
1115 3318 1258 3370 nihil
1292 3318 1502 3386 potuit,
1529 3318 1629 3371 sed
1672 3319 1790 3371 sola
1840 3318 1990 3371 bona
2031 3320 2479 3388 predestinavit,
2526 3337 2653 3390 quae

965 3422 1023 3459 se
1074 3406 1135 3460 in
1192 3404 1325 3458 ﬁliis
1377 3404 1572 3476 gratim
1628 3406 1913 3459 facturum
1966 3422 2086 3459 esse
2152 3407 2452 3477 praescivit.
2514 3410 2654 3462 Mala

964 3510 1097 3548 vero
1130 3493 1323 3547 futura
1354 3510 1526 3562 opera
1576 3494 1828 3560 illorum,
1880 3510 2022 3564 quos
2064 3511 2178 3547 non
2233 3496 2655 3565 praedestinavit

965 3583 1036 3637 ad
1062 3598 1325 3652 regnum,
1360 3583 1457 3635 sed
1490 3583 1562 3636 ad
1596 3583 1914 3648 interitum,
1951 3584 2229 3653 praescivit
2257 3586 2653 3654 potentissima

964 3672 1193 3736 deitate,
1223 3677 1279 3724 et
1306 3671 1591 3724 ordinavit
1622 3672 1857 3741 provida
1887 3672 2162 3725 bouitate.

1188 3760 1315 3813 CAP.
1347 3760 1560 3814 XXXIV.
1592 3788 1666 3800 —
1685 3761 1813 3813 Item
1841 3761 1906 3813 de
1927 3762 2422 3828 predestinatione.

1034 3850 1138 3919 (Ea:
1167 3849 1329 3902 dictis
1360 3848 1628 3917 August.)
1667 3848 1939 3901 Dominus
1969 3850 2087 3919 ipse
2120 3866 2221 3903 suo
2252 3866 2516 3904 sermone
2550 3867 2652 3905 nos

958 3937 1275 4008 perdocuit,
1304 3936 1363 3989 in
1394 3952 1459 3989 eo
1482 3936 1634 4005 quod
1663 3952 1695 3988 a
1726 3952 1783 3989 se
1810 3939 2061 3990 ostendit
2106 3943 2371 4007 paratum
2412 3956 2526 3993 non
2557 3957 2651 3993 so-

961 4026 1079 4079 lum
1110 4040 1375 4095 regnum,
1399 4024 1496 4077 ubi
1528 4025 1793 4090 laetentur
1823 4025 1978 4091 boni,
2014 4026 2109 4079 sed
2153 4032 2208 4079 et
2244 4026 2436 4095 ignem
2486 4034 2651 4081 aeter-

960 4128 1125 4176 num,
1156 4112 1255 4165 ubi
1282 4113 1606 4165 crucientur
1636 4112 1793 4165 mali.
1826 4113 1999 4165 Bonis
2029 4114 2241 4167 etenim
2272 4115 2525 4168 dicturus
2549 4123 2650 4170 est:

960 4200 1183 4266 Venite,
1212 4200 1494 4253 benedicti
1518 4200 1696 4269 patris
1721 4201 1851 4266 mei,
1885 4202 2162 4271 percipite
2204 4218 2467 4273 regnum,
2502 4205 2652 4275 quod

961 4288 1124 4341 vobis
1155 4294 1421 4358 paratum
1453 4293 1538 4340 est
1566 4304 1596 4340 a
1636 4287 2041 4342 constitutione
2087 4291 2305 4344 mundi.
2364 4292 2520 4345 Malis
2558 4309 2655 4345 au-

962 4379 1081 4429 tem
1110 4375 1365 4429 dicturus
1396 4380 1515 4429 est:
1550 4376 1652 4442 Ite,
1682 4375 1992 4438 maledicti,
2022 4378 2081 4430 in
2105 4378 2299 4447 ignem
2346 4384 2651 4447 aeternum,

960 4464 1060 4534 qui
1088 4470 1323 4534 paratus
1347 4468 1431 4518 est
1460 4463 1709 4532 diabolo,
1744 4470 1798 4517 et
1826 4466 2045 4535 angelis
2071 4467 2212 4537 ejus.
2240 4468 2375 4521 Ecce
2408 4468 2474 4521 ad
2508 4485 2651 4539 quos

963 4551 1241 4605 Dominus
1273 4551 1524 4622 iniquos,
1566 4557 1621 4605 et
1672 4552 1881 4623 impios
1938 4554 2388 4623 prazdestinavit,
2449 4556 2504 4609 id
2546 4562 2648 4623 est,

958 4640 1029 4694 ad
1058 4640 1643 4711 suppliciumjustum
1674 4658 1790 4695 non
1812 4642 1880 4695 ad
1910 4642 2144 4713 aliquod
2175 4660 2317 4713 opus
2346 4644 2646 4714 injustum.

959 4728 1040 4782 Ad
1074 4745 1324 4799 poenam,
1360 4745 1475 4783 non
1505 4729 1575 4782 ad
1604 4731 1855 4800 culpam,
1891 4730 1963 4785 ad
1993 4731 2377 4800 punitionem,
2414 4748 2531 4786 non
2578 4734 2646 4788 ad

958 4817 1469 4888 transgressionem
1504 4834 1517 4872 :
1551 4818 1620 4872 ad
1649 4818 1946 4873 interitum
1971 4836 2142 4890 quem
2169 4819 2252 4873 ira
2274 4820 2417 4890 justi
2443 4821 2651 4890 judicis

958 4905 1327 4974 peccantibus
1343 4905 1612 4971 reddidit,
1630 4922 1749 4960 non
1765 4907 1833 4961 ad
1862 4908 2179 4974 interitum,
2204 4925 2319 4979 quo
2339 4909 2399 4963 in
2421 4926 2478 4963 se
2506 4910 2649 4964 iram

962 4992 1066 5046 Dei
1085 4993 1442 5062 peccantium
1465 4992 1735 5063 iniquitas
1761 4996 2106 5065 provocavit.
2135 4996 2297 5060 Quod
2315 4997 2465 5051 beati
2491 5002 2652 5069 Apo-

960 5079 1094 5134 stoli
1114 5079 1443 5151 praedicatio
1458 5082 1801 5145 manifestat,
1825 5084 1925 5154 qui
1943 5086 2123 5139 malos
2140 5102 2284 5156 quos
2296 5085 2355 5139 in
2370 5091 2651 5141 aeternum

960 5168 1339 5223 damnaturus
1369 5174 1453 5222 est
1493 5169 1659 5236 Deus,
1690 5186 1822 5224 vasa
1840 5179 2002 5225 vocat
2029 5173 2152 5239 ine,
2180 5190 2297 5228 non
2322 5175 2526 5244 culpes.
2554 5176 2655 5230 Ait

964 5256 1120 5311 enim
1154 5272 1167 5309 :
1196 5256 1355 5320 Quod
1386 5256 1435 5310 si
1465 5257 1662 5310 volens
1696 5257 1841 5311 Deus
1867 5262 2163 5315 ostendere
2195 5262 2341 5315 iram
2379 5269 2436 5316 et
2455 5269 2650 5317 notam

961 5344 1145 5399 facere
1171 5345 1492 5415 potentiam
1535 5359 1720 5413 suam,
1753 5346 2025 5401 sustinuit
2054 5348 2115 5401 in
2164 5351 2345 5403 multa
2374 5351 2653 5421 patientia

960 5448 1093 5487 vasa
1116 5433 1241 5500 iraa,
1282 5438 1474 5502 aptata
1519 5433 1580 5487 in
1602 5433 1922 5499 interitum,
1972 5440 2032 5489 ut
2062 5437 2390 5491 ostenderet
2417 5439 2648 5493 divitias

963 5520 1163 5591 gloria:
1190 5537 1307 5575 suae
1329 5521 1389 5574 in
1419 5538 1553 5575 vasa
1578 5521 2006 5588 misericordia,
2040 5538 2168 5593 quae
2198 5525 2417 5592 paravit
2441 5526 2498 5578 in
2525 5528 2648 5596 glo-

962 5607 1130 5661 riam.
1159 5609 1222 5661 In
1252 5609 1357 5662 hac
1378 5616 1634 5664 extrema
1658 5609 1948 5663 sententia
1994 5610 2336 5677 notandum,
2385 5615 2539 5682 quod
2579 5614 2648 5668 de

965 5696 1260 5764 evangelio
1309 5712 1542 5750 sumens
1586 5699 2002 5765 testimonium,
2059 5699 2157 5765 ait,
2217 5700 2649 5769 praedestinatos

966 5783 1149 5836 malos
1176 5782 1238 5836 in
1260 5782 1456 5853 ignem
1484 5789 1778 5852 aeternum,
1835 5802 1904 5840 eo
1935 5788 2088 5857 quod
2126 5788 2380 5843 dicturus
2422 5794 2507 5843 est
2538 5791 2647 5844 Do-

2781 771 2959 824 gnum
2986 754 3093 808 sibi
3134 758 3399 824 paratum
3446 768 3479 806 a
3526 752 3937 807 constitutione
3992 753 4218 815 mundi,
4279 768 4468 807 verum

2780 844 2927 914 quod
2962 843 3127 897 malis
3167 843 3421 896 dicturus
3477 845 3609 895 est:
3651 841 3755 909 Ite,
3806 840 4116 909 maledicti,
4167 842 4230 895 in
4294 841 4472 911 ignem

2780 939 3081 997 mternum,
3112 931 3210 1002 qui
3242 936 3473 1001 paratus
3517 935 3601 984 est
3653 930 3901 996 diabolo,
3958 935 4015 985 et
4065 931 4294 1000 angelis
4342 931 4470 1000 ejus.

2783 1022 2850 1073 liv
2881 1020 2987 1074 hoc
3016 1020 3168 1074 enim
3200 1020 3502 1090 approbat,
3536 1019 3689 1089 quod
3734 1018 3964 1090 iniquos
4009 1024 4066 1073 et
4125 1019 4346 1088 impios
4379 1019 4472 1071 Do-

2777 1111 2967 1162 minus
2997 1108 3491 1179 praadestinaverit
3520 1106 3591 1160 ad
3625 1108 3999 1178 supplicium,
4027 1123 4091 1162 ex
4115 1124 4184 1161 eo
4224 1107 4388 1178 quod
4418 1108 4471 1161 il-

2774 1197 2844 1250 lis
2875 1199 3129 1251 dicturus
3165 1202 3247 1249 est
3280 1212 3293 1249 :
3354 1196 3435 1249 Ite
3482 1195 3542 1249 in
3574 1195 3769 1265 ignem
3827 1201 4130 1250 eternum.
4170 1196 4339 1250 Unde
4379 1196 4468 1266 qui

2774 1287 2970 1340 volunt
3016 1286 3224 1352 dicere,
3284 1283 3438 1355 quod
3487 1284 3897 1353 praedestinata
3940 1284 4013 1338 sit
4061 1285 4321 1354 injustis,
4360 1301 4470 1338 non

2773 1374 2969 1443 injusti
3002 1372 3391 1444 praedestinati
3422 1378 3552 1426 sunt
3568 1373 3633 1425 ad
3665 1388 3914 1443 poenam,
3945 1372 4196 1427 viderint
4229 1373 4474 1443 qualiter

2772 1464 2943 1534 hujus
2974 1463 3223 1517 auctoris
3281 1461 3432 1514 dicta
3478 1461 3816 1530 intelligant.
3873 1461 3978 1515 Cui
4036 1462 4195 1516 enim
4236 1467 4475 1533 paratur

2771 1569 2959 1624 poena,
2996 1553 3043 1605 is
3073 1551 3351 1605 nimirum
3393 1557 3752 1619 praeparatur
3789 1549 3859 1603 ad
3894 1565 4142 1619 poenam.

3008 1641 3135 1694 CAP.
3162 1639 3351 1693 XXXV.
3383 1668 3452 1679 —
3484 1640 3614 1692 Item
3643 1638 3707 1691 de
3728 1637 4225 1706 praedestinatione.

2844 1730 3003 1793 (Item
3033 1731 3416 1795 Augustinus.)
3451 1727 3604 1778 Vasis
3628 1742 3758 1779 vero
3806 1726 3906 1779 irm
3952 1742 4258 1797 nunquam
4333 1728 4474 1781 Deus

2772 1819 3034 1871 redderet
3068 1817 3385 1880 interitum,
3418 1816 3465 1868 si
3514 1830 3631 1869 non
3679 1821 4062 1886 spontaneum
4110 1816 4475 1870 inveniretur

2771 1906 2942 1960 homo
2973 1905 3179 1958 habere
3216 1910 3529 1974 peccatum.
3564 1903 3709 1967 Quia
3738 1919 3841 1957 nec
3874 1904 4023 1957 Deus
4050 1905 4335 1975 peccandi
4376 1905 4471 1959 ho-

2771 1994 3080 2063 minijuste
3113 1992 3350 2045 inferret
3379 1992 3544 2058 iram,
3579 1991 3627 2045 si
3667 1991 3839 2046 homo
3881 2008 3945 2046 ex
3997 1993 4471 2064 praedestinatio-

2766 2099 2837 2137 ne
2868 2083 2965 2137 Dei
2996 2081 3288 2134 cecidisset
3318 2080 3375 2133 in
3409 2080 3657 2150 culpam.

2980 2170 3107 2223 CAP.
3142 2168 3363 2223 XXXVI.
3388 2196 3458 2207 —
3497 2168 3626 2221 Item
3656 2167 3721 2220 de
3746 2167 4252 2236 przdestinatione.

2838 2260 2945 2327 (E1:
2976 2258 3136 2310 dictis
3160 2256 3485 2321 Futgentii.)
3512 2256 3665 2309 Sicut
3693 2255 3846 2308 enim
3878 2256 4249 2326 praescientia
4287 2257 4470 2309 nemi-

2766 2363 2897 2400 nem
2921 2346 3211 2415 compellit
3240 2346 3308 2397 ad
3350 2349 3669 2413 peccatum,
3721 2359 3851 2397 cum
3900 2343 4099 2415 utique
4150 2345 4470 2415 praescierit

2767 2436 3123 2502 singulorum
3164 2441 3295 2485 ante
3327 2433 3531 2484 saecula
3563 2437 3799 2485 externa
3829 2437 4081 2502 peccata,
4116 2432 4198 2485 ita
4234 2448 4468 2502 quoque

2767 2528 2824 2576 et
2852 2522 3275 2591 praedestinatio
3306 2521 3428 2590 ejus
3457 2520 3748 2573 neminem
3779 2520 4073 2589 compellit
4102 2519 4177 2574 ad
4212 2536 4469 2590 penam.

2767 2611 2919 2665 Licet
2962 2617 3019 2663 et
3064 2616 3370 2679 antequam
3422 2613 3705 2671 nascatur,
3750 2608 3957 2678 aliquis
4014 2608 4472 2678 praedestinatus

2765 2700 2857 2768 sit,
2889 2700 2935 2752 si
2968 2714 3373 2769 permansurus
3394 2702 3478 2750 est
3505 2696 3565 2749 in
3588 2695 3895 2767 iniquitate
3925 2695 3997 2749 ad
4027 2711 4290 2765 poenam.

2964 2789 3093 2841 CAP.
3129 2784 3383 2839 XXXVII.
3407 2814 3477 2822 —
3505 2785 3634 2838 Item
3663 2783 3729 2836 de
3754 2782 4271 2853 predestinatione.

2837 2878 2944 2943 (Ea:
2974 2873 3135 2928 dictis
3166 2874 3441 2942 Ambros.)
3476 2872 3630 2925 Sicut
3658 2872 3814 2925 enim
3850 2886 4020 2925 nemo
4054 2876 4259 2941 potest
4288 2873 4478 2941 impu-

2766 2969 2883 3017 tare
2915 2964 3029 3016 Deo
3060 2964 3210 3033 quod
3245 2967 3455 3031 peccat,
3489 2961 3566 3013 ita
3598 2976 3826 3031 quoque
3868 2959 4022 3030 quod
4068 2960 4338 3030 peccatis
4370 2976 4476 3031 pu-

2766 3054 3007 3105 niendus
3041 3052 3129 3105 sit.
3192 3052 3391 3104 Peccat
3419 3050 3574 3102 enim
3628 3048 3863 3119 propria
3920 3049 4223 3103 voluntate
4284 3049 4477 3103 delin-

2766 3157 2967 3212 quem,
3004 3140 3328 3210 puniendus
3368 3143 3450 3191 est
3480 3144 3671 3190 autem
3693 3137 3850 3207 justo
3872 3136 4096 3207 judicio
4123 3136 4474 3206 judicantis,

2764 3237 2819 3284 et
2848 3230 2992 3282 sicut
3023 3228 3236 3298 peccati
3276 3242 3444 3279 causa
3485 3241 3599 3279 non
3644 3241 3711 3279 ex
3762 3225 3865 3279 Dei
3905 3226 4282 3296 prescientia
4347 3226 4478 3279 des-

2765 3318 2976 3383 cendit,
3007 3317 3141 3387 quia
3173 3317 3363 3369 nullus
3391 3314 3601 3367 idcirco
3648 3320 3848 3384 peccat
3879 3330 3892 3367 :
3926 3313 4060 3384 quia
4121 3314 4286 3368 Deus
4345 3330 4475 3368 cum

2766 3412 3127 3477 peccaturum
3163 3404 3494 3475 praescierit,
3541 3404 3636 3457 sed
3686 3402 3897 3457 idcirco
3934 3404 4072 3474 quia
4117 3404 4327 3474 magis
4361 3421 4481 3475 pro-

2764 3498 2885 3567 prie
2934 3492 3407 3563 concupiscentia‘.
3454 3491 3750 3556 obedierit,
3794 3508 3968 3563 quam
4014 3500 4324 3563 praecepto
4358 3510 4482 3565 pro.

2761 3584 3010 3638 hibentis
3046 3582 3147 3636 Dei
3174 3599 3207 3634 a
3232 3586 3460 3652 peccato
3492 3580 3570 3634 ita
3614 3596 3846 3651 quoque
3892 3582 4088 3634 nullus
4128 3581 4373 3635 idcirco
4420 3583 4481 3633 ad

2762 3688 2991 3742 pinnam
3026 3671 3180 3724 vadit
3210 3686 3222 3723 :
3275 3669 3410 3739 quia
3437 3669 3544 3723 hoc
3569 3669 3627 3722 in
3660 3668 4166 3738 prmdestinatione
4206 3668 4323 3723 Dei
4352 3676 4481 3723 ante

2762 3763 2967 3814 fuerat.
3000 3761 3078 3813 Ex
3132 3776 3199 3813 eo
3244 3758 3399 3813 enim
3449 3756 3605 3828 qnod
3662 3758 3956 3828 pmscitus
3984 3762 4073 3811 est
4117 3757 4180 3811 in
4217 3759 4485 3828 peccatis

2760 3864 3190 3920 permansurus,
3224 3852 3280 3901 et
3309 3847 3431 3900 sine
3462 3845 3818 3916 paenitentia;
3849 3845 4060 3911 fructu,
4091 3845 4288 3900 vitam
4327 3863 4483 3917 pra:-

2764 3944 2982 3991 sentem
3015 3936 3447 4002 terminaturus,
3487 3950 3557 3989 ex
3613 3950 3680 3988 eo
3713 3934 4024 4005 deputatus
4082 3938 4174 3988 est
4233 3936 4321 3989 ad
4372 3950 4487 4006 pae-

2766 4044 2916 4080 nam.
2950 4027 3013 4080 Et
3044 4027 3189 4079 sicut
3225 4040 3394 4078 causa
3441 4023 3660 4094 peccati
3700 4022 4171 4094 concupiscentia
4202 4028 4326 4089 est,
4375 4039 4486 4093 qua

2768 4115 2945 4183 magis
2976 4114 3243 4167 obeditur
3278 4112 3560 4166 voluntati
3586 4112 3797 4177 carnis,
3829 4127 4001 4182 quam
4037 4119 4356 4183 praecepto
4413 4112 4490 4165 di-

2763 4206 2917 4272 vino,
2950 4204 3029 4257 ita
3060 4219 3203 4273 pene
3250 4201 3567 4272 deputatio,
3628 4217 3800 4254 causa
3849 4206 3937 4253 est
3993 4201 4223 4270 peccati
4269 4217 4488 4271 perpeo

2762 4294 2950 4360 tratio,
3007 4297 3063 4345 et
3116 4297 3315 4361 postea
3369 4307 3474 4361 pro
3530 4295 3763 4361 peccato
3814 4289 3976 4343 nulla
4021 4288 4210 4360 digna
4264 4290 4490 4345 satisfa-

2762 4381 2892 4435 ctio.

2939 4468 3067 4523 CAP.
3102 4467 3373 4522 XXXVIII.
3406 4497 3474 4507 —
3510 4469 3640 4521 Item
3667 4465 3734 4519 de
3774 4465 4295 4535 praedestinatione.

2834 4560 2938 4625 (Ex
2964 4555 3123 4609 dictis
3147 4555 3426 4625 Ambros.)
3464 4555 3531 4607 Et
3578 4554 3863 4624 scriptura
3902 4554 4087 4608 dicit:
4149 4556 4489 4611 Considera

2762 4661 2938 4714 opera
2970 4644 3232 4697 Domini:
3286 4644 3424 4714 quia
3469 4659 3658 4697 memo
3705 4647 3897 4714 potest
3940 4642 4249 4713 corrigere
4306 4660 4487 4717 quem

2762 4733 2857 4787 ille
2887 4732 3225 4803 despexerit.

2974 4824 3101 4875 CAP.
3134 4821 3353 4875 XXXIX.
3388 4849 3460 4861 —
3487 4821 3618 4875 Item
3645 4819 3710 4873 de
3731 4819 4259 4889 predestinatione.

2833 4909 2937 4977 (Ea:
2988 4910 3151 4963 dictis
3204 4910 3468 4977 August.)
3529 4909 3706 4963 Nemo
3762 4908 3863 4979 qui
3930 4907 4078 4962 bene
4162 4912 4378 4966 credit
4440 4913 4491 4964 in
4544 4978 4545 4987 χ

2761 4998 2962 5064 Deum,
2997 4998 3216 5051 dubitat
3258 4997 3615 5068 praescientia
3655 4996 3810 5050 illius
3858 4997 4094 5063 caelum,
4128 5002 4489 5070 terramque

2759 5086 3061 5149 contineri,
3094 5086 3489 5156 mundumque
3533 5084 3909 5155 providentiae
3960 5084 4166 5140 divina
4238 5095 4405 5159 regi.
4439 5091 4493 5142 Et
4543 5066 4546 5178 ﬂ

2758 5175 2904 5228 sicut
2932 5174 3076 5228 nihil
3108 5175 3247 5227 latet
3274 5175 3613 5244 sapientiam
3645 5174 3789 5244 ejus,
3824 5174 3902 5227 ita
3950 5173 4274 5243 dispositio
4338 5180 4490 5231 illius

2756 5263 3024 5317 universa
3053 5263 3381 5317 moderatur
3401 5268 3457 5316 et
3478 5262 3645 5332 regit.
3682 5262 3772 5315 Sic
3800 5262 3957 5316 enim
3989 5266 4160 5318 nulla
4204 5273 4305 5320 est
4338 5284 4490 5320 crea-

2758 5354 2887 5405 tura
2914 5352 3155 5417 occulta,
3187 5350 3248 5403 in
3279 5357 3584 5421 conspectu
3616 5350 3794 5404 illius.

3043 5440 3168 5493 CAP.
3203 5439 3305 5493 XL.
3334 5469 3404 5478 —
3434 5442 3511 5493 De
3539 5441 3805 5493 creatione
3835 5439 4188 5506 angelorum.

2830 5526 3043 5597 (Idem)
3093 5527 3156 5580 In
3213 5527 3496 5597 principio
3552 5526 3765 5581 creavit
3797 5526 3946 5580 Deus
4010 5530 4238 5585 caelum
4294 5538 4363 5586 et
4392 5540 4489 5585 ter-

2758 5630 2901 5679 ram,
2962 5620 3019 5669 et
3076 5630 3284 5685 aquam
3330 5631 3399 5669 ex
3454 5615 3656 5678 nihilo,
3707 5619 3765 5668 et
3816 5630 3949 5668 cum
4006 5632 4239 5686 aquam
4304 5621 4488 5691 ipsam

2760 5703 2945 5757 adhuc
2976 5703 3228 5757 tenebrae
3262 5704 3631 5769 occultarent,
3672 5707 3729 5756 et
3756 5717 3970 5774 aquam
4020 5708 4188 5759 terra
4248 5708 4487 5760 abscurr
4540 5754 4541 5759 η

2760 5791 2943 5859 deret,
2978 5792 3110 5845 facti
3133 5796 3267 5846 sunt
3294 5792 3508 5863 angeli,
3543 5794 3600 5846 et
3634 5806 3837 5845 omnes
3892 5791 4171 5847 calestes
4208 5795 4465 5851 virtute:

4540 5603 4546 5732 l

4543 5258 4545 5275 l

4543 5332 4545 5361 4

4544 5456 4545 5481 l

4543 5512 4546 5546 Ι

4534 5876 4546 6003 l
