4592 6526
435 446 450 494 l
463 440 555 493 029

1329 434 1797 492 DECRETOBUH
1844 434 2024 488 LIBRI
2065 433 2167 488 XX.
2209 462 2275 472 —
2319 432 2521 487 LIBER
2565 431 2948 486 VICESIMUS.

3763 438 3894 489 l03‘3

433 568 486 615 ut
512 577 619 616 non
647 565 788 614 esset
824 558 1014 612 ociosa
1046 557 1145 613 Dei
1175 558 1418 625 bonitas,
1449 558 1542 611 sed
1574 558 1809 611 haberet
1854 557 1912 609 in
1965 556 2093 626 qui-
2121 558 2168 610 A
2206 554 2333 609 CAP.
2367 553 2574 609 XLVII.
2607 583 2675 595 --
2711 553 2872 626 Quod
2899 555 3132 622 singulis
3157 554 3459 608 hominibus
3481 558 3687 624 singuli
3715 559 3896 625 angeli

431 651 525 702 bus
554 665 649 718 per
677 650 855 701 multa
901 653 1032 700 ante
1092 646 1279 716 spacia
1327 647 1638 699 bonitatem
1697 660 1855 696 suam
1915 649 2097 697 osten-

431 740 619 792 deret:
683 742 737 790 et
801 737 879 788 ita
937 736 1029 788 hic
1078 735 1319 788 visibilis
1373 735 1624 787 mundus
1685 750 1749 786 ex
1815 732 1902 785 his
1967 748 2095 802 quae

428 831 603 879 creata
630 826 872 888 fuerant,
903 824 1082 877 factus
1112 829 1215 890 est,
1251 829 1306 876 et
1349 829 1602 876 ornatus.

430 916 551 969 CAP.
580 915 700 968 XLI.
732 944 804 953 —
829 912 980 983 Quod
1012 913 1150 964 nihil
1178 914 1250 964 sit
1292 914 1683 978 incorporeum,
1725 915 1775 963 et
1826 908 2102 961 invisibile

944 989 1142 1051 prater
1171 984 1343 1035 solum
1375 983 1566 1034 Deum.

495 1073 712 1144 (Idem)
743 1071 893 1126 Nihil
943 1072 1321 1140 incorporem,
1379 1074 1435 1122 et
1463 1068 1746 1121 invisibile
1787 1067 1846 1120 iu
1900 1072 2102 1120 natura

427 1162 784 1228 credendum,
816 1159 926 1213 nisi
949 1159 1134 1212 solum
1170 1159 1367 1212 Deum.
1400 1157 1506 1221 Qui
1554 1157 1683 1209 ideo
1733 1156 2104 1224 incorporeus

426 1251 711 1304 creditur:
744 1249 880 1319 quia
911 1248 1121 1317 ubique
1151 1253 1255 1312 est,
1298 1251 1356 1300 et
1407 1245 1599 1298 omnia
1651 1245 1870 1314 implet,
1933 1251 2102 1313 atque

425 1337 772 1406 constringit.
808 1337 937 1397 Ideo
983 1335 1287 1388 invisibilis
1342 1335 1608 1387 omnibus
1666 1333 1940 1387 creaturis
1998 1336 2100 1397 est,

422 1427 558 1496 quia
589 1425 958 1495 incorporeus
987 1429 1090 1477 est.

421 1515 550 1569 CAP.
583 1515 733 1567 XLII.
767 1544 836 1552 —
857 1513 1009 1578 Quod
1046 1515 1217 1566 omnis
1250 1516 1502 1564 creatura
1523 1511 1596 1563 sit
1616 1524 1888 1577 corporea.

491 1603 707 1671 (Idem.)
742 1603 1012 1656 Creatura
1033 1599 1220 1653 omnis
1242 1615 1534 1668 corporea,
1577 1597 1788 1666 angeli,
1821 1602 1877 1649 et
1907 1610 2104 1648 omnes

415 1693 670 1744 caelestes
712 1691 950 1743 virtutes
995 1704 1311 1757 corporeae,
1356 1689 1485 1739 licet
1529 1702 1645 1739 non
1703 1700 1871 1738 carne
1916 1683 2106 1736 subsi-

413 1785 592 1832 stant.
627 1780 755 1832 Ideo
809 1783 999 1830 autem
1056 1793 1360 1846 Corporeas
1417 1792 1536 1826 esse
1594 1773 1880 1826 credimus
1930 1772 2104 1824 intel—

412 1868 688 1922 lectuales
719 1872 971 1931 naturas,
1014 1867 1286 1936 quoniam
1347 1864 1604 1916 localiter
1659 1861 2104 1914 circunsrribun-

406 1962 530 2017 tur,
571 1957 712 2008 sicut
737 1961 793 2008 et
845 1955 1038 2007 anima
1087 1956 1353 2018 humana,
1393 1968 1519 2022 quae
1582 1967 1749 2003 carne
1802 1951 2105 2016 clauditur,

411 2052 470 2100 et
506 2047 799 2099 daemones
829 2044 929 2114 qui
960 2042 1276 2096 substantia
1307 2042 1574 2110 angelica
1606 2045 1824 2092 natura:
1847 2044 1997 2090 sunt.

408 2134 552 2188 CAP.
613 2133 803 2186 XLIII.
855 2161 925 2170 —
977 2131 1132 2195 Quod
1187 2144 1363 2182 omnes
1437 2128 1816 2180 intellectuales
1900 2130 2110 2178 naturae

1025 2203 1349 2254 immortales
1378 2201 1507 2252 sint.

485 2289 721 2361 (Idem)
766 2290 1123 2343 Immortales
1179 2303 1298 2340 esse
1357 2286 1642 2339 credimus
1700 2284 2110 2339 intellectuales

400 2385 672 2440 naturas,
705 2394 828 2448 qua?
860 2393 1029 2430 carne
1059 2380 1273 2436 carent,
1301 2391 1406 2426 nec
1455 2375 1667 2425 habent
1715 2371 1870 2441 quod
1922 2372 2106 2439 cadat,

402 2474 473 2521 ut.
511 2466 934 2522 resurrectione
968 2471 1132 2534 egeat
1161 2469 1290 2533 post
1332 2461 1577 2514 ruinam.

396 2560 545 2613 CAP.
583 2555 773 2610 XLIV.
805 2585 875 2594 —
904 2553 1056 2619 Quod
1084 2557 1346 2620 apostatw
1377 2552 1558 2614 angeli
1589 2555 1713 2602 ante
1731 2551 1948 2602 ruinam
1974 2549 2108 2602 libe-

886 2641 1008 2678 rum
1046 2627 1338 2677 arbitrium
1377 2622 1649 2674 haberent.

472 2718 684 2783 (Greg.
737 2717 798 2767 in
852 2716 965 2768 suis
1013 2709 1352 2779 Moralibus.)
1411 2711 1773 2778 Unaquaeque
1832 2707 1985 2761 enim
2027 2723 2114 2760 res

389 2805 584 2877 quasi
618 2809 705 2857 tot
731 2803 992 2873 passibus
1024 2801 1093 2854 ad
1121 2799 1270 2853 aliud
1306 2798 1508 2862 tendit,
1543 2804 1682 2867 quot
1715 2795 2114 2849 mutabilitatis

383 2911 529 2950 suae
564 2892 823 2946 motibus
849 2890 1113 2958 subjacet.
1150 2889 1281 2943 Sola
1312 2892 1501 2939 autem
1545 2891 1747 2938 natura
1793 2884 2113 2953 incompre-

385 2980 731 3037 hensibilis
761 2979 830 3032 ab
860 2984 1007 3031 statu
1035 2994 1135 3030 suo
1170 2975 1350 3029 nescit
1371 2975 1583 3026 moveri
1614 2990 1740 3043 qua)
1771 2975 1840 3025 ab
1871 2990 1937 3024 eo
1961 2973 2114 3041 quod

383 3083 656 3139 semper
686 3067 837 3120 idem
889 3071 987 3126 est,
1024 3064 1201 3118 nescit
1256 3061 1570 3114 immutari.
1610 3062 1748 3112 Nam
1792 3060 1837 3112 si
1887 3060 2115 3129 angelo-

380 3175 544 3215 rum
577 3155 904 3210 substantia
929 3151 1408 3206 immutabilitatis
1453 3156 1610 3202 motu
1661 3150 1859 3201 fuisset
1916 3149 1985 3201 ab
2024 3164 2120 3200 au-

379 3256 577 3302 ctore
611 3243 867 3307 condita,
933 3255 1296 3310 nequaquam
1348 3255 1377 3290 a
1422 3237 1788 3290 beatitudinis
1836 3251 1951 3289 suae
1995 3251 2120 3288 arce

379 3334 743 3390 cecidisset.
802 3331 934 3385 Mire
987 3333 1178 3382 autem
1239 3326 1602 3395 omnipotens
1660 3325 1807 3377 Deus
1855 3327 2120 3376 naturam

379 3437 791 3480 summorum
816 3419 1122 3488 spirituum
1154 3416 1385 3480 bonam,
1427 3413 1524 3467 sed
1569 3413 1901 3466 mutabilem
1935 3411 2125 3464 condi-

379 3516 482 3569 dit.
533 3530 550 3567 :
598 3515 668 3564 ut
699 3514 754 3563 et
784 3508 882 3578 qui
913 3521 1251 3577 permanere
1283 3504 1523 3568 nollent,
1557 3506 1808 3561 ruerent,
1842 3507 1898 3554 et
1936 3500 2034 3569 qui
2065 3501 2124 3552 in

379 3599 768 3659 conditione
819 3596 1204 3666 persistereut,
1265 3598 1425 3646 tanto
1482 3591 1539 3643 in
1597 3608 1664 3644 ea
1713 3589 1833 3658 jam
1895 3589 2121 3657 dignus,

380 3697 650 3765 quanto
684 3691 741 3740 et
769 3702 832 3738 ex
881 3683 1118 3738 arbitrio
1167 3685 1425 3734 starent:
1459 3684 1515 3732 et
1570 3695 1636 3731 eo
1692 3677 1922 3744 majoris
1977 3676 2124 3745 apud

379 3787 612 3837 Deum
653 3773 842 3828 meriti
887 3772 1114 3836 tierent,
1142 3787 1255 3840 quo
1290 3765 1685 3822 mutabilitatis
1716 3781 1833 3817 suae
1882 3769 2126 3831 motum,

379 3870 480 3924 τοι
495 3862 747 3922 untatis
777 3861 1020 3914 statione
1050 3859 1326 3911 ﬁxissent.

379 3963 542 4017 SAp.
589 3951 749 4008 XLV.
781 3980 851 3990 ——
891 3951 1009 4002 Cur
1047 3947 1359 4012 angelorum
1400 3945 1628 4011 spiritus
1674 3939 2130 3994 irremissibiliter

1098 4021 1471 4086 peccaverunt.

453 4117 613 4188 (Εω
647 4109 892 4175 eisdem.)
923 4107 1273 4176 Angelorum
1304 4104 1538 4173 spiritus
1579 4099 1787 4154 idcirco
1835 4097 2133 4152 irremissi-

379 4208 625 4262 oiliter
652 4201 1034 4269 peccaverunt
1064 4210 1076 4247 :
1113 4193 1248 4264 quia
1281 4197 1436 4244 tanto
1487 4190 1776 4242 robustius
1829 4193 1977 4241 stare
2035 4203 2132 4256 po-

379 4296 649 4355 erant,
674 4291 890 4358 quanto
911 4301 1008 4338 eos
1038 4282 1221 4336 carnis
1242 4280 1477 4334 amixtio
1502 4295 1616 4332 non
1649 4276 1897 4330 tenebat.
1949 4277 2132 4329 Homo

380 4400 548 4442 ero
599 4377 818 4432 idcirco
852 4377 982 4444 post
1011 4371 1237 4441 culpam
1276 4368 1501 4422 veniam
1552 4366 1781 4432 meruit,
1840 4363 1976 4435 quia
2031 4379 2136 4433 per
2168 4368 2208 4421 Ι)
2247 4345 2425 4444 Emit:

380 4468 667 4530 arnale
699 4479 901 4533 corpus
927 4460 1145 4530 aliquid
1197 4473 1311 4528 quo
1370 4455 1674 4524 semetipso
1723 4453 1910 4506 minor
1967 4457 2131 4518 esset,

384 4555 680 4627 ccepit.
711 4552 871 4606 Unde
901 4549 1049 4620 apud
1083 4552 1404 4616 respectum
1426 4544 1681 4613 judicem
1726 4545 2131 4610 argumentum

385 4643 670 4708 ietatis
704 4646 790 4694 est
821 4641 940 4693 haec
971 4637 1170 4691 eadem
1201 4633 1507 4688 inﬁrmitas
1545 4630 1750 4684 carnis.

380 4759 531 4797 asp.
588 4730 780 4788 XLVI.
808 4758 875 4769 —
905 4726 1056 4793 Quod
1083 4725 1263 4791 angeli
1292 4721 1533 4846 gustodes
1588 4718 1892 4772 hominibus
1929 4731 2134 4785 prepo-

1182 4810 1292 4846 nan
1320 4809 1405 4846 ur.

1182 4809 1405 4847 nuntur.

433 4898 705 4969 (Greg.
748 4890 807 4941 in
839 4889 952 4941 suis
992 4883 1289 4938 Moralibus
1338 4877 1516 4948 dicit.)
1561 4877 1702 4941 Quia
1752 4893 1883 4930 iero
1945 4874 2134 4944 angeli

379 5011 421 5047 ο
553 4984 578 5036 i
596 4979 775 5032 nibus
807 4973 1066 5045 praesint,
1101 4988 1200 5042 per
1224 4970 1563 5040 prophetam
1598 4971 1838 5020 testatur
1866 4965 2122 5033 angelus,

380 5080 684 5135 .cens:
772 5064 1042 5131 Princeps
1123 5058 1285 5129 regni
1345 5059 1644 5111 Persarum
1705 5053 1912 5107 restitit
1965 5051 2129 5105 mihi.

379 5161 580 5224 "od
626 5170 768 5208 vero
807 5151 995 5221 angeli
1026 5167 1059 5203 a
1088 5147 1452 5218 superiorum
1501 5143 1834 5213 angelorum
1880 5144 2130 5210 potesta-

379 5268 558 5314 ηαδ
657 5243 1082 5312 dispensentur,
1142 5235 1440 5290 Zacharias
1508 5231 1774 5302 perhibet
1830 5229 2130 5299 propheta,

379 5349 450 5404 ,ί
525 5334 651 5393 ait
684 5348 698 5386 :
737 5331 877 5385 Ecce
927 5327 1163 5397 angelus
1194 5325 1292 5394 qui
1350 5321 1694 5392 loquebatur
1736 5319 1796 5371 in
1829 5335 1941 5382 me,
1976 5332 2136 5386 egre-

379 5430 728 5493 ebatnr,
761 5423 817 5472 et
854 5416 1093 5486 angelus
1127 5414 1269 5467 alius
1300 5410 1699 5482 egrediebatur
1729 5407 1788 5460 in
1833 5420 2132 5460 occursum

514 5560 541 5584 ,
611 5516 673 5565 et
700 5507 845 5561 dixit
873 5505 942 5558 ad
986 5519 1164 5557 eum:
1213 5502 1410 5565 Curre,
1469 5498 1704 5567 loquere
1765 5495 1831 5548 ad
1888 5509 2130 5565 puerum

401 5580 630 5670 ιιὼ,
699 5595 897 5651 dicens
948 5609 960 5646 :
1021 5591 1248 5661 Absque
1308 5602 1473 5642 muro
1533 5583 1882 5639 habitabitur
1932 5580 2132 5636 Hieru-

379 5707 635 5761 lem.

2809 625 3006 678 dentur
3035 627 3295 679 custodes.

2280 734 2387 795 (Ea:
2419 732 2579 786 dictis
2602 732 2887 800 cujusdam
2921 735 2978 786 in
3015 734 3142 786 Vita
3171 734 3438 802 Patrum.)
3468 735 3652 788 Abbas
3690 736 3899 789 Paulus

2209 818 2447 889 simplex
2480 820 2722 874 habebat
2765 821 3011 890 gratiam
3060 826 3122 874 ut
3174 821 3563 891 ingredientes
3592 823 3653 877 in
3716 825 3900 877 Eccle-

2209 907 2351 961 siam
2383 925 2543 960 senes
2569 908 2848 977 aspiceret
2880 924 2892 960 :
2927 913 2982 961 et
3012 924 3080 961 ex
3115 908 3238 978 ipsa
3271 910 3410 962 facie
3461 927 3661 965 eorum
3711 913 3902 965 unius-

2149 1025 2153 1029 ’
2209 997 2485 1066 cojusque
2511 996 2905 1065 cogitationes,
2954 997 3070 1049 sive
3122 999 3287 1052 malae
3343 1005 3550 1066 essent,
3603 1017 3700 1054 seu
3731 1000 3898 1053 bona:

2211 1084 2465 1137 sentiret.
2501 1087 2641 1138 Cum
2670 1101 2804 1153 ergo
2830 1084 3080 1137 venisset
3105 1086 3174 1138 ad
3231 1087 3554 1154 Ecclesiam,
3609 1094 3666 1142 et.
3715 1089 3902 1158 ingre-

2211 1172 2485 1226 derentur
2515 1189 2696 1233 senes,
2732 1174 2874 1227 vidit
2895 1191 2991 1227 eos
3028 1175 3179 1227 clara
3235 1176 3398 1240 facie,
3430 1179 3487 1230 et
3519 1178 3648 1231 laeto
3705 1178 3898 1231 animo

2210 1261 2456 1330 ingredi,
2493 1266 2544 1313 et
2571 1261 2802 1329 angelos
2851 1278 3046 1316 eorum
3075 1278 3202 1316 cum
3238 1265 3446 1332 gaudio
3505 1267 3720 1335 pariter
3771 1282 3901 1319 cum

2210 1350 2367 1420 ipsis.
2405 1351 2588 1404 Unum
2619 1355 2810 1403 autem
2841 1351 3071 1420 nigrum
3104 1357 3157 1405 et
3201 1353 3544 1406 nebulosum
3596 1354 3899 1408 habentem

2213 1455 2437 1507 corpus,
2473 1443 2527 1489 et
2555 1437 2844 1491 daemones
2875 1439 3029 1504 hinc,
3061 1443 3229 1508 atque
3261 1439 3392 1492 inde
3423 1442 3712 1495 trahentes
3744 1457 3900 1508 eum,

2213 1542 2344 1580 cum
2377 1525 2625 1579 admisso
2657 1526 2816 1579 freno
2847 1525 2907 1578 in
2949 1526 3203 1592 naribus,
3249 1533 3304 1580 et
3335 1530 3600 1598 angelum
3641 1535 3901 1583 sanctum

2215 1615 2337 1682 ejus
2366 1614 2434 1667 de
2466 1615 2634 1683 longe
2665 1619 2998 1684 sequentem
3033 1614 3276 1667 tristem.
3313 1617 3513 1668 Beatus
3539 1632 3674 1686 ergo
3695 1618 3902 1671 Paulus

2215 1701 2386 1770 coepit
2437 1701 2573 1754 ﬂere
2630 1703 3003 1769 amarissime,
3068 1708 3124 1756 et
3156 1710 3350 1773 pectus
3407 1721 3573 1758 suum
3635 1706 3900 1767 tundere,

2137 1821 2176 1874 Β
2217 1791 2418 1844 sedens
2448 1795 2577 1842 ante
2609 1791 2910 1844 Ecclesium
2945 1795 3177 1861 propter
3208 1808 3338 1846 eum
3395 1810 3564 1862 quem
3620 1795 3790 1848 talem
3834 1795 3904 1847 vi-

2216 1879 2396 1932 derat.
2439 1877 2646 1932 Omnes
2703 1885 2892 1932 antem
2949 1879 3047 1932 alii
3103 1896 3265 1932 senes
3322 1881 3579 1934 videntes
3632 1897 3763 1934 eum
3827 1883 3904 1935 sic

2215 1967 2470 2028 ﬂentem,
2504 1972 2802 2034 coeperunt
2844 1983 2975 2019 eum
3028 1983 3249 2035 rogare,
3286 1975 3347 2021 ut
3403 1969 3448 2021 si
3505 1969 3644 2039 quid
3677 1970 3736 2023 in
3792 1971 3904 2023 illis

2217 2055 2468 2115 vidisset,
2501 2069 2629 2106 cum
2662 2053 2743 2106 eis
2809 2054 3208 2123 ingrederetur
3260 2057 3316 2108 in
3375 2059 3902 2126 congregationem.

2220 2142 2318 2196 Ille
2341 2148 2532 2194 autem
2567 2143 2750 2195 noluit
2782 2141 3027 2210 ingredi,
3071 2144 3165 2196 sed
3207 2160 3428 2212 semper
3468 2143 3643 2199 ﬂebat
3673 2151 3908 2216 propter

2220 2245 2349 2282 eum
2384 2245 2554 2299 quem
2586 2230 2664 2281 sic
2713 2229 2946 2283 viderat.
2982 2231 3112 2283 Post
3153 2233 3451 2300 paululum
3510 2239 3726 2297 autem,
3777 2249 3906 2286 cum

2219 2318 2478 2371 absoluta
2531 2318 2898 2386 congregatio
2959 2317 3292 2382 discederet,
3371 2321 3578 2374 iterum
3647 2323 3907 2375 omnium

2219 2407 2410 2459 vultus
2437 2405 2927 2474 circuuspiciebat,
2963 2406 3009 2458 si
3039 2407 3176 2458 tales
3225 2408 3650 2476 egrederentur,
3711 2411 3910 2479 quales

2220 2493 2460 2563 ingressi
2484 2498 2633 2546 sunt.
2657 2493 2725 2546 Et
2754 2493 2892 2546 vidit
2932 2494 3094 2546 illum
3121 2511 3292 2564 quem
3345 2502 3512 2550 antea
3573 2497 3790 2551 viderat
3822 2497 3907 2550 ni-

2221 2598 2387 2652 grum
2421 2586 2476 2634 et
2506 2581 2844 2634 nebulosum
2874 2597 3162 2650 egressum
3195 2584 3262 2636 de
3299 2585 3538 2638 Ecclesia
3563 2586 3715 2638 clara
3748 2586 3908 2648 facie,

2221 2677 2277 2723 et
2307 2669 2548 2724 candido
2573 2686 2834 2738 corpore,
2866 2676 2923 2722 et
2949 2671 3244 2724 daemones
3275 2671 3342 2724 de
3381 2672 3548 2741 longe
3605 2679 3908 2743 sequentes

2223 2773 2376 2823 eum,
2434 2763 2693 2811 sanctum
2766 2762 2959 2810 autem
3039 2759 3306 2828 angelum
3355 2759 3469 2829 ejes
3525 2777 3702 2831 prope
3778 2777 3910 2815 eum

2223 2847 2487 2911 hilarem,
2520 2850 2575 2898 et
2604 2845 2948 2914 gaudentem
2975 2862 3148 2915 super
3180 2862 3309 2898 eum
3339 2848 3527 2901 nimis.

2226 2952 2350 3006 CAP.
2394 2953 2619 3005 XLVIII.
2649 2981 2718 2991 —
2755 2951 2909 3015 Quod
2938 2951 3159 3004 dextera
3195 2952 3315 3015 Dei,
3349 2953 3420 3005 sit
3449 2968 3578 3020 pars
3601 2954 3912 3020 angelorum

2295 3025 2477 3089 electa,
2524 3025 2751 3076 sinistra
2809 3028 2990 3075 autem
3047 3025 3183 3090 ejus,
3233 3030 3366 3090 pars
3431 3025 3743 3090 angelorum
3824 3041 3912 3078 re-

2147 3095 2188 3149 C
2290 3095 2484 3160 proba.

2303 3201 2484 3267 (Greg.
2518 3202 2576 3252 in
2604 3202 2718 3252 suis
2748 3198 3043 3252 Moralibus
3073 3199 3207 3252 dicit
3240 3204 3276 3264 ε)
3307 3198 3449 3262 Quid
3484 3204 3566 3252 est
3590 3216 3724 3270 ergo
3759 3201 3916 3270 quod

2233 3288 2514 3341 exercitus
2543 3288 2667 3363 caeli
2711 3304 2743 3340 a
2770 3287 3000 3354 dextris,
3059 3293 3116 3340 et
3144 3288 3388 3340 sinistris
3444 3288 3565 3356 ejus
3609 3294 3756 3341 stare
3794 3305 3918 3358 per-

2231 3374 2508 3429 hibetur?
2544 3377 2691 3428 Deus
2721 3375 2870 3428 enim
2897 3375 2997 3445 qui
3021 3375 3098 3427 ita
3114 3380 3198 3428 est
3226 3377 3374 3427 intra
3402 3376 3615 3439 omnia,
3651 3383 3715 3429 ut
3745 3378 3918 3431 etiam

2234 3462 2305 3514 sit
2331 3468 2489 3514 extra
2518 3462 2731 3527 omnia,
2776 3477 2880 3514 nec
2924 3462 3153 3515 dextera
3202 3478 3301 3515 nec
3355 3463 3582 3516 sinistra
3633 3465 3922 3518 concludi-

2232 3554 2344 3615 tur,
2377 3550 2472 3603 sed
2502 3550 2731 3602 dextera
2766 3550 2863 3602 Dei
2901 3551 3236 3618 angelorum
3269 3566 3400 3619 pars
3423 3552 3596 3604 electa
3631 3568 3642 3605 :
3692 3553 3922 3606 sinistra

2236 3643 2425 3691 autem
2489 3638 2605 3702 Dei,
2664 3653 2793 3706 pars
2868 3637 3206 3706 angelorum
3274 3639 3514 3708 reproba
3566 3640 3917 3709 designatur.

2237 3727 2359 3779 Non
2391 3725 2542 3779 enim
2579 3725 2924 3785 ministrant,
2960 3724 3316 3778 solummodo
3349 3725 3484 3778 boni
3509 3728 3607 3796 qui
3629 3729 3918 3798 adjuvent.

2237 3813 2336 3866 sed
2365 3813 2535 3865 etiam
2569 3812 2666 3864 alii
2697 3812 2794 3882 qui
2826 3811 3155 3881 reprobent,
3182 3812 3235 3865 id
3266 3818 3370 3878 est,
3423 3829 3537 3866 non
3596 3815 3782 3868 solum
3823 3816 3923 3885 qui

2237 3902 2464 3970 aculpa
2499 3901 2802 3954 redeuntes
2851 3900 3172 3968 sublevent,
3223 3903 3321 3955 sed
3374 3903 3542 3954 etiam
3587 3903 3686 3972 qui
3738 3904 3922 3958 redire

2238 3992 2498 4044 nolentes
2527 3995 2783 4059 gravent.
2824 3990 2933 4042 Nec
2957 3989 3109 4059 quod
3161 3989 3286 4042 cceli
3348 3991 3649 4056 exercitus,
3717 3991 3925 4046 dicitur

2242 4080 2576 4148 angelorum
2618 4095 2748 4149 pars
2784 4078 3024 4148 reproba
3062 4079 3119 4130 iu
3149 4095 3214 4132 eo
3246 4079 3490 4149 intelligi
3542 4096 3709 4150 posse
3740 4082 3929 4151 perhi-

2240 4167 2424 4221 betur.
2459 4167 2608 4230 Quas
2664 4167 2818 4219 enim
2870 4166 3136 4236 suspendi
3170 4165 3228 4220 in
3291 4184 3420 4221 aere
3478 4169 3762 4234 novimus,
3800 4187 3928 4223 aves

2243 4255 2370 4309 cmli
2419 4255 2804 4308 nominamus.
2867 4255 2931 4308 Et
2985 4255 3054 4308 de
3108 4255 3309 4308 iisdem
3364 4255 3660 4326 spiritibus
3719 4258 3928 4312 Paulus

2486 4342 2692 4397 Contra
2763 4342 3038 4413 spiritalia
3114 4344 3388 4412 nequitias
3447 4344 3509 4396 in
3583 4345 3925 4399 coelestibus.

2245 4433 2500 4497 Quorum
2556 4436 2726 4501 caput
2780 4431 3113 4498 enuucians,
3172 4432 3289 4484 ait:
3344 4432 3670 4486 Secundum
3718 4435 3929 4502 princi-

2241 4537 2373 4591 pem
2417 4519 2563 4573 aeris
2613 4519 2802 4588 hujus.
2839 4522 2884 4571 A
2917 4518 3112 4571 dextra
3154 4535 3290 4587 ergo
3339 4519 3432 4571 Dei
3466 4524 3522 4572 et
3563 4521 3792 4574 sinistra
3822 4539 3930 4576 an-

2243 4609 2503 4680 gelorum
2549 4607 2823 4660 exercitus
2867 4609 3012 4659 stat:
3057 4605 3189 4675 quia
3221 4611 3276 4658 et
3315 4607 3574 4660 voluntas
3617 4609 3929 4664 electorum

2241 4697 2568 4767 Spirituum,
2612 4694 2818 4748 divinae
2855 4693 3051 4762 pietati
3099 4694 3424 4759 concordat,
3457 4699 3512 4748 et
3555 4697 3930 4766 reproborum

2242 4801 2441 4840 sensus
2473 4799 2589 4836 sua:
2613 4781 2842 4835 malitiae
2875 4781 3145 4847 serviens,
3173 4780 3387 4850 judicio
3407 4783 3775 4838 districtionis
3809 4787 3932 4856 ejus

2241 4877 2616 4944 optemperat.
2647 4870 2803 4924 Unde
2834 4876 2890 4922 et
2912 4885 3038 4922 mox
3061 4870 3226 4923 fallax
3257 4871 3554 4940 spiritibus
3587 4874 3646 4926 in
3678 4875 3930 4929 medium

2241 4959 2567 5032 prosiluisse
2586 4957 2942 5024 describitur,
2959 4974 3060 5027 per
3073 4974 3241 5028 quem
3260 4959 3449 5012 Achab
3465 4977 3558 5014 rex
3573 4962 3932 5032 exigentibus

2241 5051 2358 5103 suis
2389 5047 2606 5101 meritis
2652 5047 2988 5117 decipiatur.
3032 5047 3226 5117 Neque
3258 5048 3410 5102 enim
3457 5049 3539 5102 fas
3567 5056 3652 5104 est
3677 5053 3928 5122 credere,

2243 5140 2458 5193 bonum
2506 5135 2770 5206 spiritum
2809 5135 3046 5189 fallaciae
3077 5136 3360 5190 deservire
3393 5138 3659 5202 voluisse,
3693 5146 3756 5193 ut
3791 5141 3934 5194 dice-

2241 5233 2328 5280 ret
2353 5242 2365 5280 :
2387 5224 2691 5294 -Egrediar,
2724 5229 2779 5277 et
2803 5239 2900 5276 ero
2932 5224 3175 5277 mendax
3199 5223 3434 5293 spiritus
3466 5227 3522 5278 in
3550 5241 3646 5279 ore
3668 5227 3928 5282 omnium

2242 5314 2651 5385 prophetarum
2685 5313 2826 5382 ejus.
2861 5311 2971 5366 Sed
3001 5311 3134 5382 quia
3155 5312 3346 5365 Achab
3381 5329 3476 5366 rex
3507 5315 3751 5383 peccatis
3781 5333 3932 5386 prae-

2242 5401 2572 5456 cedentibus
2610 5401 2816 5470 dignus
2838 5404 2978 5468 erat,
3034 5405 3094 5453 ut
3136 5400 3235 5453 tali
3276 5400 3566 5454 debuisset
3599 5402 3932 5473 deceptione

2243 5489 2524 5557 damnari,
2554 5495 2838 5560 quatenus
2879 5489 2980 5560 qui
3022 5503 3173 5557 saepe
3205 5488 3398 5541 volens
3428 5489 3708 5544 ceciderat
3743 5494 3931 5564 culpa,

2244 5577 2591 5650 quandoque
2655 5578 2854 5631 nolens
2945 5580 3243 5645 caperetur
3294 5577 3362 5628 ad
3418 5593 3647 5648 poenam
3712 5584 3933 5636 occulta

2237 5665 2480 5738 justitia,
2540 5665 2768 5719 licentia
2819 5665 3086 5734 malignis
3147 5663 3437 5735 spiritibus
3471 5667 3659 5731 datur,
3693 5673 3755 5722 ut
3791 5687 3932 5740 quos
