3944 6390
85 378 194 427 lIJLl3

1002 373 1469 429 DECRETORUM
1518 375 1699 429 LIBRI
1738 374 1844 429 XX.
1882 404 1948 414 --
1992 375 2201 430 LIBER
2241 375 2633 430 VIGESIMUS.

3435 376 3570 427 1034-

76 496 249 562 miser,
282 496 485 550 recede
519 513 530 550 :
583 513 700 550 non
756 496 912 550 enim
971 496 1097 562 tibi,
1158 497 1255 550 sed
1293 498 1581 567 mancipio
1622 513 1750 551 meo
1792 506 1832 555 A
1870 515 2128 552 reversus
2159 504 2244 552 est
2282 499 2350 552 ad
2386 498 2803 569 paenitentiam,
2842 497 2979 551 dum
3009 513 3068 551 se
3090 495 3424 551 inferiorem
3447 512 3570 551 esse

75 586 280 639 locutus
311 602 461 640 sum.
499 586 579 639 Ad
626 586 787 655 cujus
838 601 1033 638 vocem
1076 586 1340 655 protinus
1397 586 1648 647 recessit,
1682 587 1762 639 ita

76 680 127 727 ut
152 674 392 728 inventae
422 675 537 727 sint
584 690 793 743 magna
819 675 936 743 jam
968 690 1032 727 ex
1083 680 1243 744 parte
1292 674 1585 728 dissoluta!
1637 692 1760 728 (τοι-ο

75 763 239 831 rigiae,
270 779 337 815 ex
372 767 533 831 parte
566 762 967 815 remanserint.
1005 761 1123 824 Qua
1157 762 1216 814 in
1259 777 1319 814 re
1348 762 1543 831 colligi
1577 768 1763 831 potest

76 851 328 921 antiquus
372 852 574 917 hostis,
637 851 735 921 qui
782 853 900 920 jam
955 855 1166 920 praesto
1222 856 1307 903 est
1361 850 1762 921 corporalibus

74 940 237 1005 factis,
287 956 461 1010 quam
516 940 711 992 nimiis
757 938 1005 1007 insidiis,
1044 938 1252 991 nostris
1310 938 1761 1009 cogitationibus

74 1028 285 1081 insistit.

74 1179 187 1232 CAP.
224 1179 357 1232 LIV.
391 1209 459 1219 —
494 1182 566 1232 De
604 1182 875 1241 creatura,
917 1183 967 1231 et
994 1182 1218 1243 natura,
1246 1183 1295 1232 et
1325 1181 1624 1232 ministerio
1661 1196 1759 1232 an-

387 1252 650 1317 gelorum,
686 1257 735 1303 et
767 1251 831 1302 de
861 1266 989 1302 casu
1023 1255 1418 1318 apostatarum.

75 1379 141 1448 (S.
175 1380 366 1434 Isidor.
416 1382 477 1433 in
530 1380 669 1433 libro
717 1380 1022 1448 ofﬁciorum
1076 1381 1153 1433 sic
1220 1380 1506 1448 loquitur.)
1568 1381 1758 1449 Ange-

72 1466 241 1520 lorum
278 1483 491 1520 nomen
532 1467 705 1520 ofﬁcii
740 1472 841 1534 est,
893 1483 1008 1520 non
1056 1472 1297 1520 naturae.
1355 1468 1497 1521 Nam
1557 1484 1756 1521 secun-

72 1556 193 1609 dum
224 1563 514 1617 naturam,
560 1556 794 1626 spiritus
841 1561 1266 1625 nuncupantur.
1317 1557 1556 1620 Quando
1602 1558 1757 1610 enim

72 1644 131 1696 de
167 1646 320 1698 caelis
350 1645 418 1697 ad
455 1645 919 1698 annunciandum
951 1644 1284 1698 hominibus
1318 1645 1627 1699 mittuntur
1654 1662 1665 1698 :
1689 1662 1759 1698 ex

70 1732 176 1801 ipsa
203 1733 653 1786 annunciatione
700 1733 890 1801 angeli
942 1733 1295 1786 nominatur.
1342 1734 1552 1786 Natura
1602 1733 1753 1786 enim

70 1822 287 1889 spiritus
338 1826 493 1875 sunt.
531 1822 686 1875 Tunc
718 1828 909 1874 autem
943 1822 1133 1891 angeli
1185 1828 1480 1886 vocantur,
1523 1822 1752 1891 quando

68 1910 383 1963 mittuntur.
422 1911 634 1963 Natura
664 1911 999 1977 angelorum
1037 1909 1328 1963 mutabilis
1359 1915 1465 1976 est,
1500 1910 1595 1962 sed
1621 1908 1754 1961 facit

68 2014 151 2051 eos
183 2001 547 2069 incorruptos
590 2000 834 2052 cliaritas
883 1998 1250 2068 sempiterna.
1287 2000 1477 2052 Gratia
1508 1999 1753 2052 dicimus
1792 1996 1804 2002 ’

66 2101 170 2138 non
201 2092 407 2139 natura
463 2102 584 2139 esse
645 2086 1144 2139 incommutabiles
1203 2087 1459 2155 angelos.
1523 2087 1663 2139 Nam
1706 2086 1754 2138 si

68 2181 253 2227 natura
285 2174 793 2227 incommutabiles
832 2179 1044 2240 essent,
1092 2175 1355 2227 diabolus
1405 2175 1602 2244 utique
1639 2191 1755 2227 non

66 2263 363 2316 cecidisset.
401 2263 835 2316 Mutabilitatem
879 2263 1071 2333 itaque
1112 2268 1333 2315 natura!
1384 2263 1658 2332 sutfragat
1695 2263 1754 2315 in

68 2350 167 2404 illis
203 2352 620 2421 contemplatio
681 2353 984 2404 Creatoris.
1037 2351 1179 2404 Inde
1242 2355 1295 2404 et
1356 2352 1611 2421 privatus
1671 2355 1756 2404 est

67 2447 305 2507 apostata
371 2439 632 2509 angelus,
690 2440 824 2492 dum
882 2439 1277 2492 fortitudinem
1334 2455 1494 2492 suam
1557 2455 1667 2492 non
1723 2455 1756 2492 a

70 2526 189 2592 Deo,
222 2529 317 2582 sed
370 2545 400 2580 a
431 2544 490 2580 se
531 2528 709 2579 voluit
747 2528 1053 2580 custodire.
1113 2529 1255 2579 Ante
1315 2543 1547 2580 omnem
1603 2544 1757 2581 crea-

65 2618 235 2669 turam
269 2616 464 2685 angeli
505 2615 635 2669 facti
669 2622 820 2683 sunt,
863 2616 999 2669 dum
1032 2616 1245 2669 dictum
1287 2621 1418 2669 est:
1468 2616 1587 2669 Fiat
1634 2615 1750 2668 lux.

67 2704 133 2756 De
163 2705 296 2775 ipsis
330 2705 489 2758 enim
524 2705 663 2757 dicit
691 2704 984 2773 Scriptura
1016 2721 1029 2757 :
1067 2704 1226 2757 Prior
1249 2705 1513 2757 omnium
1564 2709 1754 2758 creata

63 2798 135 2845 est
163 2793 465 2863 sapientia.
504 2793 617 2845 Lux
650 2792 799 2845 enim
834 2792 1123 2859 dicuntur,
1166 2793 1563 2861 participando
1615 2793 1752 2846 lucis

62 2886 313 2935 zelernze:
355 2880 653 2949 sapientiae
682 2897 815 2933 vero
861 2882 1150 2941 dicuntur,
1188 2881 1384 2950 ignitae
1415 2881 1751 2935 inhaerendo

60 2970 367 3040 sapientiae.
404 2970 473 3021 Et
502 2984 630 3021 cum
663 2968 776 3023 sint
808 2969 1111 3021 mutabiles
1144 2974 1367 3035 natura,
1403 2986 1519 3022 non
1560 2976 1753 3023 tamen

1868 588 2170 657 cognoscit.
2209 587 2471 640 Diabolus
2497 603 2630 640 vero
2662 603 2777 639 non
2800 586 3065 639 solumin
3100 586 3209 639 hoc
3243 591 3567 651 contentus,

1869 676 2023 745 quod
2065 692 2122 728 se
2172 677 2282 729 Deo
2333 676 2613 746 aequalem
2671 675 3007 729 existimans
3056 674 3282 741 cecidit,
3334 674 3570 744 insuper

1869 763 2041 816 etiam
2075 763 2430 833 superiorem
2492 764 2604 817 Deo
2654 778 2713 816 se
2745 764 2899 828 dicit,
2943 763 3259 816 secundum
3322 762 3568 829 apostoli

1869 852 2038 917 dicta,
2081 854 2179 923 qui
2230 852 2311 906 ait
2363 853 2433 909 de
2490 851 2887 905 Antichristo:
2947 852 3053 915 Qui
3110 852 3464 916 adversatur,
3511 856 3570 905 et

1868 941 2157 995 extollitur
2192 957 2365 1010 supra
2404 957 2572 994 omne
2605 940 2759 1011 quod
2808 940 3018 994 dicitur
3082 941 3248 1006 Deus,
3283 945 3380 993 aut
3410 940 3569 1011 quod

1867 1029 2093 1083 colitur.
2133 1029 2400 1083 Diabolus
2428 1028 2558 1082 ideo
2582 1028 2706 1097 jam
2754 1044 2866 1081 non
2900 1032 3057 1097 petet
3106 1028 3332 1081 veniam
3369 1045 3381 1082 :
3431 1028 3571 1098 quia

1868 1134 1985 1171 non
2018 1117 2431 1189 compungitur
2451 1118 2519 1171 ad
2555 1116 2973 1187 paenitentiam.
3004 1116 3251 1170 Membra
3282 1133 3414 1170 vero
3444 1117 3568 1186 ejus

1867 1222 2015 1276 saepe
2046 1222 2149 1277 per
2199 1205 2527 1276 hypocrisin
2581 1206 2984 1274 deprecantur,
3016 1204 3171 1274 quod
3230 1211 3420 1258 tamen
3464 1222 3567 1275 pro

1868 1295 2018 1348 mala
2076 1294 2421 1348 conscientia
2494 1292 2735 1362 adipisci
2804 1308 2921 1346 non
3002 1297 3319 1345 merentur.
3385 1294 3569 1348 Discat

1866 1382 2121 1435 humana
2171 1381 2423 1448 miseria,
2475 1381 2629 1452 quod
2662 1397 2727 1435 ea
2782 1396 2955 1434 causa
3003 1380 3170 1433 citius
3224 1386 3568 1451 provocetur

1871 1471 2018 1523 Deus
2086 1475 2360 1539 prmstare
2416 1469 2665 1534 veniam,
2721 1468 2856 1522 dum
2929 1468 3162 1522 inﬁrmo
3218 1468 3567 1539 compatitur

1868 1558 2136 1611 homini:
2175 1559 2309 1629 quia
2358 1558 2479 1628 ipse
2538 1558 2708 1611 homo
2755 1556 2930 1611 traxit
2968 1572 3035 1610 ex
3078 1562 3242 1626 parte
3303 1556 3563 1611 inferiori

1866 1646 2257 1700 inﬁrmitatem
2323 1646 2611 1716 peccandi,
2644 1646 2749 1699 hoc
2795 1651 2898 1705 est,
2951 1662 3017 1698 ex
3079 1661 3268 1705 carne.
3326 1661 3438 1715 qua
3467 1645 3564 1699 in-

1867 1735 2017 1787 clusa
2047 1735 2237 1788 anima
2278 1736 2583 1789 detinetur.
2617 1739 2902 1803 Apostata:
2934 1734 3119 1803 angeli
3156 1734 3284 1786 ideo
3336 1734 3566 1787 veniam

1869 1840 1980 1876 non
2017 1825 2273 1876 habent:
2333 1825 2467 1894 quia
2512 1823 2756 1876 carnalis
2804 1822 3128 1893 fragilitatis
3184 1822 3341 1875 nulla
3400 1822 3560 1876 inﬁr-

1866 1912 2063 1965 mitate
2096 1912 2312 1981 gravati
2368 1916 2501 1964 sunt
2560 1916 2619 1963 ut
2661 1915 2982 1980 peccarent.
3048 1910 3313 1963 Homines
3368 1915 3562 1964 autem

1863 2004 1990 2070 post
2063 2005 2356 2070 peccatum
2439 2000 2651 2052 ideirco
2715 2004 3083 2052 revertuntur
3159 2000 3228 2052 ad
3312 1999 3560 2066 veniam,

1864 2092 2099 2159 propter
2145 2088 2298 2158 quod
2354 2104 2417 2140 ex
2475 2088 2630 2140 lutea
2684 2087 2925 2140 materia
2979 2087 3206 2156 pondus
3266 2091 3564 2141 traxerunt

1862 2176 2234 2244 inﬁrmitatis,
2270 2177 2513 2246 ideoque
2539 2192 2639 2245 pro
2689 2176 2921 2229 inﬁrma
2967 2175 3154 2228 carnis
3212 2175 3559 2242 conditione,

1864 2266 2077 2319 reditus
2126 2271 2282 2335 patet
2328 2265 2545 2318 homini
2593 2265 2659 2317 ad
2693 2264 2956 2317 salutem.
2994 2264 3148 2316 Sicut
3187 2266 3243 2316 et
3304 2264 3565 2317 Psalmus

1862 2355 2027 2408 dicit:
2052 2355 2177 2423 Ipse
2193 2354 2297 2407 scit
2317 2355 2660 2423 ﬁgmentum
2682 2358 2961 2405 nostrum.
2991 2352 3292 2417 Memento,
3326 2352 3564 2406 Domine

1862 2443 2016 2512 quod
2038 2447 2185 2496 terra
2220 2458 2451 2507 sumus;
2478 2447 2533 2494 et
2555 2441 2762 2493 iterum
2801 2457 2813 2493 :
2840 2442 3170 2505 Memorare,
3198 2439 3410 2508 inquit,
3434 2456 3561 2509 quae

1863 2532 1933 2585 sit
1959 2547 2082 2584 mea
2123 2531 2457 2583 substantia.
2484 2532 2791 2600 Postquam
2812 2534 3089 2598 apostatae
3115 2528 3305 2598 angeli
3336 2528 3562 2583 cecide-

1862 2626 2019 2681 runt,
2052 2619 2260 2688 reliqui
2289 2618 2771 2689 perseverantiam
2804 2623 3034 2670 reterns:
3064 2616 3435 2670 beatitudinis
3472 2633 3561 2671 so-

1861 2706 2021 2760 lidati
2052 2712 2204 2759 sunt.
2241 2706 2399 2759 Unde
2441 2710 2497 2758 et
2558 2710 2685 2774 post
2714 2705 2841 2758 coeli
2894 2705 3243 2757 creationem
3296 2704 3355 2756 in
3397 2703 3559 2773 prin-

1862 2795 2010 2865 cipio
2043 2794 2362 2863 repetitur:
2411 2793 2529 2847 Fiat
2571 2794 3024 2855 ﬁrmamentum,
3068 2798 3123 2845 ct
3166 2796 3429 2845 vocatum
3475 2796 3562 2846 est

1862 2886 2289 2939 ﬁrmamentum
2354 2883 2588 2947 coelum;
2660 2881 2935 2934 nimirum
3013 2879 3336 2943 ostendens,
3405 2878 3560 2948 quod

1861 2977 1989 3044 post
2009 2973 2348 3040 angelorum
2389 2970 2638 3035 ruinam,
2660 2969 2717 3022 bi
2770 2969 2867 3039 qui
2897 2972 3356 3038 permanserunt,
3384 2967 3562 3020 ﬁrmi-

60 3061 177 3112 sinit
208 3077 306 3114 eos
341 3058 758 3128 contemplatio
810 3060 1021 3112 mutari
1063 3059 1275 3113 divina.
1323 3063 1469 3113 Ante
1517 3075 1748 3113 omnem
1785 3063 1824 3118 C
1862 3067 2038 3114 tatem
2070 3063 2405 3112 meruerunt
2455 3063 2685 3111 aeternae
2716 3056 3157 3127 perseverantiae
3206 3061 3263 3109 et
3314 3055 3559 3109 beatitu-

59 3150 402 3202 creationem
433 3147 658 3214 mundi,
692 3148 863 3201 creati
889 3153 1022 3201 sunt
1051 3149 1265 3216 angeli,
1284 3153 1339 3201 et
1364 3153 1493 3201 ante
1521 3165 1751 3203 omnem

58 3239 396 3291 creationem
435 3237 795 3305 angelorum,
837 3236 1098 3289 diabolus
1137 3237 1400 3289 conditus
1455 3243 1558 3297 est,
1608 3237 1753 3290 sicut

60 3328 318 3397 scriptum
381 3329 469 3378 est
525 3341 537 3377 :
623 3325 748 3393 Ipse
794 3329 878 3377 est
932 3324 1287 3394 principium
1344 3325 1565 3378 viarum
1626 3325 1747 3379 Dei.

62 3416 204 3484 Unpe
235 3421 291 3468 et
321 3415 394 3468 ad
422 3413 912 3482 comparationem
960 3414 1319 3483 angelorum,
1373 3414 1753 3484 archangelus

58 3504 369 3572 appellatus
403 3507 506 3555 est.
556 3502 719 3554 Prius
776 3502 933 3554 enim
992 3507 1215 3554 creatus
1272 3502 1485 3554 exstitit
1532 3502 1752 3555 ordinis

59 3592 406 3658 praelatione,
442 3605 555 3643 non
591 3590 866 3659 temporis
897 3590 1233 3660 quantitate.
1284 3590 1599 3643 Primatum
1651 3591 1752 3644 ha-

56 3678 234 3732 buisse
266 3679 612 3750 angelorum
655 3678 947 3731 diabolum
1005 3679 1234 3745 scimus,
1269 3694 1337 3731 ex
1385 3695 1499 3748 qua
1545 3679 1753 3732 ﬁducia

58 3769 265 3832 cecidit,
307 3770 390 3821 ita
420 3774 481 3820 ut
508 3767 630 3820 sine
664 3767 1024 3837 reparatione
1056 3767 1363 3832 laberetur,
1408 3767 1572 3837 cujus
1606 3784 1750 3837 prae-

58 3856 275 3911 lationis
306 3856 710 3911 excellentiam
735 3856 1020 3926 propheta
1050 3855 1137 3909 his
1161 3856 1346 3909 verbis
1394 3856 1705 3909 annunciat
1735 3873 1747 3911 :

57 3944 210 3998 Cedri
269 3962 388 3998 non
451 3944 687 3997 fuerunt
738 3945 967 3997 altiores
1028 3943 1127 3996 illo
1184 3943 1244 3996 in
1296 3945 1563 4013 paradiso
1630 3944 1750 4011 Dei,

58 4033 259 4087 abietes
291 4050 412 4088 non
450 4033 898 4103 adaequaverunt
927 4032 1315 4086 summitatem
1350 4032 1523 4085 illius.
1570 4034 1751 4087 Omne

62 4122 267 4191 lignum
296 4122 555 4194 paradisi
589 4137 705 4174 non
757 4126 844 4174 est
882 4121 1262 4174 assimilatum
1297 4122 1379 4173 illi
1412 4138 1424 4174 :
1473 4121 1752 4191 quoniam

60 4211 461 4278 speciosiorem
488 4209 621 4263 fecit
654 4225 785 4262 eum
837 4210 1002 4262 Deus.
1042 4209 1223 4262 Distat
1275 4209 1528 4262 conditio
1560 4210 1753 4279 angeli

60 4314 89 4351 a
115 4299 447 4354 conditione
480 4298 749 4351 hominis.
799 4300 978 4352 Ilomo
1012 4298 1165 4351 enim
1208 4297 1275 4350 ad
1328 4299 1429 4351 Dei
1477 4297 1752 4351 similitu-

62 4386 242 4442 dinem
301 4387 575 4441 conditus
632 4393 734 4440 est.
778 4387 1167 4455 Archangelus
1217 4402 1349 4439 vero
1404 4386 1503 4455 qui
1564 4388 1755 4457 lapsus

60 4482 153 4540 est,
228 4477 592 4546 signaculum
650 4474 752 4528 Dei
831 4474 1221 4528 similitudinis
1278 4475 1601 4544 appellatus
1650 4480 1754 4541 est,

59 4569 296 4618 testante
329 4564 578 4618 Domino
628 4578 732 4633 per
767 4563 1059 4616 Ezechiel:
1093 4564 1174 4616 Tu
1208 4562 1568 4631 signaculum
1596 4563 1755 4617 simi-

63 4652 310 4707 litudinis
350 4652 474 4717 Dei,
516 4653 723 4722 plenus
750 4652 1047 4722 sapientia,
1102 4651 1386 4721 perfectus
1436 4652 1661 4718 decore,
1696 4652 1755 4705 in

64 4742 267 4795 deliciis
299 4742 558 4813 paradisi
591 4741 692 4794 Dei
718 4740 893 4794 fuisti.
938 4739 1161 4804 Quanto
1190 4739 1345 4793 enim
1377 4739 1642 4793 subtilior
1674 4744 1759 4792 est

64 4830 175 4899 ejus
206 4836 415 4885 natura
452 4834 609 4884 tanto
669 4829 899 4899 plenius
939 4828 1157 4883 exstitit
1197 4828 1267 4881 ad
1321 4827 1754 4881 similitudinem

64 4918 259 4973 divinae
292 4919 554 4974 veritatis
585 4933 933 4988 expressam.
987 4916 1150 4970 Prius
1182 4917 1250 4969 de
1301 4916 1442 4969 caelo
1488 4914 1756 4969 cecidisse

61 5006 343 5062 diabolum
376 5010 623 5072 constat,
656 5022 831 5076 quam
852 5006 1027 5059 homo
1051 5004 1420 5059 conderetur.
1449 5004 1590 5057 Nam
1625 5020 1755 5058 mox

60 5100 117 5147 ut
144 5096 322 5149 factus
342 5100 451 5159 est,
484 5094 541 5148 in
577 5094 908 5164 superbiam
943 5093 1154 5162 erupit,
1189 5097 1245 5145 et
1269 5092 1663 5162 praecipitatus
1686 5093 1755 5146 de

62 5185 190 5237 coelo
220 5189 326 5238 est.
364 5184 510 5237 Nam
535 5183 699 5253 juxta
734 5181 996 5235 Veritatis
1018 5181 1438 5245 testimonium,
1482 5180 1554 5232 ab
1586 5179 1755 5232 initio

60 5274 292 5326 mendax
326 5273 462 5337 fuit,
503 5279 559 5325 et
592 5271 649 5325 in
701 5271 937 5324 veritate
1006 5286 1123 5323 non
1150 5269 1337 5333 stetit,
1373 5267 1508 5338 quia
1563 5266 1756 5320 statim

60 5367 117 5413 ut
170 5360 349 5414 factus
433 5365 537 5426 est,
602 5359 822 5412 cecidit.
918 5358 1044 5412 Fuit
1096 5358 1325 5429 quidem
1390 5357 1451 5410 in
1518 5356 1755 5409 veritate

62 5451 329 5515 conditus,
384 5448 484 5501 sed
552 5464 670 5501 non
723 5446 926 5501 stando
992 5447 1291 5501 confestim
1324 5462 1357 5499 a
1408 5445 1644 5498 veritate
1673 5448 1757 5497 est

65 5538 259 5607 lapsus.
284 5539 412 5591 Uno
449 5536 733 5606 superbiae
764 5537 948 5605 lapsu,
987 5536 1123 5589 dum
1170 5536 1281 5588 Deo
1327 5549 1432 5604 per
1469 5538 1756 5586 tumorem

64 5641 115 5677 se
142 5624 472 5691 conferunt,
510 5629 567 5676 et
590 5622 764 5677 homo
797 5623 1019 5690 cecidit,
1054 5628 1111 5676 et
1139 5622 1415 5677 diabolus.
1441 5621 1548 5675 Sed
1582 5620 1756 5674 homo

417 5730 700 5793 pA'I‘BOL.
753 5730 932 5794 CXL.

1864 3149 2035 3213 dinis,
2072 3163 2243 3219 quam
2277 3152 2442 3200 antea
2482 3147 2672 3199 minus
2730 3148 3066 3215 acceperant
3102 3161 3114 3198 :
3166 3148 3295 3214 post
3345 3143 3560 3198 diaboli

1864 3237 2262 3307 dejectionem,
2294 3235 2633 3305 angelorum
2662 3239 2990 3288 sanctorum
3032 3234 3298 3286 collatam
3348 3232 3560 3286 sancti-

1863 3326 1993 3379 tatis
2042 3324 2548 3394 perseverantiam,
2604 3327 2658 3375 et
2690 3321 3105 3376 beatitudinem
3165 3335 3338 3391 quam
3371 3320 3563 3373 minus

1866 3420 2229 3482 acceperint:
2287 3412 2441 3466 unde
2485 3416 2715 3481 oportet
2772 3410 3038 3480 cognosci
3070 3410 3223 3479 quod
3273 3409 3562 3462 malorum

1864 3502 2155 3572 iniquitas,
2207 3506 2534 3553 sanctorum
2578 3498 2786 3553 serviat
2822 3497 3135 3552 humilitati
3169 3514 3182 3550 :
3236 3496 3371 3567 quia
3413 3497 3562 3551 unde

1866 3590 2001 3644 mali
2024 3594 2319 3655 corruunt,
2348 3588 2481 3641 inde
2504 3586 2639 3640 boni
2662 3586 2987 3657 proﬁciunt.
3018 3586 3309 3639 Bonorum
3331 3585 3564 3653 angelo-

1864 3696 1993 3733 rum
2011 3694 2304 3743 numerus,
2321 3676 2418 3747 qui
2434 3682 2563 3745 post
2575 3674 2802 3729 ruinam
2820 3674 3158 3744 angelorum
3173 3674 3458 3727 malorum
3477 3677 3564 3727 est

1866 3768 2205 3833 diminutas,
2222 3782 2288 3819 ex
2304 3780 2545 3818 numero
2560 3763 2871 3815 electorum
2887 3760 3150 3814 omnium
3175 3760 3558 3830 supplebitur,

1865 3855 1964 3927 qui
1980 3869 2272 3919 numerus,
2287 3853 2391 3906 soli
2414 3853 2526 3905 Deo
2544 3856 2628 3904 est
2640 3849 2923 3920 cognitus.
2939 3850 3094 3902 Inter
3105 3849 3338 3918 angelos
3352 3847 3562 3901 distan-

1863 3944 1941 3998 tia
1954 3947 2303 4013 potestatum
2320 3946 2421 4005 est,
2445 3947 2500 3992 et
2514 3956 2616 4009 pro
2631 3938 2914 4009 graduum
2930 3937 3228 4005 dignitate,
3243 3936 3565 3990 ministeria

1865 4033 2079 4086 eisdem
2103 4036 2237 4084 sunt
2257 4029 2578 4083 distributa.
2609 4027 2861 4096 Aliisque
2897 4025 2995 4079 alii
3025 4025 3413 4095 prmferuntur
3441 4029 3561 4078 tam

1866 4120 2113 4174 culmine
2164 4117 2481 4187 potestatis,
2517 4131 2690 4186 quam
2746 4114 2983 4169 scientia
3036 4113 3283 4167 virtutis.
3337 4112 3567 4167 Submi-

1867 4209 2111 4262 nistrant
2142 4207 2319 4277 igitur
2377 4205 2473 4258 alii
2528 4204 2776 4257 aliorum
2834 4202 3159 4273 praeceptis,
3217 4207 3390 4273 atque
3430 4201 3566 4255 obe-

1870 4298 2037 4352 diunt
2059 4297 2251 4366 jussis.
2288 4294 2444 4349 Unde
2476 4294 2542 4346 ad
2576 4292 2918 4363 prophetam
2951 4290 3280 4345 Zachariam
3323 4290 3565 4360 angelus

1870 4386 2142 4456 angelum
2187 4384 2384 4449 mittit,
2453 4386 2508 4435 et
2587 4396 2947 4451 quaecunque
2998 4379 3313 4432 anuntiare
3359 4379 3566 4432 debeat

1868 4473 2143 4545 praecipit.
2176 4473 2387 4525 Novem
2445 4486 2565 4523 esse
2627 4467 3021 4522 distinctiones
3047 4467 3137 4520 vel
3192 4466 3421 4520 ordines
3460 4482 3567 4521 an-

1869 4562 2131 4634 gelorum
2153 4575 2327 4613 sacrae
2371 4557 2678 4626 Scriptura:
2710 4559 3016 4622 testantur,
3060 4553 3119 4606 id
3180 4558 3285 4620 est,
3346 4554 3563 4623 angeli,

1868 4648 2213 4719 archangeli,
2264 4644 2477 4711 throni,
2533 4642 2975 4708 dominationes,
3036 4641 3291 4709 virtutes,
3343 4641 3567 4711 princi-

1867 4744 2055 4810 patus,
2112 4740 2439 4807 potestates,
2506 4732 2809 4798 cherubin,
2870 4736 2927 4785 et
2992 4730 3282 4801 seraphin.
3348 4731 3564 4785 Horum

1868 4828 2135 4882 ordinum
2168 4838 2473 4878 numerum
2506 4821 2678 4875 etiam
2712 4819 2965 4875 Ezechiel
2992 4819 3277 4890 propheta
3294 4818 3568 4874 describit

1868 4916 1974 4970 sub
2003 4914 2240 4969 totidem
2283 4909 2613 4965 nominibus
2654 4909 2938 4979 lapidum,
3000 4924 3129 4961 cum
3187 4907 3257 4962 de
3310 4907 3567 4979 primatu

1867 5007 2137 5075 apostatm
2198 4999 2390 5071 angeli
2440 5000 2826 5069 loqueretur:
2884 4997 3083 5052 Omnis
3133 4996 3346 5068 inquit,
3416 4998 3567 5067 lapis

1868 5091 2291 5163 operimentum
2319 5093 2505 5153 tuum,
2549 5087 2793 5151 sardius,
2846 5090 2902 5139 et
2956 5085 3235 5155 topazius,
3283 5088 3340 5137 et
3362 5084 3563 5153 jaspis,

1867 5179 2282 5250 chrysolythus,
2337 5181 2393 5230 et
2435 5192 2604 5247 onyx,
2664 5180 2720 5229 et
2771 5174 3031 5241 berillus,
3091 5172 3393 5242 saphyrus,
3436 5186 3563 5225 car-

1865 5268 2169 5334 bunculus,
2200 5271 2255 5319 et
2285 5264 2638 5333 smaragdus.
2670 5263 2793 5327 Quo
2844 5276 3086 5315 numero
3141 5259 3419 5329 lapidum.
3456 5258 3568 5328 ipsi

1870 5356 2100 5411 ordines
2153 5353 2437 5423 designati
2495 5356 2629 5405 sunt
2682 5351 3044 5421 angelorum.
3093 5348 3243 5412 Quos
3309 5351 3569 5418 apostata

1870 5445 2106 5514 angelus
2132 5447 2263 5496 ante
2294 5443 2519 5511 lapsum
2558 5440 2723 5510 quasi
2760 5440 2823 5492 in
2855 5437 3196 5491 vestimento
3246 5435 3573 5490 ornamenti

1867 5531 1955 5584 sui
2017 5529 2214 5583 afﬁxos
2293 5529 2496 5583 habuit
2565 5545 2577 5582 :
2639 5528 2710 5582 ad
2771 5541 3019 5596 quorum
3076 5524 3573 5595 comparationem

1869 5620 2006 5673 dum
2032 5634 2091 5672 se
2139 5617 2440 5672 clariorem
2492 5616 2711 5671 cunctis
2768 5615 3009 5686 aspexit,
3061 5613 3361 5668 confestim
3421 5612 3575 5668 intu-

3180 5724 3261 5780 33
