3944 6394
392 364 530 417 103ὕ

1476 361 1878 418 BURCHABDI
1924 361 2452 418 WORMACIENSIS
2492 361 2820 417 EPISCOPI.

3764 366 3887 417 l03ti

382 484 549 551 muit,
583 490 639 539 et
691 500 790 539 cor
842 500 1011 539 suum
1068 483 1139 538 ad
1191 483 1525 554 superbiam
1577 483 1833 537 elevavit.
1875 483 2084 554 Angeli
2111 488 2158 539 A
2196 484 2380 555 pluris
2410 484 2620 538 sanctis
2651 501 2755 555 pro
2791 485 2902 539 Deo
2923 484 3164 555 angelus
3198 484 3479 554 ponitur:
3532 501 3649 540 non
3708 487 3886 555 Pater,

383 589 614 643 semper
640 574 700 628 in
735 576 848 629 Deo
874 574 1148 645 gaudent,
1183 590 1300 627 non
1346 573 1405 626 in
1435 588 1515 626 se.
1568 573 1744 626 Malus
1789 588 1922 627 vero
1954 573 2086 627 inde

383 666 471 716 est
497 662 780 722 diabolus.
813 662 951 733 quia
979 679 1099 715 non
1144 677 1273 731 quas
1333 661 1457 729 Dei,
1497 660 1592 714 sed
1628 676 1757 731 qua
1812 677 1917 714 sua
1953 664 2090 715 sunt

384 750 704 821 requisivit.
740 751 907 804 Nulla
959 756 1151 802 autem
1202 750 1385 819 major
1433 748 1708 819 iniquitas
1746 764 1920 819 quam
1968 765 2087 803 non

385 839 449 893 in
481 840 620 907 Deo,
653 839 753 894 sed
794 839 858 892 in
899 854 959 893 se
999 838 1140 892 velle
1186 837 1527 908 quempiam
1560 837 1817 908 gloriari.
1882 837 2087 909 Angeli

384 942 520 981 vero
547 926 649 982 Dei
681 932 1035 998 cognoscunt
1057 927 1253 980 omnia
1280 929 1593 997 antequam
1628 925 1686 979 in
1720 942 1780 979 re
1828 925 1969 981 fiant
1993 942 2006 980 :
2032 930 2088 980 et

386 1032 515 1087 quae
549 1016 703 1086 apud
732 1015 998 1070 homines
1052 1015 1241 1069 adhuc
1271 1014 1465 1068 futura
1509 1018 1665 1083 sunt,
1706 1013 1899 1084 angeli
1962 1015 2087 1085 jam

385 1106 674 1160 revelante
696 1105 810 1159 Deo
842 1109 1148 1159 noverunt.
1175 1101 1644 1157 Prasvaricatores
1671 1101 1881 1173 angeli,
1913 1102 2087 1157 etiam

386 1195 685 1248 sanctitate
740 1193 970 1259 amissa,
1029 1208 1146 1245 non
1200 1196 1396 1245 tamen
1469 1190 1768 1245 amiserint
1831 1189 2085 1246 vivacem

386 1287 662 1336 creaturae
685 1282 960 1350 angelicae
993 1296 1243 1334 sensum.
1272 1279 1501 1348 Triplici
1530 1279 1686 1332 enim
1730 1279 1897 1334 modo
1934 1296 2083 1349 pras-

387 1369 641 1425 scientia:
668 1368 932 1422 acumine
986 1368 1200 1437 vigent,
1233 1368 1292 1421 id
1323 1373 1430 1433 est,
1480 1367 1790 1422 subtilitate
1840 1373 2081 1435 naturae,

385 1457 736 1529 experientia
776 1462 1129 1527 temporum,
1174 1458 1520 1511 revelatione
1564 1457 1926 1526 superiorum
1979 1472 2082 1526 po-

383 1550 677 1601 testatum.
748 1546 983 1610 Quoties
1044 1546 1192 1599 Deus
1273 1560 1620 1615 quocunque
1668 1544 1897 1614 ﬂagello
1950 1544 2084 1598 huic

384 1634 603 1689 mundo
636 1634 919 1701 irascitur,
955 1632 1026 1687 ad
1077 1632 1460 1686 ministerium
1503 1632 1768 1687 vindictae
1807 1637 2083 1703 apostatie

383 1723 576 1793 angeli
606 1722 919 1777 mittuntur
948 1740 964 1775 :
997 1721 1098 1792 qui
1127 1727 1321 1775 tamen
1361 1720 1554 1774 divina
1597 1725 1875 1790 potestate
1921 1736 2081 1774 coer-

383 1818 607 1877 centur,
641 1826 714 1864 ne
754 1815 977 1864 tantum
1009 1812 1274 1876 noceant,
1317 1814 1599 1879 quantum
1631 1807 1893 1878 cupiunt.
1947 1807 2085 1863 Boni

384 1904 581 1953 autem
610 1898 800 1969 angeli
830 1898 900 1952 ad
929 1898 1316 1951 ministerium
1357 1897 1557 1950 salutis
1584 1898 1853 1950 humanas
1899 1897 2087 1967 depu-

384 1986 486 2041 tati
521 1993 655 2040 sunt
684 2003 697 2053 ;
731 1991 794 2039 ut
824 2002 989 2039 curas
1049 1985 1457 2039 administrent
1494 1984 1721 2052 mundi,
1773 1988 1829 2038 et
1885 1990 2088 2053 regant

383 2075 577 2129 omnia
602 2076 761 2145 jussu
801 2074 919 2141 Dei,
952 2078 1195 2126 testante
1245 2074 1520 2143 Apostolo
1552 2088 1564 2126 :
1616 2074 1816 2126 Nonne
1862 2089 2083 2141 omnes,

381 2160 595 2231 inquit,
626 2168 757 2215 sunt
788 2158 1261 2215 administratorii
1294 2158 1550 2228 spiritus,
1587 2158 1645 2212 in
1699 2159 2088 2213 ministerium

383 2250 568 2316 missi,
604 2253 838 2318 propter
868 2264 965 2301 eos
998 2246 1097 2317 qui
1123 2246 1519 2301 hasreditatem
1569 2246 1805 2317 capiunt
1852 2248 2090 2302 salutis?

382 2338 592 2407 Angeli
625 2353 864 2407 corpora
894 2336 954 2389 in
973 2336 1182 2406 quibus
1230 2336 1565 2389 hominibus
1594 2342 1872 2407 apparent
1909 2337 1970 2389 in
1992 2353 2084 2390 su-

383 2442 573 2498 perno
590 2442 721 2480 aere
747 2430 1002 2489 sumunt,
1026 2423 1387 2494 solidamque
1411 2424 1658 2494 speciem
1675 2440 1740 2480 ex
1755 2425 1965 2479 ccelesti
1980 2425 2089 2478 ele-

384 2520 582 2568 mento
614 2513 912 2579 inducunt,
941 2528 1044 2584 per
1073 2528 1248 2583 quam
1276 2513 1548 2566 humanis
1577 2513 1871 2567 obtutibus
1902 2514 2085 2568 mani-

381 2603 581 2658 festius
605 2602 1096 2657 demonstrentur.
1122 2602 1373 2671 Singulae
1391 2606 1592 2672 gentes
1627 2602 1962 2672 praepositos
1985 2618 2085 2656 an-

382 2693 541 2762 gelos
571 2690 781 2745 habere
826 2690 1162 2757 creduntur,
1194 2691 1348 2760 quod
1395 2690 1716 2744 ostenditur
1750 2689 2083 2745 testimonio

381 2779 574 2849 angeli
600 2779 823 2833 Danieli
857 2778 1175 2849 loquentis:
1202 2779 1336 2848 Ego,
1359 2778 1566 2849 inquit,
1591 2778 1739 2846 veni,
1766 2783 1827 2832 ut
1848 2780 2082 2833 nuncia-

382 2883 501 2921 rem
539 2868 661 2933 tibi,
697 2867 793 2920 sed
826 2867 1092 2936 princeps
1124 2867 1284 2935 regni
1331 2868 1633 2920 Persarum
1664 2866 1875 2921 restitit
1919 2867 2079 2922 mihi.

379 2957 446 3010 Et
475 2963 605 3026 post
634 2955 746 3009 alia
776 2971 789 3008 :
830 2956 950 3008 Non
981 2962 1066 3008 est
1108 2956 1208 3025 qui
1242 2970 1332 3007 me
1373 2955 1624 3023 adJuvet,
1691 2954 1805 3009 nisi
1848 2955 2082 3010 Michael

2198 587 2314 627 non
2340 571 2583 642 Spiritus
2615 579 2865 637 sanctus,
2902 573 2998 626 sed
3055 589 3160 642 pro
3216 573 3634 627 incarnationis
3679 574 3893 644 dispen-

2196 660 2420 715 satione
2452 662 2608 715 solus
2642 662 2814 716 Filius
2853 662 3217 731 intelligiter.
3258 667 3403 715 Ante
3460 661 3772 716 Dominicm
3810 661 3894 715 in-

2196 748 2544 804 carnationis
2610 750 2940 812 adventum,
3000 750 3286 803 discordia
3328 749 3482 803 inter
3549 750 3788 820 angelos
3842 754 3894 802 et

2195 837 2459 892 homines
2488 837 2615 892 fuit.
2671 838 2915 891 Veniens
2954 843 3146 892 autem
3177 838 3455 905 Christus,
3508 855 3708 908 pacem
3749 840 3809 891 in
3840 853 3893 890 se

2196 926 2417 996 angelis
2443 932 2499 981 et
2528 926 2862 981 hominibus
2910 926 3062 981 fecit.
3103 928 3179 981 Eo
3229 927 3444 998 quippe
3490 933 3643 993 nato,
3688 926 3893 981 clama-

2196 1020 2400 1069 verunt
2438 1016 2627 1086 angeli
2680 1015 2738 1069 in
2790 1021 2987 1069 terra:
3050 1017 3161 1069 Pax
3191 1015 3524 1069 hominibus
3576 1015 3746 1070 bonas
3802 1030 3894 1067 vo-

2194 1102 2449 1158 luntatis.
2485 1105 2591 1157 Per
2617 1104 3074 1158 incarnationem
3125 1104 3305 1175 igitur
3361 1103 3595 1170 Christi,
3645 1120 3760 1157 non
3807 1118 3892 1155 so-

2194 1191 2313 1246 lum
2350 1193 2463 1246 Deo
2496 1193 2890 1248 reconciliatus
2920 1198 3005 1245 est
3054 1193 3228 1246 homo
3264 1209 3277 1247 :
3332 1208 3532 1245 verum
3583 1191 3757 1245 etiam
3790 1202 3897 1261 pax

2195 1278 2346 1334 inter
2375 1283 2611 1351 angelos
2660 1286 2717 1334 et
2767 1280 3029 1335 homines
3073 1282 3380 1335 reformata
3443 1286 3548 1334 est.
3612 1279 3899 1335 Discordia

2191 1368 2371 1440 igitur
2398 1378 2532 1423 ante
2558 1370 2866 1424 adventum
2888 1369 3095 1424 Christi
3128 1373 3469 1441 angelorum
3500 1376 3556 1423 et
3596 1368 3895 1423 hominum

2193 1459 2366 1512 fuisse
2397 1475 2503 1528 per
2549 1459 2603 1513 id
2639 1460 2883 1513 maxime
2942 1460 3290 1529 agnoscitur,
3358 1459 3512 1530 quod
3558 1458 3793 1512 salutati
3841 1457 3896 1510 in

2195 1546 2385 1600 Veteri
2411 1549 2770 1601 Testamento
2812 1549 2883 1601 ab
2931 1547 3259 1601 hominibus
3303 1548 3516 1617 angeli,
3576 1544 3895 1616 despiciunt

2192 1636 2493 1690 resalutari
2525 1637 2595 1690 ab
2625 1637 2724 1690 eis.
2756 1636 2915 1701 Quod
2966 1637 3024 1689 in
3048 1637 3205 1689 Novo
3251 1637 3613 1689 Testamento
3653 1651 3687 1688 a
3722 1634 3893 1688 Joan-

2195 1738 2268 1775 ne
2300 1720 2537 1790 factum,
2588 1738 2704 1777 non
2756 1725 2941 1777 solum
2991 1728 3324 1776 reverenter
3355 1725 3592 1793 angelus
3639 1721 3897 1790 suscipit,

2194 1826 2393 1864 verum
2414 1811 2587 1864 etiam
2649 1826 2719 1865 ne
2778 1811 2948 1865 faciat
2987 1811 3298 1865 interdicit.
3342 1812 3425 1865 Ab
3484 1812 3589 1864 hoc
3640 1810 3817 1863 homo
3841 1809 3898 1862 in

2194 1899 2385 1953 Veteri
2441 1900 2807 1953 Testamento
2874 1899 3205 1968 despicitur,
3254 1915 3359 1952 nec
3421 1900 3775 1953 resalutatur
3831 1897 3896 1950 ab

2194 1988 2421 2058 angelo,
2454 2003 2521 2041 eo
2550 1987 2703 2057 quod
2742 1988 2915 2041 homo
2956 1986 3142 2040 adhuc
3198 1987 3453 2040 nondum
3512 1986 3816 2039 transisset
3840 1986 3897 2038 in

2197 2076 2329 2130 Deo.
2380 2075 2698 2145 Suscipitur
2746 2082 2937 2129 autem
2986 2075 3158 2129 homo
3199 2091 3232 2127 a
3263 2075 3400 2141 Deo,
3454 2079 3513 2127 et
3565 2078 3897 2128 reverenter

2195 2164 2476 2217 salutatur
2505 2164 2574 2218 ab
2600 2165 2826 2235 angelo.
2861 2164 3001 2217 Nam
3052 2170 3108 2217 et
3136 2163 3365 2218 Mariam
3398 2164 3638 2232 angelus
3682 2161 3895 2233 legitur

2196 2255 2493 2320 salutasse,
2553 2258 2610 2306 et
2655 2253 2863 2307 Joanni
2911 2253 3181 2322 angelum
3226 2252 3517 2317 salutanti,
3569 2251 3640 2304 ab
3688 2251 3897 2305 eodem

2196 2342 2399 2411 angelo
2448 2342 2705 2395 dicitur:
2758 2341 2895 2395 Vide
2948 2358 3019 2394 ne
3069 2340 3289 2406 feceris,
3364 2355 3673 2393 conversus
3739 2338 3894 2392 enim

2193 2434 2328 2484 tuus
2357 2445 2507 2494 sum,
2537 2434 2593 2483 et
2620 2429 2859 2482 fratrum
2893 2435 3148 2482 tuorum.
3187 2430 3292 2482 Per
3321 2430 3477 2499 quod
3536 2427 3892 2499 agnoscitur,

2192 2533 2298 2587 per
2357 2518 2810 2572 incarnationem
2868 2518 3249 2584 Dominicam,
3290 2532 3491 2588 pacem
3559 2516 3895 2571 hominibus

2192 2607 2390 2673 fuisse,
2424 2612 2479 2660 et
2502 2607 2741 2676 angelis,
2776 2606 3080 2660 redditam.

2192 2714 2321 2769 CAP.
2375 2714 2478 2768 LV.
2537 2742 2607 2751 ——
2664 2711 2821 2776 Quod
2880 2726 3237 2779 supernorum
3265 2714 3464 2766 civium
3513 2726 3801 2779 numerus,
3844 2717 3891 2765 et

2697 2787 2884 2851 ﬁnitus
2915 2786 3003 2847 sit,
3030 2792 3075 2835 et
3105 2782 3379 2852 inﬁnitus.

2264 2872 2446 2942 (Greg.
2505 2874 2563 2925 in
2617 2874 2732 2925 suis
2788 2871 3007 2941 Mor-al.)
3065 2871 3457 2942 Supernorum
3519 2870 3734 2925 civium
3785 2887 3893 2925 nu-

2195 2974 2388 3013 merus
2438 2965 2496 3012 et
2550 2958 2807 3011 inﬁnitus
2854 2962 2911 3011 et
2954 2957 3228 3011 deﬁnitus
3285 2957 3646 3028 exprimitur,
3700 2964 3768 3013 ut
3792 2959 3893 3029 qui

382 3049 648 3118 princeps
676 3051 878 3099 vester.
912 3046 1052 3099 Item
1085 3061 1284 3098 omnes
1315 3046 1579 3099 homines
1613 3047 1846 3116 angelos
1905 3047 2077 3101 liabe-
2117 3050 2157 3106 C
2199 3048 2313 3102 Deo
2356 3052 2442 3100 est
2492 3045 2889 3111 numerabilis,
2936 3061 3059 3099 esse
3107 3046 3272 3100 nobis
3328 3045 3775 3100 innumerabilis
3805 3049 3895 3102 de-

383 3151 445 3189 re
502 3134 841 3204 probautur,
909 3134 1183 3202 loquente
1241 3135 1480 3187 Domino
1568 3134 1628 3188 in
1684 3135 1991 3205 Evangelio
2061 3152 2074 3190 :

381 3227 565 3276 Amen
592 3222 719 3275 dico
749 3221 908 3274 vobis
940 3236 953 3274 :
989 3221 1127 3290 quia
1156 3220 1346 3290 angeli
1375 3236 1577 3275 eorum
1611 3236 1838 3291 semper
1885 3223 2080 3277 vident

383 3312 586 3366 faciem
621 3310 802 3363 Patris
847 3309 983 3377 mei,
1025 3310 1123 3379 qui
1151 3309 1211 3362 in
1241 3309 1396 3363 coctis
1435 3315 1537 3363 est.
1588 3309 1744 3365 Unde
1791 3315 1849 3365 et
1882 3312 2080 3365 Petrus

382 3400 442 3453 in
499 3400 734 3453 Actibus
811 3399 1229 3468 apostolorum,
1288 3413 1419 3450 cum
1471 3398 1768 3468 pulsarent
1816 3402 2076 3469 januam,

382 3488 649 3543 dixerunt
676 3486 832 3539 intus
863 3486 1111 3557 apostoli
1139 3501 1153 3540 :
1198 3487 1321 3539 Non
1345 3492 1432 3539 est
1462 3488 1685 3552 Petrus,
1737 3487 1837 3541 sed
1882 3492 2080 3558 Auge—

380 3579 471 3630 lus
499 3575 624 3647 ejus
663 3581 765 3629 est.
799 3575 855 3629 Si
888 3576 1069 3629 Deum
1109 3574 1301 3645 angeli
1341 3580 1704 3643 contuentur,
1757 3582 1813 3631 et
1860 3578 2076 3646 vident,

378 3681 481 3719 cur
517 3667 719 3719 Petrus
747 3665 1041 3735 apostolus
1085 3665 1223 3718 dicit
1263 3679 1276 3717 :
1312 3664 1378 3717 In
1422 3680 1598 3735 quem
1626 3665 1953 3721 desiderant
1981 3682 2081 3720 an-

379 3754 494 3824 geli
524 3755 621 3809 Dei
648 3753 1019 3824 eonscipere?
1066 3753 1211 3807 Item
1263 3752 1311 3805 si
1362 3768 1495 3807 eum
1558 3769 1676 3808 non
1729 3759 2078 3809 contuentur

378 3859 484 3897 nec
522 3843 733 3909 vident,
765 3841 1056 3913 quomodo
1082 3844 1247 3912 juxta
1278 3842 1623 3896 sententiam
1666 3842 1896 3897 Domini
1929 3859 1942 3897 :
1973 3848 2079 3898 An-

380 3931 496 4002 geli
525 3947 725 3984 eorum
749 3946 976 4000 semper
1000 3930 1199 3983 vident
1232 3929 1435 3983 faciem
1496 3931 1674 3984 Patris
1728 3932 1843 3984 mei
1889 3931 1990 4002 qui
2017 3932 2076 3986 in

379 4019 537 4073 caelis
585 4020 713 4072 est?
772 4019 872 4072 sed
902 4009 1057 4072 bene
1105 4024 1419 4088 utrumque
1445 4023 1551 4072 est.
1608 4020 1749 4073 Nam
1799 4020 2078 4075 veraciter

377 4107 665 4161 credimus
698 4106 851 4177 quod
880 4107 1057 4158 Deum
1089 4106 1301 4175 angeli,
1346 4112 1404 4160 et
1425 4106 1637 4174 vident,
1677 4111 1734 4160 et
1758 4106 1946 4161 videre
1970 4108 2079 4163 de-

379 4194 636 4248 siderant
670 4210 683 4247 :
717 4203 771 4247 et
796 4194 1025 4261 habent,
1065 4200 1122 4247 et
1148 4194 1361 4247 habere
1404 4194 1675 4247 festinant
1705 4211 1722 4247 :
1764 4200 1820 4249 et
1858 4202 2076 4266 amant,

378 4291 436 4336 et
466 4299 661 4337 amare
691 4283 975 4336 nituntur.
1009 4282 1065 4337 Si
1101 4282 1253 4336 enim
1290 4282 1371 4335 sic
1395 4282 1588 4336 videre
1633 4283 1962 4339 desiderant
2014 4290 2075 4339 ut

376 4371 581 4425 eﬁ'ectu
633 4371 900 4424 desiderii
956 4385 1068 4423 non
1124 4371 1513 4441 perfruantur,
1573 4369 1919 4426 desiderium
1967 4374 2075 4428 hoc

378 4459 773 4513 necessitatem
803 4459 995 4526 habet,
1028 4462 1085 4512 et
1141 4460 1446 4512 necessitas
1512 4460 1621 4512 ista
1668 4460 1909 4528 pmnalis
1963 4466 2068 4515 est.

375 4548 485 4604 Sed
515 4549 697 4602 beatis
722 4547 941 4618 angelis
972 4547 1161 4600 omnis
1191 4562 1359 4616 pugna
1390 4548 1559 4616 longe
1593 4554 1679 4601 est
1711 4564 1724 4601 :
1756 4549 1891 4619 quia
1923 4565 2072 4603 nun-

375 4654 551 4709 quam
611 4637 782 4690 simul
835 4652 1004 4706 pcena
1058 4641 1115 4688 et
1158 4636 1453 4690 beatitudo
1512 4637 1881 4690 conveniunt.
1933 4637 2073 4692 Rur-

376 4742 526 4792 sum,
574 4725 620 4778 si
669 4741 764 4778 eos
816 4724 1061 4778 dicimus
1107 4724 1207 4777 Dei
1272 4723 1489 4776 visione
1558 4724 1775 4790 satiari,
1843 4724 2074 4777 satietas

371 4814 667 4867 fastidium
698 4814 908 4866 habere
938 4812 1104 4877 solet,
1146 4817 1203 4865 et
1232 4812 1441 4865 scimus
1476 4811 1608 4865 illos
1657 4811 1754 4866 Dei
1788 4810 2069 4867 visionem

372 4918 545 4972 quam
576 4909 633 4953 et
652 4901 1001 4965 desiderant,
1055 4899 1312 4953 fastidire
1359 4916 1475 4953 non
1519 4916 1711 4969 posse.
1745 4899 1889 4963 Quid
1931 4916 2068 4968 ergo

372 4995 474 5055 est,
508 4988 703 5042 nisiut
753 4990 899 5040 miro
963 4988 1131 5040 modo
1172 4989 1342 5041 simul
1392 4993 1704 5057 utrumque
1745 4988 2063 5056 credamus,

370 5079 506 5148 quia
531 5083 587 5130 et
617 5076 945 5131 desiderant
980 5084 1036 5129 et
1064 5076 1387 5131 satiantur?
1418 5077 1524 5132 Sed
1569 5076 1900 5129 desiderant
1942 5077 2067 5131 sine

369 5168 588 5231 labore,
621 5172 677 5219 et
707 5164 987 5217 satiantur
1018 5164 1139 5216 sine
1172 5164 1415 5217 fastidio.
1476 5166 1553 5217 Ne
1583 5166 1739 5217 enim
1769 5165 1841 5217 sit
1873 5163 1929 5217 in
1964 5164 2062 5217 de-

368 5255 581 5309 siderio
656 5254 986 5319 necessitas,
1061 5254 1448 5306 desiderantes
1495 5253 1795 5306 satiantur.
1849 5254 1911 5306 Et
1958 5254 2063 5308 ite-

366 5359 537 5397 rum:
573 5343 651 5396 Ne
698 5343 772 5396 sit
819 5342 1077 5396 satietate
1126 5342 1441 5405 fastidium,
1483 5340 1676 5394 satiari
1714 5339 2058 5395 desiderant.

368 5430 574 5484 Vident
597 5432 751 5484 enim
789 5432 981 5500 angeli
1010 5430 1213 5483 faciem
1238 5430 1420 5482 Patris
1456 5444 1555 5498 per
1581 5426 1929 5497 satietatem,
1960 5430 2060 5485 sed

366 5520 503 5588 quia
534 5520 765 5571 satietas
818 5519 926 5570 ista
982 5518 1275 5570 fastidium
1344 5518 1540 5581 nescit,
1598 5516 1792 5586 angeli
1843 5516 2061 5573 deside-

371 5609 501 5654 rant
529 5603 590 5655 in
645 5620 712 5655 eo
755 5606 1082 5673 prospicere
1138 5620 1384 5673 semper.
1441 5604 1775 5673 Ubicunque
1820 5603 1877 5656 in
1910 5606 2058 5658 Scri-

2189 3142 2565 3199 monstretur,
2615 3136 2877 3205 quamvis
2920 3135 3075 3188 aliud
3125 3140 3211 3188 est
3257 3134 3547 3202 assistere,
3595 3135 3758 3190 aliud
3790 3135 3894 3189 mi-

2189 3224 2454 3279 nistrare.
2484 3224 2770 3277 Assistuut
2794 3223 2950 3277 enim
2982 3224 3097 3277 illa:
3128 3223 3328 3295 procul
3357 3222 3531 3277 dubio
3558 3228 3893 3293 potestates,

2189 3328 2318 3384 quae
2351 3313 2420 3367 ad
2441 3312 2707 3383 quasdam
2755 3312 3086 3366 hominibus
3134 3312 3463 3366 nuncianda
3508 3328 3629 3366 non
3658 3317 3893 3367 exeunt.

2190 3400 2509 3457 Ministrant
2535 3417 2670 3454 vero
2703 3400 2761 3454 hi
2792 3401 2892 3471 qui
2915 3401 2983 3455 ad
3018 3401 3300 3470 explenda
3319 3400 3511 3454 ofﬁcia
3544 3399 3893 3455 nunciorum

2189 3490 2442 3556 veniunt,
2471 3488 2567 3543 sed
2597 3493 2792 3542 tamen
2820 3488 2932 3559 ipsi
2965 3504 3196 3560 quoque
3226 3505 3261 3542 a
3293 3488 3789 3558 contemplatione
3823 3488 3890 3541 ab

2187 3577 2410 3632 intimis
2437 3594 2556 3631 non
2596 3578 2888 3632 recedunt.
2950 3578 3018 3631 Et
3071 3577 3210 3647 quia
3246 3578 3441 3647 plures
3484 3583 3618 3631 sunt
3647 3578 3755 3647 qui
3791 3577 3891 3631 mi-

2184 3665 2433 3721 nistrant
2497 3681 2671 3736 quam
2739 3664 2801 3718 hi
2865 3663 2966 3734 qni
3018 3664 3419 3734 principaliter
3452 3665 3754 3730 assistunt,
3803 3682 3887 3718 as-

2186 3753 2507 3808 sistentium
2541 3768 2818 3806 numerus
2870 3752 3035 3822 quasi
3072 3751 3362 3818 deﬁnitus,
3423 3751 3882 3807 ministrantium

2184 3857 2319 3896 vero
2361 3841 2624 3896 inﬁnitus
2683 3839 3021 3895 ostenditur.
3089 3840 3391 3910 Angelicos
3457 3855 3591 3894 vero
3650 3840 3888 3910 spiritus

2185 3936 2338 3985 recte
2371 3930 2468 3984 Dei
2508 3929 2723 3983 milites
2773 3928 3018 3982 dicimus
3052 3944 3065 3982 :
3096 3928 3232 3999 quia
3277 3928 3569 3982 decertare
3618 3945 3718 3982 eos
3751 3945 3885 3983 cou-

2187 4024 2276 4073 tra
2323 4022 2634 4089 potestates
2682 4016 2863 4071 aerias
2913 4032 3029 4069 non
3083 4016 3439 4086 ignoramus.
3495 4015 3632 4079 Quae
3687 4020 3888 4070 tamen

2186 4106 2497 4161 certamina
2526 4122 2639 4159 non
2685 4105 2902 4171 labore,
2936 4104 3035 4159 sed
3083 4104 3328 4174 imperio
3383 4109 3712 4174 peragunt:
3750 4105 3887 4176 quia

2189 4194 2465 4267 quidquid
2498 4195 2721 4263 agendo
2772 4198 2970 4247 contra
3038 4193 3372 4247 immundos
3429 4193 3664 4263 spiritus
3714 4210 3887 4264 appe-

2187 4289 2335 4351 tunt,
2365 4299 2429 4337 ex
2462 4282 2746 4353 adiutorio
2779 4287 2983 4335 cuncta
3014 4281 3263 4352 regentis
3291 4287 3555 4351 possunt.

2186 4390 2313 4446 CAP.
2351 4389 2484 4443 LVI.
2516 4419 2585 4427 —
2608 4387 2763 4454 Quod
2788 4390 2960 4442 omnis
2997 4388 3159 4456 culpa
3187 4394 3312 4441 ante
3341 4387 3632 4442 discessum
3649 4387 3885 4443 oblatio-

2714 4462 2799 4513 nis
2837 4475 3053 4512 munere
3081 4460 3342 4512 solvatur.

2253 4548 2362 4619 (Ea:
2387 4549 2592 4616 dialog.
2629 4548 2821 4616 Greg.)
2851 4547 2960 4601 Sed
2992 4563 3177 4617 neque
3209 4549 3317 4601 hoc
3347 4546 3631 4601 silendum
3692 4547 3885 4601 existi-

2184 4652 2299 4704 mo,
2333 4637 2488 4708 quod
2516 4644 2708 4690 actum
2730 4638 2790 4690 in
2819 4652 2947 4689 meo
2978 4636 3326 4688 monasterio
3369 4643 3500 4687 ante
3535 4634 3641 4687 hoc
3686 4636 3879 4688 trien-

2180 4726 2343 4780 nium
2373 4724 2728 4779 reminiscor.
2765 4723 3010 4788 Quidam
3042 4738 3294 4792 namque
3331 4723 3663 4789 monachus,
3686 4727 3883 4777 Justus

2179 4814 2435 4880 nomine,
2464 4813 2762 4867 medicinas
2796 4819 2916 4865 arte
2938 4811 3191 4865 imbutus
3219 4811 3344 4877 fuit,
3378 4810 3477 4880 qui
3512 4810 3653 4862 mihi
3685 4810 3748 4864 in
3779 4828 3879 4864 eo-

2179 4902 2310 4957 dem
2349 4903 2695 4955 monasterio
2725 4906 3055 4966 constituto,
3106 4899 3304 4953 sedulo
3353 4899 3649 4968 obsequio,
3705 4905 3881 4969 atque

2176 4990 2239 5044 in
2259 4990 2503 5045 assiduis
2554 4989 2994 5060 egritudinibus
3044 4989 3184 5042 meis
3231 4988 3508 5041 excubare
3558 4990 3878 5040 consuevit.

2178 5080 2276 5134 Hic
2302 5080 2495 5150 itaque
2520 5079 2796 5149 languore
2845 5079 3102 5147 corporis
3163 5083 3508 5147 praeventus,
3563 5078 3632 5130 ad
3684 5082 3879 5130 extre-

2178 5183 2268 5220 ma
2326 5168 2602 5221 deductus
2651 5173 2755 5221 est.
2806 5166 2909 5222 Cui
2959 5166 3014 5218 in
3047 5165 3172 5235 ipsa
3237 5166 3497 5218 molestia
3540 5181 3644 5216 sua
3701 5165 3879 5217 frater

2174 5271 2504 5325 germanus,
2564 5256 2800 5308 nomine
2858 5254 3155 5324 Cepiosus,
3229 5254 3533 5305 serviebat.
3595 5251 3706 5314 Qui
3753 5252 3877 5320 ipse
3930 5262 3934 5270 ‘

2173 5359 2402 5414 quoque
2435 5359 2587 5397 nunc
2616 5343 2673 5396 in
2707 5345 2810 5396 hac
2840 5345 2979 5397 urbe
3012 5358 3117 5411 per
3146 5343 3407 5395 eamdem
3444 5340 3750 5393 medicinae
3783 5356 3875 5393 ar-

2171 5436 2309 5499 tem,
2356 5432 2691 5501 temporalis
2755 5438 2886 5485 Vth
2929 5430 3213 5500 stipendia
3264 5435 3533 5482 sectatur.
3572 5428 3681 5482 Sed
3722 5444 3872 5497 prse-

2170 5519 2352 5574 dictus
2409 5521 2620 5585 Justus,
2671 5535 2799 5573 cum
2841 5520 2961 5589 jam
3018 5535 3078 5572 se
3141 5520 3209 5572 ad
3243 5527 3500 5571 extrema
3542 5519 3873 5587 pervenisse

2168 5607 2542 5677 cognovisset,
2569 5607 2753 5662 eidem
2804 5606 2968 5661 fratri
3024 5622 3131 5661 suo
3185 5605 3443 5677 Copioso,
3504 5605 3644 5676 quia
3685 5604 3872 5659 occul-
