3944 6454
94 404 194 455 ωόἷ

979 405 1456 461 DECRETORUM
1501 407 1681 462 LIBRI
1723 408 1829 464 XX.
1873 440 1939 448 -—
1986 409 2195 464 LIBER
2239 410 2624 468 VIGESIMUS.

3419 425 3556 478 l038

82 533 148 580 tos
177 532 280 582 tres
309 541 489 582 annos
518 525 780 593 haberet,
823 526 1097 581 innotuit.
1131 527 1290 590 Quod
1327 526 1602 582 nimirum
1634 530 1746 582 fra-
1778 534 1823 584 Α
1861 501 2160 591 Quomodo
2201 532 2307 587 es?
2329 532 2432 586 Cui
2464 533 2560 587 ille
2592 536 2890 604 respondit
2917 552 2930 589 :
2973 537 3134 592 Nunc
3179 553 3361 610 usque
3405 542 3556 596 male

80 617 230 670 tribus
256 633 363 670 non
395 615 584 686 potuit
633 617 830 681 celari,
890 618 988 670 sed
1038 616 1325 670 subtiliter
1376 616 1739 686 indagantes,

79 713 217 775 atque
245 705 390 759 illius
429 706 625 759 omnia
674 706 1096 759 medicamenta
1134 713 1584 776 perscrutantes,
1625 723 1743 759 eos-

78 793 181 846 dem
212 800 316 846 tres
362 811 565 847 aureos
619 794 676 848 in
730 795 1106 848 medicamine
1156 795 1464 850 absconsos
1507 796 1739 848 invene-

76 890 202 935 runt.
233 884 381 947 Quod
416 900 547 938 mox
584 890 646 937 ut
675 884 816 937 mihi
851 884 1184 937 nunciatum
1216 889 1316 950 est,
1349 889 1574 938 tantum
1617 900 1739 937 ma-

75 971 172 1024 lum
202 973 262 1026 de
293 972 464 1026 fratre
497 973 597 1044 qui
632 973 929 1026 nobiscum
974 973 1355 1025 communiter
1383 972 1518 1025 vixit
1549 989 1736 1043 aequa-

77 1059 275 1112 nimiter
303 1060 444 1114 ferre
477 1077 594 1114 non
641 1061 796 1114 valui
830 1077 844 1114 :
881 1060 1096 1131 quippe
1139 1061 1274 1130 quia
1319 1061 1576 1130 ejusdem
1625 1078 1740 1113 mo-

75 1148 272 1200 nasterii
303 1165 530 1219 semper
559 1151 760 1220 regula
792 1148 899 1202 fuit
932 1155 993 1203 ut
1023 1149 1210 1202 cuncti
1243 1149 1446 1202 fratres
1477 1149 1555 1202 ita
1581 1165 1738 1202 com-

74 1238 293 1289 muniter
315 1237 587 1302 viverent,
627 1243 912 1308 quatenus
951 1237 1030 1290 eis
1063 1237 1304 1308 singulis
1339 1238 1497 1290 nulla
1527 1237 1736 1291 habere

71 1325 272 1393 propria
299 1325 510 1378 liceret.
543 1327 700 1380 Tunc
727 1326 906 1378 nimio
963 1341 1207 1378 maerore
1249 1341 1573 1394 percussus,
1635 1342 1733 1377 co-

71 1412 222 1480 gitare
241 1414 397 1485 ccepi,
439 1415 529 1468 vel
585 1415 738 1485 quod
785 1415 854 1468 ad
888 1415 1293 1485 purgationem
1327 1413 1622 1467 morientis
1655 1414 1734 1466 fa-

65 1486 248 1567 cerem,
290 1503 371 1555 vel
429 1503 587 1574 quod
669 1503 726 1557 in
773 1505 1037 1573 exemplo
1089 1503 1418 1558 viventibus
1466 1503 1735 1556 fratribus

69 1591 415 1658 providerem.
452 1592 716 1646 Precioso
746 1592 924 1662 igitur
948 1592 1204 1662 ejusdem
1229 1591 1562 1645 monasterii
1586 1608 1733 1662 prae-

68 1680 224 1747 posito
254 1680 318 1732 ad
352 1697 440 1734 me
473 1681 674 1744 accito,
709 1680 847 1734 dixit
879 1697 891 1734 :
943 1681 1114 1747 Vade,
1166 1686 1220 1734 et
1264 1680 1456 1733 nullus
1510 1697 1576 1732 ex
1618 1681 1732 1733 fra-

68 1767 222 1820 tribus
255 1786 308 1821 se
339 1769 404 1823 ad
441 1785 575 1823 eum
610 1770 951 1823 morientem
975 1771 1203 1840 jungat,
1256 1785 1361 1822 nec
1404 1785 1729 1822 sermonem
1766 1809 1804 1862 Β

65 1856 434 1910 consolationis
465 1874 536 1910 ex
556 1858 860 1927 cujuslibet
903 1875 1103 1911 eorum
1137 1874 1236 1911 ore
1280 1857 1576 1927 percipiat,
1635 1857 1731 1911 sed

66 1959 173 1996 cum
205 1945 258 1998 in
285 1951 466 1999 morte
508 1947 845 2000 constitutus
895 1947 1097 2000 fratres
1149 1945 1460 2017 quaesierit,
1513 1946 1565 1998 ei
1598 1962 1734 1998 suus

65 2031 212 2085 frater
238 2035 477 2088 carnalis
527 2035 716 2088 di‘cat:
752 2035 887 2106 quia
942 2052 1047 2105 pro
1079 2036 1273 2089 solidis
1317 2051 1461 2105 quos
1515 2034 1734 2089 occulte

65 2118 253 2186 habuit,
284 2139 314 2175 a
339 2123 562 2176 cunctis
592 2123 863 2177 fratribus
894 2123 1258 2178 abominatus
1287 2122 1378 2189 sit,
1412 2127 1475 2176 ut
1533 2123 1731 2176 saltem

65 2207 110 2260 in
134 2217 298 2264 morte
320 2213 388 2266 de
420 2214 592 2283 culpa
627 2219 877 2267 mentem
914 2213 1237 2266 amaritudo
1295 2211 1732 2277 transverberat,

67 2303 207 2367 atque
237 2318 267 2354 a
292 2307 527 2371 peccato
561 2303 713 2372 quod
745 2301 1098 2373 perpetravit
1146 2305 1371 2372 purget.
1407 2301 1547 2355 Cum
1602 2315 1734 2352 vero

66 2394 287 2442 mortuus
315 2390 516 2452 fuerit,
561 2406 766 2460 corpus
816 2390 970 2443 illius
1013 2406 1144 2444 cum
1197 2389 1439 2442 fratrum
1491 2387 1736 2457 corpori-

65 2472 148 2526 bus
177 2493 280 2530 non
306 2484 580 2548 ponatur,
615 2480 707 2533 sed
738 2480 995 2549 quolibet
1026 2479 1233 2532 fossam
1274 2478 1334 2531 in
1376 2477 1736 2548 sterquilinio

65 2560 214 2626 facile,
248 2565 302 2618 in
334 2583 400 2620 eo
420 2583 632 2637 corpus
660 2568 786 2637 ejus
808 2566 1092 2637 projicite,
1125 2566 1317 2637 ibique
1348 2581 1576 2636 semper
1605 2581 1735 2618 eum

65 2654 152 2701 tres
193 2668 387 2707 aureos
441 2671 591 2726 quos
645 2655 878 2725 reliquit
915 2657 1148 2725 jactate,
1198 2655 1369 2708 simul
1397 2671 1595 2708 omnes
1623 2655 1736 2708 cla-

65 2745 269 2807 mantes,
301 2743 557 2796 Pecunia
587 2748 683 2797 tua
718 2749 906 2797 tecum
957 2743 1030 2798 sit
1067 2744 1126 2797 in
1156 2743 1502 2813 perditione,
1551 2748 1607 2796 et
1659 2742 1738 2794 sic

65 2842 168 2880 eum
198 2834 340 2884 terra
381 2832 629 2902 operite.
669 2833 729 2886 In
777 2833 985 2903 quibus
1035 2832 1293 2903 utrisque
1344 2833 1517 2886 rebus
1559 2847 1735 2884 unam

65 2917 316 2988 morienti,
377 2923 625 2976 alteram
663 2937 796 2974 vero
846 2921 1003 2974 volui
1085 2920 1408 2974 viventibus
1463 2919 1736 2974 fratribus

65 3006 317 3074 prodesse,
340 3015 405 3062 ut
437 3015 497 3063 et
530 3010 692 3062 illum
725 3011 1048 3064 amaritudo
1081 3010 1284 3063 mortis
1314 3027 1346 3062 a
1373 3009 1540 3079 culpa
1576 3010 1733 3062 solu-

1852 616 1956 681 fui,
1991 619 2163 672 modo
2188 621 2309 689 jam
2339 622 2484 675 bene
2520 639 2646 676 sum
2682 639 2694 677 :
2725 624 2860 694 quia
2891 625 3062 679 hodie
3082 628 3555 684 communionem

1854 707 2063 775 recepi.
2089 707 2251 770 Quod
2284 709 2441 763 idem
2491 710 2768 780 Copiosus
2799 729 3064 783 pergens,
3124 715 3384 784 protinus
3439 718 3555 772 fra-

1852 792 2035 846 tribus
2065 793 2124 848 in
2156 798 2508 852 monasterio
2534 799 2825 854 iudicavit.
2860 802 3083 856 Fratres
3131 819 3267 858 vero
3312 806 3554 861 sollicite

1852 883 2266 952 computabant
2295 885 2435 952 dies,
2457 891 2515 940 et
2539 893 2876 958 repererant
2930 891 3080 960 quod
3136 891 3257 962 ipse
3302 894 3422 948 dies
3463 912 3554 950 ex-

1850 971 2014 1037 stitit,
2044 989 2157 1042 quo
2186 989 2290 1043 pro
2323 991 2389 1028 eo
2411 977 2706 1046 trigesima
2729 977 2942 1031 oblatio
2964 980 3074 1033 fuit
3093 980 3351 1051 impleta.
3379 985 3550 1039 Cum-

1850 1075 1961 1128 que
2001 1066 2056 1114 et
2085 1061 2359 1131 Copiosus
2394 1064 2660 1132 nesciret,
2695 1065 2834 1136 quid
2883 1083 2990 1136 pro
3039 1084 3105 1122 eo
3158 1071 3363 1125 fratres
3407 1088 3551 1142 age-

1848 1149 1997 1211 rent,
2023 1151 2078 1200 et
2107 1148 2311 1202 fratres
2342 1149 2710 1220 ignorassent
2737 1153 2889 1222 quod
2930 1154 3000 1207 de
3028 1154 3126 1208 illo
3159 1157 3435 1227 Copiosus
3465 1159 3548 1212 vi-

1847 1234 2041 1298 disset,
2103 1251 2221 1290 uno
2275 1238 2592 1310 eodemque
2641 1245 2902 1311 tempore
2949 1243 3087 1296 dum
3127 1247 3394 1315 cognovit
3449 1248 3546 1302 ille

1848 1323 2004 1392 quod
2060 1323 2153 1378 isti
2196 1325 2469 1395 ignorant
2547 1333 2720 1399 atque
2778 1329 2871 1383 isti
2923 1333 3346 1401 cognoscebant
3391 1335 3547 1405 quod

1845 1410 1943 1463 ille
1991 1411 2152 1477 vidit,
2203 1415 2613 1470 concordantes
2665 1417 2838 1471 simul
2899 1418 3178 1474 visionem
3227 1426 3284 1475 et
3334 1423 3547 1478 sacrifi-

1846 1499 2019 1563 cium,
2053 1515 2142 1554 res
2189 1507 2386 1571 aperte
2439 1503 2666 1571 claruit,
2720 1507 2854 1575 quia
2881 1506 3057 1561 frater
3087 1509 3188 1578 qui
3243 1510 3544 1566 defunctus

1846 1587 1956 1641 fuit
1983 1603 2088 1657 per
2115 1589 2420 1644 salutarem
2448 1591 2690 1646 hostiam
2721 1595 3067 1664 supplicium
3101 1598 3299 1651 evasit.

1847 1693 1972 1746 Car.
1999 1693 2153 1769 LVII.
2180 1725 2246 1735 —
2270 1697 2420 1761 Quod
2449 1713 2606 1751 sacra
2631 1700 2829 1752 oblatio
2857 1706 2978 1769 post
3008 1707 3229 1756 mortem
3251 1706 3543 1761 animabus

1948 1765 2202 1832 prodesse
2229 1771 2418 1835 possit,
2451 1772 2501 1821 si
2530 1785 2636 1822 non
2656 1775 2781 1824 sunt
2815 1765 2984 1840 culpa:
3009 1774 3430 1830 indissolubz’les.

1916 1855 2034 1919 (Ea;
2081 1856 2279 1924 dialog.
2319 1858 2564 1924 Gregor.)
2589 1859 2645 1912 Si
2673 1860 2856 1928 culpa:
2889 1866 3016 1930 post
3049 1868 3292 1916 mortem
3322 1865 3539 1920 insolu-

1844 1942 1986 1996 biles
2016 1960 2133 1996 non
2166 1952 2318 2012 sunt,
2372 1947 2686 2000 multorum
2742 1950 2884 2001 solet
2936 1949 3158 2004 animas
3208 1953 3381 2008 etiam
3413 1959 3542 2026 post

1847 2036 2090 2086 mortem
2118 2049 2274 2087 sacra
2305 2034 2516 2088 oblatio
2549 2035 2750 2089 hostiae
2808 2037 3071 2091 salutaris
3117 2040 3408 2110 adjuvare,
3461 2043 3541 2098 ita

1847 2125 1907 2173 ut
1931 2119 2038 2173 hoc
2069 2126 2484 2192 nonnunQuam
2515 2124 2654 2193 ipsae
2685 2125 3085 2181 defunctorum
3119 2129 3326 2185 anime
3362 2148 3538 2203 expe-

1845 2213 1965 2262 tere
2012 2209 2330 2263 videantur.
2392 2212 2531 2265 Nam
2594 2213 2901 2282 praedictus
2961 2216 3113 2270 Felix
3160 2218 3481 2289 episcopus,
3513 2236 3546 2273 a

1845 2297 2099 2366 quodam
2127 2299 2468 2352 venerabilis
2515 2301 2642 2354 vita:
2683 2303 3019 2372 presbytero
3057 2305 3157 2375 qui
3201 2322 3384 2378 usque
3416 2313 3547 2363 ante

1844 2385 2147 2439 biennium
2179 2386 2338 2452 vixit,
2372 2393 2427 2440 et
2458 2389 2517 2441 in
2551 2389 2780 2444 dimcesi
2825 2392 3331 2449 Centumcellensis
3387 2397 3548 2450 urbis

1845 2474 2142 2540 habitavit,
2177 2481 2348 2545 atque
2379 2477 2640 2531 Ecclesiae
2672 2479 2822 2533 beati
2851 2480 3108 2548 Joannis,
3142 2499 3271 2553 qum
3298 2483 3358 2538 in
3402 2486 3545 2552 loco,

1846 2563 1945 2633 qui
1974 2564 2254 2618 Tauriana
2284 2566 2511 2634 dicitur,
2546 2567 2651 2620 sita
2686 2573 2790 2632 est,
2828 2575 3092 2638 praeerat,
3121 2573 3456 2641 cognovisse
3488 2590 3547 2627 se

1845 2651 2046 2705 asserit
2079 2653 2260 2722 :quod
2279 2653 2426 2707 idem
2449 2655 2816 2725 presbyterin
2832 2671 2898 2709 eo
2918 2657 3042 2710 loco
3061 2657 3119 2710 in
3144 2674 3259 2728 quo
3277 2675 3443 2730 aqua:
3461 2677 3549 2715 ca-

1845 2739 1975 2793 lidae
2005 2756 2240 2809 vapores
2270 2741 2482 2795 nimios
2503 2742 2739 2805 faciunt,
2765 2744 2991 2813 quoties
3014 2746 3317 2800 necessitas
3338 2765 3546 2819 corpo-

1845 2828 1923 2881 ris
1951 2830 2158 2898 exegit,
2193 2831 2365 2884 lavari
2385 2831 2703 2884 consuevit.
2731 2831 2834 2885 Ubi
2857 2832 2994 2885 dum
3019 2833 3110 2886 die
3136 2835 3385 2903 quadam
3404 2836 3544 2889 fuis-

1846 2923 1932 2970 set
1953 2917 2265 2986 ingressus,
2288 2919 2503 2972 invenit
2519 2919 2826 2989 quemdam
2849 2919 3208 2990 incognitum
3243 2923 3449 2991 virum,
3472 2925 3540 2979 ad

1846 3021 2014 3058 suum
2045 3005 2386 3077 obsequium
2415 3008 2819 3078 paratum,qui
2850 3007 2957 3060 sibi
2983 3009 3052 3063 de
3067 3011 3310 3078 pedibus
3331 3013 3540 3066 calcea.

65 3088 203 3147 bilem
230 3096 460 3160 faceret,
496 3104 556 3151 et
584 3098 720 3151 istos
765 3098 1019 3151 avaritias
1053 3104 1212 3151 tanta
1259 3098 1550 3152 damnatio
1599 3096 1734 3151 mis-
1768 3091 1808 3144 C
1847 3101 2040 3148 menta
2068 3095 2441 3159 abstraheret,
2478 3095 2815 3150 vestimenta
2849 3097 3182 3167 susciperet,
3218 3105 3273 3153 et
3312 3102 3544 3156 exeunti

66 3183 146 3233 :eri
174 3183 228 3237 in
265 3185 434 3257 culpa
471 3186 825 3256 prohiberet.
875 3187 1035 3250 Quod
1079 3187 1159 3240 ita
1207 3187 1419 3240 factum
1450 3192 1554 3240 est.
1591 3186 1735 3240 Nam

65 3283 162 3323 cum
192 3273 338 3327 idem
370 3274 732 3344 pervenisset
753 3276 819 3329 ad
849 3281 1116 3343 mortem,
1170 3281 1226 3328 et
1251 3275 1416 3329 anxie
1452 3281 1738 3346 quaereret

65 3372 102 3409 se
129 3361 384 3416 fratribus
407 3364 842 3430 commendare,
895 3363 1200 3434 nullusque
1253 3365 1305 3416 ei
1351 3379 1420 3416 ex
1468 3363 1736 3417 fratribus

65 3449 309 3517 applicare
341 3457 397 3506 et
427 3451 596 3522 loqui
627 3451 981 3521 dignaretur,
1014 3452 1067 3504 ei
1111 3451 1356 3505 carnalis
1398 3452 1596 3519 frater,
1636 3468 1737 3505 cur

65 3535 110 3589 ab
137 3541 397 3595 omnibus
438 3547 594 3595 esset
641 3541 1025 3606 abominatus,
1085 3540 1357 3594 innotuit.
1406 3540 1512 3604 Qui
1568 3539 1738 3610 proti-

65 3639 140 3677 nus
165 3628 227 3682 de
258 3635 419 3683 reatu
453 3631 830 3684 vehementer
860 3628 1098 3699 gemuit,
1160 3635 1331 3699 atque
1379 3629 1438 3682 in
1483 3629 1604 3698 ipsa
1636 3629 1734 3682 tri-

65 3713 179 3769 stitia
215 3734 244 3771 e
272 3734 518 3788 corpore
570 3717 762 3772 exivit.
798 3718 905 3782 Qui
953 3715 1032 3771 ita
1080 3719 1338 3788 sepultus
1370 3722 1472 3783 est,
1508 3721 1568 3770 ut
1597 3715 1730 3770 dixi.

65 3801 142 3856 Sed
165 3805 358 3860 fratres
384 3821 595 3861 omnes
628 3807 827 3860 eadem
861 3806 1144 3860 sententia
1171 3805 1517 3876 perturbari,
1557 3821 1738 3874 coepe-

65 3899 165 3946 ruut
194 3893 407 3966 singuli
446 3899 708 3949 extrema
755 3909 1020 3965 qumque,
1075 3897 1131 3947 et
1172 3893 1326 3959 vilia,
1388 3898 1444 3946 et
1495 3910 1624 3963 quae
1655 3893 1735 3946 eis

65 3994 254 4051 semper
283 3984 499 4038 habere
533 3983 873 4054 regulariter
902 3982 1162 4051 licuerat,
1196 3983 1264 4035 ad
1287 3982 1550 4035 medium
1600 3997 1733 4051 pro-

66 4066 198 4136 :‘erre,
236 4073 732 4141 vehementerque
753 4071 1166 4138 formidabant,
1209 4087 1279 4123 ne
1313 4070 1448 4140 quid
1493 4069 1642 4140 apud
1676 4086 1734 4122 se

65 4163 196 4224 asset,
228 4163 377 4215 unde
435 4160 786 4231 reprehendi
840 4159 1181 4230 potuissent.
1230 4159 1369 4213 Cum
1427 4173 1558 4212 vero
1607 4163 1738 4229 post

65 4251 270 4302 mortem
303 4251 428 4320 ejus
480 4249 722 4319 triginta
751 4249 873 4319 jam
922 4257 1112 4303 essent
1172 4247 1292 4302 dies
1327 4248 1450 4318 ejus
1501 4249 1733 4315 evoluti,

65 4337 199 4402 :(epit
225 4341 452 4393 animus
487 4354 654 4392 meus
685 4338 954 4392 defuncto
986 4337 1147 4391 fratri
1189 4337 1460 4407 compati,
1495 4337 1734 4408 ejusque
1762 4375 1803 4428 Β

65 4435 160 4476 tum
189 4427 377 4481 dolore
411 4428 580 4498 gravi
629 4426 910 4496 supplicia
937 4442 1198 4496 pensare,
1235 4431 1288 4479 et
1325 4425 1370 4477 si
1401 4425 1535 4495 quid
1587 4429 1735 4478 esset

65 4513 335 4581 ereptionis
365 4517 493 4586 ejus
523 4515 585 4568 in
638 4513 960 4568 remedium
990 4529 1268 4585 quaerere.
1301 4514 1457 4566 Tunc
1500 4518 1733 4567 evocato

65 4599 108 4649 Id
135 4616 214 4655 me
246 4605 512 4659 Precioso
559 4604 764 4657 eodem
807 4602 1138 4656 monasterii
1187 4602 1369 4655 nostri
1399 4601 1730 4671 praeposito,

66 4686 173 4742 lixit
197 4693 370 4747 tristis
405 4709 418 4747 :
462 4694 574 4747 Diu
604 4697 707 4760 est,
755 4691 907 4762 quod
937 4691 1112 4744 frater
1157 4690 1252 4743 ille
1301 4689 1401 4760 qui
1433 4689 1735 4743 defunctus

65 4781 122 4827 est
154 4777 208 4831 in
235 4781 366 4851 igne
397 4780 712 4847 cruciatur,
757 4780 1033 4834 debemus
1077 4779 1130 4832 ei
1170 4778 1390 4849 aliquid
1441 4777 1736 4830 charitatis

71 4869 375 4936 mpendere,
409 4875 470 4924 et
500 4885 636 4922 eum
675 4869 734 4921 in
767 4874 1048 4938 quantum
1083 4881 1409 4936 possumus,
1442 4869 1504 4918 ut
1533 4864 1737 4935 eripia-

71 4968 128 5004 ur
156 4957 437 5028 adjuvare.
477 4957 635 5011 Vade
681 4958 879 5027 itaque
911 4962 966 5010 et
998 4955 1069 5009 ab
1103 4955 1382 5009 hodierna
1412 4953 1503 5008 die
1536 4953 1737 5006 diebus

69 5041 574 5111 rigintacontinuis
623 5045 830 5099 offerre
885 5061 988 5115 pro
1047 5061 1114 5097 eo
1164 5043 1506 5098 sacrificium
1552 5041 1735 5107 stude,

66 5136 98 5179 et
124 5136 300 5188 nullus
329 5137 598 5188 omnimo
632 5134 1111 5203 praetermittatur
1142 5132 1284 5196 dies,
1341 5146 1454 5200 quo
1502 5145 1604 5200 pro
1643 5130 1740 5183 ab-

66 5220 310 5278 ,olutione
341 5226 502 5278 illius
546 5223 812 5276 salutaris
844 5222 1030 5276 hostia
1071 5237 1188 5273 non
1243 5220 1594 5273 immoletur.
1632 5217 1740 5281 Qui

66 5311 290 5364 arotinus
334 5311 632 5376 abscessit,
681 5316 738 5364 et
786 5309 997 5381 paruit.
1051 5301 1226 5363 Nobis
1275 5313 1467 5361 autem
1503 5307 1611 5360 alia
1641 5323 1738 5359 cu-

66 5399 305 5465 ‘antibus,
324 5410 502 5472 atque
524 5400 784 5454 evolutos
804 5399 924 5453 dies
955 5413 1072 5451 non
1097 5395 1554 5460 numerantibus,
1588 5395 1741 5449 idem

66 5482 209 5540 ’rater
235 5491 329 5559 qui
367 5490 679 5543 defunctus
727 5486 854 5553 fuit,
911 5491 1078 5539 nocte
1124 5485 1374 5556 quadam
1434 5484 1593 5536 fratri
1639 5499 1742 5536 suo

65 5589 304 5641 germano
346 5579 597 5650 Copioso
627 5591 730 5645 per
772 5575 1052 5628 visionem
1104 5572 1390 5645 apparuit.
1443 5573 1624 5636 Quem
1647 5572 1742 5625 ille

66 5677 170 5716 :um
223 5667 470 5732 vidisset,
529 5663 832 5734 inquisivit
884 5663 1077 5717 dicens
1121 5677 1136 5714 :
1183 5660 1329 5725 Quid
1387 5664 1491 5728 est,
1532 5661 1744 5715 frater?

1846 3197 1880 3235 a
1909 3182 2095 3235 calore
2125 3183 2334 3236 sabana
2365 3185 2670 3253 praberet,
2728 3191 2902 3256 atque
2931 3203 3104 3240 omne
3157 3188 3544 3246 ministerium

1847 3287 1977 3324 cum
2008 3287 2216 3341 magno
2250 3273 2527 3327 famulatu
2561 3281 2882 3344 perageret.
2919 3275 3178 3348 Cumque
3200 3278 3306 3332 hoc
3335 3280 3546 3350 saepius

1845 3357 2093 3425 fecisset,
2125 3360 2274 3414 idem
2306 3361 2603 3432 presbyter
2630 3362 2721 3416 die
2749 3363 3000 3433 quadam
3023 3365 3091 3419 ad
3109 3366 3316 3421 balnea
3335 3367 3542 3436 iturus,

1845 3447 1997 3501 intra
2011 3449 2380 3519 semetipsum
2400 3451 2674 3519 cogitans,
2691 3450 2868 3505 dixit:
2891 3453 3020 3506 Viro
3036 3453 3118 3507 illi
3132 3454 3232 3525 qui
3245 3456 3388 3510 mihi
3401 3458 3548 3511 solet

1845 3539 1962 3588 tam
1994 3536 2359 3591 devotissime
2382 3538 2451 3592 ad
2476 3539 2782 3593 lavandum
2804 3540 3062 3611 obsequi,
3086 3541 3345 3612 ingratus
3367 3561 3544 3615 appa-

1846 3639 1971 3677 rere
1998 3640 2114 3678 non
2135 3625 2337 3690 debeo,
2365 3627 2462 3680 sed
2483 3625 2697 3698 aliquid
2722 3643 2812 3681 me
2837 3644 3066 3682 necesse
3089 3637 3175 3683 est
3205 3632 3256 3684 ei
3288 3649 3392 3702 pro
3424 3649 3546 3687 mu-

1845 3728 1982 3766 nere
2013 3718 2260 3783 portare.
2295 3715 2451 3768 Tunc
2480 3715 2622 3768 duas
2660 3731 2853 3769 secum
2895 3717 3253 3772 oblationum
3305 3736 3544 3776 coronas

1845 3801 2068 3855 detulit.
2103 3802 2210 3866 Qui
2245 3818 2394 3869 mox,
2442 3808 2506 3857 ut
2556 3803 2817 3874 pervenit
2867 3805 2936 3859 ad
2984 3806 3196 3873 locum,
3243 3808 3544 3864 hominem

1844 3890 2064 3943 invenit
2098 3906 2111 3944 :
2141 3895 2312 3961 atque
2344 3907 2410 3945 ex
2443 3907 2604 3945 more
2658 3892 2782 3962 ejus
2834 3894 3111 3964 obsequio
3160 3894 3222 3949 in
3274 3897 3544 3952 omnibus

1846 3995 1980 4032 usus
2011 3984 2112 4032 est.
2149 3979 2304 4033 Lavit
2333 3979 2550 4050 itaque,
2591 3985 2645 4034 et
2675 3996 2804 4034 cum
2835 3982 2952 4050 jam
2985 3983 3240 4051 vestitus,
3273 3985 3548 4040 voluisset

1846 4067 2063 4137 egredi,
2099 4068 2203 4122 hoc
2247 4069 2398 4139 quod
2432 4085 2622 4123 secum
2674 4070 2876 4124 detulit
2916 4071 3253 4143 obsequenti
3288 4074 3395 4128 sibi
3426 4074 3546 4129 viro

1845 4173 1951 4226 pro
1980 4156 2379 4211 benedictione
2413 4158 2639 4226 obtulit,
2667 4163 2867 4228 petens
2898 4163 2963 4214 ut
3007 4160 3256 4232 benigne
3302 4163 3547 4235 suscipe-

1848 4250 1934 4298 ret
1962 4245 2114 4316 quod
2157 4246 2208 4299 ei
2246 4247 2538 4300 charitatis
2585 4247 2769 4316 gratia
2813 4247 3062 4302 offerret.
3119 4251 3221 4305 Cui
3251 4251 3348 4306 ille
3397 4268 3543 4307 moe-

1847 4348 1998 4397 rens,
2052 4333 2412 4405 afﬂictusque
2462 4336 2801 4405 respondit:
2857 4337 2989 4390 Mihi
3038 4337 3146 4391 ista
3195 4355 3372 4408 quare
3421 4339 3544 4406 das,

1844 4421 2054 4473 Pater?
2085 4422 2194 4475 Iste
2223 4423 2389 4491 panis
2416 4429 2642 4476 sanctus
2672 4429 2775 4489 est,
2835 4431 2892 4477 et
2934 4440 3041 4494 ego
3092 4426 3246 4479 hunc
3291 4426 3544 4480 mandu-

1845 4524 1971 4562 care
1999 4524 2114 4562 non
2149 4525 2402 4579 possum.
2433 4511 2513 4565 Me
2543 4516 2598 4564 et
2630 4511 2781 4564 enim
2817 4526 2989 4581 quem
3019 4511 3196 4576 vides,
3234 4511 3545 4581 aliquando

1845 4599 1954 4652 loci
1981 4599 2152 4669 hujus
2184 4600 2448 4653 dominus
2480 4599 2583 4666 fui,
2619 4602 2713 4654 sed
2765 4616 2868 4669 pro
2896 4599 3077 4669 culpis
3099 4600 3240 4653 meis
3271 4599 3363 4654 hic
3412 4605 3548 4671 post

1847 4692 2090 4740 mortem
2121 4688 2426 4757 deputatus
2456 4703 2606 4741 sum.
2640 4687 2696 4741 Si
2727 4693 2922 4741 autem
2952 4687 3092 4741 mihi
3121 4692 3396 4758 prazstare
3435 4689 3543 4756 vis,

1846 4777 2230 4848 omnipotenti
2253 4779 2366 4831 Deo
2390 4793 2492 4848 pro
2532 4793 2622 4831 me
2658 4777 2799 4831 offer
2838 4777 2992 4831 hunc
3040 4793 3270 4848 panem,
3334 4783 3398 4834 ut
3440 4796 3547 4851 pro

1844 4866 2090 4936 peccatis
2120 4865 2260 4921 meis
2290 4866 2640 4920 intervenias
2674 4881 2687 4920 ε
2717 4871 2775 4920 et
2803 4869 2939 4920 tunc
2968 4867 3299 4922 exauditam
3330 4872 3386 4923 te
3425 4885 3547 4925 esse

1847 4969 2311 5023 cognosceycum
2347 4955 2459 5008 huc
2489 4954 2558 5008 ad
2604 4955 2883 5009 luendum
2930 4956 3181 5022 veneris,
3235 4961 3292 5012 et
3320 4973 3412 5012 me
3446 4958 3550 5012 mi-

1847 5042 2003 5095 nime
2031 5041 2337 5096 inveneris.
2372 5043 2436 5096 In
2469 5041 2678 5112 quibus
2710 5043 2894 5098 verbis
2940 5044 3241 5115 disparuit,
3277 5051 3332 5099 et
3372 5045 3418 5099 is
3448 5046 3550 5117 qui

1849 5147 1970 5185 esse
2028 5130 2200 5185 homo
2257 5131 2581 5198 videbatur,
2646 5133 3034 5187 evanesceudo
3083 5133 3352 5200 innotuit,
3413 5133 3550 5205 quia

1849 5219 2080 5289 spiritus
2110 5219 2238 5272 fuit.
2274 5221 2429 5274 Idem
2459 5237 2592 5274 vero
2624 5222 2941 5293 presbyter,
2976 5222 3331 5276 hebdomade
3363 5223 3548 5276 conti-

1850 5323 1963 5360 nua
1995 5324 2115 5361 sese
2148 5325 2252 5378 pro
2286 5325 2352 5361 eo
2387 5309 2443 5362 in
2487 5310 2749 5380 lacrymis
2791 5311 3014 5375 alflixit,
3049 5311 3357 5363 salutarem
3413 5327 3552 5381 quo-

1849 5394 1988 5449 tidie
2019 5396 2266 5450 hostiam
2297 5397 2526 5462 obtulit,
2561 5406 2616 5452 et
2647 5415 2906 5452 reversus
2931 5404 3126 5468 postea
3154 5399 3221 5453 ad
3254 5399 3549 5469 balneum,

1852 5497 1982 5536 eum
2031 5483 2270 5538 minime
2333 5485 2571 5541 invenit.
2623 5487 2744 5550 Qua
2793 5503 2858 5539 ex
2894 5502 2974 5551 re,
3038 5493 3320 5556 quantum
3366 5488 3553 5557 prosit

1852 5569 2157 5625 animabus
2210 5572 2534 5628 immolatio
2601 5589 2773 5627 sacrm
2837 5573 3141 5629 oblationis
3192 5576 3549 5631 ostenditur:

1855 5659 2086 5732 quando
2119 5660 2265 5714 hanc
2296 5667 2351 5715 et
2380 5662 2492 5732 ipsi
2523 5667 2884 5716 mortuorum
2908 5662 3144 5733 spiritus
3168 5679 3196 5717 a
3230 5664 3554 5720 viventibus
