4592 6506
1229 531 1247 581 I
1258 529 1360 581 039

2295 523 2695 579 BURCHARDI
2737 518 3267 578 WORMACIENSIS
3305 522 3643 579 EPISCOPI.
4540 545 4585 591 ut

1226 653 1447 720 petunt,
1477 650 1533 701 et
1561 646 1729 717 signa
1764 647 2025 702 indicant
2068 647 2277 718 quibus
2334 663 2438 718 per
2487 660 2613 699 eam
2668 644 2917 699 absoluti
2948 648 2993 699 Α
3034 643 3161 698 Car.
3198 645 3356 721 LXII_.
3387 673 3460 686 —
3485 645 3643 721 Quod
3673 648 3754 699 ita
3790 661 3899 721 non
3927 650 4026 712 sit,
4058 653 4126 702 ut
4176 648 4397 715 quidam
4420 655 4583 721 afﬁrma

1226 736 1551 790 videantur.

1230 844 1353 898 Car.
1388 842 1572 895 LVIII.
1602 869 1676 881 —
1700 841 1855 907 Quod
1878 842 2085 895 beatius
2124 842 2196 893 sit
2226 854 2490 909 quemque
2536 837 2768 891 liberum
2808 839 2929 892 hinc

1405 915 1575 974 exire,
1599 928 1762 979 quam
1785 918 1905 979 post
1923 918 2143 965 mortem
2168 912 2469 963 libertatem
2490 925 2750 977 querere.

1302 1000 1623 1069 (Gregorius
1654 1002 1711 1051 in
1737 1014 1831 1052 suo
1862 999 2079 1065 dialogo
2109 997 2247 1050 dicit
2269 996 2312 1063 :)
2349 997 2580 1049 Cunctis
2611 994 2932 1048 ostenditur

1234 1088 1370 1159 quia
1395 1089 1444 1142 si
1496 1088 1831 1141 insolubiles
1873 1087 2057 1155 culpae
2109 1085 2341 1150 fuerint,
2392 1084 2460 1137 ad
2510 1084 2927 1137 absolutionem

1234 1177 1503 1247 prodesse
1534 1176 1770 1229 minime
1805 1174 1978 1228 etiam
2022 1174 2267 1227 mortuis
2295 1172 2527 1225 victima
2572 1187 2746 1225 sacra!
2777 1171 2929 1223 obta-

1234 1265 1408 1319 tionis
1462 1265 1659 1335 possit.
1714 1263 1823 1317 Sed
1875 1262 2171 1315 sciendum
2232 1266 2335 1325 est,
2405 1260 2542 1330 quia
2602 1260 2716 1313 illis
2774 1274 2931 1311 sacra

1235 1352 1463 1405 victima
1492 1351 1734 1404 mortuis
1766 1351 1968 1419 prosit,
1999 1349 2096 1419 qui
2151 1350 2241 1401 liic
2288 1349 2529 1400 vivendo
2572 1347 2931 1399 obtinuerint

1231 1447 1294 1493 ut
1322 1456 1420 1493 eos
1451 1442 1619 1492 etiam
1673 1444 1802 1507 post
1836 1445 2079 1491 mortem
2136 1439 2286 1490 bona
2334 1437 2608 1503 adjuvcnt
2658 1451 2785 1505 quae
2840 1435 2928 1487 bic

1230 1546 1333 1600 pro
1364 1528 1500 1599 ipsis
1521 1530 1592 1581 ab
1628 1528 1754 1580 aliis
1784 1528 1949 1581 tiunt.
1987 1528 2142 1580 Inter
2174 1528 2294 1579 haec
2342 1532 2533 1577 autem
2564 1524 2925 1593 pensandum

1231 1622 1333 1684 est,
1370 1624 1434 1671 ut
1464 1617 1639 1670 tutior
1668 1617 1759 1669 via
1808 1617 1899 1675 sit,
1938 1620 1999 1668 ut
2030 1616 2247 1669 bonum
2293 1614 2448 1684 quod
2498 1613 2742 1682 quisque
2801 1617 2927 1679 post

1231 1712 1473 1758 mortem
1509 1710 1694 1773 sperat
1730 1703 1822 1772 agi
1845 1719 1945 1772 per
1975 1703 2138 1765 alios,
2172 1706 2302 1770 agat
2340 1700 2475 1753 dum
2510 1700 2645 1751 vivit
2676 1699 2793 1767 ipse
2828 1712 2928 1766 per

1229 1809 1306 1845 se.
1361 1793 1585 1845 Beatius
1636 1791 1852 1861 quippe
1911 1796 1993 1843 est
2046 1791 2288 1843 liberum
2338 1789 2509 1853 exire,
2576 1802 2748 1856 quam
2799 1790 2926 1854 post

1229 1878 1455 1929 vincula
1490 1877 1812 1929 libertatem
1844 1890 2122 1945 quaerere.

1232 1983 1361 2036 CAP.
1395 1982 1525 2036 LIX.
1561 2010 1628 2019 —
1671 1980 1829 2045 Quod
1867 1981 2049 2032 nullus
2071 1978 2260 2031 debeat
2301 1993 2495 2045 rogare
2539 1992 2643 2046 pro
2684 1983 2919 2045 peccato,

1774 2051 1919 2117 quod
1952 2056 2029 2102 est
2051 2050 2123 2101 ad
2154 2055 2393 2102 mortem.

1301 2141 1619 2211 (Gregorius
1688 2142 1748 2191 in
1789 2142 1904 2192 suis
1954 2137 2302 2196 Moralibus.)
2365 2138 2663 2190 Peccatum
2713 2136 2924 2206 quippe

1232 2245 1411 2299 usque
1457 2228 1528 2281 ad
1599 2227 1811 2280 inferos
1890 2226 2117 2279 ducitur
2164 2225 2317 2295 quod
2374 2232 2507 2276 ante
2563 2224 2734 2276 tinem
2795 2229 2923 2275 Vitas

1230 2315 1529 2389 praesentis
1581 2330 1685 2384 per
1767 2313 2175 2366 correctionem
2242 2328 2307 2365 ac
2351 2312 2746 2381 paenitentiam
2810 2325 2923 2363 non

1232 2405 1586 2460 emendatur.
1665 2404 1738 2455 De
1778 2418 1892 2471 quo
1942 2401 2205 2453 videlicet
2238 2406 2466 2468 peccato
2500 2414 2603 2468 per
2650 2400 2922 2452 Joannem

1232 2493 1440 2547 dicitur
1471 2508 1483 2545 :
1524 2492 1615 2544 Est
1646 2496 1939 2560 peccatum
1971 2489 2042 2541 ad
2070 2494 2333 2552 mortem,
2366 2503 2481 2539 non
2515 2503 2619 2555 pro
2652 2486 2749 2539 illo
2776 2486 2920 2552 dico,

1230 2586 1296 2633 ut
1325 2584 1486 2648 roget
1536 2578 1681 2647 quis.
1730 2579 2023 2630 Peccatum
2069 2591 2317 2645 namque
2375 2577 2443 2626 ad
2509 2579 2750 2626 mortem
2795 2579 2918 2625 est:

1231 2667 1366 2738 quia
1397 2666 1607 2719 scilicet
1633 2670 1925 2735 peccatum
1971 2664 2121 2733 quod
2172 2664 2262 2716 bic
2285 2678 2397 2714 non
2443 2661 2768 2730 corrigitur,
2801 2661 2922 2730 ejus

1236 2755 1395 2808 venia
1428 2754 1635 2806 frustra
1685 2752 2025 2822 postulatur.
2088 2751 2163 2803 De
2220 2751 2321 2803 boc
2372 2751 2558 2802 adhuc
2609 2749 2918 2801 subditur:

1232 2842 1606 2897 Obliviscatur
1661 2841 1783 2909 ejus
1840 2839 2252 2892 misericordia.
2321 2838 2750 2906 Omnipotentis
2823 2836 2920 2889 Dei

1232 2929 1620 2984 misericordia
1653 2927 1906 2981 oblivisci
1937 2926 2060 2995 ejus
2088 2925 2317 2988 dicitur,
2352 2926 2450 2994 qui
2508 2924 2921 2993 omnipotentis

1236 3018 1332 3071 Dei
1370 3016 1653 3086 justitiam
1727 3014 1896 3068 fuerit
1953 3014 2182 3065 oblitus.
2248 3011 2515 3081 Quisquis
2571 3027 2701 3065 eum
2772 3027 2921 3063 nunc

1223 3105 1442 3174 justum
1490 3118 1605 3156 non
1654 3102 1835 3165 timet,
1890 3105 2017 3169 post
2042 3099 2300 3152 invenire
2344 3115 2460 3152 non
2499 3098 2649 3151 volet
2692 3098 2919 3152 miseri-

1232 3192 1480 3245 cordem.

1234 3299 1363 3352 Car.
1410 3296 1513 3349 LX.
1574 3324 1641 3332 —
1701 3294 1767 3346 Ut
1820 3307 1996 3345 omnes
2056 3294 2249 3345 animae
2306 3292 2589 3345 electorum
2647 3292 2921 3345 credenda:

1341 3371 1451 3421 sint
1476 3381 1586 3419 esse
1615 3367 1674 3416 in
1703 3365 1848 3428 cwlo,
1875 3368 1925 3415 et
1955 3364 2264 3430 iniquorum
2286 3365 2481 3415 animae
2501 3366 2557 3415 in
2578 3365 2808 3427 inferno.

1307 3455 1422 3520 (Em
1476 3452 1689 3517 dialogo
1738 3451 2002 3516 Gregorii.
2046 3451 2231 3502 Petms
2270 3452 2586 3515 interrogat.
2634 3450 2919 3516 Responsio

1235 3542 1521 3610 Gregorii.)
1563 3536 1929 3609 Inquisitioni
1979 3553 2120 3590 mete
2183 3538 2299 3604 jam
2361 3538 2526 3589 video
2569 3538 2920 3590 suflicienter

1232 3631 1603 3694 satisfactum,
1637 3627 1731 3679 sed
1784 3626 1890 3678 hoc
1937 3631 2017 3677 est
2049 3626 2233 3679 adhuc
2263 3625 2415 3695 quod
2450 3626 2763 3695 quaestione
2792 3628 2915 3678 ani-

1228 3735 1385 3774 mum
1419 3719 1623 3788 pulsat.
1656 3714 1799 3778 Quia
1829 3729 1958 3766 cum
1990 3715 2255 3782 superius
2285 3715 2497 3766 dictum
2526 3713 2597 3766 sit
2646 3729 2766 3765 esse
2797 3714 2913 3780 jam

1225 3814 1547 3862 sanctorum
1600 3804 1819 3857 animas
1868 3803 1925 3854 in
1956 3804 2116 3863 cmlo,
2168 3808 2345 3854 restat
2377 3803 2573 3870 procul
2623 3801 2819 3865 dubio,
2858 3808 2914 3855 ut

1224 3898 1554 3967 iniquorum
1586 3906 1817 3962 quoque
1848 3890 2055 3942 animai
2087 3906 2208 3942 esse
2256 3905 2370 3941 non
2427 3889 2536 3942 nisi
2596 3889 2655 3942 in
2692 3889 2915 3942 inferno

1222 3985 1548 4047 credantur,
1581 3987 1635 4032 et
1662 3979 1799 4049 quid
1831 3979 1899 4031 de
1931 3980 2035 4030 hac
2082 3994 2142 4030 re
2191 3978 2397 4030 habeat
2446 3978 2654 4030 veritas
2693 3978 2909 4045 ignoro.

1228 4075 1369 4127 Nam
1399 4072 1653 4124 humana
1677 4067 1980 4120 aestimatio
2028 4081 2144 4118 non
2178 4065 2371 4129 habet,
2400 4071 2764 4134 peccatorum
2798 4066 2914 4118 ani-

1226 4176 1349 4215 mas
1377 4173 1537 4227 posse
1551 4162 1681 4208 ante
1698 4154 1975 4223 judicium
1994 4153 2254 4206 cruciari.
2279 4183 2345 4192 —
2365 4153 2423 4207 Si
2440 4170 2559 4205 esse
2586 4159 2911 4207 sanctorum

1226 4249 1445 4303 animas
1475 4246 1534 4298 in
1565 4243 1704 4298 coelo
1735 4242 1876 4295 sacri
1923 4242 2137 4312 eloquii
2167 4240 2548 4295 satisfactione
2598 4241 2908 4308 credidisti,

1226 4340 1449 4407 oportet
1485 4336 1549 4386 ut
1580 4348 1681 4403 per
1710 4330 1904 4384 omnia
1933 4346 2053 4383 esse
2100 4331 2293 4383 credas
2318 4330 2651 4401 iniquorum
2693 4331 2911 4383 animas

1223 4426 1285 4480 in
1309 4424 1531 4477 inferno
1566 4438 1578 4474 :
1610 4420 1745 4491 quia
1770 4435 1833 4473 ex
1864 4419 2236 4473 retributione
2267 4424 2499 4472 mternas
2530 4418 2790 4487 justitiaz.
2843 4435 2906 4472 ex

1221 4531 1334 4586 qua
1354 4509 1633 4583 jamjusti
1681 4508 2015 4577 gloriantur,
2057 4522 2282 4559 necesse
2331 4512 2418 4559 est
2458 4522 2562 4575 per
2602 4506 2813 4570 omnia,
2847 4512 2910 4560 ut

1216 4601 1415 4672 injusti
1447 4599 1787 4652 crucientur.
1825 4597 1963 4649 Nam
1994 4596 2142 4648 sicut
2172 4596 2384 4647 electos
2415 4594 2712 4647 beatitudo
2765 4594 2905 4647 laeti-

1217 4688 1366 4753 ﬁcat,
1399 4688 1477 4741 ita
1520 4685 1672 4739 credi
1728 4700 1967 4747 necesse~
2003 4687 2087 4736 est
2144 4682 2293 4753 quod
2347 4698 2379 4735 a
2440 4681 2533 4736 die.
2583 4681 2767 4735 exitus
2821 4681 2907 4735 sui

1215 4777 1365 4847 ignis
1395 4774 1666 4844 reprobus
1692 4788 1757 4825 ex
1766 4787 1796 4824 ιι
1806 4777 1910 4825 rat.

1216 4882 1342 4937 Car.
1375 4880 1504 4936 LXI.
1533 4907 1605 4919 —
1632 4877 1786 4941 Quod
1815 4880 1953 4930 sicut
1990 4877 2114 4944 ﬁnis
2146 4891 2248 4927 non
2275 4878 2353 4928 est
2395 4874 2597 4941 gaudio
2629 4874 2903 4942 bonorum,

1519 4952 1595 5003 sic
1623 4951 1747 5017 ﬁnis
1777 4964 1882 5001 non
1907 4954 1985 5000 est
2010 4948 2289 5000 tormentis
2312 4949 2599 4998 mutorum.

1288 5040 1395 5102 (Ea:
1415 5036 1616 5102 dialog.
1668 5033 1922 5102 Gregorii
1967 5035 2131 5088 Inter.
2185 5035 2332 5087 Petr.
2385 5033 2630 5099 Gregorii
2685 5047 2904 5100 respon-

1214 5127 1340 5196 sio.)
1377 5122 1662 5192 Numquid
1688 5138 1837 5184 nam,
1867 5138 2059 5192 quaeso
2078 5127 2150 5188 te,
2174 5120 2416 5173 dicimus
2447 5136 2563 5184 eos,
2599 5119 2700 5190 qui
2728 5122 2903 5176 semel

1213 5215 1328 5268 illic
1359 5211 1531 5266 mersi
1559 5211 1790 5276 fuerint,
1822 5225 2047 5278 semper
2077 5209 2348 5263 arsuros?
2370 5236 2442 5249 —
2463 5208 2692 5261 Constat
2710 5208 2900 5275 nimis,

1212 5308 1265 5357 et
1294 5302 1692 5354 incunctanter
1720 5314 1914 5351 verum
1950 5314 2069 5350 esse
2105 5313 2119 5351 :
2154 5298 2293 5366 quia
2324 5296 2469 5348 sicut
2502 5295 2632 5349 ﬁnis
2662 5312 2780 5349 non
2820 5302 2903 5350 est

1213 5389 1441 5461 glaudio
1472 5387 1774 5451 bonorum,
1807 5386 1881 5438 ita
1914 5386 2044 5438 linis
2075 5400 2191 5436 non
2242 5388 2327 5434 est
2368 5382 2667 5436 tormentis
2721 5384 2899 5436 malo-

1212 5494 1336 5531 rum
1390 5476 1526 5529 Nam
1557 5491 1685 5527 cum
1713 5475 1935 5528 Veritas
1963 5473 2115 5525 dit-at
2144 5486 2160 5523 :
2186 5470 2354 5522 Ibunt
2387 5469 2442 5520 hi
2466 5470 2523 5521 in
2555 5470 2899 5540 supplicium

1213 5572 1515 5625 aeternum,
1541 5563 1683 5631 justi
1713 5567 1904 5613 autem
1939 5560 2188 5611 invitam
2204 5562 2477 5609 aeternam
2506 5572 2518 5609 :
2550 5558 2685 5627 quia
2703 5574 2900 5614 verum

1210 5658 1300 5705 est
1330 5649 1481 5719 quod
1518 5649 1794 5718 promisit,
1828 5648 2030 5699 falsum
2063 5642 2443 5714 proculdubio
2467 5658 2584 5697 non
2608 5644 2718 5697 erit
2748 5648 2898 5715 quod

1218 5739 1472 5792 minatus
1501 5742 1585 5791 est
1616 5739 1780 5790 Deus.

3110 717 3254 783 quod
3310 717 3453 794 Deus
3500 717 3563 794 ob
3626 719 3730 794 hoc
3775 720 4020 771 minatus
4074 722 4174 794 _sit
4208 717 4589 794 .ztemam'pum

3104 790 3473 854 peccantibus,
3500 792 3558 840 ut
3587 791 3877 855 corrigeret
3906 805 3940 841 a
3971 790 4162 842 matis.

3109 876 3217 931 (Ea:
3237 875 3440 941 dialog.
3482 876 3749 943 Gregorii.
3794 879 3984 931 Petrus
4024 880 4355 944 interrogat.
4385 882 4587 950 Gregmir.

3037 964 3293 1029 sponsio.)
3325 963 3469 1026 Quid
3492 965 3535 1016 si
3565 964 3692 1033 quis
3723 964 3893 1031 dicat,
3929 965 4148 1019 idcirco
4206 966 4352 1020 Deus
4374 960 4586 1038 peccantis.

3038 1055 3310 1102 teternam
3343 1066 3568 1120 painam
3605 1052 3856 1104 minatus
3890 1060 3995 1119 est,
4030 1058 4095 1106 ut
4145 1070 4258 1107 eos
4295 1071 4326 1108 a
4373 1070 4584 1127 peccatum:

3038 1139 3457 1206 perpetratione
3478 1140 3908 1208 compesceret?
3930 1170 3996 1180 —
4021 1140 4078 1195 Si
4106 1141 4324 1197 falsum
4345 1151 4416 1198 est
4440 1154 4542 1216 quod
4558 1169 4587 1203 m.

3038 1230 3204 1275 natus
3234 1230 3334 1290 est,
3368 1231 3429 1278 ut
3460 1226 3529 1279 ab
3558 1227 3837 1297 injustitia
3877 1229 4233 1297 corrigeret,
4282 1232 4430 1286 etiam
4461 1237 4585 1289 falsae

3035 1312 3341 1379 pollicitus,
3382 1318 3444 1366 ut
3489 1315 3558 1366 ad
3581 1314 3867 1383 justitiam
3897 1324 4276 1386 provocaret.
4324 1319 4415 1372 Sed
4440 1324 4531 1391 quis
4562 1330 4589 1376 ii;

3033 1401 3244 1466 dicere,
3302 1402 3384 1454 vel
3438 1402 3670 1454 insanus
3720 1407 4073 1472 praesumat?
4145 1407 4216 1459 Et
4268 1408 4309 1458 si
4349 1411 4585 1463 minatus:

3035 1488 3187 1557 quod
3222 1504 3335 1540 nou
3368 1494 3489 1541 erat
3520 1490 3878 1559 impleturus,
3912 1492 4054 1545 dum
4085 1509 4349 1548 asserere
4392 1515 4495 1551 eum
4526 1517 4589 1551 mzs'

3034 1574 3316 1628 ricordem
3365 1578 3647 1644 volumus,
3696 1579 3977 1645 fallacem,
4024 1582 4190 1651 quod
4227 1584 4375 1636 uetas
4398 1594 4465 1638 est
4497 1588 4587 1639 dive:

3033 1662 3342 1731 praedicare.
3374 1665 3802 1734 compellimur.

3036 1750 3159 1802 CAP.
3197 1750 3374 1805 LXIII.
3408 1782 3475 1790 —
3510 1754 3628 1805 Cur
3665 1760 3889 1830 peccata
3940 1771 4064 1823 qua
4115 1773 4246 1811 cum
4269 1760 4376 1827 ﬁne
4416 1772 4583 1830 ρει-μεως

3491 1830 3636 1890 sunt,
3664 1827 3780 1876 sinv
3807 1826 3915 1893 ﬁne
3941 1826 4283 1894 puniantur.

3106 1907 3219 1973 (Ea:
3250 1908 3445 1962 eodem.
3480 1911 3618 1964 Petr.
3658 1914 3758 1965 int.
3793 1912 3950 1979 Greg.
4002 1915 4185 1984 resp.)
4214 1916 4364 1970 Scire
4395 1919 4521 1971 velim
4544 1938 4581 1989 qu

3036 1998 3204 2050 modo
3228 1999 3444 2067 justum
3478 1999 3570 2062 sit,
3621 2005 3682 2053 ut
3727 2000 3892 2071 culpa
3926 2019 4058 2073 quin
4089 2019 4235 2058 cum
4277 2005 4383 2058 ﬁne
4410 2016 4587 2077 perpetra

3033 2091 3136 2151 est,
3168 2087 3285 2139 sine
3317 2087 3429 2139 fine
3452 2087 3743 2157 puniatur.
3777 2119 3843 2128 —
3872 2091 3986 2144 Hoc
4034 2098 4199 2146 recte
4246 2094 4513 2159 diceretur,
4538 2098 4589 2147 si:

3033 2173 3257 2225 strictus
3300 2174 3477 2241 judex
3510 2190 3623 2227 non
3680 2176 3853 2229 corda
3894 2178 4234 2245 hominum,
4288 2182 4380 2234 sed
4429 2184 4585 2251 [δίδωμί

3033 2267 3199 2314 saret.
3236 2261 3422 2331 Iniqui
3454 2262 3604 2316 enim
3634 2263 3761 2316 ideo
3810 2280 3941 2319 cum
3990 2267 4110 2320 tine
4163 2268 4522 2340 deliquerunt,
4554 2290 4592 2340 qr:

3031 2365 3161 2402 cum
3195 2349 3305 2401 tine
3340 2349 3615 2403 vixerunt.
3653 2351 3789 2404 Nam
3824 2352 4142 2407 voluissent
4190 2356 4409 2425 utique,
4437 2358 4473 2407 si
4495 2368 4587 2425 potu

3032 2440 3177 2503 sent,
3212 2437 3330 2489 sine
3355 2439 3466 2490 tine
3489 2438 3695 2505 vivere,
3733 2443 3792 2490 ut
3823 2440 4151 2508 potuissent
4181 2443 4314 2496 sine
4343 2443 4445 2497 ﬁne
4474 2461 4592 2513 pecsa

3031 2525 3350 2578 Ostendunt
3382 2525 3555 2592 enim,
3590 2526 3726 2596 quia
3778 2526 3835 2579 in
3888 2534 4125 2597 peccato
4162 2531 4358 2585 vivere
4386 2549 4585 2600 semper:

3029 2615 3215 2685 piunt,
3254 2616 3353 2684 qui
3385 2632 3679 2685 nunquam
3716 2616 3987 2671 desinunt
4024 2636 4299 2689 peccare,
4341 2621 4463 2676 dum
4500 2639 4592 2673 vim

3028 2703 3111 2756 Ad
3145 2719 3408 2771 magnam
3433 2704 4198 2775 ergojustitiamjudicantis
4219 2711 4471 2779 pertinet,
4488 2719 4592 2763 LiDI.‘

3030 2806 3201 2861 quam
3234 2796 3462 2844 careant
3509 2792 3787 2862 supplicio
3845 2794 3945 2864 qui
3998 2794 4061 2849 in
4114 2798 4230 2851 hac
4280 2799 4394 2852 vita
4434 2815 4592 2869 nunqu.

3028 2879 3331 2931 voluerunt
3360 2895 3551 2931 carere
3585 2884 3831 2949 peccato.

3030 2966 3153 3048 Car:
3186 2966 3355 3049 bXIV:
3390 2995 3460 3006 —
3488 2968 3639 3031 Quod
3655 2969 3809 3049 ,οδω
3839 2972 3964 3049 pius
3998 2973 4094 3038 sit,
4130 2978 4190 3026 et
4212 2990 4323 3049 non
4341 2981 4592 3045 pascatum

3098 3042 3245 3089 ciatu
3278 3042 3612 3101 miserorum,
3638 3042 3822 3101 justus
3850 3047 4050 3105 autem,
4088 3049 4143 3096 et
4204 3042 4358 3099 ideo'
4380 3063 4471 3100 non
4507 3056 4592 3098 me

3100 3110 3159 3159 in
3186 3114 3500 3174 perpetuum
3522 3109 3589 3161 ab
3611 3112 3921 3177 iniquorum
3952 3114 4185 3167 ultione.

3106 3194 3213 3263 (Ea:
3238 3195 3434 3248 eodem.
3469 3198 3609 3250 Petr.
3634 3200 3734 3250 int.
3768 3200 3913 3266 Greg
3970 3202 4143 3270 resp.)
4178 3202 4298 3257 Sed
4340 3204 4512 3256 nullus
4529 3206 4592 3271 ju=1

3031 3282 3369 3335 crudelitate
3428 3282 3695 3351 pascitur,
3753 3289 3810 3337 et
3853 3285 4218 3357 delinquens
4272 3306 4463 3343 servus
4499 3293 4592 3357 δέω

3030 3368 3268 3422 domino
3298 3370 3509 3423 idcirco
3540 3370 3679 3424 credi
3713 3372 4069 3442 praecipitur,
4106 3382 4179 3430 ut
4211 3393 4247 3431 a
4317 3380 4541 3448 nequitia
4569 3392 4592 3427 Et

3030 3455 3267 3525 rigatur.
3304 3457 3385 3509 Ad
3419 3456 3523 3509 hoc
3553 3457 3705 3511 enim
3758 3460 4011 3527 vapulat,
4067 3465 4135 3514 ut
4169 3464 4479 3516 emendare
4504 3464 4592 3514 deter

3029 3544 3217 3613 Iniqui
3249 3550 3437 3597 autem
3483 3545 3760 3614 gehennae
3788 3546 3908 3615 igni
3957 3547 4186 3613 traditi,
4221 3550 4275 3604 si
4332 3551 4401 3605 ad
4444 3563 4592 3604 com:

3027 3647 3157 3684 nem
3190 3647 3487 3702 nunquam
3515 3633 3766 3699 veniant,
3799 3649 3915 3703 quo
3962 3635 4079 3689 fine
4130 3653 4384 3708 semper
4426 3640 4592 3691 ardebat

3022 3747 3095 3759 —
3124 3720 3501 3787 Omnipotens
3535 3722 3700 3787 Deus,
3754 3722 3890 3792 quia
3936 3722 4068 3793 pius
4095 3730 4213 3790 est,
4252 3727 4592 3780 miserorum

3024 3808 3176 3860 ciatu
3211 3824 3322 3861 non
3357 3809 3608 3877 pascitur
3640 3824 3653 3862 :
3686 3810 3822 3880 quia
3862 3816 4056 3864 autem
4105 3812 4326 3882 justus
4357 3823 4455 3875 est,
4499 3816 4545 3865 ab
4574 3826 4592 3862 ti

3024 3911 3270 3965 quorum
3327 3897 3542 3949 ultione
3600 3896 3659 3949 in
3726 3904 4073 3967 perpetuum
4147 3918 4284 3955 non
4342 3900 4592 3957 sedatur.i

3024 3984 3209 4054 iniqui
3242 4000 3440 4036 omnes
3469 3989 3682 4038 interno
3712 3986 3994 4056 supplicio
4025 3988 4331 4057 deputati,
4386 4008 4478 4044 sua
4502 4003 4592 4059 quis

3022 4071 3323 4142 iniquitate
3357 4073 3696 4143 puniuntur,
3730 4079 3787 4127 et
3817 4080 4011 4130 tamen
4047 4078 4118 4131 ad
4158 4081 4398 4151 aliquid
4438 4080 4592 4133 ardet:

3020 4161 3253 4227 scilicet,
3291 4166 3355 4214 ut
3386 4161 3527 4229 justi
3576 4177 3798 4224 omnes,
3850 4170 3907 4217 et
3951 4166 4009 4217 in
4064 4165 4195 4220 Deo
4252 4170 4484 4223 videant
4522 4180 4592 4235 gasl

3020 4264 3148 4319 qua
3178 4249 3522 4319 percipiunt,
3553 4252 3609 4301 et
3658 4249 3717 4304 in
3754 4250 3867 4303 illis
3920 4254 4255 4322 respiciant
4292 4258 4545 4327 supplicia
4568 4268 4592 4319 ς.

3018 4341 3338 4403 evaserunt,
3374 4342 3651 4405 iuatenus
3682 4338 3742 4391 in
3769 4344 4053 4393 aeternum
4094 4348 4279 4397 tanto
4309 4348 4487 4415 magis
4520 4344 4592 4396 die

3021 4425 3214 4496 gratiae
3245 4425 3531 4479 debitores
3561 4441 3618 4478 se
3644 4442 3764 4479 esse
3793 4436 4173 4498 cognoscant,
4224 4442 4451 4503 quanto
4478 4434 4522 4484 in
4546 4444 4589 4481 at!

3021 4529 3158 4567 num
3220 4514 3367 4567 mala
3417 4513 3611 4584 puniri
3668 4516 4032 4585 conspiciunt
4074 4533 4225 4588 quas
4290 4523 4421 4592 ejus
4464 4521 4592 4588 δάμω

3017 4597 3294 4650 vicerunt.

3015 4699 3143 4755 CAP.
3179 4700 3316 4754 LXV.
3350 4730 3417 4739 —
3455 4700 3533 4753 De
3572 4700 3686 4762 hoc,
3726 4704 3777 4755 si
3818 4708 3944 4757 ante
3992 4708 4423 4763 restitutionem
4463 4718 4592 4773 eor,"

3273 4772 3466 4824 anima:
3483 4774 3756 4839 justorum
3804 4774 3866 4828 in
3889 4776 4077 4828 emtum
4104 4784 4483 4847 recipiantur.

3084 4859 3194 4922 (Ea:
3218 4857 3415 4912 eodem.
3441 4860 3583 4912 Petr.
3607 4861 3707 4913 int.
3743 4860 3902 4927 Greg.
3932 4876 4109 4931 resp.)
4144 4866 4365 4922 Placet
4387 4868 4519 4939 quod
4544 4866 4559 4915 ,Ξ
4589 4878 4592 4911 ι

3014 4946 3109 5001 sed
3142 4946 3310 4999 velim
3342 4962 3528 5011 nosse,
3562 4948 3608 5002 si
3665 4964 3819 5003 nunc
3873 4956 4006 5004 ante
4052 4956 4500 5010 restitutionem
4524 4966 4592 5005 ειιπ

3012 5049 3140 5088 rum
3170 5033 3230 5087 in
3262 5034 3467 5088 cretum
3491 5035 3666 5106 recipi
3691 5037 3920 5090 valeant
3935 5038 4157 5094 animae
4174 5042 4498 5111 justorum.
4522 5038 4592 5091 αἱ

3012 5136 3262 5190 namque
3290 5121 3358 5175 de
3372 5122 3820 5192 omnibusjustis
3847 5123 4013 5179 fateri
4030 5143 4151 5181 non
4182 5147 4510 5200 possumus.
4536 5143 4592 5181 re:

3010 5209 3079 5263 de
3105 5210 3371 5263 omnibus
3394 5226 3621 5279 negare.
3662 5212 3800 5265 Nam
3833 5219 3969 5267 sunt
4015 5222 4421 5284 quorundam
4458 5224 4592 5291 jasiﬂ

3010 5297 3241 5359 animae,
3273 5313 3397 5367 quae
3429 5315 3459 5350 a
3489 5300 3703 5352 ccelesti
3745 5316 3922 5370 regno
3944 5303 4334 5373 quibusdam
4366 5314 4525 5365 adhuc
4548 5322 4589 5355 Et

3010 5385 3265 5438 sionibus
3331 5386 3693 5441 differuntur.
3776 5389 3837 5442 In
3903 5406 4019 5460 quo
4091 5393 4421 5454 dilationis
4499 5398 4589 5450 dii?

3008 5473 3142 5544 quid
3175 5473 3328 5527 aliud
3364 5474 3646 5541 innititur,
3680 5476 3790 5529 nisi
3837 5477 3992 5546 quod
4026 5482 4331 5547 perfectas
4375 5491 4589 5552 jussus:

3008 5560 3146 5630 quid
3180 5560 3369 5614 minus
3414 5560 3778 5616 habuerunt?
3826 5563 3894 5617 Et
3927 5571 4126 5620 tamen
4178 5570 4327 5629 luce
4358 5578 4531 5628 Cial‘IUS
4560 5580 4589 5619 ul

3008 5652 3119 5700 stat
3147 5648 3279 5718 quia
3307 5649 3692 5717 perfecturum
3715 5652 4006 5720 justorum
4030 5656 4297 5727 anima,
4324 5680 4453 5718 mox
4472 5678 4516 5715 u‘.
4540 5664 4585 5715 :i'

3008 5734 3194 5789 carnis
3234 5736 3481 5791 claustra
3524 5744 3755 5807 exeunt,
3806 5739 3867 5795 iu
3914 5744 4275 5805 calestibus
4324 5755 4525 5809 sedibus
4552 5758 4583 5797 τε
