3944 6542
643 87 1709 156 ---υ-μ

98 520 194 572 lU'il
988 514 1465 572 DECRETORUM
1512 516 1695 571 LIBRI
1732 516 1841 572 XX.
1874 545 1942 555 —
1976 517 2179 571 LIBER
2224 516 2616 572 VIGESIMUS.
3422 519 3560 572 1042

94 639 303 707 piuntur.
336 634 493 699 Quod
515 640 572 689 et
596 635 721 704 ipsa
752 651 855 705 per
884 652 943 688 se
972 636 1191 689 Veritas
1221 642 1480 702 testatur,
1509 638 1735 693 dicens:
1770 641 1813 692 A
1857 638 2040 690 verbis
2098 644 2292 707 aperte
2348 638 2664 691 declaratur
2725 637 2860 708 quia
2918 644 2974 691 et
3041 638 3180 691 boni
3240 640 3439 706 bonos,
3499 644 3556 693 et

95 727 370 794 Ubicunque
401 724 571 777 fuerit
600 740 825 793 corpus,
874 725 1008 778 illuc
1038 726 1542 795 congregabantur
1570 727 1733 796 aqui-

90 816 141 867 lae
172 831 181 867 :
214 814 335 883 quia
372 813 469 865 ubi
520 813 641 881 ipse
691 814 1042 882 Redemptor
1092 821 1287 867 uoster
1342 822 1426 867 est
1471 831 1731 885 corpore,

88 903 193 954 illuc
228 902 409 971 procul
458 901 634 954 dubio
683 901 1037 971 colliguntur
1066 907 1121 953 et
1168 902 1376 954 animm
1419 903 1728 970 justorum.

89 994 137 1044 Et
180 992 361 1045 Paulus
404 989 639 1043 dissolvi
688 990 991 1054 desiderat,
1045 996 1102 1042 et
1138 1006 1265 1041 cum
1314 990 1536 1043 Christo
1586 1002 1727 1040 esse.

87 1079 170 1141 Qui
204 1094 323 1147 ergo
372 1078 659 1131 Christum
709 1078 921 1130 essein
968 1078 1122 1131 cmlis
1159 1093 1277 1130 non
1332 1076 1574 1142 dubitat,
1627 1091 1731 1128 nec

86 1166 213 1220 Pauli
253 1166 488 1219 animam
550 1183 672 1218 esse
721 1167 780 1218 in
826 1168 969 1219 coelo
1028 1172 1221 1235 negat.
1272 1165 1379 1229 Qui
1437 1166 1608 1217 etiam
1660 1165 1727 1217 de

86 1254 407 1308 dissolutione
456 1254 545 1307 sui
576 1255 851 1322 corporis,
904 1260 1074 1324 atque
1123 1254 1478 1307 habitatione
1526 1252 1727 1323 patriae

83 1342 280 1395 caelestis
324 1341 452 1394 dicit
486 1358 498 1394 :
536 1341 756 1395 Scimus
806 1344 941 1411 quia
973 1342 1017 1393 si
1051 1341 1329 1394 terrestris
1380 1342 1584 1395 domus
1618 1356 1723 1393 no—

85 1435 167 1483 atra
217 1432 369 1499 hujus
416 1429 788 1482 habitationis
845 1427 1206 1493 dissolvatur,
1270 1429 1422 1499 quod
1479 1428 1723 1482 mditica-

83 1513 253 1567 ticnem
291 1516 560 1571 habemus
591 1535 657 1572 ex
691 1520 824 1581 Deo,
879 1520 1114 1572 domum
1149 1536 1267 1572 non
1315 1518 1720 1584 manut‘actam,

84 1604 155 1655 sed
180 1613 421 1659 aeternam
454 1608 516 1661 iu
546 1608 721 1662 caelis.

84 1707 173 1761 3A9.
208 1710 359 1763 LXVI.
391 1740 460 1752 —
491 1712 644 1778 Quod
658 1713 825 1780 justi,
860 1714 916 1766 in
948 1713 1034 1765 die
1056 1714 1280 1781 judicii,
1314 1717 1622 1768 animarum
1652 1717 1721 1767 si-

328 1783 437 1838 mul
467 1790 519 1836 et
549 1800 832 1851 corporum
865 1786 1042 1850 gloria
1072 1786 1417 1839 laetabuntur.

128 1866 225 1935 (Ea:
252 1869 437 1923 eodem.
472 1873 614 1925 Petr.
656 1875 753 1925 int.
786 1870 950 1939 Greg.
985 1874 1151 1941 resp.)
1184 1873 1239 1927 Si
1273 1873 1452 1942 igitur
1478 1889 1631 1926 nunc
1658 1874 1717 1926 in

84 1957 179 2008 :a:lo
221 1963 341 2010 sunt
387 1959 594 2013 animae
639 1959 956 2029 justorum,
1008 1960 1146 2030 quid
1196 1966 1280 2013 est
1327 1961 1433 2014 hoc
1471 1961 1621 2031 quod
1656 1962 1714 2014 in

83 2042 340 2111 liejudicii
368 2062 470 2115 pro
515 2047 757 2116 justitia:
802 2064 919 2100 suae
966 2048 1341 2101 retributione
1384 2051 1718 2117 recipiunt?

85 2158 117 2168 -
145 2132 245 2186 Hoc
274 2133 329 2186 in
359 2135 436 2188 eis
468 2137 745 2189 nimirum
778 2138 979 2190 crescit
1025 2137 1083 2189 in
1108 2136 1346 2205 judicio,
1381 2138 1533 2207 quod
1564 2154 1717 2191 nunc

81 2220 343 2276 animarum
389 2225 531 2290 sola,
585 2227 949 2294 postmodum
998 2241 1129 2279 vero
1178 2241 1481 2296 corporum
1535 2227 1715 2280 beati-

86 2309 224 2362 udine
266 2312 649 2382 perfruantur,
700 2320 759 2368 ut
804 2315 864 2368 in
911 2314 1034 2384 ipsa
1082 2331 1313 2384 quoque
1359 2330 1527 2368 carne
1571 2331 1713 2385 gan-

81 2395 215 2463 leant,
276 2400 332 2454 in
391 2418 508 2473 qua
557 2403 784 2456 dolores
846 2418 948 2473 pro
1006 2403 1250 2456 Domino
1317 2403 1712 2474 cruciatusque

84 2487 388 2543 ~ertulerunt.
420 2492 534 2544 Pro
585 2491 691 2544 hac
720 2490 934 2561 quippe
972 2491 1266 2561 geminata
1296 2507 1496 2544 eorum
1529 2491 1713 2560 gloria

82 2573 289 2642 criptum
342 2584 422 2633 est
466 2596 481 2633 :
528 2580 592 2633 In
649 2585 801 2633 terra
853 2596 954 2633 sua
1010 2580 1261 2649 duplicia
1320 2580 1708 2649 possidebunt.

85 2661 171 2714 [inc
197 2666 356 2720 etiam
404 2674 537 2721 ante
589 2667 1022 2722 resurrectionis
1053 2668 1205 2722 diem
1261 2668 1330 2721 de
1382 2676 1710 2722 sanctorum

86 2751 310 2807 nimabus
339 2756 615 2827 scriptum
648 2761 771 2810 est:
801 2759 955 2810 Data:
986 2762 1119 2810 sunt
1152 2756 1262 2810 illis
1288 2756 1528 2826 singulae
1553 2758 1708 2809 stolae

90 2836 191 2901 Ibae,
220 2848 269 2893 et
315 2844 529 2898 dictum
582 2851 667 2898 est
715 2844 827 2898 illis
883 2850 943 2898 ut
992 2844 1423 2916 requiescerent
1480 2850 1709 2915 tempus

86 2926 207 2980 dtiuc
247 2933 556 3001 modicum,
604 2934 783 2987 donec
814 2934 1125 3002 impleatur
1169 2950 1443 2986 numerus
1482 2950 1709 2987 conser-

84 3028 237 3080 orum,
267 3026 319 3072 et
350 3020 597 3075 fratrum
630 3038 852 3074 eorum.
898 3021 1006 3084 Qui
1036 3022 1230 3091 itaque
1276 3039 1425 3075 nunc
1458 3023 1711 3092 singulas

83 3114 369 3174 Caeperunt,
422 3110 482 3162 in
518 3110 734 3177 judicio
793 3110 953 3163 binas
1000 3113 1172 3162 stolas
1221 3111 1469 3163 habituri
1526 3117 1705 3165 sunt:

89 3190 160 3243 uia
197 3196 354 3249 modo
388 3199 719 3252 animarum
762 3215 849 3253 res
880 3200 1280 3252 tantummodo
1332 3200 1540 3269 agitur,
1576 3206 1711 3254 tunc
1743 3202 1782 3256 C

84 3284 205 3333 utem
244 3284 568 3340 animarum
622 3287 795 3339 simul
845 3291 901 3340 et
957 3302 1263 3356 corporum
1313 3287 1496 3357 gloria
1543 3289 1706 3342 Irata-

84 3374 242 3423 untur.

1752 1919 1789 1972 Β

82 3476 149 3526 Ἀρ.
180 3475 366 3532 LXVII.
418 3509 492 3522 —
525 3480 603 3533 De
648 3482 762 3545 hoc,
815 3483 865 3534 si
893 3482 1017 3535 boni
1047 3482 1205 3535 bonos
1246 3484 1303 3534 in
1334 3497 1516 3548 regno,
1550 3484 1633 3536 vel
1660 3484 1710 3535 si

326 3553 456 3604 mali
488 3553 658 3605 malos
684 3555 740 3605 in
770 3554 1039 3621 supplicio
1068 3558 1385 3621 agnoscant.

108 3632 195 3686 (Er
222 3637 409 3692 eodem.
446 3642 592 3693 Petr.
629 3644 729 3693 int.
769 3641 932 3707 (ἶνες.
982 3641 1152 3709 resp.)
1188 3641 1358 3694 Nosse
1399 3640 1621 3703 vellem,
1662 3641 1709 3694 si

84 3722 157 3773 oni
195 3724 365 3779 bonos
414 3728 473 3781 in
516 3744 715 3798 reguo,
762 3729 849 3782 vel
897 3728 1034 3782 mali
1077 3730 1258 3781 malos
1308 3729 1367 3781 in
1416 3730 1708 3799 suppliciis

82 3820 332 3875 gnoscant.
356 3844 428 3855 —
460 3816 647 3884 Hujus
680 3817 761 3869 rei
794 3817 1077 3870 sententia
1108 3816 1164 3869 in
1198 3817 1383 3870 verbis
1410 3824 1495 3869 est
1529 3817 1710 3871 domi-

85 3896 182 3961 icis,
228 3919 393 3971 quam
438 3906 559 3974 jam
598 3905 861 3974 superius
911 3905 1278 3974 protulimus,
1325 3906 1447 3958 luce
1500 3905 1708 3959 clarius

84 3996 411 4045 emonstrata.
468 3994 531 4047 In
586 3994 798 4064 quibus
845 4010 975 4047 cum
1025 3993 1240 4047 dictum
1293 4000 1486 4046 esset:
1528 3995 1706 4047 Homo

86 4074 244 4129 uidam
276 4088 393 4133 erat
442 4082 622 4147 dives,
669 4088 724 4135 et
755 4081 1104 4135 induebatur
1144 4099 1397 4151 purpura
1432 4088 1486 4134 et
1517 4082 1704 4153 bysso,

81 4165 445 4231 lepulabatur
503 4169 763 4239 quotidie
823 4170 1163 4239 splendide:
1200 4175 1256 4223 et
1305 4175 1425 4223 erat
1473 4170 1707 4240 quidam

82 4252 302 4307 tendicus
336 4257 573 4311 nomine
635 4258 901 4323 Lazarus,
951 4258 1050 4328 qui
1094 4258 1321 4328 jacebat
1373 4258 1439 4311 ad
1468 4259 1707 4327 januam

82 4336 147 4400 ius
176 4341 444 4398 ulceribus
477 4347 705 4416 plenus,
750 4346 985 4416 cupiens
1017 4346 1257 4400 saturari
1290 4346 1356 4399 de
1387 4346 1547 4399 micis
1578 4362 1708 4417 qua:

82 4426 282 4483 adebant
310 4434 378 4487 de
428 4450 627 4489 mensa
676 4436 889 4499 divitis,
923 4440 980 4488 et
1029 4450 1200 4488 nemo
1232 4434 1315 4488 illi
1360 4436 1555 4501 dabat;
1608 4437 1707 4491 sed

82 4516 94 4560 ῐ
132 4530 278 4571 canes
310 4523 637 4592 veniebant,
688 4530 744 4577 et
775 4524 1071 4593 lingebant
1118 4525 1307 4576 ulcera
1351 4524 1513 4593 ejus;
1566 4526 1703 4579 sub-

82 4610 267 4660 inctum
316 4616 415 4674 est,
472 4612 627 4681 quod
676 4613 915 4666 Lazarus
968 4618 1225 4675 mortuus
1284 4618 1609 4679 portaretur
1640 4614 1708 4667 ab

82 4694 234 4757 ngelis
270 4696 321 4750 iu
358 4700 552 4754 sinum
585 4701 848 4767 Abrahae,
883 4706 939 4753 et
972 4706 1232 4752 mortuus
1265 4701 1421 4753 dives
1454 4704 1710 4770 sepultus

82 4784 118 4829 st
152 4782 199 4834 in
245 4785 486 4841 inferno.
536 4789 644 4853 Qui
677 4790 907 4842 elevans
954 4791 1146 4842 oculos
1181 4806 1333 4853 suos,
1384 4805 1512 4842 cum
1563 4797 1710 4845 esset

82 4881 95 4915 ι
125 4874 418 4941 tormentis,
452 4877 597 4931 vidit
643 4878 930 4931 Abraham
962 4894 993 4929 a
1028 4880 1215 4946 longe,
1259 4884 1315 4929 et
1344 4878 1616 4932 Lazarum
1652 4881 1708 4933 in

82 4971 151 5007 nu
195 4961 327 5029 ejus,
363 4971 417 5019 et
462 4967 587 5036 ipse
638 4967 911 5032 clamans,
961 4966 1101 5019 dixit
1137 4984 1149 5018 :
1186 4968 1350 5020 Pater
1398 4966 1705 5034 Abraham,

84 5044 283 5103 userere
332 5054 466 5114 mei.
503 5060 560 5108 et
607 5057 769 5109 mitte
806 5056 1102 5122 LaZurum,
1154 5061 1215 5108 ut
1247 5055 1495 5125 intingat
1524 5061 1707 5111 extre-

84 5148 180 5189 Ium
200 5138 351 5210 digiti
373 5144 461 5197 sui
484 5146 543 5197 in
563 5161 794 5215 aquam,
823 5150 883 5197 ut
906 5144 1203 5213 refrigeret
1227 5144 1477 5212 linguam
1499 5161 1705 5201 meam.

88 5222 134 5273 ui
169 5227 437 5285 Abraham
492 5234 672 5287 dicit:
710 5232 835 5295 Fili,
891 5233 1211 5299 recordare,
1266 5232 1401 5302 quia
1445 5236 1709 5303 recepisti

84 5326 171 5365 una
201 5314 252 5369 in
283 5318 391 5373 vita
442 5327 561 5387 tua,
609 5328 663 5374 et
712 5321 953 5375 Lazarus
1006 5319 1270 5373 similiter
1317 5321 1483 5374 mala.
1548 5323 1710 5376 Dives

82 5402 208 5453 utem
239 5403 303 5456 de
349 5408 539 5477 seipso
578 5409 699 5478 jam
750 5424 911 5477 spem
947 5408 1146 5461 salutis
1196 5424 1312 5461 non
1370 5408 1607 5473 habens,
1638 5411 1708 5465 ad

88 5495 447 5549 romerendam
503 5513 736 5550 suorum
770 5498 1012 5549 salutem
1062 5496 1433 5561 convertitur,
1468 5496 1660 5550 dicens
1695 5514 1707 5551 :

81 5576 183 5641 ίι-ιςο
212 5584 280 5645 ιε,
312 5592 494 5651 pater,
528 5593 589 5639 ut
617 5586 808 5639 mittas
839 5601 971 5638 eum
1006 5585 1066 5638 in
1089 5585 1325 5639 domum
1350 5587 1527 5654 patris
1560 5586 1709 5639 mei.

86 5662 204 5719 abeo
233 5671 377 5726 enim
425 5675 685 5744 quinque
742 5674 964 5737 fratres,
1002 5678 1062 5725 ut
1107 5679 1346 5725 testetur
1388 5672 1519 5733 illis,
1558 5689 1625 5725 ne
1656 5679 1713 5726 et

91 5751 141 5801 isi
186 5758 401 5813 veniant
445 5761 505 5814 iu
559 5762 745 5815 locum
794 5761 948 5816 hunc
1004 5764 1443 5815 tormentorum.
1496 5760 1711 5824 Quibus

1848 727 1979 778 mali
2037 732 2347 795 agnoscant
2379 728 2578 780 malos.
2635 728 2692 779 Si
2732 727 2909 796 igitur
2936 729 3226 780 Abraham
3278 729 3552 782 Lazarum

1846 814 2085 868 minime
2124 820 2579 884 recognosceret,
2616 832 2982 885 nequaquam
3030 817 3097 869 ad
3133 818 3365 870 divitem
3399 818 3547 887 posi-

1843 908 1964 956 tum
2009 904 2069 956 in
2117 905 2416 956 tormentis
2465 906 2534 957 de
2580 909 2863 956 transacta
2907 906 3029 973 ejus
3080 906 3426 958 contritione
3472 906 3553 958 lo-

1842 997 2135 1059 queretur,
2178 991 2373 1044 dicens
2416 1008 2427 1044 :
2462 992 2624 1055 Quod
2677 994 2825 1044 mala
2858 994 3137 1061 receperit
3178 994 3233 1045 in
3278 994 3391 1047 vita
3423 1009 3546 1058 sua,

1839 1079 1905 1130 Et
1936 1078 1984 1130 si
2043 1080 2179 1133 mali
2223 1080 2404 1132 malos
2454 1096 2570 1132 non
2622 1088 3122 1149 recognoscerent,
3178 1098 3546 1151 nequaquam

1840 1165 1995 1219 dives
2039 1167 2098 1221 in
2157 1168 2460 1221 tormentis
2508 1168 2730 1237 positus
2786 1169 3029 1221 fratrum
3084 1186 3319 1222 suorum
3369 1170 3543 1224 etiam

1800 1246 2154 1308 absentiam
2218 1257 2586 1309 meminisset.
2649 1257 2946 1320 Quomodo
3006 1259 3157 1310 enim
3232 1264 3545 1327 praesentes

1837 1360 1951 1397 non
1998 1350 2190 1415 posset
2220 1361 2551 1414 agnoscere,
2588 1345 2687 1414 qui
2719 1345 2889 1398 etiam
2924 1362 3027 1413 pro
3058 1346 3383 1399 absentium
3415 1363 3540 1401 me-

1835 1433 2018 1486 moria
2047 1434 2267 1486 curavit
2297 1434 2569 1486 exorare‘?
2595 1434 2714 1497 Qua
2741 1434 2799 1485 in
2837 1450 2896 1486 re
2925 1434 3063 1487 illud
3092 1451 3322 1505 quoque
3355 1443 3543 1489 osten-

1833 1522 2008 1587 ditur,
2043 1523 2193 1591 quod
2228 1538 2589 1592 nequaquam
2625 1522 2745 1591 ipse
2778 1522 3070 1591 requisisti
3101 1539 3113 1575 :
3146 1525 3283 1593 quia
3315 1530 3370 1576 et
3400 1524 3539 1578 boni

1832 1611 2033 1675 malos,
2084 1616 2141 1664 et
2170 1611 2305 1663 mali
2339 1617 2699 1678 cognoscunt
2744 1611 2945 1665 bonos.
3000 1613 3139 1664 Nam
3189 1617 3245 1664 et
3278 1612 3435 1665 dives
3466 1612 3537 1666 ab

1831 1698 2119 1752 Abraham
2168 1700 2553 1768 cognoscitur,
2588 1715 2716 1752 cum
2769 1700 2983 1753 dictum
3026 1706 3111 1752 est
3146 1716 3157 1752 :
3192 1700 3532 1766 Recordare,

1831 1786 1963 1856 quia
2017 1787 2279 1856 recepisti
2330 1788 2478 1840 bona
2528 1788 2587 1839 in
2622 1788 2733 1839 vita
2764 1793 2985 1840 tua:et
3034 1789 3246 1841 electus
3293 1789 3536 1842 Lazarus

1830 1890 1863 1927 a
1892 1875 2136 1945 reprobo
2190 1880 2273 1928 est
2302 1875 2477 1929 divite
2529 1876 2812 1943 cognitus,
2855 1892 3027 1946 quem
3064 1877 3211 1929 mitti
3267 1882 3535 1946 precatur

1830 1980 1896 2017 ex
1963 1964 2221 2031 nomine,
2288 1964 2480 2018 dicens
2532 1981 2544 2017 :
2598 1966 2749 2018 Mitte
2811 1966 3106 2029 Lazarum,
3166 1970 3227 2018 ut
3287 1966 3533 2034 intingat

1830 2058 2146 2105 extremum
2201 2052 2365 2123 digiti
2424 2053 2511 2105 sui
2563 2052 2623 2105 in
2679 2069 2909 2123 aquam,
2943 2060 3006 2106 ut
3054 2054 3359 2123 refrigeret
3418 2054 3530 2107 lin-

1827 2156 2001 2211 guam
2051 2157 2257 2194 meam.
2294 2143 2353 2194 In
2390 2157 2504 2211 qua
2546 2142 2807 2194 videlicet
2854 2142 3181 2207 cognitione
3232 2142 3529 2211 utriusque

1826 2230 2004 2299 partis
2035 2230 2300 2283 cumulus
2332 2229 2728 2283 retributionis
2759 2230 3048 2296 excrescit,
3085 2235 3140 2282 et
3164 2235 3223 2283 ut
3250 2231 3383 2283 boni
3414 2246 3531 2282 am-

1825 2316 1978 2386 plius
2017 2318 2308 2387 gaudeant
2343 2334 2355 2370 :
2390 2317 2529 2387 quia
2559 2333 2749 2370 secum
2787 2334 2881 2370 eos
2914 2316 3097 2370 laetari
3144 2317 3524 2387 conspiciunt,

1824 2421 1971 2476 quos
2018 2411 2357 2459 amaverunt
2389 2423 2401 2458 :
2436 2411 2494 2459 et
2526 2406 2662 2459 mali
2692 2407 2828 2458 dum
2860 2421 2988 2458 cum
3035 2405 3116 2458 eis
3161 2411 3526 2475 torquentur,

1798 2510 1967 2564 quos
1993 2493 2053 2547 in
2083 2495 2192 2547 hoc
2223 2494 2437 2547 mundo
2464 2494 2733 2562 despecto
2766 2494 2880 2547 Deo
2913 2494 3255 2557 dilexerunt,
3288 2509 3383 2545 eos
3414 2510 3528 2548 non

1824 2583 2011 2636 solum
2062 2598 2182 2649 sua,
2243 2583 2341 2635 sed
2374 2583 2549 2635 etiam
2601 2598 2802 2635 eorum
2853 2597 3023 2651 poena
3069 2586 3390 2635 consumat.
3445 2582 3531 2635 Fit

1824 2677 2018 2724 autem
2064 2671 2125 2723 in
2156 2672 2349 2724 electis
2396 2670 2670 2739 quiddam
2723 2670 3043 2724 mirabilius
3079 2687 3090 2723 :
3126 2671 3263 2739 quia
3290 2686 3405 2723 non
3439 2687 3528 2723 so-

1825 2760 1942 2812 lum
1995 2776 2091 2812 eos
2122 2766 2479 2828 cognoscunt
2530 2774 2672 2828 quos
2722 2758 2781 2811 in
2812 2758 3167 2811 hocmundo
3220 2762 3526 2822 noverunt,

1823 2848 1917 2901 sed
1950 2848 2103 2900 velut
2132 2847 2279 2899 visos
2310 2862 2373 2899 ac
2403 2847 2666 2913 cognitos
2695 2852 3113 2915 recognoscunt
3148 2845 3346 2910 bonos,
3380 2862 3526 2914 quos

1824 2950 2120 3004 nunquam
2154 2935 2435 2987 viderunt.
2477 2935 2617 2987 Nam
2650 2950 2777 2986 cum
2813 2934 3080 3002 antiquos
3110 2943 3304 3002 patres
3337 2933 3393 2985 in
3426 2934 3524 2986 illa

1823 3029 2033 3077 aeterna
2060 3022 2399 3076 haereditate
2422 3021 2689 3083 viderint,
2714 3022 2794 3074 eis
2824 3022 3098 3089 incogniti
3121 3037 3223 3089 per
3244 3020 3523 3075 visionem

1823 3128 1935 3165 non
1988 3115 2175 3176 erunt,
2235 3126 2377 3180 quos
2430 3111 2490 3163 in
2522 3126 2696 3177 opere
2745 3126 2972 3178 semper
3023 3116 3326 3162 noverunt.
3378 3110 3523 3173 Quia

1820 3202 1974 3252 enim
2018 3200 2135 3253 illic
2166 3214 2365 3252 omnes
2414 3198 2710 3252 communi
2762 3199 3015 3251 claritate
3051 3199 3228 3250 Deum
3286 3198 3519 3267 conspi-

1820 3288 1997 3349 ciunt,
2031 3289 2167 3358 quid
2202 3293 2287 3341 est
2308 3287 2461 3356 quod
2489 3288 2565 3339 ibi
2592 3287 2862 3359 nesciant,
2897 3287 2993 3339 ubi
3027 3286 3301 3339 scientem
3326 3287 3521 3338 omnia

1820 3376 2054 3430 sciunt?
2104 3377 2243 3431 Nam
2279 3376 2514 3447 quidam
2548 3382 2743 3428 noster
2774 3380 2829 3427 et
2858 3374 2988 3427 vitze
3038 3375 3378 3427 venerabilis
3412 3375 3516 3441 vir,

1820 3466 2238 3535 religiosusque
2289 3465 2449 3517 valde
2501 3470 2558 3517 et
2605 3463 2930 3530 laudabilis,
2975 3479 3106 3515 cum
3158 3469 3289 3516 ante
3336 3462 3517 3516 trien-

1818 3554 1981 3607 nium
2029 3559 2375 3611 moreretur.
2425 3552 2569 3604 sicut
2617 3551 2872 3621 religiosi
2914 3551 3030 3616 alii,
3078 3551 3175 3620 qui
3213 3557 3520 3619 praesentes

1816 3641 2067 3707 fuerunt,
2136 3640 2328 3693 testati
2393 3646 2542 3704 sunt,
2599 3639 2658 3692 in
2726 3640 2866 3692 hora
2934 3639 3022 3691 sui
3072 3638 3255 3691 exitus
3315 3641 3518 3693 Jonam

1817 3731 2180 3800 prophetam,
2234 3727 2585 3782 Ezechielem
2636 3743 2868 3796 quoque
2901 3733 2956 3779 et
3001 3726 3298 3779 Dauielem
3348 3727 3520 3796 ccepit

1819 3818 2090 3888 aspicere.
2152 3816 2303 3879 Quos
2352 3815 2489 3869 dum
2549 3814 2767 3867 venisse
2819 3814 2887 3868 ad
2937 3830 2994 3866 se
3026 3814 3256 3877 diceret,
3315 3822 3372 3867 et
3419 3815 3517 3868 de-

1817 3906 2031 3976 pressis
2059 3904 2372 3958 luminibus
2394 3904 2474 3957 eis
2495 3903 2826 3956 reverentiae
2849 3902 3188 3972 obsequium
3213 3903 3516 3972 praeberet,

1819 4011 1884 4049 ex
1911 4010 2079 4047 carne
2112 3993 2347 4047 eductus
2367 3996 2469 4044 est.
2504 3992 2626 4055 Qua
2648 3991 2704 4043 in
2739 4006 2798 4043 re
2829 3997 3023 4060 aperte
3049 3992 3215 4045 datur
3246 3991 3513 4061 intelligi,

1818 4100 1946 4153 quae.
1978 4082 2087 4135 erit
2117 4082 2177 4135 in
2208 4081 2305 4134 illa
2354 4078 2774 4148 incorruptibili
2806 4080 2916 4132 vita
2951 4080 3173 4145 notitia,
3206 4080 3251 4132 si
3299 4080 3382 4132 vir
3412 4080 3517 4134 iste

1818 4172 2005 4226 adhuc
2047 4171 2106 4224 in
2136 4186 2303 4223 carne
2351 4169 2711 4239 corruptibili
2759 4169 2997 4238 positus,
3039 4169 3349 4238 prophetas
3396 4186 3520 4221 san-

1818 4267 1958 4327 ctos,
2011 4275 2155 4329 quos
2189 4258 2461 4312 nimirum
2511 4274 2808 4327 nunquam
2843 4257 3002 4323 vidit,
3059 4257 3312 4324 agnovit.
3367 4257 3522 4312 Solet

1819 4356 2007 4403 autem
2056 4349 2396 4418 plerumque
2445 4348 2805 4416 contingere,
2858 4352 2919 4399 ut
2972 4361 3271 4415 egressura
3328 4346 3521 4400 anima

1821 4455 1920 4492 eos
1967 4439 2140 4490 etiam
2188 4440 2558 4504 recognoscat
2610 4450 2739 4487 cum
2783 4435 2992 4505 quibus
3036 4450 3139 4503 pro
3190 4434 3521 4504 aequalitate

1822 4528 2142 4596 culparum,
2196 4524 2282 4576 vel
2332 4522 2502 4575 etiam
2540 4522 2936 4591 praemiorum,
2986 4522 3045 4573 in
3074 4537 3189 4574 una
3236 4527 3321 4575 est
3352 4538 3521 4575 man-

1820 4614 1980 4669 sione
2012 4612 2337 4683 deputanda
2373 4627 2385 4665 :
2421 4610 2572 4680 quod
2605 4610 2771 4663 multi
2808 4609 2867 4662 in
2898 4625 2966 4662 eo
2998 4609 3152 4662 exitu
3199 4610 3393 4662 vident
3421 4610 3520 4680 qui

1820 4707 1917 4755 aut
1945 4701 2005 4754 in
2034 4715 2213 4768 regno
2243 4704 2342 4751 aut
2371 4698 2430 4750 in
2462 4697 2743 4766 supplicio
2780 4712 2946 4764 pares
2976 4695 3359 4749 habebuntur.

1821 4808 1946 4862 CAP.
1998 4806 2230 4860 LXVIII.
2268 4833 2329 4843 —
2367 4807 2439 4857 De
2471 4804 2584 4865 hoc,
2617 4805 2667 4856 si
2706 4805 2851 4866 ignis
2899 4805 3258 4869 purgatorius
3291 4803 3519 4856 creden-

1820 4879 1922 4933 dus
1951 4881 2044 4942 sit,
2088 4878 2185 4946 qui
2223 4880 2345 4944 post
2373 4880 2593 4928 mortem
2638 4877 2854 4928 animas
2886 4890 2917 4925 (ι
2960 4875 3192 4941 peccatis
3232 4880 3515 4941 expurget.

1892 4967 1999 5035 (Ex
2028 4963 2226 5018 eodem.
2264 4964 2407 5016 Petr.
2454 4964 2554 5014 int.
2592 4961 2749 5027 Greg.
2782 4963 2952 5029 resp.)
2991 4962 3211 5014 Discere
3240 4962 3440 5014 vellem
3474 4962 3521 5015 si

1819 5061 1946 5125 post
1978 5058 2217 5106 mortem
2255 5051 2405 5121 ignis
2433 5050 2799 5119 purgatorius
2831 5065 2952 5102 esse
2982 5050 3301 5104 credendus
3330 5056 3524 5107 est.—

1820 5144 1881 5196 ln
1912 5139 2215 5210 Evangelia
2264 5138 2538 5192 Dominus
2583 5138 2720 5192 dicit
2752 5154 2766 5191 :
2799 5138 3120 5201 Ambulate,
3161 5139 3298 5192 dum
3336 5141 3521 5194 lucem

1820 5230 2061 5285 habetis.
2096 5230 2204 5282 Per
2246 5227 2583 5298 prophetam
2627 5244 2859 5297 quoque
2890 5230 2972 5281 ait
3007 5243 3021 5280 :
3051 5229 3328 5298 Tempore
3362 5244 3519 5281 acce-

1820 5326 1918 5390 pto
1968 5316 2231 5372 exaudivi
2265 5322 2333 5378 te,
2391 5316 2537 5370 etin
2589 5316 2680 5370 die
2733 5317 2932 5370 salutis
2990 5317 3182 5386 adjuvi
3231 5322 3305 5370 te.
3361 5316 3523 5379 Quod

1823 5408 2029 5462 Paulus
2058 5406 2349 5475 apostolus
2379 5422 2693 5473 exponens,
2726 5406 2868 5459 dixit
2902 5422 2913 5458 :
2942 5406 3075 5459 Ecce
3107 5420 3259 5458 nunc
3291 5408 3521 5475 tempus

1820 5495 2187 5565 acceptabile,
2234 5500 2339 5548 etc.
2394 5495 2663 5549 Salomon
2699 5510 2929 5565 quoque
2962 5493 3039 5546 ait
3084 5509 3095 5545 :
3133 5493 3522 5563 Qum‘cunque

1822 5588 2005 5653 potest
2030 5599 2235 5637 manus
2265 5589 2361 5636 tua
2392 5583 2596 5646 facere,
2627 5582 2903 5635 instanter
2931 5596 3169 5649 operare
3206 5596 3218 5633 :
3254 5581 3389 5651 quia
3418 5596 3524 5635 nec

1822 5689 1985 5742 opus,
2019 5688 2121 5724 nec
2152 5672 2317 5736 ratio,
2347 5688 2449 5725 nec
2492 5671 2752 5737 scientia,
2785 5686 2884 5722 nec
2916 5668 3198 5739 sapientia
3228 5669 3340 5721 erit
3369 5671 3521 5739 apud

1822 5760 2050 5825 inferos,
2085 5776 2200 5830 quo
2232 5765 2295 5815 tu
2328 5774 2617 5830 properas.
2648 5757 2818 5812 David
2842 5773 3074 5828 quoque
3094 5758 3175 5811 ait
3199 5774 3211 5811 :
3235 5757 3521 5821 Quoniam
