3966 6392
380 363 511 420 lii-53

1463 362 1872 418 BURCHARDI
1910 359 2443 418 WORMACIENSIS
2481 358 2812 414 EPISCOPI.

3764 355 3898 408 lO-ii

374 485 437 542 in
467 487 737 540 saeculum
788 485 1184 540 misericordia
1231 486 1372 555 ejus.
1426 487 1500 540 Ex
1545 486 1754 557 quibus
1803 486 2076 540 nimirum
2108 487 2154 540 Α
2195 486 2352 540 valde
2391 483 2582 551 bonis,
2635 489 2699 537 nt
2728 483 2898 554 plena
2946 481 3211 536 remissio
3264 480 3383 535 ﬁat.
3417 483 3525 534 Pro
3572 497 3688 534 non
3736 478 3906 533 valde

378 575 678 630 sententiis
727 580 952 629 constat
997 574 1132 646 quia
1164 575 1349 644 qualis
1380 574 1512 628 hinc
1561 576 1807 645 quisque
1853 575 2082 645 egredi-

379 668 492 728 tur,
532 663 660 716 talis
690 663 747 716 in
772 662 993 732 judicio
1036 668 1434 733 praesentatur.
1469 663 1576 718 Sed
1612 670 1802 717 tamen
1847 665 1916 718 de
1947 664 2084 733 qui—

379 751 622 806 busdam
670 751 888 804 levibus
920 751 1102 822 culpis
1146 767 1266 804 esse
1299 757 1428 805 ante
1467 751 1754 822 judicium
1803 758 2082 824 purgato-

382 841 504 894 rius
558 839 708 911 ignis
755 840 1074 894 credendus
1132 845 1238 907 est,
1291 857 1356 894 eo
1415 841 1568 911 quod
1627 841 1846 894 Veritas
1904 841 2081 894 dicit:

385 928 522 999 quia
562 928 610 981 si
640 927 771 998 quis
806 927 866 980 in
913 927 1188 997 Spiritum
1235 933 1496 981 sanctum
1546 927 1965 998 blasphemiam
2006 929 2089 982 di-

384 1017 550 1083 xerit,
601 1032 706 1070 nec
759 1015 820 1069 in
880 1015 987 1070 hoc
1034 1017 1243 1069 saeculo
1295 1017 1619 1070 remittetur
1666 1017 1740 1083 ei,
1789 1033 1978 1087 neque
2027 1017 2090 1070 in

387 1106 600 1160 futuro.
672 1105 734 1158 In
785 1120 898 1175 qua
943 1105 1228 1158 sententia
1277 1104 1445 1158 datur
1495 1105 1758 1175 intelligi,
1810 1105 2089 1176 quasdam

389 1191 586 1262 culpas
616 1193 677 1244 in
708 1191 815 1244 hoc
861 1192 1092 1257 saeculo,
1126 1191 1404 1262 quasdam
1435 1208 1564 1245 vero
1595 1192 1655 1246 in
1703 1193 1896 1246 futuro
1927 1208 2090 1262 posse

392 1280 656 1336 relaxari.
724 1280 886 1344 Quod
971 1280 1126 1334 enim
1194 1281 1265 1334 de
1353 1297 1469 1335 uno
1552 1285 1826 1350 negatur,
1892 1297 2090 1334 conse-

392 1375 636 1441 quenter
665 1369 987 1423 intellectus
1041 1375 1201 1439 patet
1257 1369 1392 1441 quia
1429 1371 1497 1423 de
1554 1369 1896 1440 quibusdam
1950 1386 2090 1423 con-

393 1459 633 1513 ceditur.
667 1458 775 1513 Sed
805 1463 1021 1526 tamen,
1067 1465 1132 1512 ut
1162 1458 1423 1528 praedixi,
1452 1459 1561 1512 hoc
1600 1459 1668 1512 de
1700 1459 1888 1529 parvis
1921 1458 2092 1511 mini-

396 1548 619 1618 misque
671 1548 914 1617 peccatis
963 1547 1088 1601 tieri
1138 1563 1305 1617 posse
1357 1547 1706 1601 credendum
1755 1553 1839 1601 est
1888 1564 1900 1600 :
1952 1548 2097 1600 sicut

397 1643 480 1690 est
523 1635 788 1690 assiduus
821 1635 1040 1689 otiosus
1086 1651 1294 1699 sermo,
1348 1635 1757 1688 immoderatus
1804 1634 1973 1701 risus,
2006 1635 2094 1688 vel

396 1728 692 1795 peccatum
723 1739 870 1777 cura;
901 1723 986 1777 rei
1025 1723 1367 1777 familiaris:
1396 1739 1526 1793 quas
1558 1723 1646 1776 vix
1681 1723 1800 1776 sine
1827 1725 1994 1793 culpa
2025 1722 2094 1776 ab

398 1811 537 1883 ipsis
584 1811 792 1882 agitur,
863 1811 962 1882 qui
1004 1813 1200 1881 culpas
1247 1811 1493 1882 qualiter
1541 1811 1815 1865 declinari
1854 1811 2101 1866 debeant

400 1901 607 1968 sciunt,
641 1908 740 1954 aut
769 1917 886 1954 non
930 1901 991 1954 in
1021 1899 1289 1971 gravibus
1319 1899 1488 1953 rebus
1537 1915 1698 1952 error
1734 1899 2097 1970 ignorantiae,

402 2005 533 2060 quae
581 1993 784 2042 cuncta
832 1989 1004 2042 etiam
1054 1994 1184 2059 post
1235 1995 1481 2042 mortem
1527 1994 1788 2059 gravant,
1821 1988 1868 2042 si
1915 1989 2103 2042 adhuc

404 2078 462 2132 in
496 2078 603 2131 hac
632 2077 744 2130 vita
789 2077 992 2146 positis
1023 2076 1260 2130 minime
1305 2077 1521 2130 fuerint
1567 2077 1837 2130 relaxata.
1878 2077 2017 2130 Nam
2048 2081 2106 2130 et

404 2181 534 2220 cum
601 2166 810 2218 Paulus
881 2165 1030 2220 dicat
1108 2165 1396 2220 Christum
1464 2181 1587 2218 esse
1643 2165 2103 2231 fundamentum,

407 2260 579 2325 atque
609 2253 921 2324 subjungat
955 2269 966 2308 :
1001 2253 1058 2308 Si
1089 2254 1216 2324 quis
1238 2253 1779 2323 supersediiicaverit
1805 2269 1978 2323 super
2001 2254 2107 2307 hoc

407 2341 870 2406 fundamentum,
923 2358 1128 2396 aurum
1172 2347 1226 2396 et
1257 2348 1584 2411 argentum,
1637 2342 1854 2412 lapides
1893 2342 2106 2412 pretio-

408 2446 522 2497 sos,
579 2430 760 2500 ligna,
812 2431 1052 2494 foenum,
1118 2431 1412 2501 stipulam,
1462 2430 1912 2500 uniuscujusque
1963 2445 2108 2499 opus

410 2519 582 2590 quale
631 2519 702 2572 sit
749 2519 897 2589 ignis
941 2519 1241 2589 probabit;
1278 2518 1324 2572 si
1374 2520 1536 2589 cujus
1575 2535 1720 2589 opus
1765 2519 1971 2572 arserit.
2009 2519 2108 2572 de-

410 2607 746 2662 trimentum
781 2607 1052 2677 patietur,
1079 2607 1202 2679 ipse
1232 2613 1422 2662 autem
1456 2608 1642 2662 salvus
1662 2608 1789 2670 erit,
1814 2606 1893 2661 sic
1916 2612 2110 2661 tamen

413 2695 576 2766 quasi
615 2713 720 2766 per
746 2697 970 2766 ignem;
1017 2697 1280 2768 quamvis
1321 2697 1428 2751 hoc
1460 2696 1530 2750 de
1562 2697 1695 2766 igne
1728 2696 2112 2750 tribulationis

413 2783 472 2840 in
506 2785 609 2837 bac
639 2783 806 2838 nobis
834 2784 946 2838 vita
977 2785 1250 2838 adhibitio
1281 2786 1457 2855 possit
1486 2784 1749 2854 intelligi,
1783 2789 2032 2838 attamen
2066 2784 2111 2837 si

415 2871 542 2944 quis
571 2872 693 2926 haec
732 2873 802 2927 de
836 2873 970 2943 igne
1013 2873 1224 2928 futura
1271 2873 1630 2944 purgationis
1675 2873 1936 2943 accipiat,
1968 2890 2112 2943 pen-

415 2962 654 3016 sandum
708 2962 947 3016 sollicite
1013 2968 1144 3017 est:
1179 2963 1315 3033 quia
1381 2963 1543 3016 illum
1607 2962 1749 3017 dixit
1798 2978 1961 3032 posse
2015 2978 2116 3032 per

417 3051 612 3122 ignem
641 3051 868 3117 salvari,
901 3067 1014 3105 non
1046 3050 1146 3121 qui
1178 3067 1352 3121 super
1381 3051 1492 3105 hoc
1514 3051 1953 3105 fundamentum
1996 3051 2114 3104 fer-
2147 3043 2187 3099 C

419 3156 568 3206 rum,
601 3156 700 3203 ms,
749 3141 832 3194 vel
867 3141 1168 3210 plumbum
1223 3140 1485 3202 eediticat,
1523 3139 1580 3194 id
1611 3145 1695 3194 est
1735 3145 1967 3208 peccata
1999 3155 2113 3192 ma-

413 3229 562 3298 jora,
608 3233 664 3282 et
689 3228 900 3282 idcirco
944 3229 1197 3295 duriora,
1230 3233 1400 3298 atque
1435 3230 1558 3300 jam
1589 3233 1726 3282 tunc
1756 3228 2114 3296 insolubilia;

422 3315 520 3369 sed
555 3315 732 3386 ligna,
783 3316 1023 3386 foenum,
1074 3316 1366 3387 stipulam,
1412 3316 1470 3370 id
1503 3321 1586 3370 est
1614 3321 1848 3386 peccata
1878 3315 2118 3370 minima

423 3409 595 3473 atque
643 3405 952 3470 levissima,
1021 3421 1149 3476 quae
1198 3406 1352 3476 ignis
1414 3405 1576 3460 facile
1634 3405 1938 3459 consumit.
2005 3405 2121 3459 Hoc

423 3497 618 3546 tamen
666 3493 959 3548 sciendum
1006 3498 1094 3548 est
1125 3509 1138 3547 :
1166 3493 1304 3564 quia
1327 3494 1446 3548 illic
1507 3495 1710 3548 saltem
1747 3494 1817 3548 de
1864 3493 2122 3548 minimis

426 3582 505 3634 nil
551 3582 798 3653 quisque
869 3583 1232 3653 purgationis
1287 3582 1588 3648 obtinebit,
1641 3582 1749 3637 nisi
1808 3582 1975 3636 bonis
2014 3582 2124 3636 hoc

426 3672 647 3726 actibus
695 3673 753 3726 in
786 3671 891 3727 hac
935 3672 1124 3728 adhuc
1171 3674 1288 3728 vita
1317 3675 1555 3744 positus,
1590 3679 1652 3728 ut
1680 3673 1797 3728 illic
1843 3670 2120 3737 obtineat,

421 3766 839 3832 promereatur.

423 3869 552 3923 Car.
593 3869 762 3923 LXIX.
799 3899 868 3908 ——
915 3869 1067 3934 Quod
1102 3885 1239 3923 unus
1287 3871 1363 3923 sit
1402 3871 1651 3936 gehennae
1681 3869 1846 3937 ignis,
1897 3867 1991 3920 sed
2017 3881 2125 3920 non

899 3955 1005 3993 uno
1035 3940 1191 3993 modo
1221 3955 1399 3994 omnes
1429 3943 1648 3993 cruciet.

498 4029 608 4093 (Ea:
623 4026 803 4081 eodem
830 4029 967 4080 Petr.
993 4031 1094 4080 int.
1122 4028 1280 4094 Greg.
1308 4029 1480 4097 resp.)
1513 4029 1715 4092 Quaeso
1735 4033 1810 4093 te,
1836 4042 1986 4080 unus
2003 4041 2125 4078 esse

427 4114 708 4184 gehennae
738 4113 887 4184 ignis
926 4115 1242 4169 credendus
1271 4120 1374 4182 est,
1412 4133 1484 4170 an
1516 4121 1730 4187 quanta
1759 4120 2122 4185 peccatorum

427 4202 728 4257 diversitas
745 4202 937 4270 fuerit,
964 4208 1118 4256 tanta
1140 4220 1371 4274 quoque
1406 4209 1461 4258 et
1487 4205 1610 4274 ipsa
1639 4203 1974 4258 restituenda
1994 4206 2129 4256 sunt

2195 575 2360 627 malis
2390 573 2831 642 propitiationes
2867 578 3021 637 sunt,
3065 577 3126 624 ut
3152 571 3506 624 tolerabilior
3535 571 3635 623 tiat
3661 571 3908 624 damna-

2194 662 2296 716 tio.
2349 663 2455 718 Pro
2504 662 2663 715 valde
2713 661 2902 729 malis,
2948 677 3063 714 non
3116 661 3454 729 adjnmenta
3512 663 3909 722 mortuorum,

2197 751 2296 804 sed
2327 755 2547 803 tantum
2581 750 2997 803 Consolatione-5
3019 749 3278 802 vivorum
3315 754 3467 801 sunt.

2198 840 2326 893 ΟΑΡ.
2363 839 2533 893 LXXI.
2566 867 2630 880 —-
2660 842 2776 892 Cur
2807 844 3115 891 sanctorum
3145 840 3341 891 anima?
3383 852 3482 905 pro
3527 837 3764 889 inimicis
3793 835 3913 888 suis

2266 926 2373 963 non
2423 914 2594 976 orent,
2627 911 2846 978 quando
2891 925 2976 963 eos
3025 913 3082 962 in
3133 911 3256 975 igne
3284 896 3481 962 aeterno
3529 908 3721 961 ardere
3770 896 3962 975 pro-'

2269 984 2564 1048 spem-rint.

2272 1045 2379 1121 (Ea:
2405 1052 2604 1105 eodem.
2657 1053 2800 1105 Petr.
2847 1052 2947 1104 int.
2985 1050 3145 1118 Grcg.
3178 1049 3348 1120 resp.)
3385 1050 3450 1102 Et
3494 1048 3593 1102 ubi
3622 1052 3706 1101 est
3749 1045 3917 1117 quod

2201 1141 2378 1193 sancti
2411 1145 2566 1204 sunt,
2614 1139 2659 1192 si
2692 1155 2794 1208 pro
2853 1137 3102 1191 inimicis
3160 1137 3276 1190 suis
3307 1154 3450 1208 quos
3499 1143 3638 1190 tunc
3700 1134 3917 1189 ardere

2201 1226 2465 1291 viderint,
2503 1241 2621 1279 non
2652 1224 2935 1278 orabunt?
2966 1253 3036 1264 —-
3061 1224 3279 1288 Quibus
3313 1223 3514 1294 utique
3539 1223 3755 1277 dictum
3781 1223 3874 1274 est
3903 1236 3915 1272 :

2205 1314 2312 1367 Pro
2341 1314 2588 1367 inimicis
2616 1313 2815 1366 vestris
2847 1318 3024 1366 orate.
3060 1314 3234 1367 Orant
3270 1329 3370 1383 pro
3405 1312 3654 1364 inimicis
3688 1310 3808 1363 suis
3844 1324 3917 1361 eo

2203 1409 2460 1471 tempore
2525 1418 2638 1473 quo
2700 1407 2944 1471 possunt
2989 1401 3060 1454 ad
3111 1401 3457 1454 fructuosam
3508 1398 3916 1470 penitentiam

2205 1507 2404 1545 eorum
2463 1491 2637 1544 corda
2701 1495 3055 1555 convertere,
3128 1495 3300 1559 atque
3357 1488 3480 1558 ipsa
3535 1486 3946 1541 conversioner

2207 1583 2440 1633 salvare.
2482 1578 2627 1643 Quid
2664 1579 2815 1632 enim
2845 1578 2999 1632 aliud
3032 1594 3137 1647 pro
3180 1577 3428 1630 inimicis
3467 1577 3584 1629 suis
3623 1575 3921 1628 orandum

2207 1672 2310 1733 est,
2363 1667 2472 1720 nisi
2520 1669 2628 1720 hoc
2674 1667 2826 1737 quod
2875 1665 2952 1720 ait
2981 1666 3290 1735 Apostolus
3326 1682 3338 1718 ε
3378 1666 3446 1718 Ut
3491 1664 3587 1718 det
3618 1663 3729 1716 illis
3761 1663 3925 1718 Dens

2209 1755 2606 1827 paenitentiam
2676 1755 2746 1808 ad
2790 1753 3248 1825 cognoscendam
3315 1752 3636 1820 veritatem,
3682 1755 3739 1804 et
3778 1748 3928 1803 resi-

2211 1845 2432 1914 piscant
2462 1861 2495 1897 a
2540 1843 2758 1897 diaboli
2806 1841 3050 1913 laqueis,
3081 1857 3112 1894 a
3139 1857 3252 1911 quo
3301 1840 3506 1910 captivi
3538 1843 3816 1892 tenentur
3851 1835 3925 1889 ad

2210 1933 2392 2002 ipsius
2423 1933 2776 1985 voluntatem
2797 1934 2824 1982 ?
2856 1931 2922 1984 Et
2947 1929 3241 2000 quomodo
3272 1945 3377 1998 pro
3416 1927 3531 1980 illis
3557 1933 3694 1980 tunc
3728 1925 3930 1980 orabi-

2211 2028 2327 2087 tur,
2361 2020 2460 2091 qui
2486 2019 2609 2089 jam
2640 2021 2967 2074 nullatenus
2999 2022 3240 2089 possunt
3267 2017 3334 2070 ad
3363 2015 3600 2086 justitiaa
3633 2031 3815 2084 opera
3850 2012 3928 2066 ab

2213 2109 2517 2180 iniquitate
2567 2106 2959 2161 commutari?
3012 2106 3218 2159 Eadem
3267 2105 3460 2174 itaque
3496 2119 3667 2156 causa
3699 2107 3786 2155 est
3819 2117 3931 2154 cur

2215 2213 2331 2251 non
2363 2201 2558 2250 oretur
2589 2201 2725 2249 tunc
2756 2211 2860 2264 pro
2893 2193 3224 2248 hominibus
3253 2198 3467 2246 aeterno
3505 2191 3638 2261 igne
3671 2190 3934 2244 damna-

2213 2285 2307 2349 tis,
2341 2300 2470 2354 quae
2510 2299 2664 2347 nunc
2713 2282 2884 2335 etiam
2936 2297 3104 2334 causa
3143 2285 3248 2345 est,
3289 2284 3352 2332 ut
3396 2296 3511 2332 non
3575 2283 3774 2332 oretur
3821 2294 3933 2348 pro

2216 2373 2468 2438 diabolo,
2511 2371 2847 2441 angelisque
2897 2370 3020 2440 ejus
3051 2374 3264 2423 aeterno
3293 2368 3576 2438 supplicio
3609 2367 3932 2437 deputatis.

2216 2464 2353 2528 Quae
2394 2477 2546 2516 nunc
2575 2462 2747 2515 etiam
2797 2477 2963 2515 causa
3009 2465 3094 2512 est
3125 2464 3330 2512 utnon
3363 2463 3530 2511 orent
3585 2457 3763 2510 sancti
3816 2457 3938 2509 lio-

2219 2554 2420 2615 mines,
2464 2568 2568 2622 pro
2615 2549 2948 2605 horninibus
2979 2549 3036 2602 in
3077 2548 3345 2602 ﬁdelibus
3381 2547 3686 2618 impiisque
3726 2545 3938 2599 defun-

2221 2641 2327 2696 ctis
2361 2658 2373 2694 :
2405 2640 2513 2693 nisi
2543 2639 2679 2710 quia
2729 2639 2798 2692 de
2841 2638 2922 2690 eis
2954 2654 3098 2708 quos
3139 2637 3338 2707 utique
3371 2636 3673 2706 deputatos
3706 2639 3937 2687 aeterno

2221 2730 2501 2802 supplicio
2525 2730 2646 2800 jam
2695 2727 2984 2792 noverint,
3028 2731 3157 2779 ante
3190 2726 3353 2778 illum
3381 2724 3593 2794 judicis
3616 2723 3756 2792 justi
3788 2739 3938 2775 con-

2222 2825 2422 2889 spectu
2484 2815 2759 2871 orationis
2822 2831 2938 2868 sum
2999 2815 3267 2868 meritum
3320 2812 3530 2866 cassari
3588 2810 3939 2881 refugiunt?

2223 2909 2383 2973 Quod
2431 2907 2475 2960 si
2525 2922 2679 2960 nunc
2741 2921 2972 2976 quoque
3034 2905 3284 2956 viventes
3336 2903 3498 2971 justi,
3563 2901 3808 2954 mortuis
3880 2904 3939 2951 et

2225 2996 2512 3049 damnatis
2579 2994 2806 3064 injustis
2874 2992 3113 3046 minime
3179 2991 3633 3061 compatiuntur,
3696 2988 3938 3058 quando

2229 3086 2412 3140 adhuc
2454 3083 2670 3154 aliquid
2717 3081 3026 3154 judicabile
3075 3081 3143 3132 de
3193 3096 3296 3133 sua
3334 3095 3502 3132 carne
3544 3094 3663 3131 sese
3702 3075 3940 3146 perpeti

2228 3174 2400 3227 etiam
2427 3172 2538 3242 ipsi
2567 3170 2831 3224 noverint
2863 3186 2876 3224 :
2909 3173 3124 3238 quanto
3156 3167 3469 3221 districtius
3509 3171 3644 3220 tunc
3693 3165 3939 3236 iniquu-

2228 3280 2357 3317 rum
2396 3264 2684 3314 tormenta
2715 3258 3046 3329 respiciunt,
3080 3255 3310 3327 quando
3363 3255 3432 3308 ab
3461 3254 3618 3308 omni
3650 3253 3777 3308 vitm
3813 3270 3942 3307 cor-

2229 3350 2497 3422 ruptione
2561 3347 2744 3413 exuti,
2805 3346 2914 3415 ipsi
2969 3345 3090 3415 jam
3153 3343 3391 3414 justitia:
3449 3342 3692 3396 vicinius
3760 3348 3941 3411 atque

2231 3458 2294 3494 ar
2331 3439 2443 3493 tius
2487 3433 2892 3490 inhaerebunt?
2917 3433 3006 3487 Sic
3056 3433 3271 3504 quippe
3306 3447 3505 3484 eorum
3552 3436 3797 3495 mentes,
3835 3445 3943 3500 per

2231 3532 2340 3585 hoc
2367 3526 2516 3598 quod
2545 3524 2861 3596 jnstissimo
2891 3521 3072 3577 Judici
3109 3522 3411 3586 inhaerent,
3437 3522 3531 3591 jus
3561 3519 3941 3575 districtionis

2233 3617 2517 3682 absorbet,
2551 3618 2614 3667 ut
2676 3612 2911 3666 omnino
2945 3611 3025 3664 eis
3091 3626 3207 3664 non
3277 3609 3469 3674 libeat,
3538 3609 3824 3679 quidquid
3869 3608 3941 3660 ab

2232 3706 2387 3760 illius
2417 3709 2645 3758 aeternae
2676 3702 2888 3772 regulas
2924 3699 3235 3753 subtilitate
3263 3697 3572 3752 discordat.

2234 3797 2361 3851 CAP.
2393 3792 2591 3848 LXXII.
2639 3821 2708 3830 —
2748 3789 2900 3856 Quod
2928 3789 3133 3842 duobus
3165 3788 3337 3841 modis
3370 3790 3487 3841 vita
3524 3787 3767 3852 dicatur,
3801 3785 3940 3838 duo-

2652 3862 2747 3915 bus
2777 3863 2941 3914 etiam
2972 3875 3114 3913 mors
3155 3860 3515 3926 intelligatur.
3573 3883 3576 3886 ι

2307 3954 2417 4024 (Ea:
2443 3951 2640 4005 eodem.
2677 3953 2820 4005 Petr.
2849 3951 2952 4002 int.
2987 3949 3152 4014 Greg.
3179 3950 3350 4015 resp.)
3379 3948 3502 4000 Non
3530 3950 3614 3999 est
3633 3945 3754 4015 jam
3781 3943 3940 4014 quod

2236 4041 2571 4112 responderi
2639 4039 2844 4093 debeat
2909 4041 3115 4107 apertas
3168 4035 3377 4089 rationi
3441 4035 3537 4088 sed
3596 4033 3718 4087 haec
3784 4049 3957 4086 nunc:

2237 4129 2479 4201 quaestio
2512 4133 2763 4180 mentem
2797 4129 3004 4190 movet,
3041 4124 3329 4194 quomodo
3371 4123 3562 4176 anima
3595 4122 3943 4176 immortalis

2238 4218 2466 4284 dicitur,
2505 4217 2642 4270 dum
2692 4219 2912 4268 constat
2959 4213 3115 4283 quod
3149 4213 3206 4266 in
3240 4217 3520 4282 perpetuo
3571 4212 3702 4280 igne
3735 4211 3944 4264 moria-

428 4291 695 4346 incendia
714 4308 836 4346 ⁸⁵⁵³
857 4294 1302 4362 praeparata?-
1322 4293 1477 4348 Unus
1495 4293 1726 4364 (Ιυίάθτη
1745 4299 1829 4346 θεῖ
1849 4293 2126 4362 gehennae
2160 4325 2202 4378 ῃ
2242 4313 2352 4359 tur.
2377 4335 2446 4344 ——
2477 4304 2622 4368 Quia
2645 4303 2868 4356 duobus
2896 4301 3077 4355 modis
3104 4300 3219 4354 vita
3251 4300 3480 4368 dicitur,
3514 4300 3736 4353 duobus
3764 4300 3940 4353 etiam

428 4379 601 4450 ignis,
637 4379 736 4434 sed
773 4396 893 4434 non
920 4396 1037 4434 uno
1080 4381 1250 4436 modo
1290 4398 1490 4436 omnes
1537 4382 1752 4435 cruciat
1784 4385 2122 4452 peccatores.

433 4468 890 4539 Uniuscujusqne
922 4468 1136 4523 etenim
1168 4476 1448 4540 quantum
1481 4470 1656 4540 exigit
1683 4469 1871 4539 culpa,
1902 4473 2127 4521 tantum

430 4556 550 4610 illic
582 4556 863 4610 sentietur
893 4572 1080 4627 poena.
1134 4556 1274 4611 Nam
1325 4558 1474 4611 sicut
1520 4561 1578 4610 in
1613 4557 1716 4610 hoc
1758 4557 1974 4610 mundo
2021 4555 2128 4607 sub

432 4660 549 4699 uno
581 4645 698 4699 sole
749 4645 1286 4712 multi-consistunt,
1329 4662 1432 4700 nec
1481 4653 1673 4699 tamen
1704 4644 1958 4715 ejusdem
1998 4642 2130 4694 solis

433 4732 698 4786 ardorem
729 4732 1030 4802 aequaliter
1062 4733 1316 4786 sentiunt
1344 4749 1356 4785 :
1393 4732 1530 4802 quia
1559 4733 1704 4785 alius
1747 4732 1877 4802 plus
1908 4734 2129 4794 asstuat,

433 4825 607 4891 atque
660 4819 807 4874 alius
840 4820 1050 4885 minus,
1084 4821 1163 4874 ita
1211 4821 1327 4874 illic
1371 4821 1429 4873 in
1477 4837 1592 4874 uno
1631 4822 1764 4890 igne
1813 4835 1929 4872 non
1983 4834 2132 4871 unus

435 4914 522 4964 est
570 4909 776 4963 modus
823 4909 1076 4962 incendii
1108 4925 1122 4962 :
1153 4910 1289 4980 quia
1335 4909 1487 4980 quod
1533 4909 1626 4963 hic
1669 4908 1966 4964 diversitas
2013 4921 2134 4959 cor-

436 5013 645 5069 porum
693 4997 801 5052 hoc
830 4997 946 5051 illic
994 4998 1113 5068 agit
1174 4997 1469 5052 diversitas
1516 5003 1909 5068 peccatorum;
1953 5002 2014 5049 ut
2076 5000 2134 5049 et

437 5088 634 5157 ignem
680 5101 800 5140 non
866 5085 1204 5141 dissimilem
1249 5077 1550 5154 habeant,‘
1569 5092 1626 5140 et
1674 5091 1866 5140 tamen
1900 5083 2134 5139 eosdem

435 5175 693 5247 singulos
720 5173 1076 5230 dissimiliter
1098 5180 1315 5229 exuret.

441 5283 570 5339 CAP.
605 5282 750 5338 LXX.
783 5312 852 5323 —
880 5283 1020 5348 Quot
1047 5298 1245 5420 genpm
1257 5285 1408 5407 strata
1417 5283 1705 5338 oblationis
1731 5296 1833 5351 pro
1859 5281 2135 5348 defunctis

1181 5370 1330 5408 aczen
1413 5395 1425 5408 .

1181 5370 1425 5408 aczenaa.

514 5441 638 5510 (Ea:
667 5441 827 5496 dictis
881 5441 1143 5509 August.)
1177 5442 1434 5506 Quatuor
1469 5457 1681 5511 genera
1713 5444 1845 5494 sunt
1889 5437 2138 5494 oblatio~

444 5529 554 5585 nis.
609 5532 718 5584 Pro
763 5531 926 5584 valde
955 5530 1140 5596 bonis,
1190 5530 1501 5600 gratiarum
1550 5533 1800 5584 actiones
1829 5534 1982 5595 sunt,
2029 5529 2138 5582 hoc

445 5623 552 5687 est,
585 5619 943 5690 Deogratias
967 5625 1146 5690 agunt
1181 5635 1194 5672 :
1227 5619 1364 5690 quia
1391 5619 1538 5674 bene
1571 5619 1847 5673 vixerunt.
1883 5619 1990 5671 Pro
2019 5631 2136 5670 non

2241 4392 2424 4447 modis
2455 4407 2608 4445 mors
2653 4389 2823 4443 debet
2866 4388 3134 4457 intelligi.
3183 4387 3352 4440 Aliud
3384 4393 3469 4440 est
3499 4403 3750 4458 namque
3782 4387 3941 4457 quod

2237 4483 2298 4536 in
2329 4484 2437 4536 Deo
2469 4480 2732 4544 vivimus,
2766 4477 2920 4531 aliud
2957 4493 3088 4530 vero
3121 4475 3273 4547 quod
3309 4476 3365 4528 in
3403 4476 3512 4528 hoc
3539 4475 3695 4546 quod
3727 4475 3942 4529 conditi

2238 4572 2327 4624 vel
2374 4569 2548 4624 creati
2602 4584 2820 4633 sumus,
2879 4567 2934 4620 id
2999 4570 3105 4631 est,
3162 4564 3320 4619 aliud
3378 4564 3541 4617 beate
3608 4563 3823 4628 vivere,
3887 4569 3942 4616 et

2240 4659 2393 4712 aliud
2443 4657 2838 4710 essentialiter.
2897 4655 3100 4709 Anima
3157 4654 3370 4723 itaque,
3414 4657 3469 4706 et
3530 4651 3788 4705 mortalis
3823 4662 3942 4704 esse

2240 4746 2598 4816 intelligitur,
2661 4750 2720 4798 et
2773 4743 3138 4796 immortalis.
3199 4741 3449 4795 Mortalis
3505 4740 3748 4810 quippe,
3807 4738 3945 4808 quia

2242 4836 2404 4888 beate
2435 4834 2623 4886 vivere
2657 4831 2892 4896 amittit;
2937 4829 3281 4882 immortalis
3311 4835 3531 4893 autem,
3564 4826 3700 4897 quia
3740 4842 3942 4878 essen-

2241 4924 2454 4977 tialiter
2513 4922 2703 4974 vivere
2759 4935 3055 4989 nunquam
3117 4917 3328 4971 desinit
3379 4933 3391 4970 :
3441 4921 3497 4970 et
3545 4921 3764 4969 naturas
3825 4929 3940 4968 suae

2242 5012 2417 5065 vitam
2447 5010 2687 5080 perdere
2723 5023 2838 5060 non
2873 5007 3040 5072 valet,
3075 5021 3178 5059 nec
3209 5021 3339 5058 cum
3379 5004 3435 5056 in
3470 5009 3745 5072 perpetua
3773 5002 3942 5055 fuerit

2244 5104 2428 5154 morte
2460 5099 2750 5151 damnata.
2785 5095 2906 5149 Illic
2937 5095 3092 5147 enim
3127 5094 3313 5163 posita
3342 5091 3505 5146 beate
3537 5107 3657 5144 esse
3692 5091 3893 5159 perdet
3926 5105 3937 5140 :

2245 5193 2301 5242 et
2341 5202 2460 5240 esse
2493 5201 2607 5238 non
2655 5184 2876 5252 perdet.
2929 5185 3003 5236 Ex
3035 5198 3148 5253 qua
3188 5199 3247 5235 re
3282 5197 3511 5250 semper
3543 5179 3767 5249 cogitur
3798 5186 3860 5232 ut
3889 5182 3962 5253 et‘

2247 5281 2491 5330 mortem
2523 5274 2644 5326 sine
2688 5275 2894 5337 morte,
2932 5278 2988 5325 et
3037 5271 3372 5325 defunctum
3417 5270 3538 5322 sine
3577 5269 3843 5322 defuncto
3890 5272 3944 5319 et

2247 5367 2415 5419 tinem
2439 5363 2559 5416 sine
2589 5362 2702 5416 ﬁne
2733 5361 2998 5431 patiatur.

2247 5456 2373 5510 CAP.
2411 5452 2636 5505 LXXIII.
2682 5478 2754 5490 —
2783 5449 2940 5514 Quod
2967 5450 3121 5502 electi
3150 5463 3241 5501 seu
3270 5447 3494 5516 reprobi
3523 5445 3596 5499 ad
3643 5446 3758 5499 loca
3800 5460 3935 5498 com-

2615 5523 2804 5574 munia
2833 5520 3172 5573 deducantur
3193 5522 3250 5571 in
3283 5522 3578 5573 tormentis.

2321 5613 2432 5678 (Εω
2477 5610 2675 5664 eodem.
2734 5611 2876 5663 Petr.
2909 5608 3036 5677 int.)
3092 5608 3254 5672 Quod
3301 5622 3437 5660 vero
3493 5606 3609 5658 sive
3648 5603 3810 5657 electi
3844 5618 3940 5655 seu
