3966 6400
91 372 241 426 1045

1058 370 1530 429 DECRETORUM
1577 375 1768 430 LIBRI
1805 375 1910 431 XX.
1955 406 2023 414 —
2063 375 2277 431 LIBER
2323 375 2714 433 VlGESlMUS.

3489 382 3626 435 1046

88 497 362 567 reprobi,
402 511 649 568 quorum
701 497 1024 550 communis
1054 513 1222 550 causa
1270 496 1330 550 in
1383 513 1556 566 opere
1623 499 1814 566 fuerit,
1845 501 1889 551 Α
1933 498 2560 564 ΟΑρ.[,ΧΧν1.-Ουοὰ
2584 501 2721 553 Deus
2745 499 2964 554 dicatur
2983 501 3624 569 zelans,dicaturiratus,

91 587 163 639 ad
208 588 340 639 loca
371 587 542 638 etiam
591 590 924 637 communia
955 585 1328 638 deducantur.
1362 587 1624 638 Veritatis
1649 587 1815 640 nobis

89 678 276 728 verba
314 675 725 737 satisfacerent,
760 674 929 726 etiam
962 673 1009 725 si
1053 674 1312 744 exempla
1362 674 1642 729 deessent.
1690 677 1814 745 Ipsa

89 765 320 834 quippe
357 766 573 815 Veritas
631 769 868 832 propter
911 764 1118 815 electos
1163 763 1219 815 in
1271 764 1577 831 Evangelio
1627 764 1809 818 dicit:

90 854 154 906 In
193 855 375 905 domo
409 853 588 906 Patris
625 855 734 904 mei
769 852 964 904 multae
1013 852 1334 904 mansiones
1365 858 1516 906 sunt.
1551 853 1606 907 Si
1657 853 1813 907 enim

96 941 308 1010 dispar
339 942 398 992 in
432 942 523 992 illa
560 940 912 993 beatitudine
936 945 1152 992 aeterna
1176 940 1479 993 retributio
1505 957 1620 993 non
1643 946 1812 1010 esset,

95 1045 219 1082 una
253 1030 448 1099 potius
482 1027 699 1080 mansio
733 1044 906 1097 quam
950 1029 1148 1086 multae
1191 1035 1398 1081 essent.
1457 1029 1644 1082 Multae
1676 1045 1814 1099 ergo

96 1117 439 1170 mansiones
467 1124 619 1182 sunt,
647 1117 704 1169 in
730 1115 937 1186 quibus
962 1123 1018 1168 et
1065 1115 1317 1168 distincti
1354 1117 1636 1171 bonorum
1660 1117 1812 1171 ordi-

99 1222 205 1259 nes
266 1212 505 1276 propter
589 1206 930 1257 meritorum
997 1205 1351 1257 consortium
1428 1207 1816 1260 communiter

100 1295 412 1359 laetentur;
445 1300 502 1346 et
537 1299 727 1346 tamen
761 1309 940 1346 unum
970 1293 1271 1346 denarium
1315 1310 1512 1348 omnes
1548 1295 1811 1349 laboran-

99 1387 188 1433 tes
222 1381 537 1450 accipiunt,
573 1381 670 1451 qui
705 1382 900 1434 multis
946 1381 1341 1436 mansionibus
1390 1383 1762 1453 distinguitur
1795 1400 1807 1439 :

97 1469 242 1539 quia
279 1475 332 1522 et
369 1486 483 1522 una
516 1474 600 1522 est
650 1469 944 1523 beatitudo
991 1486 1165 1540 quam
1215 1471 1328 1524 illic
1358 1473 1704 1543 percipiunt,
1758 1480 1814 1528 et

95 1559 304 1627 dispar
332 1558 725 1611 retributionis
756 1559 1000 1627 qualitas
1027 1575 1197 1628 quam
1234 1575 1334 1629 per
1360 1577 1532 1629 opera
1589 1562 1812 1616 diversa

99 1654 563 1717 consequuntur.
598 1647 736 1711 Quae
758 1647 1035 1701 nimirum
1069 1649 1282 1701 Veritas
1307 1650 1510 1718 judicii
1538 1650 1626 1703 sui
1657 1651 1809 1704 diem

100 1735 466 1790 denuntians
494 1736 573 1790 ait
610 1752 624 1790 :
671 1737 827 1790 Tunc
874 1735 1058 1789 dicam
1093 1739 1442 1791 messoribus
1475 1755 1487 1793 :
1544 1739 1810 1809 Colligite

99 1825 351 1890 zizania,
396 1830 455 1878 et
510 1824 682 1895 ligato
739 1841 805 1878 ea
859 1825 1142 1878 fasciculis
1202 1827 1272 1880 ad
1329 1828 1805 1883 comburendum.

99 1913 382 1967 Messores
413 1912 628 1984 quippe
658 1913 848 1983 angeli
879 1919 1041 1980 sunt;
1077 1913 1289 1966 zizania
1323 1915 1382 1967 in
1422 1915 1703 1969 fasciculis
1737 1915 1810 1973 ad

98 2002 569 2056 comburendum
611 2002 809 2072 ligant,
844 2018 973 2056 cum
1005 2019 1171 2072 pares
1211 2004 1574 2073 comparibus
1607 2005 1664 2058 in
1691 2009 1809 2058 tor-

97 2090 320 2144 mentis
354 2090 640 2144 similibus
707 2090 941 2155 sociant,
977 2095 1037 2144 ut
1091 2092 1323 2160 superbi
1349 2108 1476 2145 cum
1528 2091 1807 2161 superbis,

99 2177 388 2231 luxuriosi
418 2193 547 2231 cum
581 2177 905 2245 luxuriosis,
946 2178 1099 2231 avari
1145 2195 1294 2245 cum,
1330 2179 1532 2240 avaris,
1584 2179 1811 2233 fallaces

103 2283 241 2321 cum
285 2266 607 2331 fallacibus,
663 2267 842 2319 invidi
875 2283 1005 2321 cum
1067 2267 1292 2334 invidis,
1364 2268 1623 2322 inﬁdeles
1680 2284 1808 2321 cum

101 2355 463 2422 infidelibus,
493 2355 715 2409 ardent.
773 2355 914 2410 Cum
971 2371 1108 2423 ergo
1159 2357 1373 2410 similes
1419 2357 1473 2409 in
1518 2358 1704 2427 culpa.
1741 2357 1808 2411 ad

103 2448 399 2498 tormenta
421 2444 634 2497 similia
662 2444 1037 2510 adducantur,
1075 2444 1172 2514 qui
1199 2462 1294 2498 eos
1322 2447 1459 2498 locis
1489 2447 1811 2516 poenalibus

104 2533 303 2604 angeli
360 2533 660 2602 deputant,
727 2533 891 2603 quasi
950 2533 1303 2588 zizaniorum
1384 2535 1682 2588 fasciculos
1741 2536 1810 2589 ad

106 2622 565 2676 comburendum
599 2621 797 2691 ligant.

108 2729 239 2783 CAP.
279 2727 502 2782 LXXIV.
536 2757 603 2766 —
633 2729 707 2781 De
738 2729 833 2781 hoc
863 2727 1008 2795 quod
1039 2729 1099 2781 in
1129 2728 1283 2783 domo
1315 2729 1411 2781 Dei
1439 2729 1620 2782 multa:
1651 2744 1808 2781 man-

791 2801 964 2853 siones
1002 2801 1133 2852 sint.
1751 2867 1753 2870 Q

182 2887 369 2955 (Greg.
401 2888 458 2940 in
487 2889 602 2941 suis
631 2888 823 2942 Moral.
877 2887 1012 2940 dicit
1050 2888 1091 2954 :)
1142 2888 1203 2940 In
1248 2887 1546 2956 evangelio
1590 2887 1810 2941 Veritas

110 2975 248 3030 dicit
276 2991 290 3028 :
328 2977 389 3029 In
420 2976 592 3029 domo
625 2975 805 3029 Patris
840 2977 1165 3028 mansiones
1196 2977 1392 3029 multa:
1422 2981 1572 3029 sunt.
1611 2977 1717 3031 Sed
1749 2977 1810 3031 in

1999 571 2220 622 dicatur
2269 575 2550 639 pwnitens,
2610 572 2826 625 dicatur
2864 576 3190 638 misericors,
3235 574 3454 628 dicatur
3483 591 3624 643 pra:-

1993 656 2156 694 εοιιιε.

1995 747 2180 812 (Greg.
2215 749 2274 799 in
2307 750 2422 800 suis
2447 749 2638 801 Moral.
2672 749 2806 800 dicit
2837 748 2879 817 ι)
2937 750 3082 802 Deus
3140 765 3275 820 ergo
3335 752 3624 822 quomodo

1923 835 2114 888 zelans
2144 843 2249 901 est,
2278 835 2378 906 qui
2410 836 2468 889 in
2519 837 2894 890 custodienda
2937 839 3195 891 castitate
3242 846 3433 892 nostra
3465 842 3624 895 nullo

1925 925 2133 977 mentis
2160 925 2414 978 cruciatu
2450 926 2741 996 tangitur?
2782 926 3083 988 Quomodo
3118 928 3398 994 irascitur,
3432 930 3530 999 qui
3563 929 3622 983 in

1924 1013 2270 1066 ulciscendis
2304 1013 2450 1066 vit-iis
2496 1015 2705 1068 nostris
2756 1015 2912 1068 nulla
2961 1016 3395 1084 perturbatione
3445 1017 3626 1072 animi

1922 1101 2354 1155 commovetur?
2402 1102 2702 1166 Quomodo
2735 1107 2820 1155 est
2852 1103 3158 1171 pmnitens,
3193 1104 3331 1174 quid
3382 1105 3438 1159 id
3473 1106 3623 1175 quod

1922 1191 2095 1244 semel
2128 1190 2346 1256 fecerit,
2380 1196 2435 1244 et
2460 1190 2658 1244 fecisse
2686 1207 3051 1261 nequaquam
3085 1192 3282 1246 dolet?
3319 1195 3622 1258 Quomodo

1923 1280 2095 1334 habet
2121 1280 2598 1343 misericordiam,
2627 1280 2727 1350 qui
2767 1297 2864 1333 cor
2912 1281 3190 1334 miserum
3242 1297 3359 1336 non
3410 1282 3624 1338 habet?

1923 1368 2218 1432 Quomodo
2246 1375 2329 1421 est
2359 1369 2655 1438 praescius,
2693 1370 2831 1423 dum
2892 1371 3048 1423 nulla
3105 1368 3214 1422 nisi
3267 1386 3396 1438 quas
3427 1369 3626 1424 futura

1922 1457 2035 1510 sint
2073 1457 2486 1526 prmsciantur?
2519 1457 2587 1510 Et
2616 1457 2827 1512 scimus
2862 1457 2995 1528 quia
3023 1459 3136 1511 Deo
3169 1457 3312 1511 nihil
3362 1458 3623 1512 futurum

1921 1549 2023 1613 est,
2061 1552 2193 1600 ante
2223 1546 2386 1616 cujus
2412 1547 2608 1599 oculos
2642 1547 2928 1616 praeterita
2967 1547 3127 1600 nulla
3175 1552 3328 1613 sunt,
3372 1564 3623 1617 praesen-

1920 1635 1996 1689 tia
2028 1651 2143 1688 non
2165 1640 2481 1696 transeunt,
2531 1635 2725 1688 futura
2771 1652 2885 1688 non
2927 1636 3188 1689 veniunt.
3231 1637 3454 1706 Quippe
3486 1636 3624 1706 quia

1922 1724 2075 1795 quod
2105 1722 2272 1777 nobis
2303 1723 2430 1788 fuit,
2463 1728 2519 1778 et
2575 1723 2704 1785 erit,
2762 1723 2822 1777 in
2870 1724 2993 1793 ejus
3048 1729 3355 1793 prospectu
3412 1729 3622 1794 praesto

1924 1817 2008 1866 est
2041 1829 2052 1866 :
2088 1817 2145 1866 et
2173 1827 2344 1866 omne
2375 1812 2529 1882 quod
2562 1827 2814 1882 praesens
2849 1817 2934 1865 est
2993 1813 3124 1865 sciri
3178 1817 3380 1880 potest,
3432 1813 3624 1881 potius

1923 1916 2096 1972 quam
2152 1899 2425 1971 praesciri.
2490 1901 2554 1953 Et
2627 1905 2819 1953 tamen
2874 1900 3083 1953 dicitur
3134 1902 3344 1966 zelans,
3415 1900 3624 1955 dicitur

1922 1989 2118 2050 iratus,
2149 1989 2359 2042 dicitur
2395 1988 2697 2059 pmnitens,
2749 1988 2957 2043 dicitur
3007 1989 3353 2055 misericors,
3413 1989 3625 2043 dicitur

1920 2077 2195 2148 praescius
2228 2094 2240 2131 :
2293 2082 2357 2131 ut
2413 2078 2548 2148 quia
2580 2078 2899 2130 castitatem
2929 2077 3135 2131 animae
3171 2078 3622 2148 uniuscujusque

1922 2166 2190 2233 custodit,
2250 2167 2505 2220 humano
2570 2166 2743 2220 modo
2802 2167 2990 2220 zelans
3041 2173 3294 2230 vocetur,
3365 2168 3623 2236 quamvis

1924 2255 2130 2309 mentis
2173 2254 2428 2310 cruciatu
2486 2271 2601 2308 non
2644 2255 2929 2323 tangitur;
2983 2255 3119 2325 quia
3171 2255 3368 2323 culpas
3421 2272 3622 2323 percu-

1921 2344 2010 2407 tit,
2044 2344 2254 2398 dicitur
2289 2344 2478 2408 irasci,
2537 2345 2797 2413 quimvis
2847 2345 3002 2397 nulla
3053 2343 3229 2397 animi
3295 2345 3624 2397 turbatione

1923 2439 2254 2500 moveatur;
2292 2439 2350 2487 et
2378 2434 2511 2503 quia
2552 2433 2673 2503 ipse
2705 2433 3104 2497 immutabilis,
3139 2433 3193 2486 id
3223 2433 3378 2502 quod
3429 2434 3622 2486 volue-

1923 2521 1995 2573 rit
2047 2525 2253 2586 niutat,
2312 2522 2592 2590 poenitere
2646 2522 2879 2585 dicitur,
2937 2521 3199 2590 quamvis
3241 2537 3358 2574 rem
3420 2526 3619 2588 mutet,

1921 2608 2220 2663 consilium
2256 2624 2372 2662 non
2406 2614 2604 2662 mutet.
2644 2610 2866 2661 Etcum
2903 2609 3149 2661 miserim
3185 2614 3388 2662 nostra?
3421 2609 3622 2662 subve-

1920 2697 2024 2764 nit,
2060 2697 2384 2750 misericors
2437 2703 2693 2760 vocatur,
2738 2697 3000 2763 quamvis
3053 2696 3276 2749 miseris
3334 2697 3619 2762 subvenit,

1922 2790 1977 2839 et
2001 2801 2102 2838 cor
2155 2785 2430 2838 miserum
2494 2800 2794 2854 nunquam
2851 2784 3004 2838 facit.
3064 2785 3126 2837 Et
3183 2785 3320 2854 quia
3380 2800 3446 2837 ea
3493 2801 3622 2855 quas

1921 2873 2085 2927 nobis
2110 2873 2301 2927 futura
2357 2879 2491 2926 sunt
2521 2872 2696 2938 videt,
2758 2889 2886 2943 quae
2938 2877 3165 2926 tantum
3217 2872 3329 2942 ipsi
3394 2888 3623 2941 semper

1921 2967 2128 3032 praesto
2159 2967 2312 3026 sunt,
2344 2960 2616 3031 praescius
2648 2960 2858 3014 dicitur
2891 2976 2903 3013 :
2939 2960 3200 3030 quamvis
3251 2975 3620 3030 nequaquam

110 3065 330 3119 eisdem
376 3063 573 3117 multis
623 3064 1020 3118 mansionibus
1067 3064 1175 3118 erit
1219 3065 1412 3135 aliquo
1464 3065 1637 3118 modo
1690 3065 1811 3136 ipsa

1987 3056 2180 3104 turum
2213 3049 2543 3120 praevideat,
2576 3050 2729 3120 quod
2759 3065 3014 3118 praesens
3053 3048 3227 3101 videt.

109 3152 562 3206 retributionum
612 3151 911 3205 diversitas
941 3168 1212 3206 concors:
1261 3154 1396 3224 quia
1449 3159 1604 3208 tanta
1638 3154 1719 3207 vis
1751 3156 1810 3209 in

109 3243 210 3296 illa
235 3257 376 3310 pace
409 3257 513 3293 nos
547 3240 742 3306 sociat,
778 3247 839 3294 ut
867 3243 1023 3312 quod
1061 3243 1118 3295 in
1141 3259 1199 3295 se
1227 3242 1471 3312 quisque
1507 3259 1619 3295 non
1649 3260 1811 3297 acce-

110 3330 280 3400 perit,
319 3329 430 3382 hoc
461 3345 518 3382 se
551 3329 833 3397 accepisse
883 3329 942 3382 in
973 3329 1084 3382 alio
1125 3329 1384 3382 exsultet.
1423 3331 1579 3384 Unde
1611 3337 1665 3383 et
1701 3347 1810 3384 non

110 3434 275 3489 aeque
319 3417 644 3472 laborantes
694 3418 753 3470 in
793 3418 992 3486 vinea,
1049 3434 1211 3486 aeque
1267 3418 1455 3471 cuncti
1511 3419 1810 3473 denarium

112 3507 442 3560 sortiuntur.
479 3506 542 3559 Et
573 3505 806 3574 quidem
841 3507 988 3575 apud
1019 3507 1238 3559 Patrem
1265 3506 1592 3560 mansiones
1619 3510 1811 3561 multas

113 3601 263 3661 sunt,
297 3600 354 3648 et
383 3599 574 3647 tamen
608 3595 874 3647 eumdem
905 3594 1205 3648 denarium
1243 3595 1498 3665 dispares
1527 3596 1811 3650 laboralo-

117 3703 203 3739 res
231 3683 556 3752 accipiunt:
591 3683 726 3752 quia
755 3699 867 3735 una
909 3684 1128 3738 cunctis
1186 3684 1295 3736 erit
1328 3684 1622 3737 beatitudo
1673 3687 1813 3739 lrrti-

114 3775 225 3840 tiae,
257 3771 519 3842 quamvis
557 3787 672 3824 non
716 3787 829 3824 una
868 3772 940 3824 sit
971 3773 1242 3825 omnibus
1292 3773 1611 3826 sublimitas
1660 3775 1807 3828 vita.

115 3879 240 3934 Cn.
275 3877 465 3932 LXXV.
501 3907 565 3916 —-
585 3877 746 3952 Quod
772 3879 925 3952 iitum
955 3895 1109 3947 quem
1131 3881 1290 3952 semet
1310 3881 1469 3947 culpa
1500 3881 1574 3933 ad
1600 3896 1812 3952 poenam

175 3951 473 4019 pertrahit,
515 3950 896 4002 misericordia
941 3953 1174 4004 ulterius
1208 3951 1283 4004 ad
1339 3955 1547 4005 vmiam
1579 3950 1686 4006 rion
1727 3969 1810 4005 re-

180 4021 364 4075 ducat.

183 4129 366 4197 (Greg.
419 4128 478 4181 in
543 4128 658 4180 suis
723 4127 918 4181 Morel.
989 4127 1172 4195 dicitz)
1233 4127 1390 4182 Sicut
1454 4129 1813 4183 consumitur

111 4217 310 4282 nubes,
344 4221 400 4269 et
425 4213 753 4285 pertransit,
789 4216 869 4268 sic
899 4215 996 4285 qui
1029 4215 1324 4269 descendit
1356 4216 1423 4268 ad
1459 4216 1672 4270 inferos
1697 4233 1812 4271 non

113 4305 383 4358 ascendit.
436 4304 624 4358 Nubes
655 4304 868 4393 quippe
919 4304 986 4356 ad
1018 4304 1224 4356 altiora
1275 4303 1666 4393 suspenditur,
1711 4304 1807 4358 sed
1850 4339 1894 4393 Β

115 4393 347 4446 densata
371 4397 538 4445 vento
569 4392 886 4462 impellitur
914 4397 978 4445 ut
1012 4397 1221 4457 currat,
1263 4393 1450 4444 calore
1473 4392 1609 4445 solis
1639 4392 1808 4445 dissi-

113 4486 281 4550 patur
310 4486 373 4534 ut
408 4485 723 4534 evanescat.
779 4480 870 4534 Sic
929 4480 1205 4533 nimirum
1239 4480 1412 4534 corda
1463 4485 1597 4534 sunt
1629 4481 1811 4535 homi-

114 4585 272 4636 num,
305 4584 434 4638 qum
485 4585 590 4638 per
632 4574 877 4638 acceptae
923 4569 1157 4621 rationis
1215 4568 1512 4637 ingenium
1572 4569 1639 4623 ad
1699 4568 1810 4622 alia

115 4657 430 4727 emigrent:
492 4657 735 4726 impulsa
799 4662 992 4710 autem
1051 4656 1287 4726 maligni
1347 4656 1582 4725 spiritus
1645 4657 1806 4722 flatu,

115 4746 299 4816 pravis
352 4745 769 4798 desideriorum
819 4761 1051 4797 suorum
1105 4745 1357 4797 motibus
1407 4744 1517 4798 huc
1561 4746 1809 4816 illucque

117 4833 550 4904 pertrahuntur.
589 4833 698 4887 Sed
729 4833 986 4886 districta
1035 4837 1296 4901 respectu
1328 4833 1562 4902 superni
1599 4833 1808 4903 judicis

116 4923 275 4994 quasi
313 4923 450 4976 solis
481 4923 668 4975 calore
710 4921 1037 4991 liqueﬁunt,
1093 4927 1148 4973 et
1179 4920 1352 4974 semel
1384 4920 1524 4974 locis
1570 4924 1807 4990 poenali-

115 5011 218 5065 bus
247 5010 472 5074 tradita,
514 5011 582 5063 ad
616 5010 967 5081 operationis
1001 5025 1166 5062 usum
1195 5012 1342 5062 ultra
1385 5025 1501 5062 non
1542 5010 1804 5064 redeunt.

116 5101 208 5153 Vir
254 5098 428 5168 igitur
484 5105 712 5152 sanctus
785 5098 1053 5152 elationis
1113 5114 1340 5151 cursum
1404 5098 1807 5170 defectumque

116 5188 346 5243 humani
382 5189 606 5256 generis
639 5187 985 5256 exprimens
1016 5187 1190 5240 dicit:
1243 5186 1400 5239 Sicut
1451 5189 1810 5243 consumitur

118 5276 308 5341 nubes,
369 5282 426 5328 et
473 5276 806 5345 pertransit,
866 5275 943 5327 sic
1000 5275 1099 5345 qui
1137 5274 1426 5328 descendit
1476 5275 1542 5328 ad
1592 5276 1807 5330 inferos

116 5382 222 5420 non
251 5363 526 5418 ascendit.
584 5368 662 5417 Ac
717 5364 764 5416 si
823 5369 1017 5433 aperte
1090 5363 1426 5432 loqueretur
1461 5363 1692 5419 dicens:
1744 5366 1805 5420 In

115 5457 284 5508 altum
317 5452 602 5506 currendo
633 5452 842 5518 deﬁcit,
868 5451 966 5522 qui
989 5451 1375 5520 superbiendo
1409 5452 1472 5504 ad
1505 5452 1804 5509 interitum

115 5544 306 5597 tendit.
362 5540 544 5605 Quem
595 5540 640 5593 si
674 5542 851 5593 semel
903 5539 1072 5608 culpa
1121 5539 1193 5592 ad
1226 5556 1451 5609 pcenam
1503 5543 1802 5610 pertrahit,

117 5630 505 5687 misericordia
540 5629 780 5684 ulterius
810 5629 877 5683 ad
907 5628 1129 5681 veniam
1171 5644 1286 5682 non
1319 5628 1558 5681 reducit.

1925 3158 2049 3210 Car.
2085 3155 2419 3211 LXXVll.-
2440 3157 2550 3211 Cur
2563 3158 2698 3208 Deus
2713 3170 2836 3209 suos
2849 3156 3033 3208 electos
3055 3157 3130 3207 sic
3159 3155 3441 3222 permittat
3462 3155 3619 3220 mori,

1959 3234 2019 3281 ut
2048 3230 2237 3282 nonin
2262 3230 2377 3281 vita
2407 3228 2625 3281 illorum
2649 3227 2896 3280 ostendat
2926 3228 3079 3293 cujus
3108 3223 3422 3279 sanctitatis
3453 3223 3584 3278 sint.

1994 3333 2104 3404 (Ea:
2131 3333 2331 3388 eodem.
2349 3336 2493 3388 Petr.
2519 3336 2622 3387 int.
2649 3334 2805 3400 (ἶνις.
2829 3332 2996 3402 resp.)
3014 3332 3158 3395 Quid
3175 3331 3406 3397 esthoc,
3426 3346 3621 3399 quaeso

1922 3429 2000 3490 te,
2029 3422 2186 3493 quod
2218 3423 2588 3492 omnipotens
2627 3424 2772 3477 Deus
2824 3424 2903 3474 sic
2932 3421 3215 3492 permittit
3262 3420 3432 3487 mori,
3476 3437 3622 3490 quos

1924 3517 2117 3566 tamen
2173 3517 2304 3580 post
2349 3517 2590 3564 mortem
2641 3511 2807 3581 cujus
2866 3510 3182 3562 sanctitatis
3236 3509 3452 3562 fuerint
3505 3525 3620 3563 non

1920 3599 2272 3668 compatitur
2299 3599 2490 3652 celari.
2554 3598 2696 3652 Cum
2737 3598 3014 3666 scriptum
3070 3597 3186 3650 sit:
3247 3597 3440 3650 Justus
3483 3613 3622 3666 qua-

1922 3702 2151 3758 cunque
2199 3690 2383 3739 morte
2432 3690 2753 3756 prmventus
2814 3685 3004 3749 fuerit,
3042 3685 3265 3752 justitia
3319 3685 3442 3753 ejus
3499 3699 3617 3738 non

1921 3775 2214 3828 auferetur
2240 3775 2311 3828 ab
2333 3774 2440 3828 eo?
2471 3803 2537 3814 —
2561 3773 2733 3827 Electi
2764 3773 2862 3844 qui
2890 3773 3090 3842 procul
3113 3773 3286 3826 dubio
3318 3773 3386 3826 ad
3410 3788 3614 3842 perpe-

1919 3868 2078 3918 tuam
2107 3863 2282 3917 vitam
2309 3864 2574 3929 tendunt,
2621 3862 2758 3933 quid
2805 3863 2886 3915 eis
2925 3862 3084 3915 obest
3126 3862 3170 3914 si
3202 3861 3270 3914 ad
3321 3861 3614 3914 modicum

1920 3953 2060 4006 dure
2088 3951 2452 4007 moriantur?
2485 3953 2548 4005 Et
2578 3955 2662 4004 est
2692 3951 2928 4004 fortasse
2961 3965 3380 4020 nonnunquam
3414 3965 3617 4004 eorum

1921 4041 2109 4111 culpa,
2167 4039 2298 4096 licet
2337 4040 2598 4104 minima,
2650 4055 2780 4110 quae
2827 4039 2885 4092 in
2935 4039 3137 4092 eadem
3167 4039 3373 4092 debeat
3432 4042 3616 4092 morte

1921 4129 2184 4183 resecari.
2249 4129 2405 4183 Unde
2467 4129 2532 4182 ﬁt
2588 4133 2651 4182 ut
2701 4127 2930 4199 reprobi
2975 4127 3210 4198 quidem
3269 4131 3612 4197 potestatem

1921 4223 2122 4272 contra
2151 4218 2403 4272 viventes
2433 4217 2737 4287 accipiant,
2786 4217 2882 4271 sed
2916 4217 3029 4270 illis
3071 4217 3452 4271 morientibus
3511 4216 3618 4269 hoc

1922 4305 1982 4359 in
2013 4305 2095 4359 eis
2123 4305 2352 4377 gravius
2385 4306 2723 4370 vindicetur,
2773 4305 2927 4376 quod
2957 4309 3156 4358 contra
3213 4305 3392 4358 bonos
3447 4309 3619 4373 pote-

1920 4398 2123 4448 statem
2217 4410 2335 4448 sua:
2391 4395 2744 4448 crudelitatis
2802 4398 3186 4464 acceperunt:
3259 4392 3406 4445 sicut
3463 4393 3616 4446 idem

1919 4482 2168 4536 carnifex
2189 4483 2288 4553 qui
2311 4483 2576 4536 eumdem
2603 4482 2984 4536 venerabilem
3008 4481 3307 4534 diaconem
3332 4479 3617 4535 viventem

1919 4569 2089 4624 ferire
2124 4569 2438 4639 permissus
2495 4573 2599 4635 est,
2635 4567 2887 4638 gaudere
2935 4582 3108 4636 super
3161 4569 3456 4619 mortuum
3488 4581 3617 4636 per-

1920 4659 2130 4712 missus
2170 4674 2287 4711 non
2327 4663 2430 4711 est.
2475 4657 2637 4722 Quod
2684 4672 2841 4710 sacra
2885 4671 3115 4725 quoque
3169 4657 3452 4708 testantur
3499 4654 3617 4707 elo-

1919 4747 2073 4818 quia.
2106 4747 2246 4800 Nam
2297 4746 2382 4798 vir
2449 4746 2546 4800 Dei
2597 4750 2794 4798 contra
2847 4744 3165 4798 Samariam
3222 4742 3450 4808 missus,
3483 4743 3620 4812 quia

1918 4852 2023 4906 per
2053 4834 2498 4890 inobedicntiam
2533 4834 2591 4887 in
2625 4834 2824 4886 itinere
2846 4831 3114 4899 comedit,
3143 4831 3295 4885 hunc
3325 4830 3386 4884 in
3413 4831 3618 4884 eodem

1920 4925 2126 4978 itinere
2160 4924 2248 4978 leo
2289 4923 2512 4977 occidit.
2555 4923 2661 4978 Sed
2720 4922 2909 4975 statim
2969 4921 3083 4974 illic
3143 4920 3418 4990 scriptum
3485 4926 3613 4974 est:

1918 5011 2061 5076 Quia
2091 5011 2249 5065 stetit
2275 5012 2363 5064 leo
2388 5011 2554 5081 juxta
2589 5012 2840 5077 asinum,
2873 5014 2927 5064 et
2970 5026 3089 5064 non
3137 5009 3388 5065 comedit
3425 5010 3494 5064 de
3525 5024 3618 5063 ca-

1921 5101 2144 5155 davere.
2183 5102 2256 5154 Ex
2288 5116 2398 5170 qua
2435 5116 2494 5152 re
2524 5100 2864 5164 ostenditur,
2893 5099 3047 5170 quod
3081 5102 3377 5168 peccatum
3425 5096 3620 5150 inube-

1919 5188 2155 5242 dientiaz
2187 5189 2245 5241 in
2272 5188 2394 5258 ipsa
2439 5193 2622 5242 morte
2669 5188 2776 5242 fuit
2834 5190 3106 5256 laxatum,
3141 5187 3276 5258 quia
3327 5186 3478 5240 idem
3527 5184 3618 5239 leo

1918 5274 2019 5346 qui
2048 5275 2332 5328 viventem
2367 5275 2734 5346 prassumpsit
2789 5275 3065 5338 occidere,
3122 5272 3454 5341 contingere
3503 5288 3618 5327 non

1917 5363 2286 5434 praesumpsit
2335 5364 2607 5417 occisum.
2669 5363 2776 5427 Qui
2846 5363 2998 5416 enim
3053 5359 3353 5414 occidendi
3414 5375 3618 5413 ausum

1916 5451 2139 5518 habuit,
2165 5452 2233 5504 de
2265 5452 2434 5506 occisi
2461 5453 2737 5506 cadavere
2774 5450 3113 5505 comedendi
3162 5448 3448 5503 licentiam
3501 5464 3619 5502 non

1919 5539 2174 5609 accepit:
2211 5541 2344 5610 quia
2394 5541 2440 5594 is
2474 5541 2572 5611 qui
2605 5540 2905 5610 culpabilis
2956 5539 3015 5591 in
3069 5537 3182 5591 vita
3225 5537 3353 5603 fuit,
3414 5537 3620 5606 punita

1917 5628 2328 5690 inobedientia,
2361 5636 2483 5683 erat
2525 5631 2644 5700 jam
2695 5630 2884 5699 justus
2939 5643 3002 5682 ex
3067 5632 3270 5684 morte.
3324 5627 3434 5681 Leo
3485 5641 3621 5696 ergo
