  <div class='ocr_page' id='page_1' title='image "/cluster/home/n/w/nwhite01/storage/ocr_20150623/140-141/uc1.31175018559917/531.png"; bbox 0 0 2296 3169; ppageno 0'>
   <div class='ocr_carea' id='block_1_1' title="bbox 0 0 198 990">
    <p class='ocr_par' dir='ltr' id='par_1_1' title="bbox 0 0 194 874">
     <span class='ocr_line' id='line_1_1' title="bbox 36 0 194 55; baseline 0.038 -6"><span class='ocrx_word' id='word_1_1' title='bbox 36 0 194 55; x_wconf 50' lang='lat' dir='ltr'><strong>fil-l7?”</strong></span> 
     </span>
     <span class='ocr_line' id='line_1_2' title="bbox 11 0 193 127; baseline 0.016 -12"><span class='ocrx_word' id='word_1_2' title='bbox 11 0 193 127; x_wconf 62' lang='grc' dir='ltr'><strong>ξιτὲ</strong></span> 
     </span>
     <span class='ocr_line' id='line_1_3' title="bbox 13 98 166 175; baseline -0.02 0"><span class='ocrx_word' id='word_1_3' title='bbox 163 123 166 158; x_wconf 76' lang='grc' dir='ltr'>ε</span> 
     </span>
     <span class='ocr_line' id='line_1_4' title="bbox 47 177 193 214; baseline -0.021 -1"><span class='ocrx_word' id='word_1_4' title='bbox 47 185 53 198; x_wconf 83' lang='lat'><strong><em>&#39;</em></strong></span> <span class='ocrx_word' id='word_1_5' title='bbox 106 177 149 214; x_wconf 66' lang='lat' dir='ltr'><strong>l1;</strong></span> <span class='ocrx_word' id='word_1_6' title='bbox 191 208 193 210; x_wconf 83' lang='lat'><strong>.</strong></span> 
     </span>
     <span class='ocr_line' id='line_1_5' title="bbox 8 319 194 378; baseline 0 0"><span class='ocrx_word' id='word_1_7' title='bbox 8 319 194 378; x_wconf 49' lang='lat' dir='ltr'><strong>ili-5E:</strong></span> 
     </span>
     <span class='ocr_line' id='line_1_6' title="bbox 0 339 190 540; baseline 0.005 -97"><span class='ocrx_word' id='word_1_8' title='bbox 0 339 190 540; x_wconf 49' lang='grc' dir='ltr'><strong>,λτιξξέἱπ</strong></span> 
     </span>
     <span class='ocr_line' id='line_1_7' title="bbox 0 435 191 505; baseline -0.016 -3"><span class='ocrx_word' id='word_1_9' title='bbox 0 435 77 505; x_wconf 47' lang='grc' dir='ltr'><strong>ΛΓ(</strong></span> <span class='ocrx_word' id='word_1_10' title='bbox 111 443 191 494; x_wconf 38' lang='lat'>=7”:</span> 
     </span>
     <span class='ocr_line' id='line_1_8' title="bbox 0 504 162 565; baseline 0 -51"><span class='ocrx_word' id='word_1_11' title='bbox 128 509 162 565; x_wconf 41' lang='grc' dir='ltr'><strong>,ἕ</strong></span> 
     </span>
     <span class='ocr_line' id='line_1_9' title="bbox 31 669 157 731; baseline 0.008 -6"><span class='ocrx_word' id='word_1_12' title='bbox 143 696 157 721; x_wconf 72' lang='lat' dir='ltr'><strong>&#39;J</strong></span> 
     </span>
     <span class='ocr_line' id='line_1_10' title="bbox 31 727 157 770; baseline -0.008 0"><span class='ocrx_word' id='word_1_13' title='bbox 31 727 111 770; x_wconf 58' lang='lat'><strong>7&#39;1:</strong></span> <span class='ocrx_word' id='word_1_14' title='bbox 154 740 157 746; x_wconf 59' lang='grc' dir='ltr'><em>ι</em></span> 
     </span>
     <span class='ocr_line' id='line_1_11' title="bbox 32 770 113 820; baseline 0.025 -2"><span class='ocrx_word' id='word_1_15' title='bbox 32 770 113 820; x_wconf 70' lang='grc' dir='ltr'><strong>ε·</strong></span> 
     </span>
     <span class='ocr_line' id='line_1_12' title="bbox 14 821 154 874; baseline 0.007 -44"><span class='ocrx_word' id='word_1_16' title='bbox 14 821 110 859; x_wconf 47' lang='grc' dir='ltr'><strong>η..</strong></span> <span class='ocrx_word' id='word_1_17' title='bbox 152 850 154 874; x_wconf 21' lang='grc' dir='ltr'>ζ</span> 
     </span>
    </p>
   </div>
   <div class='ocr_carea' id='block_1_2' title="bbox 686 214 1892 246">
    <p class='ocr_par' dir='ltr' id='par_1_2' title="bbox 686 214 1892 246">
     <span class='ocr_line' id='line_1_13' title="bbox 686 214 1892 246; baseline -0.004 0"><span class='ocrx_word' id='word_1_18' title='bbox 686 219 753 246; x_wconf 72' lang='lat' dir='ltr'><strong>tO’r7</strong></span> <span class='ocrx_word' id='word_1_19' title='bbox 1224 215 1422 244; x_wconf 77' lang='lat' dir='ltr'><strong>BUBCHARDI</strong></span> <span class='ocrx_word' id='word_1_20' title='bbox 1442 215 1706 243; x_wconf 77' lang='lat' dir='ltr'><strong>WORMACIENSIS</strong></span> <span class='ocrx_word' id='word_1_21' title='bbox 1727 214 1892 242; x_wconf 78' lang='lat' dir='ltr'><strong>EI’ISCOPI.</strong></span> 
     </span>
    </p>
   </div>
   <div class='ocr_carea' id='block_1_3' title="bbox 685 275 2296 317">
    <p class='ocr_par' dir='ltr' id='par_1_3' title="bbox 685 275 2296 317">
     <span class='ocr_line' id='line_1_14' title="bbox 685 275 2296 317; baseline -0.004 -10"><span class='ocrx_word' id='word_1_22' title='bbox 685 280 735 317; x_wconf 83' lang='lat' dir='ltr'><strong>qui</strong></span> <span class='ocrx_word' id='word_1_23' title='bbox 752 280 828 316; x_wconf 88' lang='lat' dir='ltr'><strong>prius</strong></span> <span class='ocrx_word' id='word_1_24' title='bbox 843 278 998 315; x_wconf 79' lang='lat' dir='ltr'><strong>peccatoris</strong></span> <span class='ocrx_word' id='word_1_25' title='bbox 1020 278 1108 306; x_wconf 83' lang='lat' dir='ltr'><strong>vitam</strong></span> <span class='ocrx_word' id='word_1_26' title='bbox 1128 278 1247 311; x_wconf 81' lang='lat' dir='ltr'><strong>necavit,</strong></span> <span class='ocrx_word' id='word_1_27' title='bbox 1276 276 1428 304; x_wconf 86' lang='lat' dir='ltr'><strong>custodivit</strong></span> <span class='ocrx_word' id='word_1_28' title='bbox 1455 279 1531 312; x_wconf 88' lang='lat' dir='ltr'><strong>post-</strong></span> <span class='ocrx_word' id='word_1_29' title='bbox 1546 277 1571 305; x_wconf 79' lang='grc' dir='ltr'><strong>Α</strong></span> <span class='ocrx_word' id='word_1_30' title='bbox 1589 284 1713 312; x_wconf 85' lang='lat' dir='ltr'><strong>namque</strong></span> <span class='ocrx_word' id='word_1_31' title='bbox 1730 283 1895 311; x_wconf 81' lang='lat' dir='ltr'><strong>corporeus,</strong></span> <span class='ocrx_word' id='word_1_32' title='bbox 1914 278 1945 303; x_wconf 91' lang='lat' dir='ltr'><strong>ut</strong></span> <span class='ocrx_word' id='word_1_33' title='bbox 1972 283 2033 303; x_wconf 80' lang='lat' dir='ltr'><strong>esse</strong></span> <span class='ocrx_word' id='word_1_34' title='bbox 2057 276 2151 304; x_wconf 81' lang='lat' dir='ltr'><strong>valeat</strong></span> <span class='ocrx_word' id='word_1_35' title='bbox 2174 275 2253 311; x_wconf 72' lang='lat' dir='ltr'><strong>ignis</strong></span> <span class='ocrx_word' id='word_1_36' title='bbox 2267 295 2277 310; x_wconf 81' lang='lat'><strong>,</strong></span> <span class='ocrx_word' id='word_1_37' title='bbox 2293 288 2296 300; x_wconf 68' lang='grc' dir='ltr'><strong>ε</strong></span> 
     </span>
    </p>
   </div>
   <div class='ocr_carea' id='block_1_4' title="bbox 686 323 1032 359">
    <p class='ocr_par' dir='ltr' id='par_1_4' title="bbox 686 323 1032 359">
     <span class='ocr_line' id='line_1_15' title="bbox 686 323 1032 359; baseline -0.009 -7"><span class='ocrx_word' id='word_1_38' title='bbox 686 325 804 352; x_wconf 89' lang='lat' dir='ltr'><strong>modum</strong></span> <span class='ocrx_word' id='word_1_39' title='bbox 821 324 941 351; x_wconf 77' lang='lat' dir='ltr'><strong>cadaver</strong></span> <span class='ocrx_word' id='word_1_40' title='bbox 952 323 1032 359; x_wconf 85' lang='lat' dir='ltr'><strong>justi.</strong></span> 
     </span>
    </p>
   </div>
   <div class='ocr_carea' id='block_1_5' title="bbox 723 366 1495 400">
    <p class='ocr_par' dir='ltr' id='par_1_5' title="bbox 723 366 1495 400">
     <span class='ocr_line' id='line_1_16' title="bbox 723 366 1495 400; baseline -0.005 -5"><span class='ocrx_word' id='word_1_41' title='bbox 723 369 788 396; x_wconf 80' lang='lat' dir='ltr'><strong>CAP.</strong></span> <span class='ocrx_word' id='word_1_42' title='bbox 801 368 933 395; x_wconf 82' lang='lat' dir='ltr'><strong>LXXVIII.</strong></span> <span class='ocrx_word' id='word_1_43' title='bbox 947 382 982 387; x_wconf 85' lang='lat'><strong>-—-</strong></span> <span class='ocrx_word' id='word_1_44' title='bbox 993 366 1069 400; x_wconf 83' lang='lat' dir='ltr'><strong>Quod</strong></span> <span class='ocrx_word' id='word_1_45' title='bbox 1078 367 1183 393; x_wconf 80' lang='lat' dir='ltr'><strong>miseris</strong></span> <span class='ocrx_word' id='word_1_46' title='bbox 1194 373 1267 393; x_wconf 83' lang='lat' dir='ltr'><strong>mors</strong></span> <span class='ocrx_word' id='word_1_47' title='bbox 1277 367 1325 400; x_wconf 74' lang='lat' dir='ltr'><strong>ﬁat</strong></span> <span class='ocrx_word' id='word_1_48' title='bbox 1335 366 1392 392; x_wconf 82' lang='lat' dir='ltr'><strong>sine</strong></span> <span class='ocrx_word' id='word_1_49' title='bbox 1403 368 1495 392; x_wconf 86' lang='lat' dir='ltr'><strong>morte.</strong></span> 
     </span>
    </p>
   </div>
   <div class='ocr_carea' id='block_1_6' title="bbox 724 409 1533 447">
    <p class='ocr_par' dir='ltr' id='par_1_6' title="bbox 724 409 1533 447">
     <span class='ocr_line' id='line_1_17' title="bbox 724 409 1533 447; baseline -0.004 -8"><span class='ocrx_word' id='word_1_50' title='bbox 724 413 850 447; x_wconf 85' lang='lat' dir='ltr'><strong>(Gregor.</strong></span> <span class='ocrx_word' id='word_1_51' title='bbox 872 413 901 439; x_wconf 84' lang='lat' dir='ltr'><strong>in</strong></span> <span class='ocrx_word' id='word_1_52' title='bbox 919 413 976 439; x_wconf 82' lang='lat' dir='ltr'><strong>suis</strong></span> <span class='ocrx_word' id='word_1_53' title='bbox 1003 411 1100 438; x_wconf 74' lang='lat' dir='ltr'><strong>Horat.</strong></span> <span class='ocrx_word' id='word_1_54' title='bbox 1126 410 1224 444; x_wconf 75' lang='lat' dir='ltr'><strong>dicitz)</strong></span> <span class='ocrx_word' id='word_1_55' title='bbox 1256 410 1299 437; x_wconf 88' lang='lat' dir='ltr'><strong>F&#39;it</strong></span> <span class='ocrx_word' id='word_1_56' title='bbox 1328 417 1396 444; x_wconf 79' lang='lat' dir='ltr'><strong>ergo</strong></span> <span class='ocrx_word' id='word_1_57' title='bbox 1422 409 1533 436; x_wconf 83' lang='lat' dir='ltr'><strong>miseris</strong></span> 
     </span>
    </p>
   </div>
   <div class='ocr_carea' id='block_1_7' title="bbox 688 453 1534 488">
    <p class='ocr_par' dir='ltr' id='par_1_7' title="bbox 688 453 1534 488">
     <span class='ocr_line' id='line_1_18' title="bbox 688 453 1534 488; baseline -0.005 -5"><span class='ocrx_word' id='word_1_58' title='bbox 688 463 767 483; x_wconf 90' lang='lat' dir='ltr'><strong>mors</strong></span> <span class='ocrx_word' id='word_1_59' title='bbox 781 456 840 482; x_wconf 88' lang='lat' dir='ltr'><strong>sine</strong></span> <span class='ocrx_word' id='word_1_60' title='bbox 852 457 955 487; x_wconf 87' lang='lat' dir='ltr'><strong>morte,</strong></span> <span class='ocrx_word' id='word_1_61' title='bbox 972 454 1038 481; x_wconf 76' lang='lat' dir='ltr'><strong>finis</strong></span> <span class='ocrx_word' id='word_1_62' title='bbox 1060 453 1120 480; x_wconf 84' lang='lat' dir='ltr'><strong>sine</strong></span> <span class='ocrx_word' id='word_1_63' title='bbox 1138 453 1272 480; x_wconf 83' lang='lat' dir='ltr'><strong>defuncto</strong></span> <span class='ocrx_word' id='word_1_64' title='bbox 1291 461 1296 480; x_wconf 89' lang='lat'>:</span> <span class='ocrx_word' id='word_1_65' title='bbox 1314 453 1380 488; x_wconf 81' lang='lat' dir='ltr'><strong>quia</strong></span> <span class='ocrx_word' id='word_1_66' title='bbox 1402 455 1430 480; x_wconf 89' lang='lat' dir='ltr'><strong>et</strong></span> <span class='ocrx_word' id='word_1_67' title='bbox 1457 461 1534 479; x_wconf 86' lang='lat' dir='ltr'><strong>mors</strong></span> 
     </span>
    </p>
   </div>
   <div class='ocr_carea' id='block_1_8' title="bbox 689 496 1533 532">
    <p class='ocr_par' dir='ltr' id='par_1_8' title="bbox 689 496 1533 532">
     <span class='ocr_line' id='line_1_19' title="bbox 689 496 1533 532; baseline -0.004 -6"><span class='ocrx_word' id='word_1_68' title='bbox 689 498 770 531; x_wconf 87' lang='lat' dir='ltr'><strong>vivit,</strong></span> <span class='ocrx_word' id='word_1_69' title='bbox 796 502 824 525; x_wconf 85' lang='lat' dir='ltr'><strong>et</strong></span> <span class='ocrx_word' id='word_1_70' title='bbox 851 498 917 525; x_wconf 77' lang='lat' dir='ltr'><strong>linis</strong></span> <span class='ocrx_word' id='word_1_71' title='bbox 942 505 1056 532; x_wconf 84' lang='lat' dir='ltr'><strong>semper</strong></span> <span class='ocrx_word' id='word_1_72' title='bbox 1079 496 1188 532; x_wconf 77' lang='lat' dir='ltr'><strong>incipit,</strong></span> <span class='ocrx_word' id='word_1_73' title='bbox 1204 499 1233 523; x_wconf 90' lang='lat' dir='ltr'><strong>et</strong></span> <span class='ocrx_word' id='word_1_74' title='bbox 1247 496 1368 523; x_wconf 83' lang='lat' dir='ltr'><strong>deiicere</strong></span> <span class='ocrx_word' id='word_1_75' title='bbox 1383 496 1533 523; x_wconf 82' lang='lat' dir='ltr'><strong>defunctus</strong></span> 
     </span>
    </p>
   </div>
   <div class='ocr_carea' id='block_1_9' title="bbox 690 541 1532 577">
    <p class='ocr_par' dir='ltr' id='par_1_9' title="bbox 690 541 1532 577">
     <span class='ocr_line' id='line_1_20' title="bbox 690 541 1532 577; baseline -0.004 -7"><span class='ocrx_word' id='word_1_76' title='bbox 690 542 789 570; x_wconf 91' lang='lat' dir='ltr'><strong>nescit.</strong></span> <span class='ocrx_word' id='word_1_77' title='bbox 807 543 879 574; x_wconf 85' lang='lat' dir='ltr'><strong>Quia</strong></span> <span class='ocrx_word' id='word_1_78' title='bbox 890 542 989 577; x_wconf 92' lang='lat' dir='ltr'><strong>igitur,</strong></span> <span class='ocrx_word' id='word_1_79' title='bbox 1004 544 1032 568; x_wconf 86' lang='lat' dir='ltr'><strong>et</strong></span> <span class='ocrx_word' id='word_1_80' title='bbox 1044 549 1120 568; x_wconf 87' lang='lat' dir='ltr'><strong>mors</strong></span> <span class='ocrx_word' id='word_1_81' title='bbox 1131 541 1246 576; x_wconf 81' lang='lat' dir='ltr'><strong>perimit</strong></span> <span class='ocrx_word' id='word_1_82' title='bbox 1256 545 1285 568; x_wconf 84' lang='lat' dir='ltr'><strong>et</strong></span> <span class='ocrx_word' id='word_1_83' title='bbox 1304 549 1361 567; x_wconf 93' lang='lat' dir='ltr'><strong>non</strong></span> <span class='ocrx_word' id='word_1_84' title='bbox 1383 541 1532 575; x_wconf 70' lang='lat' dir='ltr'><strong>extinguit,</strong></span> 
     </span>
    </p>
   </div>
   <div class='ocr_carea' id='block_1_10' title="bbox 690 585 1535 620">
    <p class='ocr_par' dir='ltr' id='par_1_10' title="bbox 690 585 1535 620">
     <span class='ocr_line' id='line_1_21' title="bbox 690 585 1535 620; baseline -0.002 -6"><span class='ocrx_word' id='word_1_85' title='bbox 690 587 774 614; x_wconf 88' lang='lat' dir='ltr'><strong>dolor</strong></span> <span class='ocrx_word' id='word_1_86' title='bbox 788 587 905 619; x_wconf 76' lang='lat' dir='ltr'><strong>cruciat,</strong></span> <span class='ocrx_word' id='word_1_87' title='bbox 921 587 968 613; x_wconf 88' lang='lat' dir='ltr'><strong>sed</strong></span> <span class='ocrx_word' id='word_1_88' title='bbox 985 586 1148 612; x_wconf 75' lang='lat' dir='ltr'><strong>nullatenus</strong></span> <span class='ocrx_word' id='word_1_89' title='bbox 1164 593 1296 619; x_wconf 82' lang='lat' dir='ltr'><strong>pavorem</strong></span> <span class='ocrx_word' id='word_1_90' title='bbox 1312 585 1402 620; x_wconf 82' lang='lat' dir='ltr'><strong>fugat,</strong></span> <span class='ocrx_word' id='word_1_91' title='bbox 1419 585 1535 612; x_wconf 83' lang='lat' dir='ltr'><strong>ﬂamma</strong></span> 
     </span>
    </p>
   </div>
   <div class='ocr_carea' id='block_1_11' title="bbox 691 629 1392 665">
    <p class='ocr_par' dir='ltr' id='par_1_11' title="bbox 691 629 1392 665">
     <span class='ocr_line' id='line_1_22' title="bbox 691 629 1392 665; baseline -0.003 -7"><span class='ocrx_word' id='word_1_92' title='bbox 691 631 843 663; x_wconf 86' lang='lat' dir='ltr'><strong>comburit,</strong></span> <span class='ocrx_word' id='word_1_93' title='bbox 861 631 909 657; x_wconf 84' lang='lat' dir='ltr'><strong>sed</strong></span> <span class='ocrx_word' id='word_1_94' title='bbox 925 637 1106 665; x_wconf 83' lang='lat' dir='ltr'><strong>nequaquam</strong></span> <span class='ocrx_word' id='word_1_95' title='bbox 1124 630 1255 656; x_wconf 83' lang='lat' dir='ltr'><strong>tenebras</strong></span> <span class='ocrx_word' id='word_1_96' title='bbox 1276 629 1392 656; x_wconf 75' lang='lat' dir='ltr'><strong>decutit.</strong></span> 
     </span>
    </p>
   </div>
   <div class='ocr_carea' id='block_1_12' title="bbox 691 674 1536 707">
    <p class='ocr_par' dir='ltr' id='par_1_12' title="bbox 691 674 1536 707">
     <span class='ocr_line' id='line_1_23' title="bbox 691 674 1536 707; baseline -0.002 -5"><span class='ocrx_word' id='word_1_97' title='bbox 691 675 755 702; x_wconf 68' lang='lat' dir='ltr'><strong>Car.</strong></span> <span class='ocrx_word' id='word_1_98' title='bbox 783 675 888 702; x_wconf 81' lang='lat' dir='ltr'><strong>LXXIX.</strong></span> <span class='ocrx_word' id='word_1_99' title='bbox 906 689 935 694; x_wconf 98' lang='lat'><strong><em>—</em></strong></span> <span class='ocrx_word' id='word_1_100' title='bbox 951 674 1026 707; x_wconf 81' lang='lat' dir='ltr'><strong>Quod</strong></span> <span class='ocrx_word' id='word_1_101' title='bbox 1035 675 1063 700; x_wconf 86' lang='lat' dir='ltr'><strong>in</strong></span> <span class='ocrx_word' id='word_1_102' title='bbox 1079 675 1185 707; x_wconf 82' lang='lat' dir='ltr'><strong>inferno</strong></span> <span class='ocrx_word' id='word_1_103' title='bbox 1199 674 1382 707; x_wconf 72' lang='lat' dir='ltr'><strong>peccatoribus</strong></span> <span class='ocrx_word' id='word_1_104' title='bbox 1397 674 1434 700; x_wconf 88' lang='lat' dir='ltr'><strong>ad</strong></span> <span class='ocrx_word' id='word_1_105' title='bbox 1448 681 1536 700; x_wconf 82' lang='lat' dir='ltr'><strong>conso-</strong></span> 
     </span>
    </p>
   </div>
   <div class='ocr_carea' id='block_1_13' title="bbox 744 718 1481 752">
    <p class='ocr_par' dir='ltr' id='par_1_13' title="bbox 744 718 1481 752">
     <span class='ocr_line' id='line_1_24' title="bbox 744 718 1481 752; baseline -0.003 -6"><span class='ocrx_word' id='word_1_106' title='bbox 744 720 870 746; x_wconf 77' lang='lat' dir='ltr'><strong>lationem</strong></span> <span class='ocrx_word' id='word_1_107' title='bbox 885 719 956 752; x_wconf 86' lang='lat' dir='ltr'><strong>ignis</strong></span> <span class='ocrx_word' id='word_1_108' title='bbox 971 726 1023 745; x_wconf 86' lang='lat' dir='ltr'><strong>non</strong></span> <span class='ocrx_word' id='word_1_109' title='bbox 1039 718 1135 750; x_wconf 79' lang='lat' dir='ltr'><strong>luceat,</strong></span> <span class='ocrx_word' id='word_1_110' title='bbox 1151 718 1197 745; x_wconf 81' lang='lat' dir='ltr'><strong>sed</strong></span> <span class='ocrx_word' id='word_1_111' title='bbox 1213 721 1242 744; x_wconf 88' lang='lat' dir='ltr'><strong>ut</strong></span> <span class='ocrx_word' id='word_1_112' title='bbox 1252 719 1339 751; x_wconf 85' lang='lat' dir='ltr'><strong>magis</strong></span> <span class='ocrx_word' id='word_1_113' title='bbox 1349 721 1481 752; x_wconf 75' lang='lat' dir='ltr'><strong>torqueat.</strong></span> 
     </span>
    </p>
   </div>
   <div class='ocr_carea' id='block_1_14' title="bbox 727 761 1536 797">
    <p class='ocr_par' dir='ltr' id='par_1_14' title="bbox 727 761 1536 797">
     <span class='ocr_line' id='line_1_25' title="bbox 727 761 1536 797; baseline -0.001 -8"><span class='ocrx_word' id='word_1_114' title='bbox 727 763 846 797; x_wconf 83' lang='lat' dir='ltr'><strong>(Gregor.</strong></span> <span class='ocrx_word' id='word_1_115' title='bbox 864 764 893 789; x_wconf 84' lang='lat' dir='ltr'><strong>in</strong></span> <span class='ocrx_word' id='word_1_116' title='bbox 916 763 973 789; x_wconf 87' lang='lat' dir='ltr'><strong>suis</strong></span> <span class='ocrx_word' id='word_1_117' title='bbox 988 763 1084 789; x_wconf 81' lang='lat' dir='ltr'><strong>Moral.</strong></span> <span class='ocrx_word' id='word_1_118' title='bbox 1105 762 1173 789; x_wconf 87' lang='lat' dir='ltr'><strong>dicit</strong></span> <span class='ocrx_word' id='word_1_119' title='bbox 1191 762 1210 795; x_wconf 91' lang='lat'><strong>:)</strong></span> <span class='ocrx_word' id='word_1_120' title='bbox 1231 762 1365 793; x_wconf 89' lang='lat' dir='ltr'><strong>Quamvis</strong></span> <span class='ocrx_word' id='word_1_121' title='bbox 1389 762 1446 788; x_wconf 90' lang='lat' dir='ltr'><strong>illic</strong></span> <span class='ocrx_word' id='word_1_122' title='bbox 1461 761 1536 796; x_wconf 80' lang='lat' dir='ltr'><strong>ignis</strong></span> 
     </span>
    </p>
   </div>
   <div class='ocr_carea' id='block_1_15' title="bbox 692 806 1536 840">
    <p class='ocr_par' dir='ltr' id='par_1_15' title="bbox 692 806 1536 840">
     <span class='ocr_line' id='line_1_26' title="bbox 692 806 1536 840; baseline -0.002 -7"><span class='ocrx_word' id='word_1_123' title='bbox 692 810 719 833; x_wconf 90' lang='lat' dir='ltr'><strong>et</strong></span> <span class='ocrx_word' id='word_1_124' title='bbox 734 807 770 833; x_wconf 88' lang='lat' dir='ltr'><strong>ad</strong></span> <span class='ocrx_word' id='word_1_125' title='bbox 790 806 1015 833; x_wconf 81' lang='lat' dir='ltr'><strong>consolationem</strong></span> <span class='ocrx_word' id='word_1_126' title='bbox 1044 814 1102 833; x_wconf 92' lang='lat' dir='ltr'><strong>non</strong></span> <span class='ocrx_word' id='word_1_127' title='bbox 1118 807 1201 838; x_wconf 90' lang='lat' dir='ltr'><strong>lucet,</strong></span> <span class='ocrx_word' id='word_1_128' title='bbox 1230 810 1356 832; x_wconf 82' lang='lat' dir='ltr'><strong>attamen</strong></span> <span class='ocrx_word' id='word_1_129' title='bbox 1387 809 1416 832; x_wconf 90' lang='lat' dir='ltr'><strong>ut</strong></span> <span class='ocrx_word' id='word_1_130' title='bbox 1446 807 1536 840; x_wconf 77' lang='lat' dir='ltr'><strong>magis</strong></span> 
     </span>
    </p>
   </div>
   <div class='ocr_carea' id='block_1_16' title="bbox 691 851 1536 886">
    <p class='ocr_par' dir='ltr' id='par_1_16' title="bbox 691 851 1536 886">
     <span class='ocr_line' id='line_1_27' title="bbox 691 851 1536 886; baseline -0.001 -9"><span class='ocrx_word' id='word_1_131' title='bbox 691 854 834 886; x_wconf 86' lang='lat' dir='ltr'><strong>torqueat,</strong></span> <span class='ocrx_word' id='word_1_132' title='bbox 850 851 884 878; x_wconf 84' lang='lat' dir='ltr'><strong>ad</strong></span> <span class='ocrx_word' id='word_1_133' title='bbox 906 851 1016 885; x_wconf 88' lang='lat' dir='ltr'><strong>aliquid</strong></span> <span class='ocrx_word' id='word_1_134' title='bbox 1033 851 1117 877; x_wconf 89' lang='lat' dir='ltr'><strong>lucet.</strong></span> <span class='ocrx_word' id='word_1_135' title='bbox 1147 851 1216 877; x_wconf 83' lang='lat' dir='ltr'><strong>Nam</strong></span> <span class='ocrx_word' id='word_1_136' title='bbox 1246 859 1379 885; x_wconf 80' lang='lat' dir='ltr'><strong>sequaces</strong></span> <span class='ocrx_word' id='word_1_137' title='bbox 1408 858 1536 885; x_wconf 86' lang='lat' dir='ltr'><strong>quosque</strong></span> 
     </span>
    </p>
   </div>
   <div class='ocr_carea' id='block_1_17' title="bbox 693 895 1536 929">
    <p class='ocr_par' dir='ltr' id='par_1_17' title="bbox 693 895 1536 929">
     <span class='ocr_line' id='line_1_28' title="bbox 693 895 1536 929; baseline -0.001 -7"><span class='ocrx_word' id='word_1_138' title='bbox 693 904 760 922; x_wconf 88' lang='lat' dir='ltr'><strong>suos</strong></span> <span class='ocrx_word' id='word_1_139' title='bbox 773 903 870 922; x_wconf 85' lang='lat' dir='ltr'><strong>secum</strong></span> <span class='ocrx_word' id='word_1_140' title='bbox 887 895 915 921; x_wconf 92' lang='lat' dir='ltr'><strong>in</strong></span> <span class='ocrx_word' id='word_1_141' title='bbox 932 897 1075 922; x_wconf 90' lang='lat' dir='ltr'><strong>tormento</strong></span> <span class='ocrx_word' id='word_1_142' title='bbox 1092 895 1206 929; x_wconf 80' lang='lat' dir='ltr'><strong>reprobi</strong></span> <span class='ocrx_word' id='word_1_143' title='bbox 1234 895 1350 921; x_wconf 85' lang='lat' dir='ltr'><strong>ﬂamma</strong></span> <span class='ocrx_word' id='word_1_144' title='bbox 1375 895 1536 921; x_wconf 86' lang='lat' dir='ltr'><strong>illustrante</strong></span> 
     </span>
    </p>
   </div>
   <div class='ocr_carea' id='block_1_18' title="bbox 692 938 1537 973">
    <p class='ocr_par' dir='ltr' id='par_1_18' title="bbox 692 938 1537 973">
     <span class='ocr_line' id='line_1_29' title="bbox 692 938 1537 973; baseline -0.002 -8"><span class='ocrx_word' id='word_1_145' title='bbox 692 939 780 965; x_wconf 82' lang='lat' dir='ltr'><strong>visuri</strong></span> <span class='ocrx_word' id='word_1_146' title='bbox 795 942 872 971; x_wconf 89' lang='lat' dir='ltr'><strong>sunt,</strong></span> <span class='ocrx_word' id='word_1_147' title='bbox 890 946 1012 973; x_wconf 89' lang='lat' dir='ltr'><strong>quorum</strong></span> <span class='ocrx_word' id='word_1_148' title='bbox 1043 946 1140 964; x_wconf 87' lang='lat' dir='ltr'><strong>amore</strong></span> <span class='ocrx_word' id='word_1_149' title='bbox 1157 938 1340 973; x_wconf 89' lang='lat' dir='ltr'><strong>deliquerunt</strong></span> <span class='ocrx_word' id='word_1_150' title='bbox 1357 946 1363 964; x_wconf 89' lang='lat'><strong>:</strong></span> <span class='ocrx_word' id='word_1_151' title='bbox 1397 940 1537 972; x_wconf 85' lang='lat' dir='ltr'><strong>quatenus</strong></span> 
     </span>
    </p>
   </div>
   <div class='ocr_carea' id='block_1_19' title="bbox 694 981 1537 1018">
    <p class='ocr_par' dir='ltr' id='par_1_19' title="bbox 694 981 1537 1018">
     <span class='ocr_line' id='line_1_30' title="bbox 694 981 1537 1018; baseline -0.001 -9"><span class='ocrx_word' id='word_1_152' title='bbox 694 982 744 1018; x_wconf 86' lang='lat' dir='ltr'><strong>qui</strong></span> <span class='ocrx_word' id='word_1_153' title='bbox 759 990 858 1009; x_wconf 80' lang='lat' dir='ltr'><strong>eorum</strong></span> <span class='ocrx_word' id='word_1_154' title='bbox 877 983 962 1009; x_wconf 87' lang='lat' dir='ltr'><strong>vitam</strong></span> <span class='ocrx_word' id='word_1_155' title='bbox 985 982 1138 1008; x_wconf 67' lang='lat' dir='ltr'><strong>carnaliter</strong></span> <span class='ocrx_word' id='word_1_156' title='bbox 1153 985 1252 1008; x_wconf 86' lang='lat' dir='ltr'><strong>contra</strong></span> <span class='ocrx_word' id='word_1_157' title='bbox 1268 985 1409 1017; x_wconf 78' lang='lat' dir='ltr'><strong>priecepta</strong></span> <span class='ocrx_word' id='word_1_158' title='bbox 1434 981 1537 1008; x_wconf 84' lang='lat' dir='ltr'><strong>Condi-</strong></span> 
     </span>
    </p>
   </div>
   <div class='ocr_carea' id='block_1_20' title="bbox 695 1026 1538 1061">
    <p class='ocr_par' dir='ltr' id='par_1_20' title="bbox 695 1026 1538 1061">
     <span class='ocr_line' id='line_1_31' title="bbox 695 1026 1538 1061; baseline -0.001 -8"><span class='ocrx_word' id='word_1_159' title='bbox 695 1026 764 1054; x_wconf 87' lang='lat' dir='ltr'><strong>toris</strong></span> <span class='ocrx_word' id='word_1_160' title='bbox 791 1028 969 1059; x_wconf 88' lang='lat' dir='ltr'><strong>amaverunt,</strong></span> <span class='ocrx_word' id='word_1_161' title='bbox 986 1026 1114 1061; x_wconf 86' lang='lat' dir='ltr'><strong>ipsorum</strong></span> <span class='ocrx_word' id='word_1_162' title='bbox 1137 1034 1251 1061; x_wconf 84' lang='lat' dir='ltr'><strong>quoque</strong></span> <span class='ocrx_word' id='word_1_163' title='bbox 1278 1034 1326 1053; x_wconf 90' lang='lat' dir='ltr'><strong>eos</strong></span> <span class='ocrx_word' id='word_1_164' title='bbox 1350 1026 1480 1053; x_wconf 85' lang='lat' dir='ltr'><strong>interitus</strong></span> <span class='ocrx_word' id='word_1_165' title='bbox 1509 1026 1538 1052; x_wconf 88' lang='lat' dir='ltr'><strong>in</strong></span> 
     </span>
    </p>
   </div>
   <div class='ocr_carea' id='block_1_21' title="bbox 695 1070 1255 1105">
    <p class='ocr_par' dir='ltr' id='par_1_21' title="bbox 695 1070 1255 1105">
     <span class='ocr_line' id='line_1_32' title="bbox 695 1070 1255 1105; baseline 0 -8"><span class='ocrx_word' id='word_1_166' title='bbox 695 1073 851 1105; x_wconf 83' lang='lat' dir='ltr'><strong>augmento</strong></span> <span class='ocrx_word' id='word_1_167' title='bbox 867 1078 924 1097; x_wconf 61' lang='lat' dir='ltr'><strong>suae</strong></span> <span class='ocrx_word' id='word_1_168' title='bbox 940 1070 1131 1097; x_wconf 87' lang='lat' dir='ltr'><strong>damnationis</strong></span> <span class='ocrx_word' id='word_1_169' title='bbox 1137 1070 1255 1105; x_wconf 76' lang='lat' dir='ltr'><strong>afﬂigat.</strong></span> 
     </span>
    </p>
   </div>
   <div class='ocr_carea' id='block_1_22' title="bbox 897 1114 1338 1141">
    <p class='ocr_par' dir='ltr' id='par_1_22' title="bbox 897 1114 1338 1141">
     <span class='ocr_line' id='line_1_33' title="bbox 897 1114 1338 1141; baseline -0.002 0"><span class='ocrx_word' id='word_1_170' title='bbox 897 1115 962 1141; x_wconf 76' lang='lat' dir='ltr'><strong>CAP.</strong></span> <span class='ocrx_word' id='word_1_171' title='bbox 979 1114 1071 1141; x_wconf 79' lang='lat' dir='ltr'>LXXX.</span> <span class='ocrx_word' id='word_1_172' title='bbox 1089 1129 1124 1133; x_wconf 98' lang='lat'>—</span> <span class='ocrx_word' id='word_1_173' title='bbox 1139 1114 1179 1141; x_wconf 81' lang='lat' dir='ltr'><strong>De</strong></span> <span class='ocrx_word' id='word_1_174' title='bbox 1193 1114 1284 1141; x_wconf 84' lang='lat' dir='ltr'><strong>eadem</strong></span> <span class='ocrx_word' id='word_1_175' title='bbox 1297 1121 1338 1141; x_wconf 78' lang='lat' dir='ltr'><strong>re.</strong></span> 
     </span>
    </p>
   </div>
   <div class='ocr_carea' id='block_1_23' title="bbox 731 1158 1541 1192">
    <p class='ocr_par' dir='ltr' id='par_1_23' title="bbox 731 1158 1541 1192">
     <span class='ocr_line' id='line_1_34' title="bbox 731 1158 1541 1192; baseline -0.002 -6"><span class='ocrx_word' id='word_1_176' title='bbox 731 1159 856 1192; x_wconf 70' lang='lat' dir='ltr'><strong>(Gregor.</strong></span> <span class='ocrx_word' id='word_1_177' title='bbox 875 1159 902 1185; x_wconf 87' lang='lat' dir='ltr'><strong>in</strong></span> <span class='ocrx_word' id='word_1_178' title='bbox 916 1159 973 1185; x_wconf 85' lang='lat' dir='ltr'><strong>suis</strong></span> <span class='ocrx_word' id='word_1_179' title='bbox 996 1158 1097 1185; x_wconf 85' lang='grc' dir='ltr'><strong>Μοναι.</strong></span> <span class='ocrx_word' id='word_1_180' title='bbox 1123 1158 1189 1184; x_wconf 82' lang='lat' dir='ltr'><strong>dicit</strong></span> <span class='ocrx_word' id='word_1_181' title='bbox 1207 1164 1223 1191; x_wconf 69' lang='grc' dir='ltr'><strong>ε)</strong></span> <span class='ocrx_word' id='word_1_182' title='bbox 1244 1158 1320 1185; x_wconf 85' lang='lat' dir='ltr'><strong>Sicut</strong></span> <span class='ocrx_word' id='word_1_183' title='bbox 1349 1166 1417 1192; x_wconf 88' lang='lat' dir='ltr'><strong>ergo</strong></span> <span class='ocrx_word' id='word_1_184' title='bbox 1446 1158 1541 1184; x_wconf 82' lang='lat' dir='ltr'><strong>electis</strong></span> 
     </span>
    </p>
   </div>
   <div class='ocr_carea' id='block_1_24' title="bbox 696 1202 1540 1238">
    <p class='ocr_par' dir='ltr' id='par_1_24' title="bbox 696 1202 1540 1238">
     <span class='ocr_line' id='line_1_35' title="bbox 696 1202 1540 1238; baseline 0 -9"><span class='ocrx_word' id='word_1_185' title='bbox 696 1203 770 1238; x_wconf 89' lang='lat' dir='ltr'><strong>ignis</strong></span> <span class='ocrx_word' id='word_1_186' title='bbox 785 1202 885 1229; x_wconf 84' lang='lat' dir='ltr'><strong>ardere</strong></span> <span class='ocrx_word' id='word_1_187' title='bbox 900 1202 978 1229; x_wconf 89' lang='lat' dir='ltr'><strong>novit</strong></span> <span class='ocrx_word' id='word_1_188' title='bbox 991 1202 1025 1228; x_wconf 87' lang='lat' dir='ltr'><strong>ad</strong></span> <span class='ocrx_word' id='word_1_189' title='bbox 1040 1202 1184 1233; x_wconf 84' lang='lat' dir='ltr'><strong>solatium,</strong></span> <span class='ocrx_word' id='word_1_190' title='bbox 1209 1205 1236 1228; x_wconf 90' lang='lat' dir='ltr'><strong>et</strong></span> <span class='ocrx_word' id='word_1_191' title='bbox 1251 1204 1347 1228; x_wconf 86' lang='lat' dir='ltr'><strong>tamen</strong></span> <span class='ocrx_word' id='word_1_192' title='bbox 1374 1202 1473 1228; x_wconf 85' lang='lat' dir='ltr'><strong>ardere</strong></span> <span class='ocrx_word' id='word_1_193' title='bbox 1506 1202 1540 1229; x_wconf 90' lang='lat' dir='ltr'><strong>ad</strong></span> 
     </span>
    </p>
   </div>
   <div class='ocr_carea' id='block_1_25' title="bbox 696 1246 1540 1282">
    <p class='ocr_par' dir='ltr' id='par_1_25' title="bbox 696 1246 1540 1282">
     <span class='ocr_line' id='line_1_36' title="bbox 696 1246 1540 1282; baseline 0 -9"><span class='ocrx_word' id='word_1_194' title='bbox 696 1246 867 1282; x_wconf 85' lang='lat' dir='ltr'><strong>supplicium</strong></span> <span class='ocrx_word' id='word_1_195' title='bbox 885 1246 1049 1272; x_wconf 79' lang='lat' dir='ltr'><strong>nescitzita</strong></span> <span class='ocrx_word' id='word_1_196' title='bbox 1075 1254 1090 1271; x_wconf 80' lang='grc' dir='ltr'><strong>θ</strong></span> <span class='ocrx_word' id='word_1_197' title='bbox 1118 1246 1226 1272; x_wconf 84' lang='lat' dir='ltr'><strong>diverso</strong></span> <span class='ocrx_word' id='word_1_198' title='bbox 1257 1247 1395 1280; x_wconf 70' lang='lat' dir='ltr'><strong>gehennae</strong></span> <span class='ocrx_word' id='word_1_199' title='bbox 1426 1246 1540 1273; x_wconf 86' lang='lat' dir='ltr'><strong>llamma</strong></span> 
     </span>
    </p>
   </div>
   <div class='ocr_carea' id='block_1_26' title="bbox 696 1289 1540 1325">
    <p class='ocr_par' dir='ltr' id='par_1_26' title="bbox 696 1289 1540 1325">
     <span class='ocr_line' id='line_1_37' title="bbox 696 1289 1540 1325; baseline -0.001 -8"><span class='ocrx_word' id='word_1_200' title='bbox 696 1290 837 1325; x_wconf 90' lang='lat' dir='ltr'><strong>reprobis,</strong></span> <span class='ocrx_word' id='word_1_201' title='bbox 853 1292 880 1316; x_wconf 88' lang='lat' dir='ltr'><strong>et</strong></span> <span class='ocrx_word' id='word_1_202' title='bbox 895 1298 1077 1325; x_wconf 86' lang='lat' dir='ltr'><strong>nequaquam</strong></span> <span class='ocrx_word' id='word_1_203' title='bbox 1093 1290 1166 1316; x_wconf 85' lang='lat' dir='ltr'><strong>lucet</strong></span> <span class='ocrx_word' id='word_1_204' title='bbox 1189 1289 1223 1316; x_wconf 88' lang='lat' dir='ltr'><strong>ad</strong></span> <span class='ocrx_word' id='word_1_205' title='bbox 1247 1290 1452 1316; x_wconf 81' lang='lat' dir='ltr'><strong>consolationis</strong></span> <span class='ocrx_word' id='word_1_206' title='bbox 1476 1299 1540 1325; x_wconf 88' lang='lat' dir='ltr'><strong>gra-</strong></span> 
     </span>
    </p>
   </div>
   <div class='ocr_carea' id='block_1_27' title="bbox 696 1334 1541 1368">
    <p class='ocr_par' dir='ltr' id='par_1_27' title="bbox 696 1334 1541 1368">
     <span class='ocr_line' id='line_1_38' title="bbox 696 1334 1541 1368; baseline -0.001 -7"><span class='ocrx_word' id='word_1_207' title='bbox 696 1335 914 1367; x_wconf 86' lang='lat' dir='ltr'><strong>tiam,ettamen</strong></span> <span class='ocrx_word' id='word_1_208' title='bbox 925 1334 1000 1361; x_wconf 87' lang='lat' dir='ltr'><strong>lucet</strong></span> <span class='ocrx_word' id='word_1_209' title='bbox 1012 1334 1046 1360; x_wconf 84' lang='lat' dir='ltr'><strong>ad</strong></span> <span class='ocrx_word' id='word_1_210' title='bbox 1057 1342 1170 1368; x_wconf 66' lang='lat' dir='ltr'><strong>pcrnam</strong></span> <span class='ocrx_word' id='word_1_211' title='bbox 1185 1342 1191 1360; x_wconf 87' lang='lat'>:</span> <span class='ocrx_word' id='word_1_212' title='bbox 1206 1337 1236 1360; x_wconf 90' lang='lat' dir='ltr'><strong>ut</strong></span> <span class='ocrx_word' id='word_1_213' title='bbox 1246 1334 1541 1361; x_wconf 64' lang='lat' dir='ltr'><strong>damnatorumoculis</strong></span> 
     </span>
    </p>
   </div>
   <div class='ocr_carea' id='block_1_28' title="bbox 697 1378 1541 1413">
    <p class='ocr_par' dir='ltr' id='par_1_28' title="bbox 697 1378 1541 1413">
     <span class='ocr_line' id='line_1_39' title="bbox 697 1378 1541 1413; baseline -0.001 -8"><span class='ocrx_word' id='word_1_214' title='bbox 697 1378 879 1413; x_wconf 85' lang='lat' dir='ltr'><strong>supplicium,</strong></span> <span class='ocrx_word' id='word_1_215' title='bbox 896 1381 924 1404; x_wconf 87' lang='lat' dir='ltr'><strong>et</strong></span> <span class='ocrx_word' id='word_1_216' title='bbox 938 1378 1018 1405; x_wconf 83' lang='lat' dir='ltr'><strong>nulla</strong></span> <span class='ocrx_word' id='word_1_217' title='bbox 1043 1378 1179 1404; x_wconf 86' lang='lat' dir='ltr'><strong>charitate</strong></span> <span class='ocrx_word' id='word_1_218' title='bbox 1194 1378 1323 1411; x_wconf 90' lang='lat' dir='ltr'><strong>candeat,</strong></span> <span class='ocrx_word' id='word_1_219' title='bbox 1351 1381 1380 1404; x_wconf 90' lang='lat' dir='ltr'><strong>et</strong></span> <span class='ocrx_word' id='word_1_220' title='bbox 1404 1378 1439 1404; x_wconf 85' lang='lat' dir='ltr'><strong>ad</strong></span> <span class='ocrx_word' id='word_1_221' title='bbox 1466 1378 1541 1404; x_wconf 92' lang='lat' dir='ltr'><strong>dolo-</strong></span> 
     </span>
    </p>
   </div>
   <div class='ocr_carea' id='block_1_29' title="bbox 697 1422 1540 1457">
    <p class='ocr_par' dir='ltr' id='par_1_29' title="bbox 697 1422 1540 1457">
     <span class='ocr_line' id='line_1_40' title="bbox 697 1422 1540 1457; baseline 0 -8"><span class='ocrx_word' id='word_1_222' title='bbox 697 1423 736 1450; x_wconf 85' lang='lat' dir='ltr'><strong>ris</strong></span> <span class='ocrx_word' id='word_1_223' title='bbox 751 1423 899 1449; x_wconf 88' lang='lat' dir='ltr'><strong>cumulum</strong></span> <span class='ocrx_word' id='word_1_224' title='bbox 916 1422 1039 1457; x_wconf 81' lang='lat' dir='ltr'><strong>qualiter</strong></span> <span class='ocrx_word' id='word_1_225' title='bbox 1055 1422 1218 1448; x_wconf 79' lang='lat' dir='ltr'><strong>cruciantur</strong></span> <span class='ocrx_word' id='word_1_226' title='bbox 1237 1422 1377 1453; x_wconf 82' lang='lat' dir='ltr'><strong>ostendat,</strong></span> <span class='ocrx_word' id='word_1_227' title='bbox 1399 1422 1470 1454; x_wconf 85' lang='lat' dir='ltr'><strong>Quid</strong></span> <span class='ocrx_word' id='word_1_228' title='bbox 1495 1423 1540 1449; x_wconf 83' lang='lat' dir='ltr'><strong>hic</strong></span> 
     </span>
    </p>
   </div>
   <div class='ocr_carea' id='block_1_30' title="bbox 698 1466 1540 1501">
    <p class='ocr_par' dir='ltr' id='par_1_30' title="bbox 698 1466 1540 1501">
     <span class='ocr_line' id='line_1_41' title="bbox 698 1466 1540 1501; baseline -0.002 -7"><span class='ocrx_word' id='word_1_229' title='bbox 698 1468 815 1498; x_wconf 88' lang='lat' dir='ltr'><strong>mirum,</strong></span> <span class='ocrx_word' id='word_1_230' title='bbox 833 1466 855 1493; x_wconf 88' lang='lat' dir='ltr'><strong>si</strong></span> <span class='ocrx_word' id='word_1_231' title='bbox 870 1467 1009 1501; x_wconf 64' lang='lat' dir='ltr'><strong>gehennae</strong></span> <span class='ocrx_word' id='word_1_232' title='bbox 1023 1467 1118 1501; x_wconf 81' lang='lat' dir='ltr'><strong>ignem</strong></span> <span class='ocrx_word' id='word_1_233' title='bbox 1138 1466 1281 1493; x_wconf 76' lang='lat' dir='ltr'><strong>credimus</strong></span> <span class='ocrx_word' id='word_1_234' title='bbox 1306 1466 1410 1493; x_wconf 87' lang='lat' dir='ltr'><strong>habere</strong></span> <span class='ocrx_word' id='word_1_235' title='bbox 1431 1466 1540 1501; x_wconf 83' lang='lat' dir='ltr'><strong>suppli-</strong></span> 
     </span>
    </p>
   </div>
   <div class='ocr_carea' id='block_1_31' title="bbox 697 1510 1540 1545">
    <p class='ocr_par' dir='ltr' id='par_1_31' title="bbox 697 1510 1540 1545">
     <span class='ocr_line' id='line_1_42' title="bbox 697 1510 1540 1545; baseline -0.002 -7"><span class='ocrx_word' id='word_1_236' title='bbox 697 1511 785 1543; x_wconf 91' lang='lat' dir='ltr'><strong>cium,</strong></span> <span class='ocrx_word' id='word_1_237' title='bbox 802 1511 886 1537; x_wconf 86' lang='lat' dir='ltr'><strong>simul</strong></span> <span class='ocrx_word' id='word_1_238' title='bbox 917 1510 1097 1537; x_wconf 77' lang='lat' dir='ltr'><strong>obscuritatis</strong></span> <span class='ocrx_word' id='word_1_239' title='bbox 1112 1514 1140 1537; x_wconf 89' lang='lat' dir='ltr'><strong>et</strong></span> <span class='ocrx_word' id='word_1_240' title='bbox 1167 1510 1305 1537; x_wconf 83' lang='lat' dir='ltr'><strong>luminis?</strong></span> <span class='ocrx_word' id='word_1_241' title='bbox 1325 1510 1399 1545; x_wconf 88' lang='lat' dir='ltr'><strong>quod</strong></span> <span class='ocrx_word' id='word_1_242' title='bbox 1428 1510 1540 1545; x_wconf 79' lang='lat' dir='ltr'><strong>experi-</strong></span> 
     </span>
    </p>
   </div>
   <div class='ocr_carea' id='block_1_32' title="bbox 700 1554 1542 1589">
    <p class='ocr_par' dir='ltr' id='par_1_32' title="bbox 700 1554 1542 1589">
     <span class='ocr_line' id='line_1_43' title="bbox 700 1554 1542 1589; baseline -0.002 -7"><span class='ocrx_word' id='word_1_243' title='bbox 700 1558 795 1582; x_wconf 88' lang='lat' dir='ltr'><strong>mento</strong></span> <span class='ocrx_word' id='word_1_244' title='bbox 810 1554 940 1581; x_wconf 78' lang='lat' dir='ltr'><strong>nevimus</strong></span> <span class='ocrx_word' id='word_1_245' title='bbox 954 1562 960 1581; x_wconf 88' lang='lat'>:</span> <span class='ocrx_word' id='word_1_246' title='bbox 975 1554 1043 1589; x_wconf 86' lang='lat' dir='ltr'><strong>quia</strong></span> <span class='ocrx_word' id='word_1_247' title='bbox 1062 1557 1091 1581; x_wconf 87' lang='lat' dir='ltr'><strong>et</strong></span> <span class='ocrx_word' id='word_1_248' title='bbox 1115 1562 1188 1580; x_wconf 91' lang='lat' dir='ltr'><strong>nunc</strong></span> <span class='ocrx_word' id='word_1_249' title='bbox 1217 1554 1290 1581; x_wconf 87' lang='lat' dir='ltr'><strong>dura</strong></span> <span class='ocrx_word' id='word_1_250' title='bbox 1318 1555 1443 1587; x_wconf 86' lang='lat' dir='ltr'><strong>llamma,</strong></span> <span class='ocrx_word' id='word_1_251' title='bbox 1470 1555 1542 1580; x_wconf 89' lang='lat' dir='ltr'><strong>lucet</strong></span> 
     </span>
    </p>
   </div>
   <div class='ocr_carea' id='block_1_33' title="bbox 699 1598 1543 1633">
    <p class='ocr_par' dir='ltr' id='par_1_33' title="bbox 699 1598 1543 1633">
     <span class='ocr_line' id='line_1_44' title="bbox 699 1598 1543 1633; baseline -0.002 -7"><span class='ocrx_word' id='word_1_252' title='bbox 699 1599 829 1626; x_wconf 85' lang='lat' dir='ltr'><strong>obscura.</strong></span> <span class='ocrx_word' id='word_1_253' title='bbox 849 1599 927 1625; x_wconf 89' lang='lat' dir='ltr'><strong>Tunc</strong></span> <span class='ocrx_word' id='word_1_254' title='bbox 953 1598 1024 1625; x_wconf 80' lang='lat' dir='ltr'><strong>edax</strong></span> <span class='ocrx_word' id='word_1_255' title='bbox 1054 1599 1170 1625; x_wconf 86' lang='lat' dir='ltr'><strong>ﬂamma</strong></span> <span class='ocrx_word' id='word_1_256' title='bbox 1196 1598 1348 1631; x_wconf 87' lang='lat' dir='ltr'><strong>comburit,</strong></span> <span class='ocrx_word' id='word_1_257' title='bbox 1373 1606 1445 1633; x_wconf 90' lang='lat' dir='ltr'><strong>quos</strong></span> <span class='ocrx_word' id='word_1_258' title='bbox 1469 1607 1543 1625; x_wconf 87' lang='lat' dir='ltr'><strong>nunc</strong></span> 
     </span>
    </p>
   </div>
   <div class='ocr_carea' id='block_1_34' title="bbox 700 1642 1545 1677">
    <p class='ocr_par' dir='ltr' id='par_1_34' title="bbox 700 1642 1545 1677">
     <span class='ocr_line' id='line_1_45' title="bbox 700 1642 1545 1677; baseline -0.001 -8"><span class='ocrx_word' id='word_1_259' title='bbox 700 1643 822 1670; x_wconf 87' lang='lat' dir='ltr'><strong>carnalis</strong></span> <span class='ocrx_word' id='word_1_260' title='bbox 842 1642 991 1669; x_wconf 81' lang='lat' dir='ltr'><strong>delectatio</strong></span> <span class='ocrx_word' id='word_1_261' title='bbox 1004 1642 1115 1677; x_wconf 88' lang='lat' dir='ltr'><strong>polluit.</strong></span> <span class='ocrx_word' id='word_1_262' title='bbox 1133 1642 1211 1669; x_wconf 89' lang='lat' dir='ltr'><strong>Tunc</strong></span> <span class='ocrx_word' id='word_1_263' title='bbox 1226 1642 1335 1668; x_wconf 79' lang='lat' dir='ltr'><strong>inﬁnite</strong></span> <span class='ocrx_word' id='word_1_264' title='bbox 1347 1645 1445 1674; x_wconf 84' lang='lat' dir='ltr'><strong>patens</strong></span> <span class='ocrx_word' id='word_1_265' title='bbox 1461 1642 1545 1669; x_wconf 80' lang='lat' dir='ltr'><strong>infer—</strong></span> 
     </span>
    </p>
   </div>
   <div class='ocr_carea' id='block_1_35' title="bbox 701 1686 1543 1721">
    <p class='ocr_par' dir='ltr' id='par_1_35' title="bbox 701 1686 1543 1721">
     <span class='ocr_line' id='line_1_46' title="bbox 701 1686 1543 1721; baseline 0 -8"><span class='ocrx_word' id='word_1_266' title='bbox 701 1687 732 1714; x_wconf 92' lang='lat' dir='ltr'><strong>ni</strong></span> <span class='ocrx_word' id='word_1_267' title='bbox 748 1687 894 1713; x_wconf 81' lang='lat' dir='ltr'><strong>baratrum</strong></span> <span class='ocrx_word' id='word_1_268' title='bbox 910 1686 1035 1717; x_wconf 82' lang='lat' dir='ltr'><strong>devorat,</strong></span> <span class='ocrx_word' id='word_1_269' title='bbox 1054 1694 1125 1721; x_wconf 72' lang='lat' dir='ltr'><strong>quos</strong></span> <span class='ocrx_word' id='word_1_270' title='bbox 1139 1694 1213 1712; x_wconf 88' lang='lat' dir='ltr'><strong>nunc</strong></span> <span class='ocrx_word' id='word_1_271' title='bbox 1225 1686 1319 1712; x_wconf 88' lang='lat' dir='ltr'><strong>inanis</strong></span> <span class='ocrx_word' id='word_1_272' title='bbox 1336 1686 1419 1712; x_wconf 87' lang='lat' dir='ltr'><strong>elatio</strong></span> <span class='ocrx_word' id='word_1_273' title='bbox 1433 1687 1543 1713; x_wconf 80' lang='lat' dir='ltr'><strong>exaltat.</strong></span> 
     </span>
    </p>
   </div>
   <div class='ocr_carea' id='block_1_36' title="bbox 702 1730 1543 1766">
    <p class='ocr_par' dir='ltr' id='par_1_36' title="bbox 702 1730 1543 1766">
     <span class='ocr_line' id='line_1_47' title="bbox 702 1730 1543 1766; baseline 0 -9"><span class='ocrx_word' id='word_1_274' title='bbox 702 1733 793 1766; x_wconf 79' lang='lat' dir='ltr'><strong>Atque</strong></span> <span class='ocrx_word' id='word_1_275' title='bbox 815 1730 864 1765; x_wconf 92' lang='lat' dir='ltr'><strong>qui</strong></span> <span class='ocrx_word' id='word_1_276' title='bbox 888 1730 1017 1765; x_wconf 89' lang='lat' dir='ltr'><strong>quolibet</strong></span> <span class='ocrx_word' id='word_1_277' title='bbox 1036 1738 1068 1756; x_wconf 87' lang='lat' dir='ltr'><strong>cx</strong></span> <span class='ocrx_word' id='word_1_278' title='bbox 1094 1730 1163 1756; x_wconf 90' lang='lat' dir='ltr'><strong>vitio</strong></span> <span class='ocrx_word' id='word_1_279' title='bbox 1189 1730 1235 1756; x_wconf 80' lang='lat' dir='ltr'><strong>liic</strong></span> <span class='ocrx_word' id='word_1_280' title='bbox 1251 1730 1425 1757; x_wconf 73' lang='lat' dir='ltr'><strong>voluntatem</strong></span> <span class='ocrx_word' id='word_1_281' title='bbox 1451 1731 1543 1758; x_wconf 87' lang='lat' dir='ltr'><strong>callidi</strong></span> 
     </span>
    </p>
   </div>
   <div class='ocr_carea' id='block_1_37' title="bbox 702 1774 1545 1810">
    <p class='ocr_par' dir='ltr' id='par_1_37' title="bbox 702 1774 1545 1810">
     <span class='ocr_line' id='line_1_48' title="bbox 702 1774 1545 1810; baseline 0 -9"><span class='ocrx_word' id='word_1_282' title='bbox 702 1774 877 1810; x_wconf 89' lang='lat' dir='ltr'><strong>persuasoris</strong></span> <span class='ocrx_word' id='word_1_283' title='bbox 894 1774 1090 1809; x_wconf 83' lang='lat' dir='ltr'><strong>expleverunt,</strong></span> <span class='ocrx_word' id='word_1_284' title='bbox 1108 1776 1175 1801; x_wconf 89' lang='lat' dir='ltr'><strong>tunc</strong></span> <span class='ocrx_word' id='word_1_285' title='bbox 1192 1782 1257 1801; x_wconf 88' lang='lat' dir='ltr'><strong>cum</strong></span> <span class='ocrx_word' id='word_1_286' title='bbox 1273 1782 1324 1801; x_wconf 92' lang='lat' dir='ltr'><strong>suo</strong></span> <span class='ocrx_word' id='word_1_287' title='bbox 1337 1774 1408 1801; x_wconf 89' lang='lat' dir='ltr'><strong>duce</strong></span> <span class='ocrx_word' id='word_1_288' title='bbox 1430 1775 1545 1809; x_wconf 78' lang='lat' dir='ltr'><strong>reprobi</strong></span> 
     </span>
    </p>
   </div>
   <div class='ocr_carea' id='block_1_38' title="bbox 702 1818 1544 1853">
    <p class='ocr_par' dir='ltr' id='par_1_38' title="bbox 702 1818 1544 1853">
     <span class='ocr_line' id='line_1_49' title="bbox 702 1818 1544 1853; baseline 0 -7"><span class='ocrx_word' id='word_1_289' title='bbox 702 1819 736 1846; x_wconf 86' lang='lat' dir='ltr'><strong>ad</strong></span> <span class='ocrx_word' id='word_1_290' title='bbox 763 1821 905 1845; x_wconf 85' lang='lat' dir='ltr'><strong>tormenta</strong></span> <span class='ocrx_word' id='word_1_291' title='bbox 933 1818 1127 1853; x_wconf 86' lang='lat' dir='ltr'><strong>perveniunt:</strong></span> <span class='ocrx_word' id='word_1_292' title='bbox 1157 1821 1186 1845; x_wconf 87' lang='lat' dir='ltr'><strong>et</strong></span> <span class='ocrx_word' id='word_1_293' title='bbox 1212 1818 1342 1853; x_wconf 84' lang='lat' dir='ltr'><strong>quamvis</strong></span> <span class='ocrx_word' id='word_1_294' title='bbox 1377 1819 1544 1853; x_wconf 84' lang='lat' dir='ltr'><strong>angelorum</strong></span> 
     </span>
    </p>
   </div>
   <div class='ocr_carea' id='block_1_39' title="bbox 701 1862 1546 1897">
    <p class='ocr_par' dir='ltr' id='par_1_39' title="bbox 701 1862 1546 1897">
     <span class='ocr_line' id='line_1_50' title="bbox 701 1862 1546 1897; baseline -0.001 -8"><span class='ocrx_word' id='word_1_295' title='bbox 701 1866 786 1897; x_wconf 86' lang='lat' dir='ltr'><strong>atque</strong></span> <span class='ocrx_word' id='word_1_296' title='bbox 818 1862 970 1889; x_wconf 85' lang='lat' dir='ltr'><strong>hominum</strong></span> <span class='ocrx_word' id='word_1_297' title='bbox 1000 1862 1084 1896; x_wconf 87' lang='lat' dir='ltr'><strong>longe</strong></span> <span class='ocrx_word' id='word_1_298' title='bbox 1110 1862 1146 1889; x_wconf 87' lang='lat' dir='ltr'><strong>sit</strong></span> <span class='ocrx_word' id='word_1_299' title='bbox 1175 1864 1278 1888; x_wconf 84' lang='lat' dir='ltr'><strong>natura</strong></span> <span class='ocrx_word' id='word_1_300' title='bbox 1306 1862 1460 1896; x_wconf 83' lang='lat' dir='ltr'><strong>dissimilis,</strong></span> <span class='ocrx_word' id='word_1_301' title='bbox 1491 1871 1546 1889; x_wconf 88' lang='lat' dir='ltr'><strong>una</strong></span> 
     </span>
    </p>
   </div>
   <div class='ocr_carea' id='block_1_40' title="bbox 700 1906 1546 1942">
    <p class='ocr_par' dir='ltr' id='par_1_40' title="bbox 700 1906 1546 1942">
     <span class='ocr_line' id='line_1_51' title="bbox 700 1906 1546 1942; baseline 0 -9"><span class='ocrx_word' id='word_1_302' title='bbox 700 1909 797 1933; x_wconf 86' lang='lat' dir='ltr'><strong>tamen</strong></span> <span class='ocrx_word' id='word_1_303' title='bbox 812 1906 1048 1942; x_wconf 85' lang='lat' dir='ltr'><strong>poenaimplicat,</strong></span> <span class='ocrx_word' id='word_1_304' title='bbox 1065 1914 1138 1942; x_wconf 87' lang='lat' dir='ltr'><strong>quos</strong></span> <span class='ocrx_word' id='word_1_305' title='bbox 1164 1914 1236 1933; x_wconf 91' lang='lat' dir='ltr'><strong>unus</strong></span> <span class='ocrx_word' id='word_1_306' title='bbox 1260 1906 1290 1933; x_wconf 91' lang='lat' dir='ltr'><strong>in</strong></span> <span class='ocrx_word' id='word_1_307' title='bbox 1305 1906 1424 1933; x_wconf 87' lang='lat' dir='ltr'><strong>crimine</strong></span> <span class='ocrx_word' id='word_1_308' title='bbox 1452 1910 1546 1934; x_wconf 89' lang='lat' dir='ltr'><strong>reatus</strong></span> 
     </span>
    </p>
   </div>
   <div class='ocr_carea' id='block_1_41' title="bbox 700 1950 781 1986">
    <p class='ocr_par' dir='ltr' id='par_1_41' title="bbox 700 1950 781 1986">
     <span class='ocr_line' id='line_1_52' title="bbox 700 1950 781 1986; baseline 0 -9"><span class='ocrx_word' id='word_1_309' title='bbox 700 1950 781 1986; x_wconf 83' lang='lat' dir='ltr'><strong>ligat.</strong></span> 
     </span>
    </p>
   </div>
   <div class='ocr_carea' id='block_1_42' title="bbox 702 2003 1545 2036">
    <p class='ocr_par' dir='ltr' id='par_1_42' title="bbox 702 2003 1545 2036">
     <span class='ocr_line' id='line_1_53' title="bbox 702 2003 1545 2036; baseline 0 -6"><span class='ocrx_word' id='word_1_310' title='bbox 702 2003 767 2030; x_wconf 71' lang='lat' dir='ltr'><strong>Car.</strong></span> <span class='ocrx_word' id='word_1_311' title='bbox 784 2003 892 2030; x_wconf 86' lang='lat' dir='ltr'>LXXXI.</span> <span class='ocrx_word' id='word_1_312' title='bbox 904 2017 939 2023; x_wconf 93' lang='lat'><em>—</em></span> <span class='ocrx_word' id='word_1_313' title='bbox 950 2003 1027 2036; x_wconf 79' lang='lat' dir='ltr'><strong>Quod</strong></span> <span class='ocrx_word' id='word_1_314' title='bbox 1038 2003 1156 2029; x_wconf 83' lang='lat' dir='ltr'><strong>humana</strong></span> <span class='ocrx_word' id='word_1_315' title='bbox 1170 2003 1263 2029; x_wconf 86' lang='lat' dir='ltr'><strong>anima</strong></span> <span class='ocrx_word' id='word_1_316' title='bbox 1277 2004 1317 2029; x_wconf 80' lang='lat' dir='ltr'><strong>ita</strong></span> <span class='ocrx_word' id='word_1_317' title='bbox 1328 2004 1488 2031; x_wconf 80' lang='lat' dir='ltr'><strong>immortalis</strong></span> <span class='ocrx_word' id='word_1_318' title='bbox 1499 2005 1545 2035; x_wconf 78' lang='lat' dir='ltr'><strong>sit,</strong></span> 
     </span>
    </p>
   </div>
   <div class='ocr_carea' id='block_1_43' title="bbox 899 2039 1350 2072">
    <p class='ocr_par' dir='ltr' id='par_1_43' title="bbox 899 2039 1350 2072">
     <span class='ocr_line' id='line_1_54' title="bbox 899 2039 1350 2072; baseline 0 -8"><span class='ocrx_word' id='word_1_319' title='bbox 899 2041 929 2064; x_wconf 89' lang='lat' dir='ltr'><strong>ut</strong></span> <span class='ocrx_word' id='word_1_320' title='bbox 941 2041 966 2065; x_wconf 88' lang='lat' dir='ltr'><strong>et</strong></span> <span class='ocrx_word' id='word_1_321' title='bbox 981 2039 1051 2064; x_wconf 85' lang='lat' dir='ltr'><strong>mori</strong></span> <span class='ocrx_word' id='word_1_322' title='bbox 1058 2040 1144 2071; x_wconf 77' lang='lat' dir='ltr'><strong>possit</strong></span> <span class='ocrx_word' id='word_1_323' title='bbox 1156 2041 1180 2064; x_wconf 89' lang='lat' dir='ltr'><strong>et</strong></span> <span class='ocrx_word' id='word_1_324' title='bbox 1194 2046 1247 2064; x_wconf 79' lang='lat' dir='ltr'><strong>non</strong></span> <span class='ocrx_word' id='word_1_325' title='bbox 1256 2040 1350 2072; x_wconf 80' lang='lat' dir='ltr'><strong>possit.</strong></span> 
     </span>
    </p>
   </div>
   <div class='ocr_carea' id='block_1_44' title="bbox 740 2081 1546 2116">
    <p class='ocr_par' dir='ltr' id='par_1_44' title="bbox 740 2081 1546 2116">
     <span class='ocr_line' id='line_1_55' title="bbox 740 2081 1546 2116; baseline 0.001 -7"><span class='ocrx_word' id='word_1_326' title='bbox 740 2081 862 2116; x_wconf 84' lang='lat' dir='ltr'><strong>(Gregor.</strong></span> <span class='ocrx_word' id='word_1_327' title='bbox 877 2083 907 2108; x_wconf 85' lang='lat' dir='ltr'><strong>in</strong></span> <span class='ocrx_word' id='word_1_328' title='bbox 921 2083 978 2109; x_wconf 86' lang='lat' dir='ltr'><strong>suis</strong></span> <span class='ocrx_word' id='word_1_329' title='bbox 1000 2082 1097 2108; x_wconf 69' lang='grc' dir='ltr'><strong>Μαι-αι.</strong></span> <span class='ocrx_word' id='word_1_330' title='bbox 1118 2081 1184 2109; x_wconf 84' lang='lat' dir='ltr'><strong>dicit</strong></span> <span class='ocrx_word' id='word_1_331' title='bbox 1201 2081 1221 2116; x_wconf 85' lang='lat'><strong>:)</strong></span> <span class='ocrx_word' id='word_1_332' title='bbox 1249 2082 1321 2114; x_wconf 79' lang='lat' dir='ltr'><strong>Quia</strong></span> <span class='ocrx_word' id='word_1_333' title='bbox 1349 2091 1416 2116; x_wconf 88' lang='lat' dir='ltr'><strong>ergo</strong></span> <span class='ocrx_word' id='word_1_334' title='bbox 1442 2086 1546 2110; x_wconf 60' lang='lat' dir='ltr'><strong>nostras</strong></span> 
     </span>
    </p>
   </div>
   <div class='ocr_carea' id='block_1_45' title="bbox 702 2125 1546 2161">
    <p class='ocr_par' dir='ltr' id='par_1_45' title="bbox 702 2125 1546 2161">
     <span class='ocr_line' id='line_1_56' title="bbox 702 2125 1546 2161; baseline 0.002 -9"><span class='ocrx_word' id='word_1_335' title='bbox 702 2125 928 2152; x_wconf 84' lang='lat' dir='ltr'><strong>immortalitatis</strong></span> <span class='ocrx_word' id='word_1_336' title='bbox 943 2126 997 2152; x_wconf 84' lang='lat' dir='ltr'><strong>hoc</strong></span> <span class='ocrx_word' id='word_1_337' title='bbox 1016 2129 1127 2161; x_wconf 85' lang='lat' dir='ltr'><strong>tempus</strong></span> <span class='ocrx_word' id='word_1_338' title='bbox 1145 2134 1200 2152; x_wconf 89' lang='lat' dir='ltr'><strong>non</strong></span> <span class='ocrx_word' id='word_1_339' title='bbox 1223 2126 1262 2152; x_wconf 83' lang='lat' dir='ltr'><strong>ita</strong></span> <span class='ocrx_word' id='word_1_340' title='bbox 1286 2128 1316 2153; x_wconf 90' lang='lat' dir='ltr'><strong>ut</strong></span> <span class='ocrx_word' id='word_1_341' title='bbox 1344 2128 1418 2153; x_wconf 90' lang='lat' dir='ltr'><strong>male</strong></span> <span class='ocrx_word' id='word_1_342' title='bbox 1436 2127 1480 2158; x_wconf 87' lang='lat' dir='ltr'><strong>sit,</strong></span> <span class='ocrx_word' id='word_1_343' title='bbox 1499 2128 1546 2154; x_wconf 89' lang='lat' dir='ltr'><strong>sed</strong></span> 
     </span>
    </p>
   </div>
   <div class='ocr_carea' id='block_1_46' title="bbox 703 2169 1545 2206">
    <p class='ocr_par' dir='ltr' id='par_1_46' title="bbox 703 2169 1545 2206">
     <span class='ocr_line' id='line_1_57' title="bbox 703 2169 1545 2206; baseline 0.002 -10"><span class='ocrx_word' id='word_1_344' title='bbox 703 2169 743 2196; x_wconf 86' lang='lat' dir='ltr'><strong>ita</strong></span> <span class='ocrx_word' id='word_1_345' title='bbox 756 2170 830 2204; x_wconf 81' lang='lat' dir='ltr'><strong>perit</strong></span> <span class='ocrx_word' id='word_1_346' title='bbox 846 2172 877 2196; x_wconf 91' lang='lat' dir='ltr'><strong>ut</strong></span> <span class='ocrx_word' id='word_1_347' title='bbox 893 2177 950 2196; x_wconf 87' lang='lat' dir='ltr'><strong>non</strong></span> <span class='ocrx_word' id='word_1_348' title='bbox 967 2170 1013 2203; x_wconf 89' lang='lat' dir='ltr'><strong>sit,</strong></span> <span class='ocrx_word' id='word_1_349' title='bbox 1033 2170 1221 2205; x_wconf 63' lang='lat' dir='ltr'><strong>querendum</strong></span> <span class='ocrx_word' id='word_1_350' title='bbox 1236 2172 1278 2196; x_wconf 91' lang='lat' dir='ltr'><strong>est</strong></span> <span class='ocrx_word' id='word_1_351' title='bbox 1302 2171 1368 2205; x_wconf 89' lang='lat' dir='ltr'><strong>quid</strong></span> <span class='ocrx_word' id='word_1_352' title='bbox 1396 2171 1443 2204; x_wconf 79' lang='lat' dir='ltr'><strong>sit,</strong></span> <span class='ocrx_word' id='word_1_353' title='bbox 1469 2172 1545 2206; x_wconf 90' lang='lat' dir='ltr'><strong>quod</strong></span> 
     </span>
    </p>
   </div>
   <div class='ocr_carea' id='block_1_47' title="bbox 703 2213 1546 2249">
    <p class='ocr_par' dir='ltr' id='par_1_47' title="bbox 703 2213 1546 2249">
     <span class='ocr_line' id='line_1_58' title="bbox 703 2213 1546 2249; baseline 0.005 -10"><span class='ocrx_word' id='word_1_354' title='bbox 703 2221 763 2240; x_wconf 89' lang='lat' dir='ltr'><strong>non</strong></span> <span class='ocrx_word' id='word_1_355' title='bbox 780 2215 810 2240; x_wconf 88' lang='lat' dir='ltr'><strong>ut</strong></span> <span class='ocrx_word' id='word_1_356' title='bbox 822 2213 861 2240; x_wconf 90' lang='lat' dir='ltr'><strong>ita</strong></span> <span class='ocrx_word' id='word_1_357' title='bbox 875 2221 932 2240; x_wconf 87' lang='lat' dir='ltr'><strong>non</strong></span> <span class='ocrx_word' id='word_1_358' title='bbox 959 2213 1004 2246; x_wconf 89' lang='lat' dir='ltr'><strong>sit,</strong></span> <span class='ocrx_word' id='word_1_359' title='bbox 1022 2214 1070 2241; x_wconf 90' lang='lat' dir='ltr'><strong>sed</strong></span> <span class='ocrx_word' id='word_1_360' title='bbox 1090 2215 1130 2241; x_wconf 86' lang='lat' dir='ltr'><strong>ita</strong></span> <span class='ocrx_word' id='word_1_361' title='bbox 1157 2215 1250 2249; x_wconf 86' lang='lat' dir='ltr'><strong>perire</strong></span> <span class='ocrx_word' id='word_1_362' title='bbox 1275 2217 1388 2249; x_wconf 82' lang='lat' dir='ltr'><strong>optatur</strong></span> <span class='ocrx_word' id='word_1_363' title='bbox 1417 2218 1448 2242; x_wconf 91' lang='lat' dir='ltr'><strong>ut</strong></span> <span class='ocrx_word' id='word_1_364' title='bbox 1474 2217 1546 2243; x_wconf 86' lang='lat' dir='ltr'><strong>male</strong></span> 
     </span>
    </p>
   </div>
   <div class='ocr_carea' id='block_1_48' title="bbox 703 2257 1547 2294">
    <p class='ocr_par' dir='ltr' id='par_1_48' title="bbox 703 2257 1547 2294">
     <span class='ocr_line' id='line_1_59' title="bbox 703 2257 1547 2294; baseline 0.004 -10"><span class='ocrx_word' id='word_1_365' title='bbox 703 2257 750 2284; x_wconf 87' lang='lat' dir='ltr'><strong>sit.</strong></span> <span class='ocrx_word' id='word_1_366' title='bbox 766 2258 896 2284; x_wconf 82' lang='lat' dir='ltr'><strong>Humana</strong></span> <span class='ocrx_word' id='word_1_367' title='bbox 910 2258 987 2284; x_wconf 90' lang='lat' dir='ltr'><strong>enim</strong></span> <span class='ocrx_word' id='word_1_368' title='bbox 1015 2258 1111 2285; x_wconf 89' lang='lat' dir='ltr'><strong>anima</strong></span> <span class='ocrx_word' id='word_1_369' title='bbox 1127 2267 1176 2285; x_wconf 88' lang='lat' dir='ltr'><strong>seu</strong></span> <span class='ocrx_word' id='word_1_370' title='bbox 1207 2258 1351 2293; x_wconf 88' lang='lat' dir='ltr'><strong>angelicus</strong></span> <span class='ocrx_word' id='word_1_371' title='bbox 1376 2259 1493 2294; x_wconf 86' lang='lat' dir='ltr'><strong>spiritus</strong></span> <span class='ocrx_word' id='word_1_372' title='bbox 1508 2261 1547 2287; x_wconf 67' lang='lat' dir='ltr'><strong>ita</strong></span> 
     </span>
    </p>
   </div>
   <div class='ocr_carea' id='block_1_49' title="bbox 702 2301 1548 2338">
    <p class='ocr_par' dir='ltr' id='par_1_49' title="bbox 702 2301 1548 2338">
     <span class='ocr_line' id='line_1_60' title="bbox 702 2301 1548 2338; baseline 0.004 -10"><span class='ocrx_word' id='word_1_373' title='bbox 702 2301 875 2328; x_wconf 84' lang='lat' dir='ltr'><strong>immortalis</strong></span> <span class='ocrx_word' id='word_1_374' title='bbox 900 2305 952 2335; x_wconf 87' lang='lat' dir='ltr'><strong>est,</strong></span> <span class='ocrx_word' id='word_1_375' title='bbox 994 2305 1025 2329; x_wconf 90' lang='lat' dir='ltr'><strong>ut</strong></span> <span class='ocrx_word' id='word_1_376' title='bbox 1043 2302 1116 2329; x_wconf 85' lang='lat' dir='ltr'><strong>mori</strong></span> <span class='ocrx_word' id='word_1_377' title='bbox 1142 2303 1252 2338; x_wconf 84' lang='lat' dir='ltr'><strong>possit:</strong></span> <span class='ocrx_word' id='word_1_378' title='bbox 1285 2303 1323 2329; x_wconf 88' lang='lat' dir='ltr'><strong>ita</strong></span> <span class='ocrx_word' id='word_1_379' title='bbox 1352 2304 1489 2337; x_wconf 81' lang='lat' dir='ltr'><strong>mortalis,</strong></span> <span class='ocrx_word' id='word_1_380' title='bbox 1515 2307 1548 2331; x_wconf 88' lang='lat' dir='ltr'><strong>ut</strong></span> 
     </span>
    </p>
   </div>
   <div class='ocr_carea' id='block_1_50' title="bbox 703 2345 1546 2382">
    <p class='ocr_par' dir='ltr' id='par_1_50' title="bbox 703 2345 1546 2382">
     <span class='ocr_line' id='line_1_61' title="bbox 703 2345 1546 2382; baseline 0.002 -10"><span class='ocrx_word' id='word_1_381' title='bbox 703 2345 777 2373; x_wconf 89' lang='lat' dir='ltr'><strong>mori</strong></span> <span class='ocrx_word' id='word_1_382' title='bbox 793 2353 848 2372; x_wconf 92' lang='lat' dir='ltr'><strong>non</strong></span> <span class='ocrx_word' id='word_1_383' title='bbox 866 2346 963 2381; x_wconf 85' lang='lat' dir='ltr'><strong>possit.</strong></span> <span class='ocrx_word' id='word_1_384' title='bbox 975 2346 1047 2373; x_wconf 84' lang='lat' dir='ltr'><strong>Nam</strong></span> <span class='ocrx_word' id='word_1_385' title='bbox 1063 2347 1143 2373; x_wconf 84' lang='lat' dir='ltr'><strong>beate</strong></span> <span class='ocrx_word' id='word_1_386' title='bbox 1162 2347 1267 2378; x_wconf 80' lang='lat' dir='ltr'><strong>vivere,</strong></span> <span class='ocrx_word' id='word_1_387' title='bbox 1294 2347 1351 2374; x_wconf 79' lang='lat' dir='ltr'><strong>sive</strong></span> <span class='ocrx_word' id='word_1_388' title='bbox 1369 2355 1420 2382; x_wconf 87' lang='lat' dir='ltr'><strong>per</strong></span> <span class='ocrx_word' id='word_1_389' title='bbox 1436 2347 1546 2380; x_wconf 78' lang='lat' dir='ltr'><strong>vitium,</strong></span> 
     </span>
    </p>
   </div>
   <div class='ocr_carea' id='block_1_51' title="bbox 703 2390 1546 2425">
    <p class='ocr_par' dir='ltr' id='par_1_51' title="bbox 703 2390 1546 2425">
     <span class='ocr_line' id='line_1_62' title="bbox 703 2390 1546 2425; baseline 0.002 -9"><span class='ocrx_word' id='word_1_390' title='bbox 703 2398 752 2416; x_wconf 86' lang='lat' dir='ltr'><strong>seu</strong></span> <span class='ocrx_word' id='word_1_391' title='bbox 769 2397 821 2425; x_wconf 87' lang='lat' dir='ltr'><strong>per</strong></span> <span class='ocrx_word' id='word_1_392' title='bbox 833 2390 1005 2425; x_wconf 88' lang='lat' dir='ltr'><strong>supplicium</strong></span> <span class='ocrx_word' id='word_1_393' title='bbox 1022 2390 1116 2425; x_wconf 87' lang='lat' dir='ltr'><strong>perdit</strong></span> <span class='ocrx_word' id='word_1_394' title='bbox 1129 2399 1135 2417; x_wconf 76' lang='grc' dir='ltr'>ε</span> <span class='ocrx_word' id='word_1_395' title='bbox 1148 2390 1338 2418; x_wconf 74' lang='lat' dir='ltr'><strong>essentialiter</strong></span> <span class='ocrx_word' id='word_1_396' title='bbox 1351 2394 1447 2418; x_wconf 86' lang='lat' dir='ltr'><strong>autem</strong></span> <span class='ocrx_word' id='word_1_397' title='bbox 1469 2391 1546 2418; x_wconf 79' lang='lat' dir='ltr'><strong>vive-</strong></span> 
     </span>
    </p>
   </div>
   <div class='ocr_carea' id='block_1_52' title="bbox 704 2434 1546 2470">
    <p class='ocr_par' dir='ltr' id='par_1_52' title="bbox 704 2434 1546 2470">
     <span class='ocr_line' id='line_1_63' title="bbox 704 2434 1546 2470; baseline 0.004 -11"><span class='ocrx_word' id='word_1_398' title='bbox 704 2441 747 2467; x_wconf 88' lang='lat' dir='ltr'><strong>re,</strong></span> <span class='ocrx_word' id='word_1_399' title='bbox 764 2441 858 2468; x_wconf 87' lang='lat' dir='ltr'><strong>neque</strong></span> <span class='ocrx_word' id='word_1_400' title='bbox 872 2442 923 2469; x_wconf 87' lang='lat' dir='ltr'><strong>per</strong></span> <span class='ocrx_word' id='word_1_401' title='bbox 936 2434 1048 2465; x_wconf 85' lang='lat' dir='ltr'><strong>vitium,</strong></span> <span class='ocrx_word' id='word_1_402' title='bbox 1063 2443 1157 2470; x_wconf 86' lang='lat' dir='ltr'><strong>neque</strong></span> <span class='ocrx_word' id='word_1_403' title='bbox 1173 2443 1225 2469; x_wconf 86' lang='lat' dir='ltr'><strong>per</strong></span> <span class='ocrx_word' id='word_1_404' title='bbox 1239 2435 1412 2470; x_wconf 91' lang='lat' dir='ltr'><strong>supplicium</strong></span> <span class='ocrx_word' id='word_1_405' title='bbox 1429 2435 1546 2462; x_wconf 84' lang='lat' dir='ltr'><strong>amittit.</strong></span> 
     </span>
    </p>
   </div>
   <div class='ocr_carea' id='block_1_53' title="bbox 703 2477 1547 2512">
    <p class='ocr_par' dir='ltr' id='par_1_53' title="bbox 703 2477 1547 2512">
     <span class='ocr_line' id='line_1_64' title="bbox 703 2477 1547 2512; baseline 0.004 -9"><span class='ocrx_word' id='word_1_406' title='bbox 703 2478 727 2504; x_wconf 77' lang='grc' dir='ltr'><strong>Λ</strong></span> <span class='ocrx_word' id='word_1_407' title='bbox 752 2477 891 2512; x_wconf 85' lang='lat' dir='ltr'><strong>qualitate</strong></span> <span class='ocrx_word' id='word_1_408' title='bbox 907 2478 982 2504; x_wconf 88' lang='lat' dir='ltr'><strong>enim</strong></span> <span class='ocrx_word' id='word_1_409' title='bbox 1005 2479 1116 2505; x_wconf 84' lang='lat' dir='ltr'><strong>vivendi</strong></span> <span class='ocrx_word' id='word_1_410' title='bbox 1143 2479 1249 2510; x_wconf 72' lang='lat' dir='ltr'><strong>deficit,</strong></span> <span class='ocrx_word' id='word_1_411' title='bbox 1281 2480 1327 2506; x_wconf 88' lang='lat' dir='ltr'><strong>sed</strong></span> <span class='ocrx_word' id='word_1_412' title='bbox 1350 2480 1547 2506; x_wconf 89' lang='lat' dir='ltr'><strong>omnimodum</strong></span> 
     </span>
    </p>
   </div>
   <div class='ocr_carea' id='block_1_54' title="bbox 704 2521 1547 2558">
    <p class='ocr_par' dir='ltr' id='par_1_54' title="bbox 704 2521 1547 2558">
     <span class='ocr_line' id='line_1_65' title="bbox 704 2521 1547 2558; baseline 0.004 -11"><span class='ocrx_word' id='word_1_413' title='bbox 704 2521 878 2548; x_wconf 84' lang='lat' dir='ltr'><strong>subsistendi</strong></span> <span class='ocrx_word' id='word_1_414' title='bbox 914 2521 1063 2549; x_wconf 86' lang='lat' dir='ltr'><strong>interitum</strong></span> <span class='ocrx_word' id='word_1_415' title='bbox 1086 2530 1138 2550; x_wconf 91' lang='lat' dir='ltr'><strong>nec</strong></span> <span class='ocrx_word' id='word_1_416' title='bbox 1167 2523 1290 2550; x_wconf 88' lang='lat' dir='ltr'><strong>moriens</strong></span> <span class='ocrx_word' id='word_1_417' title='bbox 1314 2523 1410 2550; x_wconf 85' lang='lat' dir='ltr'><strong>sentit.</strong></span> <span class='ocrx_word' id='word_1_418' title='bbox 1428 2524 1463 2551; x_wconf 92' lang='lat' dir='ltr'><strong>Ut</strong></span> <span class='ocrx_word' id='word_1_419' title='bbox 1479 2532 1547 2558; x_wconf 81' lang='lat' dir='ltr'><strong>ergo</strong></span> 
     </span>
    </p>
   </div>
   <div class='ocr_carea' id='block_1_55' title="bbox 704 2565 1548 2600">
    <p class='ocr_par' dir='ltr' id='par_1_55' title="bbox 704 2565 1548 2600">
     <span class='ocr_line' id='line_1_66' title="bbox 704 2565 1548 2600; baseline 0.004 -9"><span class='ocrx_word' id='word_1_420' title='bbox 704 2565 829 2592; x_wconf 80' lang='lat' dir='ltr'><strong>breviter</strong></span> <span class='ocrx_word' id='word_1_421' title='bbox 847 2565 979 2597; x_wconf 86' lang='lat' dir='ltr'><strong>dixerim,</strong></span> <span class='ocrx_word' id='word_1_422' title='bbox 1009 2569 1037 2593; x_wconf 91' lang='lat' dir='ltr'><strong>et</strong></span> <span class='ocrx_word' id='word_1_423' title='bbox 1064 2565 1266 2594; x_wconf 79' lang='lat' dir='ltr'><strong>immortaliter</strong></span> <span class='ocrx_word' id='word_1_424' title='bbox 1295 2567 1424 2595; x_wconf 83' lang='lat' dir='ltr'><strong>mortalis</strong></span> <span class='ocrx_word' id='word_1_425' title='bbox 1452 2570 1504 2600; x_wconf 87' lang='lat' dir='ltr'><strong>est,</strong></span> <span class='ocrx_word' id='word_1_426' title='bbox 1521 2570 1548 2594; x_wconf 89' lang='lat' dir='ltr'><strong>et</strong></span> 
     </span>
    </p>
   </div>
   <div class='ocr_carea' id='block_1_56' title="bbox 705 2608 1053 2637">
    <p class='ocr_par' dir='ltr' id='par_1_56' title="bbox 705 2608 1053 2637">
     <span class='ocr_line' id='line_1_67' title="bbox 705 2608 1053 2637; baseline 0 -1"><span class='ocrx_word' id='word_1_427' title='bbox 705 2608 866 2637; x_wconf 84' lang='lat' dir='ltr'><strong>mortaliter</strong></span> <span class='ocrx_word' id='word_1_428' title='bbox 873 2609 1053 2637; x_wconf 82' lang='lat' dir='ltr'><strong>immortalis.</strong></span> 
     </span>
    </p>
   </div>
   <div class='ocr_carea' id='block_1_57' title="bbox 705 2662 1547 2698">
    <p class='ocr_par' dir='ltr' id='par_1_57' title="bbox 705 2662 1547 2698">
     <span class='ocr_line' id='line_1_68' title="bbox 705 2662 1547 2698; baseline 0.004 -9"><span class='ocrx_word' id='word_1_429' title='bbox 705 2662 768 2690; x_wconf 65' lang='lat' dir='ltr'><strong>Cap.</strong></span> <span class='ocrx_word' id='word_1_430' title='bbox 786 2662 903 2690; x_wconf 85' lang='lat' dir='ltr'>LXXXII.</span> <span class='ocrx_word' id='word_1_431' title='bbox 919 2677 953 2682; x_wconf 93' lang='lat'>—</span> <span class='ocrx_word' id='word_1_432' title='bbox 980 2662 1057 2697; x_wconf 78' lang='lat' dir='ltr'><strong>()qu</strong></span> <span class='ocrx_word' id='word_1_433' title='bbox 1071 2670 1212 2697; x_wconf 77' lang='lat' dir='ltr'><strong>corporeus</strong></span> <span class='ocrx_word' id='word_1_434' title='bbox 1233 2665 1270 2691; x_wconf 81' lang='lat' dir='ltr'><strong>sit</strong></span> <span class='ocrx_word' id='word_1_435' title='bbox 1290 2665 1362 2698; x_wconf 80' lang='lat' dir='ltr'><strong>ignis</strong></span> <span class='ocrx_word' id='word_1_436' title='bbox 1378 2665 1547 2698; x_wconf 77' lang='lat' dir='ltr'><strong>gehennz.et</strong></span> 
     </span>
    </p>
   </div>
   <div class='ocr_carea' id='block_1_58' title="bbox 738 2698 1548 2760">
    <p class='ocr_par' dir='ltr' id='par_1_58' title="bbox 738 2698 1548 2760">
     <span class='ocr_line' id='line_1_69' title="bbox 738 2698 1548 2760; baseline 0.004 -36"><span class='ocrx_word' id='word_1_437' title='bbox 738 2705 793 2760; x_wconf 58' lang='lat' dir='ltr'><strong>nor:</strong></span> <span class='ocrx_word' id='word_1_438' title='bbox 811 2698 934 2732; x_wconf 78' lang='lat' dir='ltr'><strong>indigeat</strong></span> <span class='ocrx_word' id='word_1_439' title='bbox 965 2699 1022 2725; x_wconf 64' lang='lat' dir='ltr'><strong>alio</strong></span> <span class='ocrx_word' id='word_1_440' title='bbox 1051 2699 1175 2732; x_wconf 81' lang='lat' dir='ltr'><strong>materia,</strong></span> <span class='ocrx_word' id='word_1_441' title='bbox 1200 2700 1256 2726; x_wconf 81' lang='lat' dir='ltr'><strong>nisi</strong></span> <span class='ocrx_word' id='word_1_442' title='bbox 1281 2700 1460 2734; x_wconf 82' lang='lat' dir='ltr'><strong>reproborum</strong></span> <span class='ocrx_word' id='word_1_443' title='bbox 1485 2708 1548 2727; x_wconf 87' lang='lat' dir='ltr'><strong>cru-</strong></span> 
     </span>
     <span class='ocr_line' id='line_1_70' title="bbox 738 2741 821 2760; baseline 0 0"><span class='ocrx_word' id='word_1_444' title='bbox 738 2741 782 2760; x_wconf 75' lang='lat' dir='ltr'><strong>cia</strong></span> <span class='ocrx_word' id='word_1_445' title='bbox 794 2741 821 2760; x_wconf 90' lang='lat' dir='ltr'><strong>u.</strong></span> 
     </span>
    </p>
   </div>
   <div class='ocr_carea' id='block_1_59' title="bbox 738 2741 821 2760">
    <p class='ocr_par' dir='ltr' id='par_1_59' title="bbox 738 2741 821 2760">
     <span class='ocr_line' id='line_1_71' title="bbox 738 2741 821 2760; baseline 0 0"><span class='ocrx_word' id='word_1_446' title='bbox 738 2741 812 2760; x_wconf 74' lang='lat' dir='ltr'><strong>mutu</strong></span> <span class='ocrx_word' id='word_1_447' title='bbox 816 2753 821 2760; x_wconf 88' lang='lat'><strong>.</strong></span> 
     </span>
    </p>
   </div>
   <div class='ocr_carea' id='block_1_60' title="bbox 740 2785 1546 2820">
    <p class='ocr_par' dir='ltr' id='par_1_60' title="bbox 740 2785 1546 2820">
     <span class='ocr_line' id='line_1_72' title="bbox 740 2785 1546 2820; baseline 0.004 -8"><span class='ocrx_word' id='word_1_448' title='bbox 740 2785 835 2820; x_wconf 69' lang='grc' dir='ltr'><strong>(στου.</strong></span> <span class='ocrx_word' id='word_1_449' title='bbox 852 2786 882 2812; x_wconf 87' lang='lat' dir='ltr'><strong>in</strong></span> <span class='ocrx_word' id='word_1_450' title='bbox 895 2785 954 2813; x_wconf 74' lang='lat' dir='ltr'><strong>suis</strong></span> <span class='ocrx_word' id='word_1_451' title='bbox 972 2786 1118 2813; x_wconf 80' lang='lat' dir='ltr'><strong>Moralibus</strong></span> <span class='ocrx_word' id='word_1_452' title='bbox 1133 2786 1200 2814; x_wconf 84' lang='lat' dir='ltr'><strong>dicit</strong></span> <span class='ocrx_word' id='word_1_453' title='bbox 1222 2789 1241 2820; x_wconf 72' lang='grc' dir='ltr'><strong>ί)</strong></span> <span class='ocrx_word' id='word_1_454' title='bbox 1258 2786 1327 2814; x_wconf 71' lang='lat' dir='ltr'><strong>Miro</strong></span> <span class='ocrx_word' id='word_1_455' title='bbox 1351 2787 1431 2813; x_wconf 71' lang='lat' dir='ltr'><strong>Valde</strong></span> <span class='ocrx_word' id='word_1_456' title='bbox 1451 2787 1546 2820; x_wconf 89' lang='lat' dir='ltr'><strong>modo,</strong></span> 
     </span>
    </p>
   </div>
   <div class='ocr_carea' id='block_1_61' title="bbox 705 2828 1548 2866">
    <p class='ocr_par' dir='ltr' id='par_1_61' title="bbox 705 2828 1548 2866">
     <span class='ocr_line' id='line_1_73' title="bbox 705 2828 1548 2866; baseline 0.004 -11"><span class='ocrx_word' id='word_1_457' title='bbox 705 2828 805 2863; x_wconf 76' lang='lat' dir='ltr'><strong>paucis</strong></span> <span class='ocrx_word' id='word_1_458' title='bbox 829 2828 924 2856; x_wconf 77' lang='lat' dir='ltr'><strong>verbis</strong></span> <span class='ocrx_word' id='word_1_459' title='bbox 946 2836 1096 2864; x_wconf 80' lang='lat' dir='ltr'><strong>expressus</strong></span> <span class='ocrx_word' id='word_1_460' title='bbox 1124 2833 1168 2857; x_wconf 84' lang='lat' dir='ltr'><strong>est</strong></span> <span class='ocrx_word' id='word_1_461' title='bbox 1186 2829 1262 2865; x_wconf 87' lang='lat' dir='ltr'><strong>ignis</strong></span> <span class='ocrx_word' id='word_1_462' title='bbox 1297 2830 1445 2865; x_wconf 75' lang='lat' dir='ltr'><strong>gehennae.</strong></span> <span class='ocrx_word' id='word_1_463' title='bbox 1471 2831 1548 2866; x_wconf 82' lang='lat' dir='ltr'><strong>Ignis</strong></span> 
     </span>
    </p>
   </div>
   <div class='ocr_carea' id='block_1_62' title="bbox 1586 320 2272 355">
    <p class='ocr_par' dir='ltr' id='par_1_62' title="bbox 1586 320 2272 355">
     <span class='ocr_line' id='line_1_74' title="bbox 1586 320 2272 355; baseline 0.001 -8"><span class='ocrx_word' id='word_1_464' title='bbox 1586 320 1696 355; x_wconf 85' lang='lat' dir='ltr'><strong>indiget</strong></span> <span class='ocrx_word' id='word_1_465' title='bbox 1711 320 1854 347; x_wconf 81' lang='lat' dir='ltr'><strong>fomentis.</strong></span> <span class='ocrx_word' id='word_1_466' title='bbox 1871 320 1925 352; x_wconf 86' lang='lat' dir='ltr'><strong>Qui</strong></span> <span class='ocrx_word' id='word_1_467' title='bbox 1950 327 2015 347; x_wconf 89' lang='lat' dir='ltr'><strong>cum</strong></span> <span class='ocrx_word' id='word_1_468' title='bbox 2036 327 2152 348; x_wconf 83' lang='lat' dir='ltr'><strong>necesse</strong></span> <span class='ocrx_word' id='word_1_469' title='bbox 2167 322 2212 348; x_wconf 84' lang='lat' dir='ltr'><strong>est</strong></span> <span class='ocrx_word' id='word_1_470' title='bbox 2237 322 2272 348; x_wconf 86' lang='lat' dir='ltr'><strong>ut</strong></span> 
     </span>
    </p>
   </div>
   <div class='ocr_carea' id='block_1_63' title="bbox 1587 364 2296 400">
    <p class='ocr_par' dir='ltr' id='par_1_63' title="bbox 1587 364 2296 400">
     <span class='ocr_line' id='line_1_75' title="bbox 1587 364 2296 400; baseline 0.001 -9"><span class='ocrx_word' id='word_1_471' title='bbox 1587 373 1637 400; x_wconf 88' lang='lat' dir='ltr'><strong>per</strong></span> <span class='ocrx_word' id='word_1_472' title='bbox 1652 367 1785 400; x_wconf 80' lang='lat' dir='ltr'><strong>congesta</strong></span> <span class='ocrx_word' id='word_1_473' title='bbox 1796 364 1873 399; x_wconf 86' lang='lat' dir='ltr'><strong>ligna</strong></span> <span class='ocrx_word' id='word_1_474' title='bbox 1887 364 1986 399; x_wconf 90' lang='lat' dir='ltr'><strong>procul</strong></span> <span class='ocrx_word' id='word_1_475' title='bbox 2005 364 2093 392; x_wconf 91' lang='lat' dir='ltr'><strong>dubio</strong></span> <span class='ocrx_word' id='word_1_476' title='bbox 2109 364 2250 399; x_wconf 82' lang='lat' dir='ltr'><strong>nutritur,</strong></span> <span class='ocrx_word' id='word_1_477' title='bbox 2281 371 2296 392; x_wconf 87' lang='lat' dir='ltr'><strong>ll</strong></span> 
     </span>
    </p>
   </div>
   <div class='ocr_carea' id='block_1_64' title="bbox 1587 407 2296 436">
    <p class='ocr_par' dir='ltr' id='par_1_64' title="bbox 1587 407 2296 436">
     <span class='ocr_line' id='line_1_76' title="bbox 1587 407 2296 436; baseline 0.001 -1"><span class='ocrx_word' id='word_1_478' title='bbox 1587 409 1642 435; x_wconf 87' lang='lat' dir='ltr'><strong>nisi</strong></span> <span class='ocrx_word' id='word_1_479' title='bbox 1671 416 1821 435; x_wconf 85' lang='lat' dir='ltr'><strong>succensus</strong></span> <span class='ocrx_word' id='word_1_480' title='bbox 1847 416 1917 436; x_wconf 42' lang='lat' dir='ltr'><strong>eae.</strong></span> <span class='ocrx_word' id='word_1_481' title='bbox 1945 410 1972 435; x_wconf 86' lang='lat' dir='ltr'><strong>et</strong></span> <span class='ocrx_word' id='word_1_482' title='bbox 1987 407 2042 435; x_wconf 85' lang='lat' dir='ltr'><strong>nisi</strong></span> <span class='ocrx_word' id='word_1_483' title='bbox 2069 408 2178 436; x_wconf 77' lang='lat' dir='ltr'><strong>refotus</strong></span> <span class='ocrx_word' id='word_1_484' title='bbox 2202 407 2296 436; x_wconf 68' lang='lat' dir='ltr'><strong>suhoil</strong></span> 
     </span>
    </p>
   </div>
   <div class='ocr_carea' id='block_1_65' title="bbox 1587 452 2274 488">
    <p class='ocr_par' dir='ltr' id='par_1_65' title="bbox 1587 452 2274 488">
     <span class='ocr_line' id='line_1_77' title="bbox 1587 452 2274 488; baseline 0 -9"><span class='ocrx_word' id='word_1_485' title='bbox 1587 456 1686 479; x_wconf 87' lang='lat' dir='ltr'><strong>contra</strong></span> <span class='ocrx_word' id='word_1_486' title='bbox 1704 453 1844 488; x_wconf 66' lang='lat' dir='ltr'><strong>gehennae</strong></span> <span class='ocrx_word' id='word_1_487' title='bbox 1862 452 1937 486; x_wconf 70' lang='lat' dir='ltr'><strong>igni:</strong></span> <span class='ocrx_word' id='word_1_488' title='bbox 1952 460 2015 478; x_wconf 81' lang='lat' dir='ltr'><strong>cum</strong></span> <span class='ocrx_word' id='word_1_489' title='bbox 2043 452 2080 479; x_wconf 87' lang='lat' dir='ltr'><strong>sit</strong></span> <span class='ocrx_word' id='word_1_490' title='bbox 2105 459 2274 487; x_wconf 72' lang='lat' dir='ltr'><strong>corporeus,</strong></span> 
     </span>
    </p>
   </div>
   <div class='ocr_carea' id='block_1_66' title="bbox 1587 496 2296 530">
    <p class='ocr_par' dir='ltr' id='par_1_66' title="bbox 1587 496 2296 530">
     <span class='ocr_line' id='line_1_78' title="bbox 1587 496 2296 530; baseline 0.003 -8"><span class='ocrx_word' id='word_1_491' title='bbox 1587 497 1687 523; x_wconf 84' lang='lat' dir='ltr'><strong>missos</strong></span> <span class='ocrx_word' id='word_1_492' title='bbox 1719 497 1854 530; x_wconf 82' lang='lat' dir='ltr'><strong>reprobos</strong></span> <span class='ocrx_word' id='word_1_493' title='bbox 1887 496 2074 530; x_wconf 79' lang='lat' dir='ltr'><strong>corporaliter</strong></span> <span class='ocrx_word' id='word_1_494' title='bbox 2113 498 2226 529; x_wconf 81' lang='lat' dir='ltr'><strong>exurat,</strong></span> <span class='ocrx_word' id='word_1_495' title='bbox 2255 503 2296 524; x_wconf 82' lang='lat' dir='ltr'><strong>ne</strong></span> 
     </span>
    </p>
   </div>
   <div class='ocr_carea' id='block_1_67' title="bbox 1587 540 2296 576">
    <p class='ocr_par' dir='ltr' id='par_1_67' title="bbox 1587 540 2296 576">
     <span class='ocr_line' id='line_1_79' title="bbox 1587 540 2296 576; baseline 0 -8"><span class='ocrx_word' id='word_1_496' title='bbox 1587 541 1714 568; x_wconf 89' lang='lat' dir='ltr'><strong>humano</strong></span> <span class='ocrx_word' id='word_1_497' title='bbox 1748 540 1939 573; x_wconf 87' lang='lat' dir='ltr'><strong>succenditur,</strong></span> <span class='ocrx_word' id='word_1_498' title='bbox 1979 548 2031 567; x_wconf 88' lang='lat' dir='ltr'><strong>nec</strong></span> <span class='ocrx_word' id='word_1_499' title='bbox 2072 540 2160 576; x_wconf 83' lang='lat' dir='ltr'><strong>lignis</strong></span> <span class='ocrx_word' id='word_1_500' title='bbox 2192 541 2296 568; x_wconf 79' lang='lat' dir='ltr'><strong>nutriti</strong></span> 
     </span>
    </p>
   </div>
   <div class='ocr_carea' id='block_1_68' title="bbox 1588 584 2296 619">
    <p class='ocr_par' dir='ltr' id='par_1_68' title="bbox 1588 584 2296 619">
     <span class='ocr_line' id='line_1_80' title="bbox 1588 584 2296 619; baseline 0 -7"><span class='ocrx_word' id='word_1_501' title='bbox 1588 588 1698 612; x_wconf 76' lang='lat' dir='ltr'><strong>creatus</strong></span> <span class='ocrx_word' id='word_1_502' title='bbox 1717 585 1804 612; x_wconf 86' lang='lat' dir='ltr'><strong>semel</strong></span> <span class='ocrx_word' id='word_1_503' title='bbox 1827 585 1909 611; x_wconf 83' lang='lat' dir='ltr'><strong>durat</strong></span> <span class='ocrx_word' id='word_1_504' title='bbox 1928 584 2167 619; x_wconf 83' lang='lat' dir='ltr'><strong>inextinguibilis,</strong></span> <span class='ocrx_word' id='word_1_505' title='bbox 2197 587 2228 612; x_wconf 82' lang='lat' dir='ltr'><strong>et</strong></span> <span class='ocrx_word' id='word_1_506' title='bbox 2243 588 2296 612; x_wconf 54' lang='lat' dir='ltr'><strong>sui</strong></span> 
     </span>
    </p>
   </div>
   <div class='ocr_carea' id='block_1_69' title="bbox 1588 629 2296 666">
    <p class='ocr_par' dir='ltr' id='par_1_69' title="bbox 1588 629 2296 666">
     <span class='ocr_line' id='line_1_81' title="bbox 1588 629 2296 666; baseline 0.001 -10"><span class='ocrx_word' id='word_1_507' title='bbox 1588 637 1646 657; x_wconf 88' lang='lat' dir='ltr'><strong>non</strong></span> <span class='ocrx_word' id='word_1_508' title='bbox 1663 629 1781 664; x_wconf 82' lang='lat' dir='ltr'><strong>indiget,</strong></span> <span class='ocrx_word' id='word_1_509' title='bbox 1796 631 1825 655; x_wconf 85' lang='lat' dir='ltr'><strong>et</strong></span> <span class='ocrx_word' id='word_1_510' title='bbox 1839 629 1939 656; x_wconf 84' lang='lat' dir='ltr'><strong>ardore</strong></span> <span class='ocrx_word' id='word_1_511' title='bbox 1955 637 2012 655; x_wconf 93' lang='lat' dir='ltr'><strong>non</strong></span> <span class='ocrx_word' id='word_1_512' title='bbox 2029 631 2114 657; x_wconf 83' lang='lat' dir='ltr'><strong>caret.</strong></span> <span class='ocrx_word' id='word_1_513' title='bbox 2143 629 2219 656; x_wconf 87' lang='lat' dir='ltr'><strong>Bene</strong></span> <span class='ocrx_word' id='word_1_514' title='bbox 2242 637 2296 666; x_wconf 79' lang='lat' dir='ltr'><strong>erg</strong></span> 
     </span>
    </p>
   </div>
   <div class='ocr_carea' id='block_1_70' title="bbox 1589 672 2296 709">
    <p class='ocr_par' dir='ltr' id='par_1_70' title="bbox 1589 672 2296 709">
     <span class='ocr_line' id='line_1_82' title="bbox 1589 672 2296 709; baseline 0.001 -10"><span class='ocrx_word' id='word_1_515' title='bbox 1589 673 1688 708; x_wconf 88' lang='lat' dir='ltr'><strong>iniquo</strong></span> <span class='ocrx_word' id='word_1_516' title='bbox 1704 673 1830 699; x_wconf 86' lang='lat' dir='ltr'><strong>dicitur:</strong></span> <span class='ocrx_word' id='word_1_517' title='bbox 1851 673 2000 699; x_wconf 82' lang='lat' dir='ltr'><strong>Devorabit</strong></span> <span class='ocrx_word' id='word_1_518' title='bbox 2025 681 2091 700; x_wconf 83' lang='lat' dir='ltr'><strong>eum</strong></span> <span class='ocrx_word' id='word_1_519' title='bbox 2113 672 2190 707; x_wconf 84' lang='lat' dir='ltr'><strong>ignis</strong></span> <span class='ocrx_word' id='word_1_520' title='bbox 2212 673 2265 709; x_wconf 82' lang='lat' dir='ltr'><strong>qui</strong></span> <span class='ocrx_word' id='word_1_521' title='bbox 2285 681 2296 700; x_wconf 83' lang='grc' dir='ltr'><strong>ι</strong></span> 
     </span>
    </p>
   </div>
   <div class='ocr_carea' id='block_1_71' title="bbox 1589 717 2296 752">
    <p class='ocr_par' dir='ltr' id='par_1_71' title="bbox 1589 717 2296 752">
     <span class='ocr_line' id='line_1_83' title="bbox 1589 717 2296 752; baseline 0 -8"><span class='ocrx_word' id='word_1_522' title='bbox 1589 718 1746 744; x_wconf 78' lang='lat' dir='ltr'><strong>conditur:</strong></span> <span class='ocrx_word' id='word_1_523' title='bbox 1781 717 1849 752; x_wconf 84' lang='lat' dir='ltr'><strong>quia</strong></span> <span class='ocrx_word' id='word_1_524' title='bbox 1877 717 2089 752; x_wconf 85' lang='lat' dir='ltr'><strong>Omnipotentis</strong></span> <span class='ocrx_word' id='word_1_525' title='bbox 2119 717 2242 752; x_wconf 81' lang='lat' dir='ltr'><strong>justitia,</strong></span> <span class='ocrx_word' id='word_1_526' title='bbox 2274 717 2296 744; x_wconf 79' lang='lat' dir='ltr'><strong>fl</strong></span> 
     </span>
    </p>
   </div>
   <div class='ocr_carea' id='block_1_72' title="bbox 1591 760 2296 798">
    <p class='ocr_par' dir='ltr' id='par_1_72' title="bbox 1591 760 2296 798">
     <span class='ocr_line' id='line_1_84' title="bbox 1591 760 2296 798; baseline 0.001 -11"><span class='ocrx_word' id='word_1_527' title='bbox 1591 761 1718 797; x_wconf 61' lang='lat' dir='ltr'><strong>praescia,</strong></span> <span class='ocrx_word' id='word_1_528' title='bbox 1735 761 1769 787; x_wconf 85' lang='lat' dir='ltr'><strong>ab</strong></span> <span class='ocrx_word' id='word_1_529' title='bbox 1782 761 1843 796; x_wconf 82' lang='lat' dir='ltr'><strong>ipsa</strong></span> <span class='ocrx_word' id='word_1_530' title='bbox 1857 760 1957 787; x_wconf 89' lang='lat' dir='ltr'><strong>mundi</strong></span> <span class='ocrx_word' id='word_1_531' title='bbox 1971 760 2083 796; x_wconf 83' lang='lat' dir='ltr'><strong>origine</strong></span> <span class='ocrx_word' id='word_1_532' title='bbox 2099 761 2242 796; x_wconf 68' lang='lat' dir='ltr'><strong>gehenna</strong></span> <span class='ocrx_word' id='word_1_533' title='bbox 2257 761 2296 798; x_wconf 66' lang='grc' dir='ltr'><strong>ἰαί</strong></span> 
     </span>
    </p>
   </div>
   <div class='ocr_carea' id='block_1_73' title="bbox 1591 804 2283 840">
    <p class='ocr_par' dir='ltr' id='par_1_73' title="bbox 1591 804 2283 840">
     <span class='ocr_line' id='line_1_85' title="bbox 1591 804 2283 840; baseline 0 -8"><span class='ocrx_word' id='word_1_534' title='bbox 1591 806 1630 832; x_wconf 87' lang='lat' dir='ltr'><strong>vit</strong></span> <span class='ocrx_word' id='word_1_535' title='bbox 1647 814 1653 832; x_wconf 74' lang='grc' dir='ltr'>ε</span> <span class='ocrx_word' id='word_1_536' title='bbox 1671 805 1719 840; x_wconf 90' lang='lat' dir='ltr'><strong>qui</strong></span> <span class='ocrx_word' id='word_1_537' title='bbox 1734 805 1761 831; x_wconf 93' lang='lat' dir='ltr'><strong>in</strong></span> <span class='ocrx_word' id='word_1_538' title='bbox 1778 813 1860 839; x_wconf 83' lang='lat' dir='ltr'><strong>pcena</strong></span> <span class='ocrx_word' id='word_1_539' title='bbox 1887 804 2075 840; x_wconf 82' lang='lat' dir='ltr'><strong>reproborum</strong></span> <span class='ocrx_word' id='word_1_540' title='bbox 2100 813 2161 832; x_wconf 78' lang='lat' dir='ltr'><strong>esse</strong></span> <span class='ocrx_word' id='word_1_541' title='bbox 2190 805 2283 832; x_wconf 83' lang='lat' dir='ltr'><strong>semel</strong></span> 
     </span>
    </p>
   </div>
   <div class='ocr_carea' id='block_1_74' title="bbox 1591 848 2296 885">
    <p class='ocr_par' dir='ltr' id='par_1_74' title="bbox 1591 848 2296 885">
     <span class='ocr_line' id='line_1_86' title="bbox 1591 848 2296 885; baseline 0 -9"><span class='ocrx_word' id='word_1_542' title='bbox 1591 850 1640 876; x_wconf 84' lang='lat' dir='ltr'><strong>sed</strong></span> <span class='ocrx_word' id='word_1_543' title='bbox 1657 850 1786 876; x_wconf 81' lang='lat' dir='ltr'><strong>ardorem</strong></span> <span class='ocrx_word' id='word_1_544' title='bbox 1803 857 1886 875; x_wconf 89' lang='lat' dir='ltr'><strong>suum</strong></span> <span class='ocrx_word' id='word_1_545' title='bbox 1898 849 1985 875; x_wconf 86' lang='lat' dir='ltr'><strong>etiam</strong></span> <span class='ocrx_word' id='word_1_546' title='bbox 2002 848 2063 876; x_wconf 87' lang='lat' dir='ltr'><strong>sine</strong></span> <span class='ocrx_word' id='word_1_547' title='bbox 2079 848 2166 884; x_wconf 85' lang='lat' dir='ltr'><strong>lignis</strong></span> <span class='ocrx_word' id='word_1_548' title='bbox 2180 857 2296 885; x_wconf 81' lang='lat' dir='ltr'><strong>nunqm</strong></span> 
     </span>
    </p>
   </div>
   <div class='ocr_carea' id='block_1_75' title="bbox 1592 893 2296 929">
    <p class='ocr_par' dir='ltr' id='par_1_75' title="bbox 1592 893 2296 929">
     <span class='ocr_line' id='line_1_87' title="bbox 1592 893 2296 929; baseline 0.001 -9"><span class='ocrx_word' id='word_1_549' title='bbox 1592 894 1743 920; x_wconf 88' lang='lat' dir='ltr'><strong>Sciendum</strong></span> <span class='ocrx_word' id='word_1_550' title='bbox 1756 901 1822 919; x_wconf 92' lang='lat' dir='ltr'><strong>vero</strong></span> <span class='ocrx_word' id='word_1_551' title='bbox 1848 895 1900 926; x_wconf 90' lang='lat' dir='ltr'><strong>est,</strong></span> <span class='ocrx_word' id='word_1_552' title='bbox 1931 893 2008 928; x_wconf 92' lang='lat' dir='ltr'><strong>quod</strong></span> <span class='ocrx_word' id='word_1_553' title='bbox 2038 901 2138 920; x_wconf 87' lang='lat' dir='ltr'><strong>omnes</strong></span> <span class='ocrx_word' id='word_1_554' title='bbox 2166 893 2296 929; x_wconf 80' lang='lat' dir='ltr'><strong>reprobi,</strong></span> 
     </span>
    </p>
   </div>
   <div class='ocr_carea' id='block_1_76' title="bbox 1593 937 2296 972">
    <p class='ocr_par' dir='ltr' id='par_1_76' title="bbox 1593 937 2296 972">
     <span class='ocr_line' id='line_1_88' title="bbox 1593 937 2296 972; baseline 0.001 -9"><span class='ocrx_word' id='word_1_555' title='bbox 1593 938 1622 964; x_wconf 88' lang='lat' dir='ltr'><strong>in</strong></span> <span class='ocrx_word' id='word_1_556' title='bbox 1636 938 1731 964; x_wconf 86' lang='lat' dir='ltr'><strong>anima</strong></span> <span class='ocrx_word' id='word_1_557' title='bbox 1746 937 1830 964; x_wconf 86' lang='lat' dir='ltr'><strong>simul</strong></span> <span class='ocrx_word' id='word_1_558' title='bbox 1846 939 1874 963; x_wconf 89' lang='lat' dir='ltr'><strong>et</strong></span> <span class='ocrx_word' id='word_1_559' title='bbox 1884 945 1966 963; x_wconf 88' lang='lat' dir='ltr'><strong>carne</strong></span> <span class='ocrx_word' id='word_1_560' title='bbox 1980 940 2183 972; x_wconf 86' lang='lat' dir='ltr'><strong>peccaverunt,</strong></span> <span class='ocrx_word' id='word_1_561' title='bbox 2209 937 2272 966; x_wconf 82' lang='lat' dir='ltr'><strong>illic</strong></span> <span class='ocrx_word' id='word_1_562' title='bbox 2294 946 2296 964; x_wconf 66' lang='grc' dir='ltr'>ς</span> 
     </span>
    </p>
   </div>
   <div class='ocr_carea' id='block_1_77' title="bbox 1593 981 2028 1016">
    <p class='ocr_par' dir='ltr' id='par_1_77' title="bbox 1593 981 2028 1016">
     <span class='ocr_line' id='line_1_89' title="bbox 1593 981 2028 1016; baseline -0.002 -8"><span class='ocrx_word' id='word_1_563' title='bbox 1593 985 1622 1009; x_wconf 93' lang='lat' dir='ltr'><strong>et</strong></span> <span class='ocrx_word' id='word_1_564' title='bbox 1634 989 1718 1008; x_wconf 87' lang='lat' dir='ltr'><strong>carne</strong></span> <span class='ocrx_word' id='word_1_565' title='bbox 1734 982 1841 1016; x_wconf 85' lang='lat' dir='ltr'><strong>pariter</strong></span> <span class='ocrx_word' id='word_1_566' title='bbox 1856 981 2028 1008; x_wconf 83' lang='lat' dir='ltr'><strong>cruciantur.</strong></span> 
     </span>
    </p>
   </div>
   <div class='ocr_carea' id='block_1_78' title="bbox 1554 1034 2296 1068">
    <p class='ocr_par' dir='ltr' id='par_1_78' title="bbox 1554 1034 2296 1068">
     <span class='ocr_line' id='line_1_90' title="bbox 1554 1034 2296 1068; baseline 0.001 -7"><span class='ocrx_word' id='word_1_567' title='bbox 1554 1053 1560 1056; x_wconf 67' lang='lat'><em>.</em></span> <span class='ocrx_word' id='word_1_568' title='bbox 1594 1035 1657 1062; x_wconf 77' lang='grc' dir='ltr'>ΟΑιι.</span> <span class='ocrx_word' id='word_1_569' title='bbox 1674 1034 1806 1062; x_wconf 82' lang='lat' dir='ltr'>LXXXIII.</span> <span class='ocrx_word' id='word_1_570' title='bbox 1824 1048 1857 1054; x_wconf 91' lang='lat'><strong>-—</strong></span> <span class='ocrx_word' id='word_1_571' title='bbox 1871 1035 2064 1061; x_wconf 80' lang='lat' dir='ltr'><strong>Curanimain</strong></span> <span class='ocrx_word' id='word_1_572' title='bbox 2077 1041 2296 1068; x_wconf 67' lang='lat' dir='ltr'><strong>cor-parem</strong></span> 
     </span>
    </p>
   </div>
   <div class='ocr_carea' id='block_1_79' title="bbox 1841 1069 2188 1104">
    <p class='ocr_par' dir='ltr' id='par_1_79' title="bbox 1841 1069 2188 1104">
     <span class='ocr_line' id='line_1_91' title="bbox 1841 1069 2188 1104; baseline 0.003 -9"><span class='ocrx_word' id='word_1_573' title='bbox 1841 1069 1917 1096; x_wconf 72' lang='lat' dir='ltr'><strong>dirus</strong></span> <span class='ocrx_word' id='word_1_574' title='bbox 1931 1070 2020 1097; x_wconf 78' lang='lat' dir='ltr'><strong>videri</strong></span> <span class='ocrx_word' id='word_1_575' title='bbox 2031 1077 2083 1096; x_wconf 84' lang='lat' dir='ltr'><strong>non</strong></span> <span class='ocrx_word' id='word_1_576' title='bbox 2093 1070 2188 1104; x_wconf 80' lang='lat' dir='ltr'><strong>pauit.</strong></span> 
     </span>
    </p>
   </div>
   <div class='ocr_carea' id='block_1_80' title="bbox 1629 1112 2296 1149">
    <p class='ocr_par' dir='ltr' id='par_1_80' title="bbox 1629 1112 2296 1149">
     <span class='ocr_line' id='line_1_92' title="bbox 1629 1112 2296 1149; baseline 0 -9"><span class='ocrx_word' id='word_1_577' title='bbox 1629 1114 1701 1146; x_wconf 91' lang='lat' dir='ltr'><strong>Quid</strong></span> <span class='ocrx_word' id='word_1_578' title='bbox 1721 1113 1836 1146; x_wconf 88' lang='lat' dir='ltr'><strong>mirum,</strong></span> <span class='ocrx_word' id='word_1_579' title='bbox 1851 1114 1943 1146; x_wconf 86' lang='lat' dir='ltr'><strong>Petre,</strong></span> <span class='ocrx_word' id='word_1_580' title='bbox 1965 1114 1988 1140; x_wconf 92' lang='lat' dir='ltr'><strong>si</strong></span> <span class='ocrx_word' id='word_1_581' title='bbox 2011 1113 2207 1149; x_wconf 87' lang='lat' dir='ltr'><strong>egredientem</strong></span> <span class='ocrx_word' id='word_1_582' title='bbox 2238 1112 2296 1142; x_wconf 63' lang='lat' dir='ltr'><strong>nni:</strong></span> 
     </span>
    </p>
   </div>
   <div class='ocr_carea' id='block_1_81' title="bbox 1594 1158 2296 1193">
    <p class='ocr_par' dir='ltr' id='par_1_81' title="bbox 1594 1158 2296 1193">
     <span class='ocr_line' id='line_1_93' title="bbox 1594 1158 2296 1193; baseline 0.003 -10"><span class='ocrx_word' id='word_1_583' title='bbox 1594 1158 1700 1189; x_wconf 76' lang='lat' dir='ltr'><strong>vidisti,</strong></span> <span class='ocrx_word' id='word_1_584' title='bbox 1716 1166 1801 1193; x_wconf 86' lang='lat' dir='ltr'><strong>quam</strong></span> <span class='ocrx_word' id='word_1_585' title='bbox 1821 1160 1849 1184; x_wconf 88' lang='lat' dir='ltr'><strong>et</strong></span> <span class='ocrx_word' id='word_1_586' title='bbox 1871 1160 2035 1185; x_wconf 82' lang='lat' dir='ltr'><strong>manentem</strong></span> <span class='ocrx_word' id='word_1_587' title='bbox 2060 1158 2090 1184; x_wconf 93' lang='lat' dir='ltr'><strong>in</strong></span> <span class='ocrx_word' id='word_1_588' title='bbox 2111 1165 2235 1193; x_wconf 83' lang='lat' dir='ltr'><strong>corpore</strong></span> <span class='ocrx_word' id='word_1_589' title='bbox 2261 1165 2296 1185; x_wconf 74' lang='lat' dir='ltr'><strong>nr</strong></span> 
     </span>
    </p>
   </div>
   <div class='ocr_carea' id='block_1_82' title="bbox 1596 1202 2296 1238">
    <p class='ocr_par' dir='ltr' id='par_1_82' title="bbox 1596 1202 2296 1238">
     <span class='ocr_line' id='line_1_94' title="bbox 1596 1202 2296 1238; baseline 0.001 -9"><span class='ocrx_word' id='word_1_590' title='bbox 1596 1202 1800 1237; x_wconf 74' lang='lat' dir='ltr'><strong>Nnnquidnam</strong></span> <span class='ocrx_word' id='word_1_591' title='bbox 1834 1202 1919 1228; x_wconf 90' lang='lat' dir='ltr'><strong>modo</strong></span> <span class='ocrx_word' id='word_1_592' title='bbox 1949 1210 2013 1228; x_wconf 93' lang='lat' dir='ltr'><strong>cum</strong></span> <span class='ocrx_word' id='word_1_593' title='bbox 2057 1209 2170 1229; x_wconf 84' lang='lat' dir='ltr'><strong>mecum</strong></span> <span class='ocrx_word' id='word_1_594' title='bbox 2206 1202 2296 1238; x_wconf 64' lang='lat' dir='ltr'><strong>loqu!</strong></span> 
     </span>
    </p>
   </div>
   <div class='ocr_carea' id='block_1_83' title="bbox 1595 1245 2296 1279">
    <p class='ocr_par' dir='ltr' id='par_1_83' title="bbox 1595 1245 2296 1279">
     <span class='ocr_line' id='line_1_95' title="bbox 1595 1245 2296 1279; baseline 0.003 -8"><span class='ocrx_word' id='word_1_595' title='bbox 1595 1247 1689 1272; x_wconf 82' lang='lat' dir='ltr'><strong>videre</strong></span> <span class='ocrx_word' id='word_1_596' title='bbox 1705 1246 1734 1272; x_wconf 92' lang='lat' dir='ltr'><strong>in</strong></span> <span class='ocrx_word' id='word_1_597' title='bbox 1752 1254 1796 1272; x_wconf 87' lang='lat' dir='ltr'><strong>me</strong></span> <span class='ocrx_word' id='word_1_598' title='bbox 1810 1254 1867 1272; x_wconf 91' lang='lat' dir='ltr'><strong>non</strong></span> <span class='ocrx_word' id='word_1_599' title='bbox 1887 1246 1961 1272; x_wconf 88' lang='lat' dir='ltr'><strong>vales</strong></span> <span class='ocrx_word' id='word_1_600' title='bbox 1977 1246 2103 1272; x_wconf 82' lang='lat' dir='ltr'><strong>animam</strong></span> <span class='ocrx_word' id='word_1_601' title='bbox 2130 1253 2236 1279; x_wconf 82' lang='lat' dir='ltr'><strong>meam,</strong></span> <span class='ocrx_word' id='word_1_602' title='bbox 2270 1245 2296 1273; x_wconf 81' lang='lat' dir='ltr'><strong>id</strong></span> 
     </span>
    </p>
   </div>
   <div class='ocr_carea' id='block_1_84' title="bbox 1595 1289 2296 1325">
    <p class='ocr_par' dir='ltr' id='par_1_84' title="bbox 1595 1289 2296 1325">
     <span class='ocr_line' id='line_1_96' title="bbox 1595 1289 2296 1325; baseline 0.003 -10"><span class='ocrx_word' id='word_1_603' title='bbox 1595 1298 1654 1316; x_wconf 77' lang='lat' dir='ltr'><strong>esse</strong></span> <span class='ocrx_word' id='word_1_604' title='bbox 1672 1290 1833 1316; x_wconf 80' lang='lat' dir='ltr'><strong>exanimem</strong></span> <span class='ocrx_word' id='word_1_605' title='bbox 1859 1290 1969 1316; x_wconf 78' lang='lat' dir='ltr'><strong>credis?</strong></span> <span class='ocrx_word' id='word_1_606' title='bbox 1997 1290 2101 1316; x_wconf 81' lang='lat' dir='ltr'><strong>Natura</strong></span> <span class='ocrx_word' id='word_1_607' title='bbox 2131 1289 2242 1325; x_wconf 79' lang='lat' dir='ltr'><strong>quippe</strong></span> <span class='ocrx_word' id='word_1_608' title='bbox 2271 1297 2296 1324; x_wconf 68' lang='lat' dir='ltr'><strong>ni</strong></span> 
     </span>
    </p>
   </div>
   <div class='ocr_carea' id='block_1_85' title="bbox 1595 1333 2296 1369">
    <p class='ocr_par' dir='ltr' id='par_1_85' title="bbox 1595 1333 2296 1369">
     <span class='ocr_line' id='line_1_97' title="bbox 1595 1333 2296 1369; baseline 0.001 -9"><span class='ocrx_word' id='word_1_609' title='bbox 1595 1334 1714 1360; x_wconf 86' lang='lat' dir='ltr'><strong>visibilis</strong></span> <span class='ocrx_word' id='word_1_610' title='bbox 1747 1336 1797 1366; x_wconf 77' lang='lat' dir='ltr'><strong>est,</strong></span> <span class='ocrx_word' id='word_1_611' title='bbox 1832 1336 1917 1369; x_wconf 82' lang='lat' dir='ltr'><strong>atque</strong></span> <span class='ocrx_word' id='word_1_612' title='bbox 1950 1333 1988 1359; x_wconf 88' lang='lat' dir='ltr'><strong>ita</strong></span> <span class='ocrx_word' id='word_1_613' title='bbox 2022 1341 2054 1360; x_wconf 81' lang='lat' dir='ltr'><strong>ex</strong></span> <span class='ocrx_word' id='word_1_614' title='bbox 2106 1341 2225 1368; x_wconf 80' lang='lat' dir='ltr'><strong>corpore</strong></span> <span class='ocrx_word' id='word_1_615' title='bbox 2266 1333 2296 1361; x_wconf 78' lang='lat' dir='ltr'><strong>in</strong></span> 
     </span>
    </p>
   </div>
   <div class='ocr_carea' id='block_1_86' title="bbox 1596 1377 2296 1413">
    <p class='ocr_par' dir='ltr' id='par_1_86' title="bbox 1596 1377 2296 1413">
     <span class='ocr_line' id='line_1_98' title="bbox 1596 1377 2296 1413; baseline 0.003 -9"><span class='ocrx_word' id='word_1_616' title='bbox 1596 1379 1740 1413; x_wconf 87' lang='lat' dir='ltr'><strong>egreditur</strong></span> <span class='ocrx_word' id='word_1_617' title='bbox 1752 1378 1823 1404; x_wconf 88' lang='lat' dir='ltr'><strong>sicut</strong></span> <span class='ocrx_word' id='word_1_618' title='bbox 1838 1378 1867 1404; x_wconf 94' lang='lat' dir='ltr'><strong>in</strong></span> <span class='ocrx_word' id='word_1_619' title='bbox 1887 1385 2004 1412; x_wconf 89' lang='lat' dir='ltr'><strong>corpore</strong></span> <span class='ocrx_word' id='word_1_620' title='bbox 2015 1377 2198 1404; x_wconf 77' lang='lat' dir='ltr'><strong>invisibiliter</strong></span> <span class='ocrx_word' id='word_1_621' title='bbox 2207 1385 2296 1406; x_wconf 74' lang='lat' dir='ltr'><strong>mane</strong></span> 
     </span>
    </p>
   </div>
   <div class='ocr_carea' id='block_1_87' title="bbox 1596 1421 2296 1458">
    <p class='ocr_par' dir='ltr' id='par_1_87' title="bbox 1596 1421 2296 1458">
     <span class='ocr_line' id='line_1_99' title="bbox 1596 1421 2296 1458; baseline 0 -8"><span class='ocrx_word' id='word_1_622' title='bbox 1596 1423 1648 1450; x_wconf 80' lang='lat' dir='ltr'><strong>Sed</strong></span> <span class='ocrx_word' id='word_1_623' title='bbox 1666 1423 1751 1449; x_wconf 87' lang='lat' dir='ltr'><strong>vitam</strong></span> <span class='ocrx_word' id='word_1_624' title='bbox 1769 1422 1872 1448; x_wconf 66' lang='lat' dir='ltr'><strong>anima:</strong></span> <span class='ocrx_word' id='word_1_625' title='bbox 1889 1421 1917 1448; x_wconf 94' lang='lat' dir='ltr'><strong>in</strong></span> <span class='ocrx_word' id='word_1_626' title='bbox 1929 1430 2048 1457; x_wconf 88' lang='lat' dir='ltr'><strong>corpore</strong></span> <span class='ocrx_word' id='word_1_627' title='bbox 2069 1421 2213 1449; x_wconf 85' lang='lat' dir='ltr'><strong>manentis</strong></span> <span class='ocrx_word' id='word_1_628' title='bbox 2239 1429 2296 1458; x_wconf 78' lang='lat' dir='ltr'><strong>pel!</strong></span> 
     </span>
    </p>
   </div>
   <div class='ocr_carea' id='block_1_88' title="bbox 1596 1465 2296 1502">
    <p class='ocr_par' dir='ltr' id='par_1_88' title="bbox 1596 1465 2296 1502">
     <span class='ocr_line' id='line_1_100' title="bbox 1596 1465 2296 1502; baseline 0.001 -9"><span class='ocrx_word' id='word_1_629' title='bbox 1596 1475 1658 1493; x_wconf 91' lang='lat' dir='ltr'><strong>sum</strong></span> <span class='ocrx_word' id='word_1_630' title='bbox 1674 1475 1706 1493; x_wconf 80' lang='lat' dir='ltr'><strong>ex</strong></span> <span class='ocrx_word' id='word_1_631' title='bbox 1734 1466 1803 1501; x_wconf 84' lang='lat' dir='ltr'><strong>ipsis</strong></span> <span class='ocrx_word' id='word_1_632' title='bbox 1831 1466 1955 1492; x_wconf 85' lang='lat' dir='ltr'><strong>motibus</strong></span> <span class='ocrx_word' id='word_1_633' title='bbox 1985 1465 2222 1502; x_wconf 72' lang='lat' dir='ltr'><strong>corporis:quia</strong></span> <span class='ocrx_word' id='word_1_634' title='bbox 2249 1466 2296 1494; x_wconf 70' lang='lat' dir='ltr'><strong>ni!</strong></span> 
     </span>
    </p>
   </div>
   <div class='ocr_carea' id='block_1_89' title="bbox 1595 1510 2296 1546">
    <p class='ocr_par' dir='ltr' id='par_1_89' title="bbox 1595 1510 2296 1546">
     <span class='ocr_line' id='line_1_101' title="bbox 1595 1510 2296 1546; baseline 0 -9"><span class='ocrx_word' id='word_1_635' title='bbox 1595 1512 1690 1538; x_wconf 79' lang='lat' dir='ltr'><strong>anima</strong></span> <span class='ocrx_word' id='word_1_636' title='bbox 1713 1511 1834 1542; x_wconf 77' lang='lat' dir='ltr'><strong>adesset,</strong></span> <span class='ocrx_word' id='word_1_637' title='bbox 1864 1510 1994 1545; x_wconf 81' lang='lat' dir='ltr'><strong>ejusdem</strong></span> <span class='ocrx_word' id='word_1_638' title='bbox 2023 1510 2154 1536; x_wconf 73' lang='lat' dir='ltr'><strong>membra</strong></span> <span class='ocrx_word' id='word_1_639' title='bbox 2179 1511 2296 1546; x_wconf 83' lang='lat' dir='ltr'><strong>corpori</strong></span> 
     </span>
    </p>
   </div>
   <div class='ocr_carea' id='block_1_90' title="bbox 1559 1555 2296 1591">
    <p class='ocr_par' dir='ltr' id='par_1_90' title="bbox 1559 1555 2296 1591">
     <span class='ocr_line' id='line_1_102' title="bbox 1559 1555 2296 1591; baseline 0 -8"><span class='ocrx_word' id='word_1_640' title='bbox 1559 1555 1579 1582; x_wconf 89' lang='lat' dir='ltr'><strong>C</strong></span> <span class='ocrx_word' id='word_1_641' title='bbox 1599 1564 1655 1583; x_wconf 91' lang='lat' dir='ltr'><strong>non</strong></span> <span class='ocrx_word' id='word_1_642' title='bbox 1689 1558 1815 1591; x_wconf 82' lang='lat' dir='ltr'><strong>possent.</strong></span> <span class='ocrx_word' id='word_1_643' title='bbox 1848 1555 1909 1582; x_wconf 83' lang='lat' dir='ltr'><strong>Vita</strong></span> <span class='ocrx_word' id='word_1_644' title='bbox 1943 1563 2010 1582; x_wconf 90' lang='lat' dir='ltr'><strong>vero</strong></span> <span class='ocrx_word' id='word_1_645' title='bbox 2033 1555 2137 1582; x_wconf 71' lang='lat' dir='ltr'><strong>anime</strong></span> <span class='ocrx_word' id='word_1_646' title='bbox 2170 1557 2240 1591; x_wconf 79' lang='lat' dir='ltr'><strong>post</strong></span> <span class='ocrx_word' id='word_1_647' title='bbox 2269 1563 2296 1583; x_wconf 82' lang='lat' dir='ltr'><strong>el</strong></span> 
     </span>
    </p>
   </div>
   <div class='ocr_carea' id='block_1_91' title="bbox 1598 1599 2287 1635">
    <p class='ocr_par' dir='ltr' id='par_1_91' title="bbox 1598 1599 2287 1635">
     <span class='ocr_line' id='line_1_103' title="bbox 1598 1599 2287 1635; baseline 0.001 -9"><span class='ocrx_word' id='word_1_648' title='bbox 1598 1600 1701 1635; x_wconf 90' lang='lat' dir='ltr'><strong>quibus</strong></span> <span class='ocrx_word' id='word_1_649' title='bbox 1719 1599 1844 1626; x_wconf 83' lang='lat' dir='ltr'><strong>motibus</strong></span> <span class='ocrx_word' id='word_1_650' title='bbox 1859 1599 1998 1634; x_wconf 76' lang='lat' dir='ltr'><strong>quibusve</strong></span> <span class='ocrx_word' id='word_1_651' title='bbox 2007 1599 2143 1634; x_wconf 87' lang='lat' dir='ltr'><strong>operibus</strong></span> <span class='ocrx_word' id='word_1_652' title='bbox 2157 1599 2205 1632; x_wconf 84' lang='lat' dir='ltr'><strong>sit,</strong></span> <span class='ocrx_word' id='word_1_653' title='bbox 2219 1607 2287 1628; x_wconf 72' lang='lat' dir='ltr'><strong>non</strong></span> 
     </span>
    </p>
   </div>
   <div class='ocr_carea' id='block_1_92' title="bbox 1599 1643 2296 1679">
    <p class='ocr_par' dir='ltr' id='par_1_92' title="bbox 1599 1643 2296 1679">
     <span class='ocr_line' id='line_1_104' title="bbox 1599 1643 2296 1679; baseline 0 -8"><span class='ocrx_word' id='word_1_654' title='bbox 1599 1653 1629 1671; x_wconf 86' lang='lat' dir='ltr'><strong>ex</strong></span> <span class='ocrx_word' id='word_1_655' title='bbox 1647 1644 1731 1670; x_wconf 83' lang='lat' dir='ltr'><strong>rebus</strong></span> <span class='ocrx_word' id='word_1_656' title='bbox 1745 1643 1904 1670; x_wconf 83' lang='lat' dir='ltr'><strong>visibilibus</strong></span> <span class='ocrx_word' id='word_1_657' title='bbox 1919 1651 1979 1670; x_wconf 81' lang='lat' dir='ltr'><strong>esse</strong></span> <span class='ocrx_word' id='word_1_658' title='bbox 1992 1643 2138 1678; x_wconf 83' lang='lat' dir='ltr'><strong>colligam,</strong></span> <span class='ocrx_word' id='word_1_659' title='bbox 2162 1643 2244 1679; x_wconf 85' lang='lat' dir='ltr'><strong>quod</strong></span> <span class='ocrx_word' id='word_1_660' title='bbox 2272 1651 2296 1671; x_wconf 74' lang='grc' dir='ltr'><strong><em>τ</em></strong></span> 
     </span>
    </p>
   </div>
   <div class='ocr_carea' id='block_1_93' title="bbox 1599 1696 2178 1723">
    <p class='ocr_par' dir='ltr' id='par_1_93' title="bbox 1599 1696 2178 1723">
     <span class='ocr_line' id='line_1_105' title="bbox 1599 1696 2178 1723; baseline 0.003 -9"><span class='ocrx_word' id='word_1_661' title='bbox 1599 1696 1724 1723; x_wconf 86' lang='lat' dir='ltr'><strong>possum.</strong></span> <span class='ocrx_word' id='word_1_662' title='bbox 2174 1713 2178 1716; x_wconf 57' lang='lat'><strong>.</strong></span> 
     </span>
    </p>
   </div>
   <div class='ocr_carea' id='block_1_94' title="bbox 1599 1738 2278 1773">
    <p class='ocr_par' dir='ltr' id='par_1_94' title="bbox 1599 1738 2278 1773">
     <span class='ocr_line' id='line_1_106' title="bbox 1599 1738 2278 1773; baseline 0.001 -6"><span class='ocrx_word' id='word_1_663' title='bbox 1599 1741 1663 1767; x_wconf 76' lang='lat' dir='ltr'><strong>CAP.</strong></span> <span class='ocrx_word' id='word_1_664' title='bbox 1683 1740 1811 1767; x_wconf 74' lang='lat' dir='ltr'>LXXXIV.</span> <span class='ocrx_word' id='word_1_665' title='bbox 1826 1755 1859 1759; x_wconf 88' lang='lat'><strong>——</strong></span> <span class='ocrx_word' id='word_1_666' title='bbox 1880 1741 1912 1767; x_wconf 85' lang='lat' dir='ltr'><strong>Ut</strong></span> <span class='ocrx_word' id='word_1_667' title='bbox 1927 1740 2018 1767; x_wconf 83' lang='lat' dir='ltr'><strong>nullus</strong></span> <span class='ocrx_word' id='word_1_668' title='bbox 2031 1738 2159 1767; x_wconf 77' lang='lat' dir='ltr'><strong>dubitare</strong></span> <span class='ocrx_word' id='word_1_669' title='bbox 2166 1739 2278 1773; x_wconf 76' lang='lat' dir='ltr'><strong>debeat,</strong></span> 
     </span>
    </p>
   </div>
   <div class='ocr_carea' id='block_1_95' title="bbox 1686 1775 2296 1809">
    <p class='ocr_par' dir='ltr' id='par_1_95' title="bbox 1686 1775 2296 1809">
     <span class='ocr_line' id='line_1_107' title="bbox 1686 1775 2296 1809; baseline 0.005 -8"><span class='ocrx_word' id='word_1_670' title='bbox 1686 1776 1817 1808; x_wconf 72' lang='lat' dir='ltr'><strong>m‘sibi’tia,</strong></span> <span class='ocrx_word' id='word_1_671' title='bbox 1834 1783 1894 1809; x_wconf 70' lang='lat' dir='ltr'><strong>quae</strong></span> <span class='ocrx_word' id='word_1_672' title='bbox 1915 1776 1967 1802; x_wconf 81' lang='lat' dir='ltr'><strong>Deo</strong></span> <span class='ocrx_word' id='word_1_673' title='bbox 1982 1776 2117 1803; x_wconf 73' lang='lat' dir='ltr'><strong>inuisibili</strong></span> <span class='ocrx_word' id='word_1_674' title='bbox 2132 1775 2296 1804; x_wconf 61' lang='lat' dir='ltr'><strong>submissius</strong></span> 
     </span>
    </p>
   </div>
   <div class='ocr_carea' id='block_1_96' title="bbox 1636 1818 2296 1854">
    <p class='ocr_par' dir='ltr' id='par_1_96' title="bbox 1636 1818 2296 1854">
     <span class='ocr_line' id='line_1_108' title="bbox 1636 1818 2296 1854; baseline 0.002 -8"><span class='ocrx_word' id='word_1_675' title='bbox 1636 1820 1689 1852; x_wconf 62' lang='grc' dir='ltr'><strong>(ΕΞ</strong></span> <span class='ocrx_word' id='word_1_676' title='bbox 1703 1820 1805 1853; x_wconf 85' lang='lat' dir='ltr'><strong>dialog.</strong></span> <span class='ocrx_word' id='word_1_677' title='bbox 1843 1819 1934 1854; x_wconf 81' lang='lat' dir='ltr'><strong>Greg.)</strong></span> <span class='ocrx_word' id='word_1_678' title='bbox 1959 1819 2039 1846; x_wconf 89' lang='lat' dir='ltr'><strong>Sicut</strong></span> <span class='ocrx_word' id='word_1_679' title='bbox 2064 1819 2105 1846; x_wconf 85' lang='lat' dir='ltr'><strong>vis</strong></span> <span class='ocrx_word' id='word_1_680' title='bbox 2134 1818 2244 1847; x_wconf 58' lang='lat' dir='ltr'><strong>animo</strong></span> <span class='ocrx_word' id='word_1_681' title='bbox 2272 1828 2296 1847; x_wconf 74' lang='lat' dir='ltr'><strong>va</strong></span> 
     </span>
    </p>
   </div>
   <div class='ocr_carea' id='block_1_97' title="bbox 1601 1863 2296 1900">
    <p class='ocr_par' dir='ltr' id='par_1_97' title="bbox 1601 1863 2296 1900">
     <span class='ocr_line' id='line_1_109' title="bbox 1601 1863 2296 1900; baseline 0.001 -10"><span class='ocrx_word' id='word_1_682' title='bbox 1601 1866 1694 1890; x_wconf 90' lang='lat' dir='ltr'><strong>movet</strong></span> <span class='ocrx_word' id='word_1_683' title='bbox 1721 1871 1835 1898; x_wconf 87' lang='lat' dir='ltr'><strong>corpus,</strong></span> <span class='ocrx_word' id='word_1_684' title='bbox 1867 1863 1906 1890; x_wconf 85' lang='lat' dir='ltr'><strong>sic</strong></span> <span class='ocrx_word' id='word_1_685' title='bbox 1932 1863 1972 1890; x_wconf 86' lang='lat' dir='ltr'><strong>vis</strong></span> <span class='ocrx_word' id='word_1_686' title='bbox 1996 1863 2094 1890; x_wconf 82' lang='lat' dir='ltr'><strong>divina</strong></span> <span class='ocrx_word' id='word_1_687' title='bbox 2121 1863 2228 1900; x_wconf 69' lang='lat' dir='ltr'><strong>implet</strong></span> <span class='ocrx_word' id='word_1_688' title='bbox 2256 1871 2296 1900; x_wconf 73' lang='lat' dir='ltr'><strong>qu</strong></span> 
     </span>
    </p>
   </div>
   <div class='ocr_carea' id='block_1_98' title="bbox 1601 1907 2296 1942">
    <p class='ocr_par' dir='ltr' id='par_1_98' title="bbox 1601 1907 2296 1942">
     <span class='ocr_line' id='line_1_110' title="bbox 1601 1907 2296 1942; baseline 0 -7"><span class='ocrx_word' id='word_1_689' title='bbox 1601 1908 1706 1935; x_wconf 88' lang='lat' dir='ltr'><strong>omnia.</strong></span> <span class='ocrx_word' id='word_1_690' title='bbox 1724 1908 1756 1935; x_wconf 87' lang='lat' dir='ltr'><strong>Et</strong></span> <span class='ocrx_word' id='word_1_691' title='bbox 1770 1907 1825 1934; x_wconf 87' lang='lat' dir='ltr'><strong>alia</strong></span> <span class='ocrx_word' id='word_1_692' title='bbox 1837 1907 2004 1942; x_wconf 89' lang='lat' dir='ltr'><strong>inspirando</strong></span> <span class='ocrx_word' id='word_1_693' title='bbox 2019 1907 2152 1941; x_wconf 76' lang='lat' dir='ltr'><strong>viviﬁcal,</strong></span> <span class='ocrx_word' id='word_1_694' title='bbox 2175 1907 2244 1935; x_wconf 72' lang='lat' dir='ltr'><strong>aliis</strong></span> <span class='ocrx_word' id='word_1_695' title='bbox 2266 1915 2296 1935; x_wconf 70' lang='lat'><strong>&#39;4</strong></span> 
     </span>
    </p>
   </div>
   <div class='ocr_carea' id='block_1_99' title="bbox 1602 1951 2296 1988">
    <p class='ocr_par' dir='ltr' id='par_1_99' title="bbox 1602 1951 2296 1988">
     <span class='ocr_line' id='line_1_111' title="bbox 1602 1951 2296 1988; baseline 0.001 -9"><span class='ocrx_word' id='word_1_696' title='bbox 1602 1955 1632 1979; x_wconf 92' lang='lat' dir='ltr'><strong>ut</strong></span> <span class='ocrx_word' id='word_1_697' title='bbox 1664 1952 1771 1983; x_wconf 86' lang='lat' dir='ltr'><strong>vivant,</strong></span> <span class='ocrx_word' id='word_1_698' title='bbox 1797 1951 1860 1978; x_wconf 88' lang='lat' dir='ltr'><strong>aliis</strong></span> <span class='ocrx_word' id='word_1_699' title='bbox 1890 1952 1943 1978; x_wconf 87' lang='lat' dir='ltr'><strong>hoc</strong></span> <span class='ocrx_word' id='word_1_700' title='bbox 1970 1951 2153 1979; x_wconf 87' lang='lat' dir='ltr'><strong>solummodo</strong></span> <span class='ocrx_word' id='word_1_701' title='bbox 2181 1953 2296 1988; x_wconf 67' lang='lat' dir='ltr'><strong>prest-</strong></span> 
     </span>
    </p>
   </div>
   <div class='ocr_carea' id='block_1_100' title="bbox 1601 1995 2274 2030">
    <p class='ocr_par' dir='ltr' id='par_1_100' title="bbox 1601 1995 2274 2030">
     <span class='ocr_line' id='line_1_112' title="bbox 1601 1995 2274 2030; baseline 0.003 -8"><span class='ocrx_word' id='word_1_702' title='bbox 1601 1996 1672 2028; x_wconf 83' lang='lat' dir='ltr'><strong>Quia</strong></span> <span class='ocrx_word' id='word_1_703' title='bbox 1688 2004 1785 2022; x_wconf 81' lang='lat' dir='ltr'><strong>verum</strong></span> <span class='ocrx_word' id='word_1_704' title='bbox 1802 2003 1862 2022; x_wconf 85' lang='lat' dir='ltr'><strong>esse</strong></span> <span class='ocrx_word' id='word_1_705' title='bbox 1880 2003 1936 2022; x_wconf 92' lang='lat' dir='ltr'><strong>non</strong></span> <span class='ocrx_word' id='word_1_706' title='bbox 1964 1995 2089 2030; x_wconf 83' lang='lat' dir='ltr'><strong>dubitas,</strong></span> <span class='ocrx_word' id='word_1_707' title='bbox 2111 1998 2274 2030; x_wconf 66' lang='lat' dir='ltr'><strong>emulsa,</strong></span> 
     </span>
    </p>
   </div>
   <div class='ocr_carea' id='block_1_101' title="bbox 1601 2039 2296 2075">
    <p class='ocr_par' dir='ltr' id='par_1_101' title="bbox 1601 2039 2296 2075">
     <span class='ocr_line' id='line_1_113' title="bbox 1601 2039 2296 2075; baseline 0.001 -8"><span class='ocrx_word' id='word_1_708' title='bbox 1601 2042 1669 2072; x_wconf 86' lang='lat' dir='ltr'><strong>tem,</strong></span> <span class='ocrx_word' id='word_1_709' title='bbox 1688 2040 1867 2075; x_wconf 75' lang='lat' dir='ltr'><strong>implentem,</strong></span> <span class='ocrx_word' id='word_1_710' title='bbox 1885 2042 1912 2066; x_wconf 83' lang='lat' dir='ltr'><strong>et</strong></span> <span class='ocrx_word' id='word_1_711' title='bbox 1928 2039 2221 2075; x_wconf 75' lang='lat' dir='ltr'><strong>circumplectentem,</strong></span> <span class='ocrx_word' id='word_1_712' title='bbox 2244 2042 2296 2068; x_wconf 72' lang='grc' dir='ltr'><strong>ιη</strong></span> 
     </span>
    </p>
   </div>
   <div class='ocr_carea' id='block_1_102' title="bbox 1601 2083 2296 2120">
    <p class='ocr_par' dir='ltr' id='par_1_102' title="bbox 1601 2083 2296 2120">
     <span class='ocr_line' id='line_1_114' title="bbox 1601 2083 2296 2120; baseline 0 -9"><span class='ocrx_word' id='word_1_713' title='bbox 1601 2086 1669 2115; x_wconf 81' lang='lat' dir='ltr'><strong>tem,</strong></span> <span class='ocrx_word' id='word_1_714' title='bbox 1685 2086 1712 2110; x_wconf 91' lang='lat' dir='ltr'><strong>et</strong></span> <span class='ocrx_word' id='word_1_715' title='bbox 1726 2083 1924 2113; x_wconf 78' lang='lat' dir='ltr'><strong>sustinentem.</strong></span> <span class='ocrx_word' id='word_1_716' title='bbox 1941 2083 2235 2119; x_wconf 81' lang='lat' dir='ltr'><strong>iucircumscriptum,</strong></span> <span class='ocrx_word' id='word_1_717' title='bbox 2249 2087 2296 2120; x_wconf 64' lang='lat' dir='ltr'><strong>atq</strong></span> 
     </span>
    </p>
   </div>
   <div class='ocr_carea' id='block_1_103' title="bbox 1602 2127 2296 2160">
    <p class='ocr_par' dir='ltr' id='par_1_103' title="bbox 1602 2127 2296 2160">
     <span class='ocr_line' id='line_1_115' title="bbox 1602 2127 2296 2160; baseline 0.003 -5"><span class='ocrx_word' id='word_1_718' title='bbox 1602 2128 1688 2155; x_wconf 80' lang='lat' dir='ltr'><strong>bilem</strong></span> <span class='ocrx_word' id='word_1_719' title='bbox 1707 2128 1810 2160; x_wconf 79' lang='lat' dir='ltr'><strong>Deum;</strong></span> <span class='ocrx_word' id='word_1_720' title='bbox 1827 2127 1864 2154; x_wconf 85' lang='lat' dir='ltr'><strong>ita</strong></span> <span class='ocrx_word' id='word_1_721' title='bbox 1884 2128 2014 2154; x_wconf 81' lang='lat' dir='ltr'><strong>dubitare</strong></span> <span class='ocrx_word' id='word_1_722' title='bbox 2029 2136 2087 2155; x_wconf 90' lang='lat' dir='ltr'><strong>non</strong></span> <span class='ocrx_word' id='word_1_723' title='bbox 2115 2127 2216 2160; x_wconf 67' lang='lat' dir='ltr'><strong>debet,</strong></span> <span class='ocrx_word' id='word_1_724' title='bbox 2245 2127 2296 2157; x_wconf 80' lang='lat' dir='ltr'><strong>Ill:</strong></span> 
     </span>
    </p>
   </div>
   <div class='ocr_carea' id='block_1_104' title="bbox 1602 2171 2283 2208">
    <p class='ocr_par' dir='ltr' id='par_1_104' title="bbox 1602 2171 2283 2208">
     <span class='ocr_line' id='line_1_116' title="bbox 1602 2171 2283 2208; baseline 0.001 -10"><span class='ocrx_word' id='word_1_725' title='bbox 1602 2172 1669 2199; x_wconf 90' lang='lat' dir='ltr'><strong>bilia</strong></span> <span class='ocrx_word' id='word_1_726' title='bbox 1683 2172 1819 2207; x_wconf 84' lang='lat' dir='ltr'><strong>obsequia</strong></span> <span class='ocrx_word' id='word_1_727' title='bbox 1835 2171 1950 2198; x_wconf 80' lang='lat' dir='ltr'><strong>habere.</strong></span> <span class='ocrx_word' id='word_1_728' title='bbox 1973 2171 2082 2199; x_wconf 85' lang='lat' dir='ltr'><strong>Debent</strong></span> <span class='ocrx_word' id='word_1_729' title='bbox 2103 2171 2215 2208; x_wconf 72' lang='lat' dir='ltr'><strong>quippe</strong></span> <span class='ocrx_word' id='word_1_730' title='bbox 2239 2179 2283 2203; x_wconf 67' lang='grc' dir='ltr'><strong>σε</strong></span> 
     </span>
    </p>
   </div>
   <div class='ocr_carea' id='block_1_105' title="bbox 1601 2215 2279 2251">
    <p class='ocr_par' dir='ltr' id='par_1_105' title="bbox 1601 2215 2279 2251">
     <span class='ocr_line' id='line_1_117' title="bbox 1601 2215 2279 2251; baseline 0.003 -8"><span class='ocrx_word' id='word_1_731' title='bbox 1601 2217 1724 2243; x_wconf 81' lang='lat' dir='ltr'><strong>nistrant</strong></span> <span class='ocrx_word' id='word_1_732' title='bbox 1752 2216 1785 2243; x_wconf 86' lang='lat' dir='ltr'><strong>ad</strong></span> <span class='ocrx_word' id='word_1_733' title='bbox 1813 2215 1873 2251; x_wconf 81' lang='lat' dir='ltr'><strong>ejus</strong></span> <span class='ocrx_word' id='word_1_734' title='bbox 1897 2215 2119 2244; x_wconf 83' lang='lat' dir='ltr'><strong>similitudinem</strong></span> <span class='ocrx_word' id='word_1_735' title='bbox 2149 2215 2279 2245; x_wconf 64' lang='lat' dir='ltr'><strong>unde!-</strong></span> 
     </span>
    </p>
   </div>
   <div class='ocr_carea' id='block_1_106' title="bbox 1601 2259 2273 2295">
    <p class='ocr_par' dir='ltr' id='par_1_106' title="bbox 1601 2259 2273 2295">
     <span class='ocr_line' id='line_1_118' title="bbox 1601 2259 2273 2295; baseline 0.003 -9"><span class='ocrx_word' id='word_1_736' title='bbox 1601 2263 1701 2293; x_wconf 77' lang='lat' dir='ltr'><strong>sti-aut,</strong></span> <span class='ocrx_word' id='word_1_737' title='bbox 1726 2262 1757 2287; x_wconf 89' lang='lat' dir='ltr'><strong>ut</strong></span> <span class='ocrx_word' id='word_1_738' title='bbox 1787 2268 1851 2295; x_wconf 66' lang='lat' dir='ltr'><strong>quae</strong></span> <span class='ocrx_word' id='word_1_739' title='bbox 1876 2259 2013 2287; x_wconf 86' lang='lat' dir='ltr'><strong>invisibili</strong></span> <span class='ocrx_word' id='word_1_740' title='bbox 2037 2259 2178 2294; x_wconf 85' lang='lat' dir='ltr'><strong>serviunt,</strong></span> <span class='ocrx_word' id='word_1_741' title='bbox 2204 2268 2273 2291; x_wconf 54' lang='lat' dir='ltr'><strong>ea:</strong></span> 
     </span>
    </p>
   </div>
   <div class='ocr_carea' id='block_1_107' title="bbox 1602 2304 2296 2340">
    <p class='ocr_par' dir='ltr' id='par_1_107' title="bbox 1602 2304 2296 2340">
     <span class='ocr_line' id='line_1_119' title="bbox 1602 2304 2296 2340; baseline 0.003 -10"><span class='ocrx_word' id='word_1_742' title='bbox 1602 2313 1659 2331; x_wconf 93' lang='lat' dir='ltr'><strong>non</strong></span> <span class='ocrx_word' id='word_1_743' title='bbox 1684 2304 1860 2331; x_wconf 82' lang='lat' dir='ltr'><strong>dubitentur.</strong></span> <span class='ocrx_word' id='word_1_744' title='bbox 1888 2305 1952 2331; x_wconf 66' lang='lat' dir='ltr'><strong>Hec</strong></span> <span class='ocrx_word' id='word_1_745' title='bbox 1989 2306 2087 2332; x_wconf 80' lang='lat' dir='ltr'><strong>autem</strong></span> <span class='ocrx_word' id='word_1_746' title='bbox 2113 2312 2180 2340; x_wconf 63' lang='lat' dir='ltr'><strong>qua</strong></span> <span class='ocrx_word' id='word_1_747' title='bbox 2201 2312 2271 2332; x_wconf 69' lang='lat' dir='ltr'><strong>ea.</strong></span> <span class='ocrx_word' id='word_1_748' title='bbox 2292 2325 2296 2332; x_wconf 92' lang='lat'><strong>.</strong></span> 
     </span>
    </p>
   </div>
   <div class='ocr_carea' id='block_1_108' title="bbox 1601 2348 2296 2384">
    <p class='ocr_par' dir='ltr' id='par_1_108' title="bbox 1601 2348 2296 2384">
     <span class='ocr_line' id='line_1_120' title="bbox 1601 2348 2296 2384; baseline 0.001 -9"><span class='ocrx_word' id='word_1_749' title='bbox 1601 2348 1656 2375; x_wconf 86' lang='lat' dir='ltr'><strong>nisi</strong></span> <span class='ocrx_word' id='word_1_750' title='bbox 1680 2351 1791 2374; x_wconf 85' lang='lat' dir='ltr'><strong>sanctos</strong></span> <span class='ocrx_word' id='word_1_751' title='bbox 1825 2348 1954 2383; x_wconf 82' lang='lat' dir='ltr'><strong>angelos.</strong></span> <span class='ocrx_word' id='word_1_752' title='bbox 1979 2351 2006 2375; x_wconf 86' lang='lat' dir='ltr'><strong>et</strong></span> <span class='ocrx_word' id='word_1_753' title='bbox 2033 2348 2151 2384; x_wconf 81' lang='lat' dir='ltr'><strong>spiritus</strong></span> <span class='ocrx_word' id='word_1_754' title='bbox 2171 2349 2296 2384; x_wconf 65' lang='lat' dir='ltr'><strong>im</strong></span> 
     </span>
    </p>
   </div>
   <div class='ocr_carea' id='block_1_109' title="bbox 1601 2392 2296 2428">
    <p class='ocr_par' dir='ltr' id='par_1_109' title="bbox 1601 2392 2296 2428">
     <span class='ocr_line' id='line_1_121' title="bbox 1601 2392 2296 2428; baseline 0.003 -9"><span class='ocrx_word' id='word_1_755' title='bbox 1601 2400 1670 2427; x_wconf 89' lang='lat' dir='ltr'><strong>ergo</strong></span> <span class='ocrx_word' id='word_1_756' title='bbox 1687 2395 1797 2418; x_wconf 88' lang='lat' dir='ltr'><strong>motum</strong></span> <span class='ocrx_word' id='word_1_757' title='bbox 1810 2392 1996 2419; x_wconf 80' lang='lat' dir='ltr'><strong>considerans</strong></span> <span class='ocrx_word' id='word_1_758' title='bbox 2011 2393 2150 2428; x_wconf 81' lang='lat' dir='ltr'><strong>corporis,</strong></span> <span class='ocrx_word' id='word_1_759' title='bbox 2174 2392 2267 2422; x_wconf 68' lang='lat' dir='ltr'><strong>vitl-</strong></span> <span class='ocrx_word' id='word_1_760' title='bbox 2283 2402 2296 2423; x_wconf 66' lang='grc' dir='ltr'><em>λ</em></span> 
     </span>
    </p>
   </div>
   <div class='ocr_carea' id='block_1_110' title="bbox 1601 2435 2296 2471">
    <p class='ocr_par' dir='ltr' id='par_1_110' title="bbox 1601 2435 2296 2471">
     <span class='ocr_line' id='line_1_122' title="bbox 1601 2435 2296 2471; baseline 0.004 -9"><span class='ocrx_word' id='word_1_761' title='bbox 1601 2444 1721 2471; x_wconf 84' lang='lat' dir='ltr'><strong>corpore</strong></span> <span class='ocrx_word' id='word_1_762' title='bbox 1736 2436 1877 2462; x_wconf 85' lang='lat' dir='ltr'><strong>manentis</strong></span> <span class='ocrx_word' id='word_1_763' title='bbox 1891 2435 2045 2470; x_wconf 82' lang='lat' dir='ltr'><strong>perpendis</strong></span> <span class='ocrx_word' id='word_1_764' title='bbox 2058 2435 2179 2464; x_wconf 80' lang='lat' dir='ltr'><strong>animo:</strong></span> <span class='ocrx_word' id='word_1_765' title='bbox 2194 2436 2296 2468; x_wconf 59' lang='lat' dir='ltr'><strong>item</strong></span> 
     </span>
    </p>
   </div>
   <div class='ocr_carea' id='block_1_111' title="bbox 1602 2479 2296 2516">
    <p class='ocr_par' dir='ltr' id='par_1_111' title="bbox 1602 2479 2296 2516">
     <span class='ocr_line' id='line_1_123' title="bbox 1602 2479 2296 2516; baseline 0.003 -10"><span class='ocrx_word' id='word_1_766' title='bbox 1602 2480 1731 2506; x_wconf 80' lang='lat' dir='ltr'><strong>exeuntis</strong></span> <span class='ocrx_word' id='word_1_767' title='bbox 1763 2488 1779 2506; x_wconf 73' lang='grc' dir='ltr'><strong>ει</strong></span> <span class='ocrx_word' id='word_1_768' title='bbox 1812 2487 1930 2514; x_wconf 82' lang='lat' dir='ltr'><strong>corpore</strong></span> <span class='ocrx_word' id='word_1_769' title='bbox 1955 2479 2135 2516; x_wconf 79' lang='lat' dir='ltr'><strong>perpendere</strong></span> <span class='ocrx_word' id='word_1_770' title='bbox 2160 2479 2255 2509; x_wconf 73' lang='lat' dir='ltr'><strong>debeo</strong></span> <span class='ocrx_word' id='word_1_771' title='bbox 2272 2484 2296 2511; x_wconf 69' lang='grc' dir='ltr'>ί</span> 
     </span>
    </p>
   </div>
   <div class='ocr_carea' id='block_1_112' title="bbox 1602 2523 2296 2560">
    <p class='ocr_par' dir='ltr' id='par_1_112' title="bbox 1602 2523 2296 2560">
     <span class='ocr_line' id='line_1_124' title="bbox 1602 2523 2296 2560; baseline -0.004 -9"><span class='ocrx_word' id='word_1_772' title='bbox 1602 2524 1670 2560; x_wconf 84' lang='lat' dir='ltr'><strong>quia</strong></span> <span class='ocrx_word' id='word_1_773' title='bbox 1696 2527 1790 2559; x_wconf 86' lang='lat' dir='ltr'><strong>potest</strong></span> <span class='ocrx_word' id='word_1_774' title='bbox 1813 2523 1994 2551; x_wconf 74' lang='lat' dir='ltr'><strong>invtsibiliter</strong></span> <span class='ocrx_word' id='word_1_775' title='bbox 2029 2524 2125 2552; x_wconf 80' lang='lat' dir='ltr'><strong>vivere</strong></span> <span class='ocrx_word' id='word_1_776' title='bbox 2161 2531 2296 2560; x_wconf 37' lang='lat' dir='ltr'><strong>quem...</strong></span> 
     </span>
    </p>
   </div>
   <div class='ocr_carea' id='block_1_113' title="bbox 1603 2567 2296 2602">
    <p class='ocr_par' dir='ltr' id='par_1_113' title="bbox 1603 2567 2296 2602">
     <span class='ocr_line' id='line_1_125' title="bbox 1603 2567 2296 2602; baseline 0.006 -8"><span class='ocrx_word' id='word_1_777' title='bbox 1603 2568 1741 2602; x_wconf 81' lang='lat' dir='ltr'><strong>obsequio</strong></span> <span class='ocrx_word' id='word_1_778' title='bbox 1764 2567 1914 2594; x_wconf 87' lang='lat' dir='ltr'><strong>invisibilis</strong></span> <span class='ocrx_word' id='word_1_779' title='bbox 1942 2575 2071 2596; x_wconf 79' lang='lat' dir='ltr'><strong>manere.</strong></span> <span class='ocrx_word' id='word_1_780' title='bbox 2102 2568 2226 2597; x_wconf 61' lang='lat' dir='ltr'><strong>Petrus:</strong></span> <span class='ocrx_word' id='word_1_781' title='bbox 2251 2568 2296 2599; x_wconf 62' lang='grc'><strong>81</strong></span> 
     </span>
    </p>
   </div>
   <div class='ocr_carea' id='block_1_114' title="bbox 1603 2612 2296 2649">
    <p class='ocr_par' dir='ltr' id='par_1_114' title="bbox 1603 2612 2296 2649">
     <span class='ocr_line' id='line_1_126' title="bbox 1603 2612 2296 2649; baseline 0.003 -10"><span class='ocrx_word' id='word_1_782' title='bbox 1603 2612 1707 2639; x_wconf 88' lang='lat' dir='ltr'><strong>dicitur</strong></span> <span class='ocrx_word' id='word_1_783' title='bbox 1723 2619 1729 2639; x_wconf 91' lang='lat'>:</span> <span class='ocrx_word' id='word_1_784' title='bbox 1746 2612 1794 2639; x_wconf 88' lang='lat' dir='ltr'><strong>sed</strong></span> <span class='ocrx_word' id='word_1_785' title='bbox 1811 2620 1891 2639; x_wconf 81' lang='lat' dir='ltr'><strong>mens</strong></span> <span class='ocrx_word' id='word_1_786' title='bbox 1914 2612 2021 2646; x_wconf 78' lang='lat' dir='ltr'><strong>refugit</strong></span> <span class='ocrx_word' id='word_1_787' title='bbox 2045 2612 2175 2646; x_wconf 66' lang='lat' dir='ltr'><strong>aedere,</strong></span> <span class='ocrx_word' id='word_1_788' title='bbox 2201 2613 2296 2649; x_wconf 54' lang='grc' dir='ltr'><strong>«μιᾷ</strong></span> 
     </span>
    </p>
   </div>
   <div class='ocr_carea' id='block_1_115' title="bbox 1603 2656 2099 2684">
    <p class='ocr_par' dir='ltr' id='par_1_115' title="bbox 1603 2656 2099 2684">
     <span class='ocr_line' id='line_1_127' title="bbox 1603 2656 2099 2684; baseline 0.004 -2"><span class='ocrx_word' id='word_1_789' title='bbox 1603 2656 1692 2683; x_wconf 83' lang='lat' dir='ltr'><strong>oculis</strong></span> <span class='ocrx_word' id='word_1_790' title='bbox 1710 2664 1766 2682; x_wconf 88' lang='lat' dir='ltr'><strong>non</strong></span> <span class='ocrx_word' id='word_1_791' title='bbox 1781 2656 1855 2682; x_wconf 86' lang='lat' dir='ltr'><strong>valet</strong></span> <span class='ocrx_word' id='word_1_792' title='bbox 1869 2656 1976 2684; x_wconf 80' lang='lat' dir='ltr'><strong>videre.</strong></span> <span class='ocrx_word' id='word_1_793' title='bbox 2094 2656 2099 2659; x_wconf 87' lang='grc'><strong><em>“</em></strong></span> 
     </span>
    </p>
   </div>
   <div class='ocr_carea' id='block_1_116' title="bbox 1603 2709 2296 2741">
    <p class='ocr_par' dir='ltr' id='par_1_116' title="bbox 1603 2709 2296 2741">
     <span class='ocr_line' id='line_1_128' title="bbox 1603 2709 2296 2741; baseline 0.006 -5"><span class='ocrx_word' id='word_1_794' title='bbox 1603 2709 1667 2736; x_wconf 77' lang='lat' dir='ltr'><strong>CAP.</strong></span> <span class='ocrx_word' id='word_1_795' title='bbox 1685 2709 1848 2736; x_wconf 76' lang='lat' dir='ltr'>LXXXV.-—-</span> <span class='ocrx_word' id='word_1_796' title='bbox 1863 2709 1940 2741; x_wconf 84' lang='lat' dir='ltr'><strong>Quod</strong></span> <span class='ocrx_word' id='word_1_797' title='bbox 1953 2709 2030 2736; x_wconf 79' lang='lat' dir='ltr'><strong>nulla</strong></span> <span class='ocrx_word' id='word_1_798' title='bbox 2176 2709 2296 2740; x_wconf 60' lang='lat' dir='ltr'><strong>W1</strong></span> 
     </span>
    </p>
   </div>
   <div class='ocr_carea' id='block_1_117' title="bbox 1810 2744 2283 2779">
    <p class='ocr_par' dir='ltr' id='par_1_117' title="bbox 1810 2744 2283 2779">
     <span class='ocr_line' id='line_1_129' title="bbox 1810 2744 2283 2779; baseline 0.013 -8"><span class='ocrx_word' id='word_1_799' title='bbox 1810 2746 1925 2779; x_wconf 78' lang='lat' dir='ltr'><strong>possunt</strong></span> <span class='ocrx_word' id='word_1_800' title='bbox 1939 2745 1995 2772; x_wconf 74' lang='lat' dir='ltr'><strong>nisi</strong></span> <span class='ocrx_word' id='word_1_801' title='bbox 2007 2752 2057 2779; x_wconf 78' lang='lat' dir='ltr'><strong>per</strong></span> <span class='ocrx_word' id='word_1_802' title='bbox 2070 2744 2241 2774; x_wconf 62' lang='lat' dir='ltr'><strong>tam</strong></span> <span class='ocrx_word' id='word_1_803' title='bbox 2122 2745 2129 2752; x_wconf 84' lang='lat'>&#39;</span> <span class='ocrx_word' id='word_1_804' title='bbox 2149 2746 2156 2752; x_wconf 84' lang='lat'>&#39;</span> <span class='ocrx_word' id='word_1_805' title='bbox 2202 2746 2210 2752; x_wconf 80' lang='grc'><em>”</em></span> <span class='ocrx_word' id='word_1_806' title='bbox 2278 2775 2283 2777; x_wconf 71' lang='lat'><strong>.</strong></span> 
     </span>
    </p>
   </div>
   <div class='ocr_carea' id='block_1_118' title="bbox 1638 2787 2293 2823">
    <p class='ocr_par' dir='ltr' id='par_1_118' title="bbox 1638 2787 2293 2823">
     <span class='ocr_line' id='line_1_130' title="bbox 1638 2787 2293 2823; baseline 0.008 -9"><span class='ocrx_word' id='word_1_807' title='bbox 1638 2788 1698 2821; x_wconf 71' lang='lat' dir='ltr'><strong>(E1-</strong></span> <span class='ocrx_word' id='word_1_808' title='bbox 1713 2787 1816 2822; x_wconf 77' lang='lat' dir='ltr'><strong>diulog.</strong></span> <span class='ocrx_word' id='word_1_809' title='bbox 1839 2787 1930 2823; x_wconf 81' lang='lat' dir='ltr'><strong>Greg.)</strong></span> <span class='ocrx_word' id='word_1_810' title='bbox 1947 2787 2018 2816; x_wconf 87' lang='lat' dir='ltr'><strong>Cum</strong></span> <span class='ocrx_word' id='word_1_811' title='bbox 2043 2788 2152 2816; x_wconf 64' lang='lat' dir='ltr'><strong>Paulus</strong></span> <span class='ocrx_word' id='word_1_812' title='bbox 2173 2788 2293 2821; x_wconf 56' lang='lat' dir='ltr'><strong>dicit;</strong></span> 
     </span>
    </p>
   </div>
   <div class='ocr_carea' id='block_1_119' title="bbox 1603 2832 2296 2872">
    <p class='ocr_par' dir='ltr' id='par_1_119' title="bbox 1603 2832 2296 2872">
     <span class='ocr_line' id='line_1_131' title="bbox 1603 2832 2296 2872; baseline 0.004 -13"><span class='ocrx_word' id='word_1_813' title='bbox 1603 2832 1673 2859; x_wconf 79' lang='lat' dir='ltr'><strong>ﬁdes</strong></span> <span class='ocrx_word' id='word_1_814' title='bbox 1696 2832 1903 2867; x_wconf 79' lang='lat' dir='ltr'><strong>sperandarum</strong></span> <span class='ocrx_word' id='word_1_815' title='bbox 1928 2832 2088 2860; x_wconf 69' lang='lat' dir='ltr'><strong>substantia</strong></span> <span class='ocrx_word' id='word_1_816' title='bbox 2113 2840 2221 2862; x_wconf 69' lang='lat' dir='ltr'><strong>roru-</strong></span> <span class='ocrx_word' id='word_1_817' title='bbox 2250 2842 2296 2872; x_wconf 59' lang='lat' dir='ltr'><strong>Il</strong></span> 
     </span>
    </p>
   </div>
  </div>
