  <div class='ocr_page' id='page_1' title='image "/cluster/home/n/w/nwhite01/storage/ocr_20150623/140-141/uc1.31175018559917/532.png"; bbox 0 0 4592 6456; ppageno 0'>
   <div class='ocr_carea' id='block_1_1' title="bbox 492 375 623 428">
    <p class='ocr_par' dir='ltr' id='par_1_1' title="bbox 492 375 623 428">
     <span class='ocr_line' id='line_1_1' title="bbox 492 375 623 428; baseline -0.008 0"><span class='ocrx_word' id='word_1_1' title='bbox 492 375 623 428; x_wconf 72' lang='grc'>1049</span> 
     </span>
    </p>
   </div>
   <div class='ocr_carea' id='block_1_2' title="bbox 1413 372 3030 432">
    <p class='ocr_par' dir='ltr' id='par_1_2' title="bbox 1413 372 3030 432">
     <span class='ocr_line' id='line_1_2' title="bbox 1413 372 3030 432; baseline 0 -4"><span class='ocrx_word' id='word_1_2' title='bbox 1413 372 1879 432; x_wconf 75' lang='lat' dir='ltr'><strong>DECRETORUM</strong></span> <span class='ocrx_word' id='word_1_3' title='bbox 1925 375 2106 430; x_wconf 81' lang='lat' dir='ltr'><strong>LIBRI</strong></span> <span class='ocrx_word' id='word_1_4' title='bbox 2147 375 2256 431; x_wconf 84' lang='lat' dir='ltr'><strong>XX.</strong></span> <span class='ocrx_word' id='word_1_5' title='bbox 2289 403 2356 415; x_wconf 94' lang='lat'>—</span> <span class='ocrx_word' id='word_1_6' title='bbox 2398 375 2603 429; x_wconf 84' lang='lat' dir='ltr'><strong>LIBER</strong></span> <span class='ocrx_word' id='word_1_7' title='bbox 2645 374 3030 430; x_wconf 79' lang='lat' dir='ltr'><strong>VIGESIMUS.</strong></span> 
     </span>
    </p>
   </div>
   <div class='ocr_carea' id='block_1_3' title="bbox 3832 380 3959 430">
    <p class='ocr_par' dir='ltr' id='par_1_3' title="bbox 3832 380 3959 430">
     <span class='ocr_line' id='line_1_3' title="bbox 3832 380 3959 430; baseline -0.016 0"><span class='ocrx_word' id='word_1_8' title='bbox 3832 380 3959 430; x_wconf 73' lang='grc'><strong>1030</strong></span> 
     </span>
    </p>
   </div>
   <div class='ocr_carea' id='block_1_4' title="bbox 480 495 3955 568">
    <p class='ocr_par' dir='ltr' id='par_1_4' title="bbox 480 495 3955 568">
     <span class='ocr_line' id='line_1_4' title="bbox 480 495 3955 568; baseline 0 -17"><span class='ocrx_word' id='word_1_9' title='bbox 480 513 592 551; x_wconf 90' lang='lat' dir='ltr'><strong>non</strong></span> <span class='ocrx_word' id='word_1_10' title='bbox 617 496 1022 567; x_wconf 89' lang='lat' dir='ltr'><strong>apparentium</strong></span> <span class='ocrx_word' id='word_1_11' title='bbox 1059 512 1071 550; x_wconf 91' lang='lat'><strong>:</strong></span> <span class='ocrx_word' id='word_1_12' title='bbox 1121 496 1228 550; x_wconf 91' lang='lat' dir='ltr'><strong>hoc</strong></span> <span class='ocrx_word' id='word_1_13' title='bbox 1258 495 1532 550; x_wconf 82' lang='lat' dir='ltr'><strong>veraciter</strong></span> <span class='ocrx_word' id='word_1_14' title='bbox 1575 496 1782 550; x_wconf 91' lang='lat' dir='ltr'><strong>dicitur</strong></span> <span class='ocrx_word' id='word_1_15' title='bbox 1806 496 1977 563; x_wconf 85' lang='lat' dir='ltr'><strong>credi,</strong></span> <span class='ocrx_word' id='word_1_16' title='bbox 2011 496 2162 566; x_wconf 91' lang='lat' dir='ltr'><strong>quod</strong></span> <span class='ocrx_word' id='word_1_17' title='bbox 2193 497 2238 550; x_wconf 77' lang='grc' dir='ltr'>Α</span> <span class='ocrx_word' id='word_1_18' title='bbox 2277 496 2531 550; x_wconf 79' lang='lat' dir='ltr'><strong>insinuat</strong></span> <span class='ocrx_word' id='word_1_19' title='bbox 2576 513 2680 549; x_wconf 84' lang='lat' dir='ltr'><strong>vox</strong></span> <span class='ocrx_word' id='word_1_20' title='bbox 2730 495 2938 563; x_wconf 93' lang='lat' dir='ltr'><strong>divitis,</strong></span> <span class='ocrx_word' id='word_1_21' title='bbox 2991 497 3090 568; x_wconf 91' lang='lat' dir='ltr'><strong>qui</strong></span> <span class='ocrx_word' id='word_1_22' title='bbox 3143 496 3426 551; x_wconf 80' lang='lat' dir='ltr'><strong>Abraham</strong></span> <span class='ocrx_word' id='word_1_23' title='bbox 3480 497 3817 568; x_wconf 80' lang='lat' dir='ltr'><strong>deprecatur</strong></span> <span class='ocrx_word' id='word_1_24' title='bbox 3861 498 3955 552; x_wconf 86' lang='lat' dir='ltr'><strong>di-</strong></span> 
     </span>
    </p>
   </div>
   <div class='ocr_carea' id='block_1_5' title="bbox 482 584 2161 655">
    <p class='ocr_par' dir='ltr' id='par_1_5' title="bbox 482 584 2161 655">
     <span class='ocr_line' id='line_1_5' title="bbox 482 584 2161 655; baseline -0.001 -17"><span class='ocrx_word' id='word_1_25' title='bbox 482 601 596 638; x_wconf 88' lang='lat' dir='ltr'><strong>non</strong></span> <span class='ocrx_word' id='word_1_26' title='bbox 645 586 794 638; x_wconf 88' lang='lat' dir='ltr'><strong>valet</strong></span> <span class='ocrx_word' id='word_1_27' title='bbox 840 585 1038 638; x_wconf 88' lang='lat' dir='ltr'><strong>videri.</strong></span> <span class='ocrx_word' id='word_1_28' title='bbox 1094 585 1230 638; x_wconf 84' lang='lat' dir='ltr'><strong>Nam</strong></span> <span class='ocrx_word' id='word_1_29' title='bbox 1276 585 1430 638; x_wconf 91' lang='lat' dir='ltr'><strong>credi</strong></span> <span class='ocrx_word' id='word_1_30' title='bbox 1472 584 1592 655; x_wconf 85' lang='lat' dir='ltr'><strong>jam</strong></span> <span class='ocrx_word' id='word_1_31' title='bbox 1638 602 1747 637; x_wconf 91' lang='lat' dir='ltr'><strong>non</strong></span> <span class='ocrx_word' id='word_1_32' title='bbox 1780 591 1966 655; x_wconf 86' lang='lat' dir='ltr'><strong>potest</strong></span> <span class='ocrx_word' id='word_1_33' title='bbox 2010 585 2161 654; x_wconf 89' lang='lat' dir='ltr'><strong>quod</strong></span> 
     </span>
    </p>
   </div>
   <div class='ocr_carea' id='block_1_6' title="bbox 478 672 2162 742">
    <p class='ocr_par' dir='ltr' id='par_1_6' title="bbox 478 672 2162 742">
     <span class='ocr_line' id='line_1_6' title="bbox 478 672 2162 742; baseline 0 -17"><span class='ocrx_word' id='word_1_34' title='bbox 478 672 655 726; x_wconf 87' lang='lat' dir='ltr'><strong>videri</strong></span> <span class='ocrx_word' id='word_1_35' title='bbox 707 677 920 742; x_wconf 77' lang='lat' dir='ltr'><strong>potest.</strong></span> <span class='ocrx_word' id='word_1_36' title='bbox 997 673 1062 726; x_wconf 92' lang='lat' dir='ltr'><strong>Ut</strong></span> <span class='ocrx_word' id='word_1_37' title='bbox 1119 679 1308 726; x_wconf 90' lang='lat' dir='ltr'><strong>tamen</strong></span> <span class='ocrx_word' id='word_1_38' title='bbox 1363 679 1416 725; x_wconf 92' lang='lat' dir='ltr'><strong>te</strong></span> <span class='ocrx_word' id='word_1_39' title='bbox 1479 672 1726 726; x_wconf 75' lang='lat' dir='ltr'><strong>breviter</strong></span> <span class='ocrx_word' id='word_1_40' title='bbox 1779 673 2045 725; x_wconf 80' lang='lat' dir='ltr'><strong>reducam</strong></span> <span class='ocrx_word' id='word_1_41' title='bbox 2093 672 2162 725; x_wconf 87' lang='lat' dir='ltr'><strong>ad</strong></span> 
     </span>
    </p>
   </div>
   <div class='ocr_carea' id='block_1_7' title="bbox 478 760 2159 830">
    <p class='ocr_par' dir='ltr' id='par_1_7' title="bbox 478 760 2159 830">
     <span class='ocr_line' id='line_1_7' title="bbox 478 760 2159 830; baseline -0.001 -17"><span class='ocrx_word' id='word_1_42' title='bbox 478 761 763 814; x_wconf 81' lang='lat' dir='ltr'><strong>teznulla</strong></span> <span class='ocrx_word' id='word_1_43' title='bbox 828 760 1074 812; x_wconf 90' lang='lat' dir='ltr'><strong>visibilia</strong></span> <span class='ocrx_word' id='word_1_44' title='bbox 1150 760 1260 812; x_wconf 90' lang='lat' dir='ltr'><strong>nisi</strong></span> <span class='ocrx_word' id='word_1_45' title='bbox 1328 777 1428 830; x_wconf 90' lang='lat' dir='ltr'><strong>per</strong></span> <span class='ocrx_word' id='word_1_46' title='bbox 1493 761 1803 814; x_wconf 76' lang='lat' dir='ltr'>invisibilia</span> <span class='ocrx_word' id='word_1_47' title='bbox 1877 761 2159 814; x_wconf 90' lang='lat' dir='ltr'><strong>videntur.</strong></span> 
     </span>
    </p>
   </div>
   <div class='ocr_carea' id='block_1_8' title="bbox 479 849 2162 918">
    <p class='ocr_par' dir='ltr' id='par_1_8' title="bbox 479 849 2162 918">
     <span class='ocr_line' id='line_1_8' title="bbox 479 849 2162 918; baseline -0.001 -16"><span class='ocrx_word' id='word_1_48' title='bbox 479 850 610 902; x_wconf 87' lang='lat' dir='ltr'><strong>Ecce</strong></span> <span class='ocrx_word' id='word_1_49' title='bbox 671 849 826 902; x_wconf 88' lang='lat' dir='ltr'><strong>enim</strong></span> <span class='ocrx_word' id='word_1_50' title='bbox 892 856 1096 902; x_wconf 84' lang='lat' dir='ltr'><strong>cuncta</strong></span> <span class='ocrx_word' id='word_1_51' title='bbox 1161 864 1439 917; x_wconf 88' lang='lat' dir='ltr'><strong>corporea</strong></span> <span class='ocrx_word' id='word_1_52' title='bbox 1503 851 1700 901; x_wconf 86' lang='lat' dir='ltr'><strong>oculus</strong></span> <span class='ocrx_word' id='word_1_53' title='bbox 1763 850 1846 902; x_wconf 91' lang='lat' dir='ltr'><strong>tui</strong></span> <span class='ocrx_word' id='word_1_54' title='bbox 1910 849 2162 918; x_wconf 88' lang='lat' dir='ltr'><strong>corporis</strong></span> 
     </span>
    </p>
   </div>
   <div class='ocr_carea' id='block_1_9' title="bbox 472 935 2164 1006">
    <p class='ocr_par' dir='ltr' id='par_1_9' title="bbox 472 935 2164 1006">
     <span class='ocr_line' id='line_1_9' title="bbox 472 935 2164 1006; baseline -0.001 -17"><span class='ocrx_word' id='word_1_55' title='bbox 472 936 688 1005; x_wconf 84' lang='lat' dir='ltr'><strong>aspicit,</strong></span> <span class='ocrx_word' id='word_1_56' title='bbox 724 951 826 988; x_wconf 90' lang='lat' dir='ltr'><strong>nec</strong></span> <span class='ocrx_word' id='word_1_57' title='bbox 855 942 1048 988; x_wconf 89' lang='lat' dir='ltr'><strong>tamen</strong></span> <span class='ocrx_word' id='word_1_58' title='bbox 1076 935 1196 1004; x_wconf 89' lang='lat' dir='ltr'><strong>ipse</strong></span> <span class='ocrx_word' id='word_1_59' title='bbox 1227 952 1540 1005; x_wconf 90' lang='lat' dir='ltr'><strong>corporeus</strong></span> <span class='ocrx_word' id='word_1_60' title='bbox 1569 937 1766 988; x_wconf 88' lang='lat' dir='ltr'><strong>oculus</strong></span> <span class='ocrx_word' id='word_1_61' title='bbox 1821 936 2036 1006; x_wconf 90' lang='lat' dir='ltr'><strong>aliquid</strong></span> <span class='ocrx_word' id='word_1_62' title='bbox 2089 937 2164 988; x_wconf 90' lang='lat' dir='ltr'><strong>vi-</strong></span> 
     </span>
    </p>
   </div>
   <div class='ocr_carea' id='block_1_10' title="bbox 472 1023 2159 1094">
    <p class='ocr_par' dir='ltr' id='par_1_10' title="bbox 472 1023 2159 1094">
     <span class='ocr_line' id='line_1_10' title="bbox 472 1023 2159 1094; baseline -0.001 -16"><span class='ocrx_word' id='word_1_63' title='bbox 472 1024 630 1078; x_wconf 80' lang='lat' dir='ltr'><strong>deret</strong></span> <span class='ocrx_word' id='word_1_64' title='bbox 674 1040 1033 1094; x_wconf 89' lang='lat' dir='ltr'><strong>corporenm,</strong></span> <span class='ocrx_word' id='word_1_65' title='bbox 1087 1023 1193 1076; x_wconf 88' lang='lat' dir='ltr'><strong>nisi</strong></span> <span class='ocrx_word' id='word_1_66' title='bbox 1244 1025 1396 1077; x_wconf 91' lang='lat' dir='ltr'><strong>hunc</strong></span> <span class='ocrx_word' id='word_1_67' title='bbox 1459 1042 1545 1077; x_wconf 90' lang='lat' dir='ltr'><strong>res</strong></span> <span class='ocrx_word' id='word_1_68' title='bbox 1597 1025 1928 1094; x_wconf 88' lang='lat' dir='ltr'><strong>incorporea</strong></span> <span class='ocrx_word' id='word_1_69' title='bbox 1961 1027 2030 1078; x_wconf 89' lang='lat' dir='ltr'><strong>ad</strong></span> <span class='ocrx_word' id='word_1_70' title='bbox 2085 1024 2159 1076; x_wconf 90' lang='lat' dir='ltr'><strong>vi-</strong></span> 
     </span>
    </p>
   </div>
   <div class='ocr_carea' id='block_1_11' title="bbox 473 1111 2154 1181">
    <p class='ocr_par' dir='ltr' id='par_1_11' title="bbox 473 1111 2154 1181">
     <span class='ocr_line' id='line_1_11' title="bbox 473 1111 2154 1181; baseline -0.001 -16"><span class='ocrx_word' id='word_1_71' title='bbox 473 1111 725 1165; x_wconf 89' lang='lat' dir='ltr'><strong>dendum</strong></span> <span class='ocrx_word' id='word_1_72' title='bbox 743 1119 990 1166; x_wconf 89' lang='lat' dir='ltr'><strong>acueret.</strong></span> <span class='ocrx_word' id='word_1_73' title='bbox 1020 1113 1158 1165; x_wconf 79' lang='lat' dir='ltr'><strong>Nam</strong></span> <span class='ocrx_word' id='word_1_74' title='bbox 1181 1113 1316 1165; x_wconf 88' lang='lat' dir='ltr'><strong>tolle</strong></span> <span class='ocrx_word' id='word_1_75' title='bbox 1341 1121 1589 1165; x_wconf 78' lang='lat' dir='ltr'><strong>mentem</strong></span> <span class='ocrx_word' id='word_1_76' title='bbox 1618 1130 1744 1181; x_wconf 67' lang='lat' dir='ltr'><strong>quae</strong></span> <span class='ocrx_word' id='word_1_77' title='bbox 1771 1129 1886 1165; x_wconf 92' lang='lat' dir='ltr'><strong>non</strong></span> <span class='ocrx_word' id='word_1_78' title='bbox 1912 1113 2154 1179; x_wconf 82' lang='lat' dir='ltr'><strong>videtur,</strong></span> 
     </span>
    </p>
   </div>
   <div class='ocr_carea' id='block_1_12' title="bbox 474 1202 2158 1272">
    <p class='ocr_par' dir='ltr' id='par_1_12' title="bbox 474 1202 2158 1272">
     <span class='ocr_line' id='line_1_12' title="bbox 474 1202 2158 1272; baseline -0.001 -18"><span class='ocrx_word' id='word_1_79' title='bbox 474 1207 531 1254; x_wconf 89' lang='lat' dir='ltr'><strong>et</strong></span> <span class='ocrx_word' id='word_1_80' title='bbox 591 1202 871 1254; x_wconf 87' lang='lat' dir='ltr'><strong>incassum</strong></span> <span class='ocrx_word' id='word_1_81' title='bbox 936 1207 1091 1271; x_wconf 70' lang='lat' dir='ltr'><strong>putet</strong></span> <span class='ocrx_word' id='word_1_82' title='bbox 1153 1203 1348 1254; x_wconf 89' lang='lat' dir='ltr'><strong>oculus</strong></span> <span class='ocrx_word' id='word_1_83' title='bbox 1408 1202 1506 1272; x_wconf 88' lang='lat' dir='ltr'><strong>qui</strong></span> <span class='ocrx_word' id='word_1_84' title='bbox 1569 1203 1812 1255; x_wconf 78' lang='lat' dir='ltr'><strong>videbat.</strong></span> <span class='ocrx_word' id='word_1_85' title='bbox 1880 1202 2158 1255; x_wconf 89' lang='lat' dir='ltr'><strong>Subtrahe</strong></span> 
     </span>
    </p>
   </div>
   <div class='ocr_carea' id='block_1_13' title="bbox 475 1288 2159 1358">
    <p class='ocr_par' dir='ltr' id='par_1_13' title="bbox 475 1288 2159 1358">
     <span class='ocr_line' id='line_1_13' title="bbox 475 1288 2159 1358; baseline 0.001 -16"><span class='ocrx_word' id='word_1_86' title='bbox 475 1288 723 1342; x_wconf 87' lang='lat' dir='ltr'><strong>animam</strong></span> <span class='ocrx_word' id='word_1_87' title='bbox 773 1290 1019 1355; x_wconf 89' lang='lat' dir='ltr'><strong>corpori,</strong></span> <span class='ocrx_word' id='word_1_88' title='bbox 1081 1295 1379 1342; x_wconf 84' lang='lat' dir='ltr'><strong>remanent</strong></span> <span class='ocrx_word' id='word_1_89' title='bbox 1423 1291 1619 1358; x_wconf 84' lang='lat' dir='ltr'><strong>procul</strong></span> <span class='ocrx_word' id='word_1_90' title='bbox 1677 1290 1852 1343; x_wconf 91' lang='lat' dir='ltr'><strong>dubio</strong></span> <span class='ocrx_word' id='word_1_91' title='bbox 1906 1290 2054 1342; x_wconf 90' lang='lat' dir='ltr'><strong>oculi</strong></span> <span class='ocrx_word' id='word_1_92' title='bbox 2100 1290 2159 1343; x_wconf 91' lang='lat' dir='ltr'><strong>in</strong></span> 
     </span>
    </p>
   </div>
   <div class='ocr_carea' id='block_1_14' title="bbox 473 1378 2159 1448">
    <p class='ocr_par' dir='ltr' id='par_1_14' title="bbox 473 1378 2159 1448">
     <span class='ocr_line' id='line_1_14' title="bbox 473 1378 2159 1448; baseline 0.001 -18"><span class='ocrx_word' id='word_1_93' title='bbox 473 1393 711 1447; x_wconf 92' lang='lat' dir='ltr'><strong>corpore</strong></span> <span class='ocrx_word' id='word_1_94' title='bbox 742 1378 944 1448; x_wconf 85' lang='lat' dir='ltr'><strong>aperti.</strong></span> <span class='ocrx_word' id='word_1_95' title='bbox 970 1378 1036 1432; x_wconf 87' lang='lat' dir='ltr'><strong>Si.</strong></span> <span class='ocrx_word' id='word_1_96' title='bbox 1060 1378 1234 1446; x_wconf 80' lang='lat' dir='ltr'><strong>igitur</strong></span> <span class='ocrx_word' id='word_1_97' title='bbox 1275 1394 1374 1447; x_wconf 78' lang='lat' dir='ltr'><strong>per</strong></span> <span class='ocrx_word' id='word_1_98' title='bbox 1414 1395 1472 1430; x_wconf 89' lang='lat' dir='ltr'><strong>se</strong></span> <span class='ocrx_word' id='word_1_99' title='bbox 1505 1379 1788 1443; x_wconf 83' lang='lat' dir='ltr'><strong>videbant,</strong></span> <span class='ocrx_word' id='word_1_100' title='bbox 1822 1395 1924 1431; x_wconf 89' lang='lat' dir='ltr'><strong>cur</strong></span> <span class='ocrx_word' id='word_1_101' title='bbox 1975 1378 2159 1431; x_wconf 80' lang='lat' dir='ltr'><strong>disce-</strong></span> 
     </span>
    </p>
   </div>
   <div class='ocr_carea' id='block_1_15' title="bbox 475 1464 2161 1534">
    <p class='ocr_par' dir='ltr' id='par_1_15' title="bbox 475 1464 2161 1534">
     <span class='ocr_line' id='line_1_15' title="bbox 475 1464 2161 1534; baseline -0.001 -16"><span class='ocrx_word' id='word_1_102' title='bbox 475 1466 643 1518; x_wconf 88' lang='lat' dir='ltr'><strong>dente</strong></span> <span class='ocrx_word' id='word_1_103' title='bbox 675 1465 868 1518; x_wconf 86' lang='lat' dir='ltr'><strong>anima</strong></span> <span class='ocrx_word' id='word_1_104' title='bbox 899 1465 975 1517; x_wconf 91' lang='lat' dir='ltr'><strong>nil</strong></span> <span class='ocrx_word' id='word_1_105' title='bbox 1009 1464 1238 1518; x_wconf 84' lang='lat' dir='ltr'><strong>vident?</strong></span> <span class='ocrx_word' id='word_1_106' title='bbox 1295 1465 1434 1518; x_wconf 87' lang='lat' dir='ltr'><strong>Hinc</strong></span> <span class='ocrx_word' id='word_1_107' title='bbox 1488 1481 1624 1534; x_wconf 86' lang='lat' dir='ltr'><strong>ergo</strong></span> <span class='ocrx_word' id='word_1_108' title='bbox 1681 1466 1936 1534; x_wconf 89' lang='lat' dir='ltr'><strong>intellige</strong></span> <span class='ocrx_word' id='word_1_109' title='bbox 1971 1482 1982 1518; x_wconf 92' lang='lat'><strong>:</strong></span> <span class='ocrx_word' id='word_1_110' title='bbox 2025 1465 2161 1534; x_wconf 84' lang='lat' dir='ltr'><strong>quia</strong></span> 
     </span>
    </p>
   </div>
   <div class='ocr_carea' id='block_1_16' title="bbox 472 1553 2157 1623">
    <p class='ocr_par' dir='ltr' id='par_1_16' title="bbox 472 1553 2157 1623">
     <span class='ocr_line' id='line_1_16' title="bbox 472 1553 2157 1623; baseline -0.001 -17"><span class='ocrx_word' id='word_1_111' title='bbox 472 1553 598 1623; x_wconf 83' lang='lat' dir='ltr'><strong>ipsa</strong></span> <span class='ocrx_word' id='word_1_112' title='bbox 626 1569 856 1623; x_wconf 89' lang='lat' dir='ltr'><strong>quoque</strong></span> <span class='ocrx_word' id='word_1_113' title='bbox 889 1553 1152 1616; x_wconf 88' lang='lat' dir='ltr'><strong>visibilia,</strong></span> <span class='ocrx_word' id='word_1_114' title='bbox 1187 1571 1296 1606; x_wconf 88' lang='lat' dir='ltr'><strong>non</strong></span> <span class='ocrx_word' id='word_1_115' title='bbox 1342 1553 1450 1606; x_wconf 82' lang='lat' dir='ltr'><strong>nisi</strong></span> <span class='ocrx_word' id='word_1_116' title='bbox 1483 1570 1583 1622; x_wconf 90' lang='lat' dir='ltr'><strong>per</strong></span> <span class='ocrx_word' id='word_1_117' title='bbox 1625 1553 1932 1607; x_wconf 80' lang='lat' dir='ltr'>invisibilia</span> <span class='ocrx_word' id='word_1_118' title='bbox 1965 1554 2157 1607; x_wconf 84' lang='lat' dir='ltr'><strong>viden-</strong></span> 
     </span>
    </p>
   </div>
   <div class='ocr_carea' id='block_1_17' title="bbox 473 1641 2160 1711">
    <p class='ocr_par' dir='ltr' id='par_1_17' title="bbox 473 1641 2160 1711">
     <span class='ocr_line' id='line_1_17' title="bbox 473 1641 2160 1711; baseline 0 -17"><span class='ocrx_word' id='word_1_119' title='bbox 473 1648 587 1694; x_wconf 88' lang='lat' dir='ltr'><strong>tur.</strong></span> <span class='ocrx_word' id='word_1_120' title='bbox 624 1643 910 1694; x_wconf 90' lang='lat' dir='ltr'><strong>Ponamns</strong></span> <span class='ocrx_word' id='word_1_121' title='bbox 947 1657 1178 1711; x_wconf 90' lang='lat' dir='ltr'><strong>quoque</strong></span> <span class='ocrx_word' id='word_1_122' title='bbox 1234 1648 1362 1695; x_wconf 90' lang='lat' dir='ltr'><strong>ante</strong></span> <span class='ocrx_word' id='word_1_123' title='bbox 1410 1644 1600 1695; x_wconf 88' lang='lat' dir='ltr'><strong>oculos</strong></span> <span class='ocrx_word' id='word_1_124' title='bbox 1657 1642 1881 1708; x_wconf 90' lang='lat' dir='ltr'><strong>mentis,</strong></span> <span class='ocrx_word' id='word_1_125' title='bbox 1924 1641 2160 1694; x_wconf 92' lang='lat' dir='ltr'><strong>domum</strong></span> 
     </span>
    </p>
   </div>
   <div class='ocr_carea' id='block_1_18' title="bbox 473 1729 2234 1819">
    <p class='ocr_par' dir='ltr' id='par_1_18' title="bbox 473 1729 2234 1819">
     <span class='ocr_line' id='line_1_18' title="bbox 473 1729 2234 1819; baseline -0.001 -37"><span class='ocrx_word' id='word_1_126' title='bbox 473 1729 778 1795; x_wconf 72' lang='lat' dir='ltr'><strong>aediﬁcare,</strong></span> <span class='ocrx_word' id='word_1_127' title='bbox 811 1729 1119 1782; x_wconf 88' lang='lat' dir='ltr'><strong>immensas</strong></span> <span class='ocrx_word' id='word_1_128' title='bbox 1176 1731 1352 1782; x_wconf 88' lang='lat' dir='ltr'><strong>moles</strong></span> <span class='ocrx_word' id='word_1_129' title='bbox 1394 1731 1598 1794; x_wconf 89' lang='lat' dir='ltr'><strong>levare,</strong></span> <span class='ocrx_word' id='word_1_130' title='bbox 1640 1730 1886 1799; x_wconf 83' lang='lat' dir='ltr'><strong>pendere</strong></span> <span class='ocrx_word' id='word_1_131' title='bbox 1930 1746 2162 1798; x_wconf 86' lang='lat' dir='ltr'><strong>magnas</strong></span> <span class='ocrx_word' id='word_1_132' title='bbox 2197 1766 2234 1819; x_wconf 77' lang='grc' dir='ltr'><strong>Β</strong></span> 
     </span>
    </p>
   </div>
   <div class='ocr_carea' id='block_1_19' title="bbox 471 1817 2162 1888">
    <p class='ocr_par' dir='ltr' id='par_1_19' title="bbox 471 1817 2162 1888">
     <span class='ocr_line' id='line_1_19' title="bbox 471 1817 2162 1888; baseline 0 -18"><span class='ocrx_word' id='word_1_133' title='bbox 471 1817 532 1870; x_wconf 90' lang='lat' dir='ltr'><strong>in</strong></span> <span class='ocrx_word' id='word_1_134' title='bbox 592 1817 871 1870; x_wconf 86' lang='lat' dir='ltr'><strong>machinis</strong></span> <span class='ocrx_word' id='word_1_135' title='bbox 927 1819 1265 1871; x_wconf 89' lang='lat' dir='ltr'><strong>columnas:</strong></span> <span class='ocrx_word' id='word_1_136' title='bbox 1303 1819 1448 1888; x_wconf 86' lang='lat' dir='ltr'><strong>quis,</strong></span> <span class='ocrx_word' id='word_1_137' title='bbox 1510 1834 1704 1888; x_wconf 66' lang='lat' dir='ltr'><strong>quaaso</strong></span> <span class='ocrx_word' id='word_1_138' title='bbox 1766 1824 1838 1882; x_wconf 90' lang='lat' dir='ltr'><strong>te,</strong></span> <span class='ocrx_word' id='word_1_139' title='bbox 1874 1819 1982 1871; x_wconf 88' lang='lat' dir='ltr'><strong>hoc</strong></span> <span class='ocrx_word' id='word_1_140' title='bbox 2019 1835 2162 1888; x_wconf 90' lang='lat' dir='ltr'><strong>opus</strong></span> 
     </span>
    </p>
   </div>
   <div class='ocr_carea' id='block_1_20' title="bbox 473 1906 2164 1976">
    <p class='ocr_par' dir='ltr' id='par_1_20' title="bbox 473 1906 2164 1976">
     <span class='ocr_line' id='line_1_20' title="bbox 473 1906 2164 1976; baseline 0 -18"><span class='ocrx_word' id='word_1_141' title='bbox 473 1908 794 1974; x_wconf 82' lang='lat' dir='ltr'><strong>operatur?</strong></span> <span class='ocrx_word' id='word_1_142' title='bbox 826 1906 1046 1974; x_wconf 85' lang='lat' dir='ltr'><strong>Corpus</strong></span> <span class='ocrx_word' id='word_1_143' title='bbox 1078 1906 1297 1958; x_wconf 86' lang='lat' dir='ltr'><strong>visibile</strong></span> <span class='ocrx_word' id='word_1_144' title='bbox 1327 1907 1475 1976; x_wconf 88' lang='lat' dir='ltr'><strong>quod</strong></span> <span class='ocrx_word' id='word_1_145' title='bbox 1513 1907 1636 1959; x_wconf 92' lang='lat' dir='ltr'><strong>illas</strong></span> <span class='ocrx_word' id='word_1_146' title='bbox 1676 1907 1853 1959; x_wconf 88' lang='lat' dir='ltr'><strong>moles</strong></span> <span class='ocrx_word' id='word_1_147' title='bbox 1901 1908 2164 1960; x_wconf 90' lang='lat' dir='ltr'><strong>manibus</strong></span> 
     </span>
    </p>
   </div>
   <div class='ocr_carea' id='block_1_21' title="bbox 470 1994 2164 2064">
    <p class='ocr_par' dir='ltr' id='par_1_21' title="bbox 470 1994 2164 2064">
     <span class='ocr_line' id='line_1_21' title="bbox 470 1994 2164 2064; baseline 0.001 -18"><span class='ocrx_word' id='word_1_148' title='bbox 470 1994 694 2048; x_wconf 89' lang='lat' dir='ltr'><strong>trahit:</strong></span> <span class='ocrx_word' id='word_1_149' title='bbox 731 2010 803 2046; x_wconf 88' lang='lat' dir='ltr'><strong>an</strong></span> <span class='ocrx_word' id='word_1_150' title='bbox 859 1994 1160 2047; x_wconf 90' lang='lat' dir='ltr'><strong>invisibilis</strong></span> <span class='ocrx_word' id='word_1_151' title='bbox 1211 1995 1400 2047; x_wconf 91' lang='lat' dir='ltr'><strong>anima</strong></span> <span class='ocrx_word' id='word_1_152' title='bbox 1450 2011 1576 2064; x_wconf 79' lang='lat' dir='ltr'><strong>quae</strong></span> <span class='ocrx_word' id='word_1_153' title='bbox 1623 1995 1865 2048; x_wconf 75' lang='lat' dir='ltr'><strong>viviﬁcat</strong></span> <span class='ocrx_word' id='word_1_154' title='bbox 1921 1994 2164 2064; x_wconf 85' lang='lat' dir='ltr'><strong>corpus?</strong></span> 
     </span>
    </p>
   </div>
   <div class='ocr_carea' id='block_1_22' title="bbox 470 2082 2163 2152">
    <p class='ocr_par' dir='ltr' id='par_1_22' title="bbox 470 2082 2163 2152">
     <span class='ocr_line' id='line_1_22' title="bbox 470 2082 2163 2152; baseline 0 -16"><span class='ocrx_word' id='word_1_155' title='bbox 470 2083 630 2136; x_wconf 87' lang='lat' dir='ltr'><strong>Tolle</strong></span> <span class='ocrx_word' id='word_1_156' title='bbox 669 2084 823 2135; x_wconf 91' lang='lat' dir='ltr'><strong>enim</strong></span> <span class='ocrx_word' id='word_1_157' title='bbox 875 2082 1029 2152; x_wconf 90' lang='lat' dir='ltr'><strong>quod</strong></span> <span class='ocrx_word' id='word_1_158' title='bbox 1083 2099 1195 2135; x_wconf 93' lang='lat' dir='ltr'><strong>non</strong></span> <span class='ocrx_word' id='word_1_159' title='bbox 1254 2083 1478 2136; x_wconf 90' lang='lat' dir='ltr'><strong>videtur</strong></span> <span class='ocrx_word' id='word_1_160' title='bbox 1523 2082 1580 2136; x_wconf 90' lang='lat' dir='ltr'><strong>in</strong></span> <span class='ocrx_word' id='word_1_161' title='bbox 1630 2099 1865 2151; x_wconf 90' lang='lat' dir='ltr'><strong>corpore</strong></span> <span class='ocrx_word' id='word_1_162' title='bbox 1900 2099 1912 2136; x_wconf 90' lang='lat'><strong>:</strong></span> <span class='ocrx_word' id='word_1_163' title='bbox 1947 2088 2004 2136; x_wconf 89' lang='lat' dir='ltr'><strong>et</strong></span> <span class='ocrx_word' id='word_1_164' title='bbox 2035 2100 2163 2136; x_wconf 86' lang='lat' dir='ltr'><strong>mox</strong></span> 
     </span>
    </p>
   </div>
   <div class='ocr_carea' id='block_1_23' title="bbox 469 2169 2166 2241">
    <p class='ocr_par' dir='ltr' id='par_1_23' title="bbox 469 2169 2166 2241">
     <span class='ocr_line' id='line_1_23' title="bbox 469 2169 2166 2241; baseline 0.001 -19"><span class='ocrx_word' id='word_1_165' title='bbox 469 2169 800 2225; x_wconf 87' lang='lat' dir='ltr'><strong>immobilia</strong></span> <span class='ocrx_word' id='word_1_166' title='bbox 827 2177 1124 2224; x_wconf 84' lang='lat' dir='ltr'><strong>remanent</strong></span> <span class='ocrx_word' id='word_1_167' title='bbox 1157 2177 1361 2224; x_wconf 89' lang='lat' dir='ltr'><strong>cuncta</strong></span> <span class='ocrx_word' id='word_1_168' title='bbox 1407 2187 1533 2241; x_wconf 72' lang='lat' dir='ltr'><strong>quas</strong></span> <span class='ocrx_word' id='word_1_169' title='bbox 1569 2172 1785 2224; x_wconf 85' lang='lat' dir='ltr'><strong>moveri</strong></span> <span class='ocrx_word' id='word_1_170' title='bbox 1826 2171 2166 2225; x_wconf 86' lang='lat' dir='ltr'><strong>videbantur</strong></span> 
     </span>
    </p>
   </div>
   <div class='ocr_carea' id='block_1_24' title="bbox 471 2257 2162 2329">
    <p class='ocr_par' dir='ltr' id='par_1_24' title="bbox 471 2257 2162 2329">
     <span class='ocr_line' id='line_1_24' title="bbox 471 2257 2162 2329; baseline 0.002 -21"><span class='ocrx_word' id='word_1_171' title='bbox 471 2257 724 2311; x_wconf 88' lang='lat' dir='ltr'><strong>visibilia</strong></span> <span class='ocrx_word' id='word_1_172' title='bbox 780 2275 1024 2328; x_wconf 87' lang='lat' dir='ltr'><strong>corpora</strong></span> <span class='ocrx_word' id='word_1_173' title='bbox 1069 2260 1452 2313; x_wconf 86' lang='lat' dir='ltr'><strong>metallorum.</strong></span> <span class='ocrx_word' id='word_1_174' title='bbox 1481 2259 1601 2323; x_wconf 91' lang='lat' dir='ltr'><strong>Qua</strong></span> <span class='ocrx_word' id='word_1_175' title='bbox 1628 2259 1684 2312; x_wconf 89' lang='lat' dir='ltr'><strong>in</strong></span> <span class='ocrx_word' id='word_1_176' title='bbox 1728 2275 1786 2312; x_wconf 93' lang='lat' dir='ltr'><strong>re</strong></span> <span class='ocrx_word' id='word_1_177' title='bbox 1815 2260 2162 2329; x_wconf 85' lang='lat' dir='ltr'><strong>pensandum</strong></span> 
     </span>
    </p>
   </div>
   <div class='ocr_carea' id='block_1_25' title="bbox 471 2346 2164 2416">
    <p class='ocr_par' dir='ltr' id='par_1_25' title="bbox 471 2346 2164 2416">
     <span class='ocr_line' id='line_1_25' title="bbox 471 2346 2164 2416; baseline 0.001 -18"><span class='ocrx_word' id='word_1_178' title='bbox 471 2352 582 2412; x_wconf 91' lang='lat' dir='ltr'><strong>est,</strong></span> <span class='ocrx_word' id='word_1_179' title='bbox 617 2346 754 2416; x_wconf 90' lang='lat' dir='ltr'><strong>quia</strong></span> <span class='ocrx_word' id='word_1_180' title='bbox 785 2347 841 2399; x_wconf 89' lang='lat' dir='ltr'><strong>in</strong></span> <span class='ocrx_word' id='word_1_181' title='bbox 872 2347 978 2399; x_wconf 92' lang='lat' dir='ltr'><strong>hoc</strong></span> <span class='ocrx_word' id='word_1_182' title='bbox 1028 2364 1256 2416; x_wconf 88' lang='lat' dir='ltr'><strong>quoque</strong></span> <span class='ocrx_word' id='word_1_183' title='bbox 1306 2347 1519 2400; x_wconf 90' lang='lat' dir='ltr'><strong>mundo</strong></span> <span class='ocrx_word' id='word_1_184' title='bbox 1572 2347 1803 2413; x_wconf 90' lang='lat' dir='ltr'><strong>visibili,</strong></span> <span class='ocrx_word' id='word_1_185' title='bbox 1857 2347 1998 2400; x_wconf 87' lang='lat' dir='ltr'><strong>nihil</strong></span> <span class='ocrx_word' id='word_1_186' title='bbox 2056 2347 2164 2400; x_wconf 75' lang='lat' dir='ltr'><strong>nisi</strong></span> 
     </span>
    </p>
   </div>
   <div class='ocr_carea' id='block_1_26' title="bbox 469 2434 2166 2504">
    <p class='ocr_par' dir='ltr' id='par_1_26' title="bbox 469 2434 2166 2504">
     <span class='ocr_line' id='line_1_26' title="bbox 469 2434 2166 2504; baseline 0.001 -18"><span class='ocrx_word' id='word_1_187' title='bbox 469 2450 578 2504; x_wconf 91' lang='lat' dir='ltr'><strong>per</strong></span> <span class='ocrx_word' id='word_1_188' title='bbox 610 2441 929 2488; x_wconf 86' lang='lat' dir='ltr'><strong>creaturam</strong></span> <span class='ocrx_word' id='word_1_189' title='bbox 961 2435 1302 2488; x_wconf 89' lang='lat' dir='ltr'><strong>invisibilem</strong></span> <span class='ocrx_word' id='word_1_190' title='bbox 1337 2434 1560 2504; x_wconf 90' lang='lat' dir='ltr'><strong>disponi</strong></span> <span class='ocrx_word' id='word_1_191' title='bbox 1588 2439 1792 2504; x_wconf 87' lang='lat' dir='ltr'><strong>potest.</strong></span> <span class='ocrx_word' id='word_1_192' title='bbox 1830 2436 1968 2488; x_wconf 85' lang='lat' dir='ltr'><strong>Nam</strong></span> <span class='ocrx_word' id='word_1_193' title='bbox 2024 2436 2166 2488; x_wconf 80' lang='lat' dir='ltr'><strong>sicut</strong></span> 
     </span>
    </p>
   </div>
   <div class='ocr_carea' id='block_1_27' title="bbox 471 2522 2164 2592">
    <p class='ocr_par' dir='ltr' id='par_1_27' title="bbox 471 2522 2164 2592">
     <span class='ocr_line' id='line_1_27' title="bbox 471 2522 2164 2592; baseline 0.001 -17"><span class='ocrx_word' id='word_1_194' title='bbox 471 2523 847 2592; x_wconf 89' lang='lat' dir='ltr'><strong>omnipotens</strong></span> <span class='ocrx_word' id='word_1_195' title='bbox 906 2524 1051 2576; x_wconf 87' lang='lat' dir='ltr'><strong>Deus</strong></span> <span class='ocrx_word' id='word_1_196' title='bbox 1099 2523 1400 2590; x_wconf 88' lang='lat' dir='ltr'><strong>aspirando</strong></span> <span class='ocrx_word' id='word_1_197' title='bbox 1443 2523 1529 2576; x_wconf 88' lang='lat' dir='ltr'><strong>vel</strong></span> <span class='ocrx_word' id='word_1_198' title='bbox 1588 2522 1878 2592; x_wconf 90' lang='lat' dir='ltr'><strong>implendo</strong></span> <span class='ocrx_word' id='word_1_199' title='bbox 1926 2540 1992 2574; x_wconf 90' lang='lat' dir='ltr'><strong>ea</strong></span> <span class='ocrx_word' id='word_1_200' title='bbox 2037 2540 2164 2592; x_wconf 64' lang='lat' dir='ltr'><strong>qua:</strong></span> 
     </span>
    </p>
   </div>
   <div class='ocr_carea' id='block_1_28' title="bbox 469 2611 2161 2671">
    <p class='ocr_par' dir='ltr' id='par_1_28' title="bbox 469 2611 2161 2671">
     <span class='ocr_line' id='line_1_28' title="bbox 469 2611 2161 2671; baseline 0.002 -9"><span class='ocrx_word' id='word_1_201' title='bbox 469 2611 700 2664; x_wconf 89' lang='lat' dir='ltr'><strong>ratione</strong></span> <span class='ocrx_word' id='word_1_202' title='bbox 727 2611 1056 2671; x_wconf 79' lang='lat' dir='ltr'><strong>subsistunt.</strong></span> <span class='ocrx_word' id='word_1_203' title='bbox 1095 2617 1158 2664; x_wconf 91' lang='lat' dir='ltr'><strong>ut</strong></span> <span class='ocrx_word' id='word_1_204' title='bbox 1207 2611 1526 2663; x_wconf 88' lang='lat' dir='ltr'><strong>viviticatet</strong></span> <span class='ocrx_word' id='word_1_205' title='bbox 1573 2617 1760 2664; x_wconf 90' lang='lat' dir='ltr'><strong>movet</strong></span> <span class='ocrx_word' id='word_1_206' title='bbox 1808 2611 2161 2666; x_wconf 87' lang='lat' dir='ltr'><strong>invisibilia:</strong></span> 
     </span>
    </p>
   </div>
   <div class='ocr_carea' id='block_1_29' title="bbox 466 2698 2164 2769">
    <p class='ocr_par' dir='ltr' id='par_1_29' title="bbox 466 2698 2164 2769">
     <span class='ocr_line' id='line_1_29' title="bbox 466 2698 2164 2769; baseline 0.001 -18"><span class='ocrx_word' id='word_1_207' title='bbox 466 2699 548 2751; x_wconf 88' lang='lat' dir='ltr'><strong>ita</strong></span> <span class='ocrx_word' id='word_1_208' title='bbox 581 2699 709 2768; x_wconf 89' lang='lat' dir='ltr'><strong>ipsa</strong></span> <span class='ocrx_word' id='word_1_209' title='bbox 740 2715 966 2768; x_wconf 87' lang='lat' dir='ltr'><strong>quoque</strong></span> <span class='ocrx_word' id='word_1_210' title='bbox 1000 2698 1328 2760; x_wconf 89' lang='lat' dir='ltr'><strong>invisibilia,</strong></span> <span class='ocrx_word' id='word_1_211' title='bbox 1390 2699 1684 2767; x_wconf 79' lang='lat' dir='ltr'><strong>implendo</strong></span> <span class='ocrx_word' id='word_1_212' title='bbox 1737 2704 1964 2752; x_wconf 84' lang='lat' dir='ltr'><strong>movent</strong></span> <span class='ocrx_word' id='word_1_213' title='bbox 1994 2708 2164 2769; x_wconf 83' lang='lat' dir='ltr'><strong>atque</strong></span> 
     </span>
    </p>
   </div>
   <div class='ocr_carea' id='block_1_30' title="bbox 469 2787 2161 2857">
    <p class='ocr_par' dir='ltr' id='par_1_30' title="bbox 469 2787 2161 2857">
     <span class='ocr_line' id='line_1_30' title="bbox 469 2787 2161 2857; baseline 0.001 -18"><span class='ocrx_word' id='word_1_214' title='bbox 469 2788 692 2840; x_wconf 88' lang='lat' dir='ltr'><strong>sensim</strong></span> <span class='ocrx_word' id='word_1_215' title='bbox 765 2788 1049 2840; x_wconf 84' lang='lat' dir='ltr'><strong>viviticant</strong></span> <span class='ocrx_word' id='word_1_216' title='bbox 1103 2787 1353 2840; x_wconf 56' lang='lat' dir='ltr'><strong>carnatia</strong></span> <span class='ocrx_word' id='word_1_217' title='bbox 1410 2803 1652 2856; x_wconf 90' lang='lat' dir='ltr'><strong>corpora</strong></span> <span class='ocrx_word' id='word_1_218' title='bbox 1706 2803 1833 2857; x_wconf 67' lang='lat' dir='ltr'><strong>quae</strong></span> <span class='ocrx_word' id='word_1_219' title='bbox 1883 2787 2161 2840; x_wconf 89' lang='lat' dir='ltr'><strong>videntur.</strong></span> 
     </span>
    </p>
   </div>
   <div class='ocr_carea' id='block_1_31' title="bbox 468 2875 2163 2944">
    <p class='ocr_par' dir='ltr' id='par_1_31' title="bbox 468 2875 2163 2944">
     <span class='ocr_line' id='line_1_31' title="bbox 468 2875 2163 2944; baseline -0.001 -15"><span class='ocrx_word' id='word_1_220' title='bbox 468 2877 721 2929; x_wconf 86' lang='lat' dir='ltr'><strong>Petrus:</strong></span> <span class='ocrx_word' id='word_1_221' title='bbox 760 2875 905 2939; x_wconf 85' lang='lat' dir='ltr'><strong>Istis,</strong></span> <span class='ocrx_word' id='word_1_222' title='bbox 938 2876 1140 2942; x_wconf 88' lang='lat' dir='ltr'><strong>fateor,</strong></span> <span class='ocrx_word' id='word_1_223' title='bbox 1191 2875 1625 2944; x_wconf 84' lang='lat' dir='ltr'><strong>allegationibus</strong></span> <span class='ocrx_word' id='word_1_224' title='bbox 1675 2875 1917 2928; x_wconf 87' lang='lat' dir='ltr'><strong>libenter</strong></span> <span class='ocrx_word' id='word_1_225' title='bbox 1965 2875 2163 2942; x_wconf 89' lang='lat' dir='ltr'><strong>victus,</strong></span> 
     </span>
    </p>
   </div>
   <div class='ocr_carea' id='block_1_32' title="bbox 464 2963 2167 3034">
    <p class='ocr_par' dir='ltr' id='par_1_32' title="bbox 464 2963 2167 3034">
     <span class='ocr_line' id='line_1_32' title="bbox 464 2963 2167 3034; baseline 0 -18"><span class='ocrx_word' id='word_1_226' title='bbox 464 2980 658 3034; x_wconf 89' lang='lat' dir='ltr'><strong>prope</strong></span> <span class='ocrx_word' id='word_1_227' title='bbox 687 2965 841 3016; x_wconf 89' lang='lat' dir='ltr'><strong>nulla</strong></span> <span class='ocrx_word' id='word_1_228' title='bbox 861 2965 980 3032; x_wconf 84' lang='lat' dir='ltr'><strong>jam</strong></span> <span class='ocrx_word' id='word_1_229' title='bbox 1014 2979 1134 3016; x_wconf 88' lang='lat' dir='ltr'><strong>esse</strong></span> <span class='ocrx_word' id='word_1_230' title='bbox 1169 2964 1286 3016; x_wconf 66' lang='lat' dir='ltr'><strong>haec</strong></span> <span class='ocrx_word' id='word_1_231' title='bbox 1326 2963 1570 3016; x_wconf 88' lang='lat' dir='ltr'><strong>visibilia</strong></span> <span class='ocrx_word' id='word_1_232' title='bbox 1615 2964 1926 3032; x_wconf 91' lang='lat' dir='ltr'><strong>compellor</strong></span> <span class='ocrx_word' id='word_1_233' title='bbox 1974 2964 2167 3016; x_wconf 85' lang='lat' dir='ltr'><strong>existi-</strong></span> 
     </span>
    </p>
   </div>
   <div class='ocr_carea' id='block_1_33' title="bbox 463 3042 2238 3122">
    <p class='ocr_par' dir='ltr' id='par_1_33' title="bbox 463 3042 2238 3122">
     <span class='ocr_line' id='line_1_33' title="bbox 463 3042 2238 3122; baseline 0 -17"><span class='ocrx_word' id='word_1_234' title='bbox 463 3068 659 3118; x_wconf 87' lang='lat' dir='ltr'><strong>mare,</strong></span> <span class='ocrx_word' id='word_1_235' title='bbox 691 3053 789 3122; x_wconf 87' lang='lat' dir='ltr'><strong>qui</strong></span> <span class='ocrx_word' id='word_1_236' title='bbox 811 3058 970 3121; x_wconf 84' lang='lat' dir='ltr'><strong>prius</strong></span> <span class='ocrx_word' id='word_1_237' title='bbox 998 3052 1056 3104; x_wconf 90' lang='lat' dir='ltr'><strong>in</strong></span> <span class='ocrx_word' id='word_1_238' title='bbox 1091 3067 1180 3104; x_wconf 92' lang='lat' dir='ltr'><strong>me</strong></span> <span class='ocrx_word' id='word_1_239' title='bbox 1209 3051 1624 3104; x_wconf 87' lang='lat' dir='ltr'><strong>inﬁrmantium</strong></span> <span class='ocrx_word' id='word_1_240' title='bbox 1676 3067 1946 3120; x_wconf 86' lang='lat' dir='ltr'><strong>personas</strong></span> <span class='ocrx_word' id='word_1_241' title='bbox 1996 3053 2168 3106; x_wconf 86' lang='lat' dir='ltr'><strong>susci-</strong></span> <span class='ocrx_word' id='word_1_242' title='bbox 2198 3042 2238 3098; x_wconf 85' lang='lat' dir='ltr'><strong>C</strong></span> 
     </span>
    </p>
   </div>
   <div class='ocr_carea' id='block_1_34' title="bbox 463 3139 2170 3210">
    <p class='ocr_par' dir='ltr' id='par_1_34' title="bbox 463 3139 2170 3210">
     <span class='ocr_line' id='line_1_34' title="bbox 463 3139 2170 3210; baseline 0.001 -17"><span class='ocrx_word' id='word_1_243' title='bbox 463 3141 664 3210; x_wconf 87' lang='lat' dir='ltr'><strong>piens,</strong></span> <span class='ocrx_word' id='word_1_244' title='bbox 726 3141 795 3193; x_wconf 89' lang='lat' dir='ltr'><strong>de</strong></span> <span class='ocrx_word' id='word_1_245' title='bbox 854 3139 1232 3193; x_wconf 73' lang='lat' dir='ltr'><strong>invisnbilibus</strong></span> <span class='ocrx_word' id='word_1_246' title='bbox 1283 3139 1632 3193; x_wconf 86' lang='lat' dir='ltr'><strong>dubitabam.</strong></span> <span class='ocrx_word' id='word_1_247' title='bbox 1693 3141 1886 3210; x_wconf 87' lang='lat' dir='ltr'><strong>Itaque</strong></span> <span class='ocrx_word' id='word_1_248' title='bbox 1945 3141 2170 3210; x_wconf 90' lang='lat' dir='ltr'><strong>placent</strong></span> 
     </span>
    </p>
   </div>
   <div class='ocr_carea' id='block_1_35' title="bbox 464 3227 2168 3297">
    <p class='ocr_par' dir='ltr' id='par_1_35' title="bbox 464 3227 2168 3297">
     <span class='ocr_line' id='line_1_35' title="bbox 464 3227 2168 3297; baseline 0.001 -15"><span class='ocrx_word' id='word_1_249' title='bbox 464 3235 684 3282; x_wconf 89' lang='lat' dir='ltr'><strong>cuncta</strong></span> <span class='ocrx_word' id='word_1_250' title='bbox 717 3244 847 3297; x_wconf 62' lang='lat' dir='ltr'><strong>quae</strong></span> <span class='ocrx_word' id='word_1_251' title='bbox 873 3227 1013 3280; x_wconf 91' lang='lat' dir='ltr'><strong>dicis</strong></span> <span class='ocrx_word' id='word_1_252' title='bbox 1051 3243 1064 3279; x_wconf 88' lang='lat'><strong>:</strong></span> <span class='ocrx_word' id='word_1_253' title='bbox 1097 3227 1194 3281; x_wconf 90' lang='lat' dir='ltr'><strong>sed</strong></span> <span class='ocrx_word' id='word_1_254' title='bbox 1229 3229 1418 3280; x_wconf 89' lang='lat' dir='ltr'><strong>tamen</strong></span> <span class='ocrx_word' id='word_1_255' title='bbox 1475 3227 1621 3281; x_wconf 86' lang='lat' dir='ltr'><strong>sicut</strong></span> <span class='ocrx_word' id='word_1_256' title='bbox 1652 3227 1820 3280; x_wconf 89' lang='lat' dir='ltr'><strong>vitam</strong></span> <span class='ocrx_word' id='word_1_257' title='bbox 1867 3229 2071 3282; x_wconf 67' lang='lat' dir='ltr'><strong>animae</strong></span> <span class='ocrx_word' id='word_1_258' title='bbox 2106 3229 2168 3283; x_wconf 89' lang='lat' dir='ltr'><strong>in</strong></span> 
     </span>
    </p>
   </div>
   <div class='ocr_carea' id='block_1_36' title="bbox 464 3315 2170 3386">
    <p class='ocr_par' dir='ltr' id='par_1_36' title="bbox 464 3315 2170 3386">
     <span class='ocr_line' id='line_1_36' title="bbox 464 3315 2170 3386; baseline 0.001 -16"><span class='ocrx_word' id='word_1_259' title='bbox 464 3333 719 3386; x_wconf 89' lang='lat' dir='ltr'><strong>corpore</strong></span> <span class='ocrx_word' id='word_1_260' title='bbox 768 3315 1049 3369; x_wconf 88' lang='lat' dir='ltr'><strong>manentis</strong></span> <span class='ocrx_word' id='word_1_261' title='bbox 1109 3331 1174 3368; x_wconf 81' lang='lat' dir='ltr'><strong>ex</strong></span> <span class='ocrx_word' id='word_1_262' title='bbox 1234 3320 1391 3368; x_wconf 91' lang='lat' dir='ltr'><strong>motu</strong></span> <span class='ocrx_word' id='word_1_263' title='bbox 1439 3316 1688 3385; x_wconf 89' lang='lat' dir='ltr'><strong>corporis</strong></span> <span class='ocrx_word' id='word_1_264' title='bbox 1741 3332 2034 3386; x_wconf 86' lang='lat' dir='ltr'><strong>agnosco:</strong></span> <span class='ocrx_word' id='word_1_265' title='bbox 2090 3317 2170 3371; x_wconf 85' lang='lat' dir='ltr'><strong>ita</strong></span> 
     </span>
    </p>
   </div>
   <div class='ocr_carea' id='block_1_37' title="bbox 463 3404 2169 3473">
    <p class='ocr_par' dir='ltr' id='par_1_37' title="bbox 463 3404 2169 3473">
     <span class='ocr_line' id='line_1_37' title="bbox 463 3404 2169 3473; baseline 0.001 -15"><span class='ocrx_word' id='word_1_266' title='bbox 463 3405 652 3458; x_wconf 86' lang='lat' dir='ltr'><strong>vitam</strong></span> <span class='ocrx_word' id='word_1_267' title='bbox 684 3405 888 3457; x_wconf 72' lang='lat' dir='ltr'><strong>animae</strong></span> <span class='ocrx_word' id='word_1_268' title='bbox 921 3409 1045 3473; x_wconf 88' lang='lat' dir='ltr'><strong>post</strong></span> <span class='ocrx_word' id='word_1_269' title='bbox 1073 3419 1298 3473; x_wconf 89' lang='lat' dir='ltr'><strong>corpus,</strong></span> <span class='ocrx_word' id='word_1_270' title='bbox 1348 3404 1558 3473; x_wconf 87' lang='lat' dir='ltr'><strong>apertis</strong></span> <span class='ocrx_word' id='word_1_271' title='bbox 1603 3404 1943 3473; x_wconf 80' lang='lat' dir='ltr'><strong>quibusdam</strong></span> <span class='ocrx_word' id='word_1_272' title='bbox 2001 3405 2169 3459; x_wconf 87' lang='lat' dir='ltr'><strong>rebus</strong></span> 
     </span>
    </p>
   </div>
   <div class='ocr_carea' id='block_1_38' title="bbox 465 3491 1472 3562">
    <p class='ocr_par' dir='ltr' id='par_1_38' title="bbox 465 3491 1472 3562">
     <span class='ocr_line' id='line_1_38' title="bbox 465 3491 1472 3562; baseline -0.004 -15"><span class='ocrx_word' id='word_1_273' title='bbox 465 3492 906 3554; x_wconf 87' lang='lat' dir='ltr'><strong>attestantibus,</strong></span> <span class='ocrx_word' id='word_1_274' title='bbox 939 3508 1250 3562; x_wconf 79' lang='lat' dir='ltr'><strong>agnoscere</strong></span> <span class='ocrx_word' id='word_1_275' title='bbox 1281 3491 1472 3560; x_wconf 92' lang='lat' dir='ltr'><strong>cupio.</strong></span> 
     </span>
    </p>
   </div>
   <div class='ocr_carea' id='block_1_39' title="bbox 463 3581 2168 3648">
    <p class='ocr_par' dir='ltr' id='par_1_39' title="bbox 463 3581 2168 3648">
     <span class='ocr_line' id='line_1_39' title="bbox 463 3581 2168 3648; baseline -0.002 -10"><span class='ocrx_word' id='word_1_276' title='bbox 463 3583 603 3638; x_wconf 80' lang='lat' dir='ltr'><strong>CAP.</strong></span> <span class='ocrx_word' id='word_1_277' title='bbox 646 3581 910 3636; x_wconf 79' lang='lat' dir='ltr'><strong>LXXXVI.</strong></span> <span class='ocrx_word' id='word_1_278' title='bbox 939 3609 1003 3620; x_wconf 89' lang='lat'><strong>-—-</strong></span> <span class='ocrx_word' id='word_1_279' title='bbox 1034 3581 1184 3645; x_wconf 85' lang='lat' dir='ltr'><strong>Quod</strong></span> <span class='ocrx_word' id='word_1_280' title='bbox 1222 3583 1566 3648; x_wconf 78' lang='lat' dir='ltr'><strong>incorporeus</strong></span> <span class='ocrx_word' id='word_1_281' title='bbox 1586 3582 1838 3648; x_wconf 76' lang='lat' dir='ltr'><strong>spiritus,</strong></span> <span class='ocrx_word' id='word_1_282' title='bbox 1868 3583 1928 3634; x_wconf 87' lang='lat' dir='ltr'><strong>in</strong></span> <span class='ocrx_word' id='word_1_283' title='bbox 1958 3582 2168 3648; x_wconf 79' lang='lat' dir='ltr'><strong>inferno</strong></span> 
     </span>
    </p>
   </div>
   <div class='ocr_carea' id='block_1_40' title="bbox 907 3671 1696 3738">
    <p class='ocr_par' dir='ltr' id='par_1_40' title="bbox 907 3671 1696 3738">
     <span class='ocr_line' id='line_1_40' title="bbox 907 3671 1696 3738; baseline -0.001 -15"><span class='ocrx_word' id='word_1_284' title='bbox 907 3686 942 3723; x_wconf 84' lang='grc' dir='ltr'>α</span> <span class='ocrx_word' id='word_1_285' title='bbox 979 3685 1226 3738; x_wconf 80' lang='lat' dir='ltr'><strong>corporeo</strong></span> <span class='ocrx_word' id='word_1_286' title='bbox 1248 3672 1369 3736; x_wconf 87' lang='lat' dir='ltr'><strong>igne</strong></span> <span class='ocrx_word' id='word_1_287' title='bbox 1390 3671 1696 3736; x_wconf 77' lang='lat' dir='ltr'><strong>afﬂigatur.</strong></span> 
     </span>
    </p>
   </div>
   <div class='ocr_carea' id='block_1_41' title="bbox 542 3757 2166 3829">
    <p class='ocr_par' dir='ltr' id='par_1_41' title="bbox 542 3757 2166 3829">
     <span class='ocr_line' id='line_1_41' title="bbox 542 3757 2166 3829; baseline -0.001 -16"><span class='ocrx_word' id='word_1_288' title='bbox 542 3759 664 3829; x_wconf 76' lang='lat' dir='ltr'><strong>(Ea:</strong></span> <span class='ocrx_word' id='word_1_289' title='bbox 689 3757 890 3824; x_wconf 85' lang='lat' dir='ltr'><strong>dialog.</strong></span> <span class='ocrx_word' id='word_1_290' title='bbox 924 3757 1218 3825; x_wconf 83' lang='lat' dir='ltr'><strong>Gregorii.)</strong></span> <span class='ocrx_word' id='word_1_291' title='bbox 1254 3757 1312 3811; x_wconf 90' lang='lat' dir='ltr'><strong>Si</strong></span> <span class='ocrx_word' id='word_1_292' title='bbox 1340 3757 1578 3811; x_wconf 86' lang='lat' dir='ltr'><strong>viventis</strong></span> <span class='ocrx_word' id='word_1_293' title='bbox 1626 3757 1872 3811; x_wconf 88' lang='lat' dir='ltr'><strong>hominis</strong></span> <span class='ocrx_word' id='word_1_294' title='bbox 1902 3758 2166 3828; x_wconf 87' lang='lat' dir='ltr'><strong>incorpo-</strong></span> 
     </span>
    </p>
   </div>
   <div class='ocr_carea' id='block_1_42' title="bbox 459 3845 2167 3915">
    <p class='ocr_par' dir='ltr' id='par_1_42' title="bbox 459 3845 2167 3915">
     <span class='ocr_line' id='line_1_42' title="bbox 459 3845 2167 3915; baseline -0.002 -13"><span class='ocrx_word' id='word_1_295' title='bbox 459 3863 610 3902; x_wconf 90' lang='lat' dir='ltr'><strong>reus</strong></span> <span class='ocrx_word' id='word_1_296' title='bbox 643 3845 878 3915; x_wconf 89' lang='lat' dir='ltr'><strong>spiritus</strong></span> <span class='ocrx_word' id='word_1_297' title='bbox 908 3851 1135 3898; x_wconf 90' lang='lat' dir='ltr'><strong>tenetur</strong></span> <span class='ocrx_word' id='word_1_298' title='bbox 1164 3845 1224 3898; x_wconf 90' lang='lat' dir='ltr'><strong>in</strong></span> <span class='ocrx_word' id='word_1_299' title='bbox 1255 3861 1511 3914; x_wconf 89' lang='lat' dir='ltr'><strong>corpore,</strong></span> <span class='ocrx_word' id='word_1_300' title='bbox 1545 3860 1646 3898; x_wconf 93' lang='lat' dir='ltr'><strong>cur</strong></span> <span class='ocrx_word' id='word_1_301' title='bbox 1675 3860 1790 3898; x_wconf 88' lang='lat' dir='ltr'><strong>non</strong></span> <span class='ocrx_word' id='word_1_302' title='bbox 1831 3853 1960 3914; x_wconf 86' lang='lat' dir='ltr'><strong>post</strong></span> <span class='ocrx_word' id='word_1_303' title='bbox 2016 3861 2167 3899; x_wconf 89' lang='lat' dir='ltr'><strong>mor-</strong></span> 
     </span>
    </p>
   </div>
   <div class='ocr_carea' id='block_1_43' title="bbox 460 3933 2170 4004">
    <p class='ocr_par' dir='ltr' id='par_1_43' title="bbox 460 3933 2170 4004">
     <span class='ocr_line' id='line_1_43' title="bbox 460 3933 2170 4004; baseline -0.001 -14"><span class='ocrx_word' id='word_1_304' title='bbox 460 3940 592 3990; x_wconf 84' lang='lat' dir='ltr'><strong>tem</strong></span> <span class='ocrx_word' id='word_1_305' title='bbox 639 3950 771 3988; x_wconf 91' lang='lat' dir='ltr'><strong>cum</strong></span> <span class='ocrx_word' id='word_1_306' title='bbox 815 3933 1182 4003; x_wconf 88' lang='lat' dir='ltr'><strong>incorporeus</strong></span> <span class='ocrx_word' id='word_1_307' title='bbox 1229 3935 1302 3987; x_wconf 87' lang='lat' dir='ltr'><strong>sit</strong></span> <span class='ocrx_word' id='word_1_308' title='bbox 1352 3933 1606 4003; x_wconf 87' lang='lat' dir='ltr'><strong>spiritus,</strong></span> <span class='ocrx_word' id='word_1_309' title='bbox 1669 3933 1840 3987; x_wconf 88' lang='lat' dir='ltr'><strong>etiam</strong></span> <span class='ocrx_word' id='word_1_310' title='bbox 1898 3950 2170 4004; x_wconf 88' lang='lat' dir='ltr'><strong>corporeo</strong></span> 
     </span>
    </p>
   </div>
   <div class='ocr_carea' id='block_1_44' title="bbox 459 4019 2170 4095">
    <p class='ocr_par' dir='ltr' id='par_1_44' title="bbox 459 4019 2170 4095">
     <span class='ocr_line' id='line_1_44' title="bbox 459 4019 2170 4095; baseline -0.001 -17"><span class='ocrx_word' id='word_1_311' title='bbox 459 4025 615 4095; x_wconf 82' lang='lat' dir='ltr'><strong>igne</strong></span> <span class='ocrx_word' id='word_1_312' title='bbox 651 4022 954 4075; x_wconf 86' lang='lat' dir='ltr'><strong>teneatur?</strong></span> <span class='ocrx_word' id='word_1_313' title='bbox 996 4023 1192 4074; x_wconf 87' lang='lat' dir='ltr'><strong>Petrus</strong></span> <span class='ocrx_word' id='word_1_314' title='bbox 1236 4037 1248 4074; x_wconf 89' lang='lat'><strong>:</strong></span> <span class='ocrx_word' id='word_1_315' title='bbox 1285 4022 1346 4074; x_wconf 92' lang='lat' dir='ltr'><strong>In</strong></span> <span class='ocrx_word' id='word_1_316' title='bbox 1401 4019 1616 4074; x_wconf 89' lang='lat' dir='ltr'><strong>vivente</strong></span> <span class='ocrx_word' id='word_1_317' title='bbox 1661 4022 1918 4091; x_wconf 89' lang='lat' dir='ltr'><strong>quolibet</strong></span> <span class='ocrx_word' id='word_1_318' title='bbox 1960 4023 2170 4078; x_wconf 90' lang='lat' dir='ltr'><strong>idcirco</strong></span> 
     </span>
    </p>
   </div>
   <div class='ocr_carea' id='block_1_45' title="bbox 463 4107 2170 4180">
    <p class='ocr_par' dir='ltr' id='par_1_45' title="bbox 463 4107 2170 4180">
     <span class='ocr_line' id='line_1_45' title="bbox 463 4107 2170 4180; baseline -0.001 -15"><span class='ocrx_word' id='word_1_319' title='bbox 463 4113 856 4180; x_wconf 87' lang='lat' dir='ltr'><strong>incorporeus</strong></span> <span class='ocrx_word' id='word_1_320' title='bbox 885 4109 1119 4179; x_wconf 88' lang='lat' dir='ltr'><strong>spiritus</strong></span> <span class='ocrx_word' id='word_1_321' title='bbox 1146 4113 1374 4162; x_wconf 90' lang='lat' dir='ltr'><strong>tenetur</strong></span> <span class='ocrx_word' id='word_1_322' title='bbox 1403 4107 1462 4162; x_wconf 89' lang='lat' dir='ltr'><strong>in</strong></span> <span class='ocrx_word' id='word_1_323' title='bbox 1495 4125 1751 4179; x_wconf 91' lang='lat' dir='ltr'><strong>corpore,</strong></span> <span class='ocrx_word' id='word_1_324' title='bbox 1801 4109 1936 4180; x_wconf 89' lang='lat' dir='ltr'><strong>quia</strong></span> <span class='ocrx_word' id='word_1_325' title='bbox 1985 4111 2170 4164; x_wconf 84' lang='lat' dir='ltr'><strong>viviﬁ-</strong></span> 
     </span>
    </p>
   </div>
   <div class='ocr_carea' id='block_1_46' title="bbox 460 4207 825 4268">
    <p class='ocr_par' dir='ltr' id='par_1_46' title="bbox 460 4207 825 4268">
     <span class='ocr_line' id='line_1_46' title="bbox 460 4207 825 4268; baseline -0.008 -14"><span class='ocrx_word' id='word_1_326' title='bbox 460 4207 564 4254; x_wconf 84' lang='lat' dir='ltr'><strong>cat</strong></span> <span class='ocrx_word' id='word_1_327' title='bbox 591 4215 825 4268; x_wconf 88' lang='lat' dir='ltr'><strong>corpus.</strong></span> 
     </span>
    </p>
   </div>
   <div class='ocr_carea' id='block_1_47' title="bbox 2273 586 3953 657">
    <p class='ocr_par' dir='ltr' id='par_1_47' title="bbox 2273 586 3953 657">
     <span class='ocr_line' id='line_1_47' title="bbox 2273 586 3953 657; baseline -0.001 -18"><span class='ocrx_word' id='word_1_328' title='bbox 2273 603 2404 639; x_wconf 85' lang='lat' dir='ltr'><strong>cens</strong></span> <span class='ocrx_word' id='word_1_329' title='bbox 2435 602 2449 639; x_wconf 90' lang='lat'><strong>:</strong></span> <span class='ocrx_word' id='word_1_330' title='bbox 2485 586 2637 639; x_wconf 80' lang='lat' dir='ltr'><strong>Mitte</strong></span> <span class='ocrx_word' id='word_1_331' title='bbox 2671 586 2961 650; x_wconf 87' lang='lat' dir='ltr'><strong>Lazarum,</strong></span> <span class='ocrx_word' id='word_1_332' title='bbox 3015 591 3076 639; x_wconf 86' lang='lat' dir='ltr'><strong>ut</strong></span> <span class='ocrx_word' id='word_1_333' title='bbox 3119 586 3368 656; x_wconf 89' lang='lat' dir='ltr'><strong>intmgat</strong></span> <span class='ocrx_word' id='word_1_334' title='bbox 3419 593 3731 639; x_wconf 84' lang='lat' dir='ltr'><strong>extremum</strong></span> <span class='ocrx_word' id='word_1_335' title='bbox 3789 586 3953 657; x_wconf 84' lang='lat' dir='ltr'><strong>digiti</strong></span> 
     </span>
    </p>
   </div>
   <div class='ocr_carea' id='block_1_48' title="bbox 2273 674 3957 745">
    <p class='ocr_par' dir='ltr' id='par_1_48' title="bbox 2273 674 3957 745">
     <span class='ocr_line' id='line_1_48' title="bbox 2273 674 3957 745; baseline 0.001 -18"><span class='ocrx_word' id='word_1_336' title='bbox 2273 676 2358 727; x_wconf 89' lang='lat' dir='ltr'><strong>sui</strong></span> <span class='ocrx_word' id='word_1_337' title='bbox 2387 676 2440 727; x_wconf 93' lang='lat' dir='ltr'><strong>in</strong></span> <span class='ocrx_word' id='word_1_338' title='bbox 2475 691 2705 745; x_wconf 87' lang='lat' dir='ltr'><strong>aquam,</strong></span> <span class='ocrx_word' id='word_1_339' title='bbox 2756 680 2818 728; x_wconf 90' lang='lat' dir='ltr'><strong>ut</strong></span> <span class='ocrx_word' id='word_1_340' title='bbox 2864 674 3160 744; x_wconf 81' lang='lat' dir='ltr'><strong>refrigeret</strong></span> <span class='ocrx_word' id='word_1_341' title='bbox 3208 676 3463 745; x_wconf 89' lang='lat' dir='ltr'><strong>linguam</strong></span> <span class='ocrx_word' id='word_1_342' title='bbox 3529 690 3762 728; x_wconf 87' lang='lat' dir='ltr'><strong>meam:</strong></span> <span class='ocrx_word' id='word_1_343' title='bbox 3821 677 3957 745; x_wconf 85' lang='lat' dir='ltr'><strong>quia</strong></span> 
     </span>
    </p>
   </div>
   <div class='ocr_carea' id='block_1_49' title="bbox 2272 763 3953 833">
    <p class='ocr_par' dir='ltr' id='par_1_49' title="bbox 2272 763 3953 833">
     <span class='ocr_line' id='line_1_49' title="bbox 2272 763 3953 833; baseline 0 -17"><span class='ocrx_word' id='word_1_344' title='bbox 2272 765 2496 816; x_wconf 88' lang='lat' dir='ltr'><strong>crucior</strong></span> <span class='ocrx_word' id='word_1_345' title='bbox 2524 765 2582 817; x_wconf 91' lang='lat' dir='ltr'><strong>in</strong></span> <span class='ocrx_word' id='word_1_346' title='bbox 2616 765 2718 816; x_wconf 89' lang='lat' dir='ltr'><strong>hac</strong></span> <span class='ocrx_word' id='word_1_347' title='bbox 2748 763 3000 816; x_wconf 85' lang='lat' dir='ltr'><strong>ﬂamma.</strong></span> <span class='ocrx_word' id='word_1_348' title='bbox 3038 765 3180 817; x_wconf 89' lang='lat' dir='ltr'><strong>Dum</strong></span> <span class='ocrx_word' id='word_1_349' title='bbox 3227 779 3362 833; x_wconf 89' lang='lat' dir='ltr'><strong>ergo</strong></span> <span class='ocrx_word' id='word_1_350' title='bbox 3413 763 3644 816; x_wconf 88' lang='lat' dir='ltr'><strong>divitem</strong></span> <span class='ocrx_word' id='word_1_351' title='bbox 3695 771 3953 832; x_wconf 89' lang='lat' dir='ltr'><strong>peccato-</strong></span> 
     </span>
    </p>
   </div>
   <div class='ocr_carea' id='block_1_50' title="bbox 2275 851 3956 921">
    <p class='ocr_par' dir='ltr' id='par_1_50' title="bbox 2275 851 3956 921">
     <span class='ocr_line' id='line_1_50' title="bbox 2275 851 3956 921; baseline -0.001 -15"><span class='ocrx_word' id='word_1_352' title='bbox 2275 869 2392 906; x_wconf 88' lang='lat' dir='ltr'><strong>rem</strong></span> <span class='ocrx_word' id='word_1_353' title='bbox 2449 854 2781 906; x_wconf 89' lang='lat' dir='ltr'><strong>damnatum</strong></span> <span class='ocrx_word' id='word_1_354' title='bbox 2839 853 3053 905; x_wconf 88' lang='lat' dir='ltr'><strong>Veritas</strong></span> <span class='ocrx_word' id='word_1_355' title='bbox 3099 852 3156 905; x_wconf 89' lang='lat' dir='ltr'><strong>in</strong></span> <span class='ocrx_word' id='word_1_356' title='bbox 3205 851 3435 921; x_wconf 89' lang='lat' dir='ltr'><strong>ignibus</strong></span> <span class='ocrx_word' id='word_1_357' title='bbox 3485 852 3765 920; x_wconf 87' lang='lat' dir='ltr'><strong>perhibet,</strong></span> <span class='ocrx_word' id='word_1_358' title='bbox 3828 852 3956 920; x_wconf 88' lang='lat' dir='ltr'><strong>quis</strong></span> 
     </span>
    </p>
   </div>
   <div class='ocr_carea' id='block_1_51' title="bbox 2267 938 3956 1009">
    <p class='ocr_par' dir='ltr' id='par_1_51' title="bbox 2267 938 3956 1009">
     <span class='ocr_line' id='line_1_51' title="bbox 2267 938 3956 1009; baseline 0.002 -20"><span class='ocrx_word' id='word_1_359' title='bbox 2267 939 2386 1008; x_wconf 86' lang='lat' dir='ltr'><strong>jam</strong></span> <span class='ocrx_word' id='word_1_360' title='bbox 2449 939 2674 1007; x_wconf 88' lang='lat' dir='ltr'><strong>sapiens</strong></span> <span class='ocrx_word' id='word_1_361' title='bbox 2740 938 3119 1007; x_wconf 87' lang='lat' dir='ltr'><strong>reproborum</strong></span> <span class='ocrx_word' id='word_1_362' title='bbox 3204 939 3428 992; x_wconf 89' lang='lat' dir='ltr'><strong>animas</strong></span> <span class='ocrx_word' id='word_1_363' title='bbox 3485 939 3668 992; x_wconf 86' lang='lat' dir='ltr'><strong>teneri</strong></span> <span class='ocrx_word' id='word_1_364' title='bbox 3727 940 3956 1009; x_wconf 82' lang='lat' dir='ltr'><strong>ignibus</strong></span> 
     </span>
    </p>
   </div>
   <div class='ocr_carea' id='block_1_52' title="bbox 2275 1025 3950 1092">
    <p class='ocr_par' dir='ltr' id='par_1_52' title="bbox 2275 1025 3950 1092">
     <span class='ocr_line' id='line_1_52' title="bbox 2275 1025 3950 1092; baseline 0.002 -15"><span class='ocrx_word' id='word_1_365' title='bbox 2275 1026 2488 1092; x_wconf 84' lang='lat' dir='ltr'><strong>negat?</strong></span> <span class='ocrx_word' id='word_1_366' title='bbox 2523 1027 2762 1078; x_wconf 89' lang='lat' dir='ltr'><strong>Petrus:</strong></span> <span class='ocrx_word' id='word_1_367' title='bbox 2801 1026 2934 1077; x_wconf 81' lang='lat' dir='ltr'><strong>Ecce</strong></span> <span class='ocrx_word' id='word_1_368' title='bbox 2981 1025 3200 1079; x_wconf 90' lang='lat' dir='ltr'><strong>ratione</strong></span> <span class='ocrx_word' id='word_1_369' title='bbox 3233 1032 3287 1078; x_wconf 89' lang='lat' dir='ltr'><strong>et</strong></span> <span class='ocrx_word' id='word_1_370' title='bbox 3343 1026 3672 1079; x_wconf 88' lang='lat' dir='ltr'><strong>testimonio</strong></span> <span class='ocrx_word' id='word_1_371' title='bbox 3721 1026 3787 1080; x_wconf 87' lang='lat' dir='ltr'><strong>ad</strong></span> <span class='ocrx_word' id='word_1_372' title='bbox 3835 1043 3950 1080; x_wconf 87' lang='lat' dir='ltr'><strong>cre-</strong></span> 
     </span>
    </p>
   </div>
   <div class='ocr_carea' id='block_1_53' title="bbox 2273 1113 3954 1168">
    <p class='ocr_par' dir='ltr' id='par_1_53' title="bbox 2273 1113 3954 1168">
     <span class='ocr_line' id='line_1_53' title="bbox 2273 1113 3954 1168; baseline 0.001 -2"><span class='ocrx_word' id='word_1_373' title='bbox 2273 1114 2572 1168; x_wconf 86' lang='lat' dir='ltr'><strong>dulitatem</strong></span> <span class='ocrx_word' id='word_1_374' title='bbox 2603 1113 2849 1166; x_wconf 90' lang='lat' dir='ltr'><strong>ﬂectitur</strong></span> <span class='ocrx_word' id='word_1_375' title='bbox 2877 1114 3100 1166; x_wconf 87' lang='lat' dir='ltr'><strong>animus</strong></span> <span class='ocrx_word' id='word_1_376' title='bbox 3129 1131 3142 1167; x_wconf 92' lang='lat'><strong>:</strong></span> <span class='ocrx_word' id='word_1_377' title='bbox 3193 1114 3289 1167; x_wconf 88' lang='lat' dir='ltr'><strong>sed</strong></span> <span class='ocrx_word' id='word_1_378' title='bbox 3340 1113 3606 1168; x_wconf 87' lang='lat' dir='ltr'><strong>dimissus</strong></span> <span class='ocrx_word' id='word_1_379' title='bbox 3637 1115 3846 1168; x_wconf 89' lang='lat' dir='ltr'><strong>iterum</strong></span> <span class='ocrx_word' id='word_1_380' title='bbox 3886 1115 3954 1167; x_wconf 91' lang='lat' dir='ltr'><strong>ad</strong></span> 
     </span>
    </p>
   </div>
   <div class='ocr_carea' id='block_1_54' title="bbox 2272 1202 3958 1272">
    <p class='ocr_par' dir='ltr' id='par_1_54' title="bbox 2272 1202 3958 1272">
     <span class='ocr_line' id='line_1_54' title="bbox 2272 1202 3958 1272; baseline 0 -16"><span class='ocrx_word' id='word_1_381' title='bbox 2272 1203 2521 1272; x_wconf 89' lang='lat' dir='ltr'><strong>rigorem</strong></span> <span class='ocrx_word' id='word_1_382' title='bbox 2551 1203 2712 1256; x_wconf 85' lang='lat' dir='ltr'><strong>redit.</strong></span> <span class='ocrx_word' id='word_1_383' title='bbox 2744 1202 3042 1266; x_wconf 87' lang='lat' dir='ltr'><strong>Quomodo</strong></span> <span class='ocrx_word' id='word_1_384' title='bbox 3087 1202 3241 1256; x_wconf 88' lang='lat' dir='ltr'><strong>enim</strong></span> <span class='ocrx_word' id='word_1_385' title='bbox 3289 1219 3377 1255; x_wconf 84' lang='lat' dir='ltr'><strong>res</strong></span> <span class='ocrx_word' id='word_1_386' title='bbox 3430 1204 3766 1272; x_wconf 84' lang='lat' dir='ltr'><strong>incorporea</strong></span> <span class='ocrx_word' id='word_1_387' title='bbox 3821 1219 3852 1256; x_wconf 89' lang='lat' dir='ltr'><strong>a</strong></span> <span class='ocrx_word' id='word_1_388' title='bbox 3899 1220 3958 1256; x_wconf 91' lang='lat' dir='ltr'><strong>re</strong></span> 
     </span>
    </p>
   </div>
   <div class='ocr_carea' id='block_1_55' title="bbox 2271 1289 3652 1361">
    <p class='ocr_par' dir='ltr' id='par_1_55' title="bbox 2271 1289 3652 1361">
     <span class='ocr_line' id='line_1_55' title="bbox 2271 1289 3652 1361; baseline 0 -17"><span class='ocrx_word' id='word_1_389' title='bbox 2271 1307 2543 1360; x_wconf 87' lang='lat' dir='ltr'><strong>corporea</strong></span> <span class='ocrx_word' id='word_1_390' title='bbox 2573 1289 2756 1342; x_wconf 90' lang='lat' dir='ltr'><strong>teneri</strong></span> <span class='ocrx_word' id='word_1_391' title='bbox 2786 1295 2957 1360; x_wconf 89' lang='lat' dir='ltr'><strong>atque</strong></span> <span class='ocrx_word' id='word_1_392' title='bbox 2984 1291 3162 1360; x_wconf 88' lang='lat' dir='ltr'><strong>afﬂigi</strong></span> <span class='ocrx_word' id='word_1_393' title='bbox 3203 1292 3399 1361; x_wconf 87' lang='lat' dir='ltr'><strong>possit,</strong></span> <span class='ocrx_word' id='word_1_394' title='bbox 3431 1293 3652 1360; x_wconf 88' lang='lat' dir='ltr'><strong>ignoro.</strong></span> 
     </span>
    </p>
   </div>
   <div class='ocr_carea' id='block_1_56' title="bbox 2272 1396 3955 1465">
    <p class='ocr_par' dir='ltr' id='par_1_56' title="bbox 2272 1396 3955 1465">
     <span class='ocr_line' id='line_1_56' title="bbox 2272 1396 3955 1465; baseline -0.004 -11"><span class='ocrx_word' id='word_1_395' title='bbox 2272 1400 2394 1454; x_wconf 66' lang='lat' dir='ltr'><strong>Car.</strong></span> <span class='ocrx_word' id='word_1_396' title='bbox 2432 1399 2735 1454; x_wconf 78' lang='lat' dir='ltr'><strong>LXXXVIII.</strong></span> <span class='ocrx_word' id='word_1_397' title='bbox 2770 1427 2834 1436; x_wconf 92' lang='lat'>—</span> <span class='ocrx_word' id='word_1_398' title='bbox 2864 1399 2931 1450; x_wconf 84' lang='lat' dir='ltr'><strong>De</strong></span> <span class='ocrx_word' id='word_1_399' title='bbox 2954 1400 3218 1465; x_wconf 84' lang='lat' dir='ltr'><strong>apostatis</strong></span> <span class='ocrx_word' id='word_1_400' title='bbox 3262 1398 3571 1463; x_wconf 75' lang='lat' dir='ltr'><strong>spiritibus,</strong></span> <span class='ocrx_word' id='word_1_401' title='bbox 3601 1396 3745 1464; x_wconf 87' lang='lat' dir='ltr'><strong>quod</strong></span> <span class='ocrx_word' id='word_1_402' title='bbox 3778 1399 3955 1449; x_wconf 87' lang='lat' dir='ltr'><strong>incor-</strong></span> 
     </span>
    </p>
   </div>
   <div class='ocr_carea' id='block_1_57' title="bbox 2823 1469 3406 1537">
    <p class='ocr_par' dir='ltr' id='par_1_57' title="bbox 2823 1469 3406 1537">
     <span class='ocr_line' id='line_1_57' title="bbox 2823 1469 3406 1537; baseline 0 -17"><span class='ocrx_word' id='word_1_403' title='bbox 2823 1471 2974 1537; x_wconf 75' lang='lat' dir='ltr'><strong>porei</strong></span> <span class='ocrx_word' id='word_1_404' title='bbox 3002 1469 3254 1522; x_wconf 83' lang='lat' dir='ltr'><strong>credendi</strong></span> <span class='ocrx_word' id='word_1_405' title='bbox 3278 1471 3406 1522; x_wconf 83' lang='lat' dir='ltr'><strong>sint.</strong></span> 
     </span>
    </p>
   </div>
   <div class='ocr_carea' id='block_1_58' title="bbox 2327 1553 3957 1632">
    <p class='ocr_par' dir='ltr' id='par_1_58' title="bbox 2327 1553 3957 1632">
     <span class='ocr_line' id='line_1_58' title="bbox 2327 1553 3957 1632; baseline -0.006 -16"><span class='ocrx_word' id='word_1_406' title='bbox 2327 1564 2443 1632; x_wconf 66' lang='grc' dir='ltr'><strong>(Εω</strong></span> <span class='ocrx_word' id='word_1_407' title='bbox 2468 1561 2670 1625; x_wconf 80' lang='lat' dir='ltr'><strong>dialog.</strong></span> <span class='ocrx_word' id='word_1_408' title='bbox 2705 1557 2989 1624; x_wconf 77' lang='lat' dir='ltr'><strong>Gregorii.)</strong></span> <span class='ocrx_word' id='word_1_409' title='bbox 3021 1558 3134 1618; x_wconf 88' lang='lat' dir='ltr'><strong>Dic,</strong></span> <span class='ocrx_word' id='word_1_410' title='bbox 3171 1573 3363 1626; x_wconf 76' lang='lat' dir='ltr'><strong>quaeso</strong></span> <span class='ocrx_word' id='word_1_411' title='bbox 3387 1563 3460 1619; x_wconf 88' lang='lat' dir='ltr'><strong>te,</strong></span> <span class='ocrx_word' id='word_1_412' title='bbox 3486 1560 3766 1625; x_wconf 86' lang='lat' dir='ltr'><strong>apostatas</strong></span> <span class='ocrx_word' id='word_1_413' title='bbox 3789 1553 3957 1623; x_wconf 88' lang='lat' dir='ltr'><strong>spiri—</strong></span> 
     </span>
    </p>
   </div>
   <div class='ocr_carea' id='block_1_59' title="bbox 2273 1643 3959 1716">
    <p class='ocr_par' dir='ltr' id='par_1_59' title="bbox 2273 1643 3959 1716">
     <span class='ocr_line' id='line_1_59' title="bbox 2273 1643 3959 1716; baseline -0.007 -11"><span class='ocrx_word' id='word_1_414' title='bbox 2273 1657 2361 1704; x_wconf 89' lang='lat' dir='ltr'><strong>tus</strong></span> <span class='ocrx_word' id='word_1_415' title='bbox 2393 1667 2423 1704; x_wconf 90' lang='lat' dir='ltr'><strong>a</strong></span> <span class='ocrx_word' id='word_1_416' title='bbox 2452 1648 2666 1703; x_wconf 69' lang='lat' dir='ltr'><strong>caelesti</strong></span> <span class='ocrx_word' id='word_1_417' title='bbox 2696 1647 2873 1716; x_wconf 90' lang='lat' dir='ltr'><strong>gloria</strong></span> <span class='ocrx_word' id='word_1_418' title='bbox 2921 1645 3188 1713; x_wconf 79' lang='lat' dir='ltr'><strong>dejectos,</strong></span> <span class='ocrx_word' id='word_1_419' title='bbox 3218 1660 3523 1713; x_wconf 91' lang='lat' dir='ltr'><strong>corporeos</strong></span> <span class='ocrx_word' id='word_1_420' title='bbox 3575 1659 3645 1696; x_wconf 92' lang='lat' dir='ltr'><strong>an</strong></span> <span class='ocrx_word' id='word_1_421' title='bbox 3695 1643 3959 1711; x_wconf 88' lang='lat' dir='ltr'><strong>incorpo-</strong></span> 
     </span>
    </p>
   </div>
   <div class='ocr_carea' id='block_1_60' title="bbox 2275 1730 3959 1806">
    <p class='ocr_par' dir='ltr' id='par_1_60' title="bbox 2275 1730 3959 1806">
     <span class='ocr_line' id='line_1_60' title="bbox 2275 1730 3959 1806; baseline -0.007 -12"><span class='ocrx_word' id='word_1_422' title='bbox 2275 1757 2400 1794; x_wconf 93' lang='lat' dir='ltr'><strong>reos</strong></span> <span class='ocrx_word' id='word_1_423' title='bbox 2429 1754 2550 1792; x_wconf 89' lang='lat' dir='ltr'><strong>esse</strong></span> <span class='ocrx_word' id='word_1_424' title='bbox 2578 1735 2919 1806; x_wconf 82' lang='lat' dir='ltr'><strong>suspicaris?</strong></span> <span class='ocrx_word' id='word_1_425' title='bbox 2954 1735 3152 1786; x_wconf 86' lang='lat' dir='ltr'><strong>Petrus</strong></span> <span class='ocrx_word' id='word_1_426' title='bbox 3196 1747 3208 1787; x_wconf 92' lang='lat'><strong>:</strong></span> <span class='ocrx_word' id='word_1_427' title='bbox 3244 1733 3380 1796; x_wconf 88' lang='lat' dir='ltr'><strong>Quis</strong></span> <span class='ocrx_word' id='word_1_428' title='bbox 3411 1747 3545 1785; x_wconf 88' lang='lat' dir='ltr'><strong>sane</strong></span> <span class='ocrx_word' id='word_1_429' title='bbox 3579 1730 3808 1800; x_wconf 89' lang='lat' dir='ltr'><strong>sapiens</strong></span> <span class='ocrx_word' id='word_1_430' title='bbox 3836 1745 3959 1784; x_wconf 88' lang='lat' dir='ltr'><strong>esse</strong></span> 
     </span>
    </p>
   </div>
   <div class='ocr_carea' id='block_1_61' title="bbox 2277 1822 3110 1900">
    <p class='ocr_par' dir='ltr' id='par_1_61' title="bbox 2277 1822 3110 1900">
     <span class='ocr_line' id='line_1_61' title="bbox 2277 1822 3110 1900; baseline -0.01 -18"><span class='ocrx_word' id='word_1_431' title='bbox 2277 1829 2507 1900; x_wconf 89' lang='lat' dir='ltr'><strong>spiritus</strong></span> <span class='ocrx_word' id='word_1_432' title='bbox 2537 1840 2838 1890; x_wconf 88' lang='lat' dir='ltr'><strong>corporeos</strong></span> <span class='ocrx_word' id='word_1_433' title='bbox 2865 1822 3110 1876; x_wconf 86' lang='lat' dir='ltr'><strong>dixerit?</strong></span> 
     </span>
    </p>
   </div>
   <div class='ocr_carea' id='block_1_62' title="bbox 2275 1928 3958 1995">
    <p class='ocr_par' dir='ltr' id='par_1_62' title="bbox 2275 1928 3958 1995">
     <span class='ocr_line' id='line_1_62' title="bbox 2275 1928 3958 1995; baseline -0.005 -8"><span class='ocrx_word' id='word_1_434' title='bbox 2275 1936 2400 1988; x_wconf 66' lang='lat' dir='ltr'><strong>Car.</strong></span> <span class='ocrx_word' id='word_1_435' title='bbox 2426 1933 2676 1986; x_wconf 88' lang='lat' dir='ltr'><strong>LXXXIX.</strong></span> <span class='ocrx_word' id='word_1_436' title='bbox 2700 1960 2766 1968; x_wconf 94' lang='lat'><strong>—</strong></span> <span class='ocrx_word' id='word_1_437' title='bbox 2800 1928 2951 1994; x_wconf 85' lang='lat' dir='ltr'><strong>Quod</strong></span> <span class='ocrx_word' id='word_1_438' title='bbox 2971 1928 3220 1995; x_wconf 75' lang='lat' dir='ltr'><strong>gehennae</strong></span> <span class='ocrx_word' id='word_1_439' title='bbox 3250 1928 3392 1993; x_wconf 81' lang='lat' dir='ltr'><strong>ignis</strong></span> <span class='ocrx_word' id='word_1_440' title='bbox 3420 1940 3699 1994; x_wconf 85' lang='lat' dir='ltr'><strong>corporeus</strong></span> <span class='ocrx_word' id='word_1_441' title='bbox 3717 1939 3826 1979; x_wconf 85' lang='lat' dir='ltr'><strong>esse</strong></span> <span class='ocrx_word' id='word_1_442' title='bbox 3845 1939 3958 1979; x_wconf 88' lang='lat' dir='ltr'><strong>cre-</strong></span> 
     </span>
    </p>
   </div>
   <div class='ocr_carea' id='block_1_63' title="bbox 2954 1999 3275 2051">
    <p class='ocr_par' dir='ltr' id='par_1_63' title="bbox 2954 1999 3275 2051">
     <span class='ocr_line' id='line_1_63' title="bbox 2954 1999 3275 2051; baseline 0 -1"><span class='ocrx_word' id='word_1_443' title='bbox 2954 1999 3159 2051; x_wconf 84' lang='lat' dir='ltr'><strong>dendus</strong></span> <span class='ocrx_word' id='word_1_444' title='bbox 3183 1999 3275 2051; x_wconf 84' lang='lat' dir='ltr'><strong>sit.</strong></span> 
     </span>
    </p>
   </div>
   <div class='ocr_carea' id='block_1_64' title="bbox 2347 2085 3959 2162">
    <p class='ocr_par' dir='ltr' id='par_1_64' title="bbox 2347 2085 3959 2162">
     <span class='ocr_line' id='line_1_64' title="bbox 2347 2085 3959 2162; baseline -0.007 -15"><span class='ocrx_word' id='word_1_445' title='bbox 2347 2094 2452 2162; x_wconf 70' lang='lat' dir='ltr'><strong>(Ea:</strong></span> <span class='ocrx_word' id='word_1_446' title='bbox 2482 2093 2696 2156; x_wconf 84' lang='lat' dir='ltr'><strong>dialogo</strong></span> <span class='ocrx_word' id='word_1_447' title='bbox 2727 2086 3013 2155; x_wconf 83' lang='lat' dir='ltr'><strong>Gregorii.)</strong></span> <span class='ocrx_word' id='word_1_448' title='bbox 3036 2087 3322 2140; x_wconf 70' lang='lat' dir='ltr'><strong>Gebennas</strong></span> <span class='ocrx_word' id='word_1_449' title='bbox 3348 2085 3540 2155; x_wconf 89' lang='lat' dir='ltr'><strong>ignem</strong></span> <span class='ocrx_word' id='word_1_450' title='bbox 3591 2099 3710 2137; x_wconf 89' lang='lat' dir='ltr'><strong>esse</strong></span> <span class='ocrx_word' id='word_1_451' title='bbox 3758 2099 3959 2153; x_wconf 91' lang='lat' dir='ltr'><strong>corpo-</strong></span> 
     </span>
    </p>
   </div>
   <div class='ocr_carea' id='block_1_65' title="bbox 2275 2173 3956 2248">
    <p class='ocr_par' dir='ltr' id='par_1_65' title="bbox 2275 2173 3956 2248">
     <span class='ocr_line' id='line_1_65' title="bbox 2275 2173 3956 2248; baseline -0.007 -13"><span class='ocrx_word' id='word_1_452' title='bbox 2275 2197 2438 2234; x_wconf 88' lang='lat' dir='ltr'><strong>reum</strong></span> <span class='ocrx_word' id='word_1_453' title='bbox 2483 2197 2555 2233; x_wconf 89' lang='lat' dir='ltr'><strong>an</strong></span> <span class='ocrx_word' id='word_1_454' title='bbox 2600 2181 2999 2248; x_wconf 80' lang='lat' dir='ltr'><strong>incorporeum</strong></span> <span class='ocrx_word' id='word_1_455' title='bbox 3047 2175 3276 2228; x_wconf 86' lang='lat' dir='ltr'><strong>fateris?</strong></span> <span class='ocrx_word' id='word_1_456' title='bbox 3324 2176 3558 2228; x_wconf 85' lang='lat' dir='ltr'><strong>Petrus:</strong></span> <span class='ocrx_word' id='word_1_457' title='bbox 3608 2173 3804 2244; x_wconf 88' lang='lat' dir='ltr'><strong>Ignem</strong></span> <span class='ocrx_word' id='word_1_458' title='bbox 3859 2187 3956 2242; x_wconf 88' lang='lat' dir='ltr'><strong>ge-</strong></span> 
     </span>
    </p>
   </div>
   <div class='ocr_carea' id='block_1_66' title="bbox 2275 2261 3961 2338">
    <p class='ocr_par' dir='ltr' id='par_1_66' title="bbox 2275 2261 3961 2338">
     <span class='ocr_line' id='line_1_66' title="bbox 2275 2261 3961 2338; baseline -0.006 -16"><span class='ocrx_word' id='word_1_459' title='bbox 2275 2269 2480 2322; x_wconf 64' lang='lat' dir='ltr'><strong>hennae</strong></span> <span class='ocrx_word' id='word_1_460' title='bbox 2517 2282 2853 2338; x_wconf 90' lang='lat' dir='ltr'><strong>corporeum</strong></span> <span class='ocrx_word' id='word_1_461' title='bbox 2886 2280 3007 2318; x_wconf 89' lang='lat' dir='ltr'><strong>esse</strong></span> <span class='ocrx_word' id='word_1_462' title='bbox 3049 2279 3161 2316; x_wconf 91' lang='lat' dir='ltr'><strong>non</strong></span> <span class='ocrx_word' id='word_1_463' title='bbox 3192 2261 3442 2331; x_wconf 89' lang='lat' dir='ltr'><strong>ambigo,</strong></span> <span class='ocrx_word' id='word_1_464' title='bbox 3476 2261 3534 2314; x_wconf 92' lang='lat' dir='ltr'><strong>in</strong></span> <span class='ocrx_word' id='word_1_465' title='bbox 3567 2276 3681 2329; x_wconf 88' lang='lat' dir='ltr'><strong>quo</strong></span> <span class='ocrx_word' id='word_1_466' title='bbox 3722 2274 3961 2329; x_wconf 90' lang='lat' dir='ltr'><strong>corpora</strong></span> 
     </span>
    </p>
   </div>
   <div class='ocr_carea' id='block_1_67' title="bbox 2275 2354 2898 2410">
    <p class='ocr_par' dir='ltr' id='par_1_67' title="bbox 2275 2354 2898 2410">
     <span class='ocr_line' id='line_1_67' title="bbox 2275 2354 2898 2410; baseline -0.006 0"><span class='ocrx_word' id='word_1_467' title='bbox 2275 2366 2491 2410; x_wconf 88' lang='lat' dir='ltr'><strong>certum</strong></span> <span class='ocrx_word' id='word_1_468' title='bbox 2525 2363 2609 2409; x_wconf 91' lang='lat' dir='ltr'><strong>est</strong></span> <span class='ocrx_word' id='word_1_469' title='bbox 2638 2354 2898 2408; x_wconf 86' lang='lat' dir='ltr'><strong>cruciari.</strong></span> 
     </span>
    </p>
   </div>
   <div class='ocr_carea' id='block_1_68' title="bbox 2275 2450 3963 2525">
    <p class='ocr_par' dir='ltr' id='par_1_68' title="bbox 2275 2450 3963 2525">
     <span class='ocr_line' id='line_1_68' title="bbox 2275 2450 3963 2525; baseline -0.009 -9"><span class='ocrx_word' id='word_1_470' title='bbox 2275 2463 2402 2517; x_wconf 81' lang='lat' dir='ltr'><strong>CAP.</strong></span> <span class='ocrx_word' id='word_1_471' title='bbox 2427 2462 2528 2514; x_wconf 88' lang='lat' dir='ltr'><strong>XC.</strong></span> <span class='ocrx_word' id='word_1_472' title='bbox 2561 2463 2724 2512; x_wconf 86' lang='lat' dir='ltr'><strong>—-De</strong></span> <span class='ocrx_word' id='word_1_473' title='bbox 2765 2460 2859 2512; x_wconf 84' lang='lat' dir='ltr'><strong>hoc</strong></span> <span class='ocrx_word' id='word_1_474' title='bbox 2901 2456 3043 2525; x_wconf 84' lang='lat' dir='ltr'><strong>quod</strong></span> <span class='ocrx_word' id='word_1_475' title='bbox 3084 2455 3373 2508; x_wconf 79' lang='lat' dir='ltr'><strong>scribitur:</strong></span> <span class='ocrx_word' id='word_1_476' title='bbox 3427 2455 3595 2525; x_wconf 83' lang='lat' dir='ltr'><strong>Deum</strong></span> <span class='ocrx_word' id='word_1_477' title='bbox 3644 2466 3794 2504; x_wconf 86' lang='lat' dir='ltr'><strong>nemo</strong></span> <span class='ocrx_word' id='word_1_478' title='bbox 3822 2450 3963 2503; x_wconf 83' lang='lat' dir='ltr'><strong>vidit</strong></span> 
     </span>
    </p>
   </div>
   <div class='ocr_carea' id='block_1_69' title="bbox 2453 2524 3780 2598">
    <p class='ocr_par' dir='ltr' id='par_1_69' title="bbox 2453 2524 3780 2598">
     <span class='ocr_line' id='line_1_69' title="bbox 2453 2524 3780 2598; baseline -0.006 -15"><span class='ocrx_word' id='word_1_479' title='bbox 2453 2546 2712 2598; x_wconf 76' lang='lat' dir='ltr'><strong>unquam,</strong></span> <span class='ocrx_word' id='word_1_480' title='bbox 2739 2535 2787 2581; x_wconf 88' lang='lat' dir='ltr'><strong>et</strong></span> <span class='ocrx_word' id='word_1_481' title='bbox 2817 2524 3052 2595; x_wconf 73' lang='lat' dir='ltr'><strong>qualiter</strong></span> <span class='ocrx_word' id='word_1_482' title='bbox 3083 2526 3221 2579; x_wconf 79' lang='lat' dir='ltr'><strong>illud</strong></span> <span class='ocrx_word' id='word_1_483' title='bbox 3249 2524 3658 2589; x_wconf 81' lang='lat' dir='ltr'><strong>intelligendum</strong></span> <span class='ocrx_word' id='word_1_484' title='bbox 3688 2525 3780 2576; x_wconf 85' lang='lat' dir='ltr'><strong>sit.</strong></span> 
     </span>
    </p>
   </div>
   <div class='ocr_carea' id='block_1_70' title="bbox 2348 2608 3964 2688">
    <p class='ocr_par' dir='ltr' id='par_1_70' title="bbox 2348 2608 3964 2688">
     <span class='ocr_line' id='line_1_70' title="bbox 2348 2608 3964 2688; baseline -0.008 -14"><span class='ocrx_word' id='word_1_485' title='bbox 2348 2621 2654 2688; x_wconf 80' lang='lat' dir='ltr'><strong>(Gregorius</strong></span> <span class='ocrx_word' id='word_1_486' title='bbox 2681 2621 2736 2669; x_wconf 76' lang='lat' dir='ltr'><strong>in</strong></span> <span class='ocrx_word' id='word_1_487' title='bbox 2764 2619 2876 2669; x_wconf 84' lang='lat' dir='ltr'><strong>suis</strong></span> <span class='ocrx_word' id='word_1_488' title='bbox 2908 2615 3100 2669; x_wconf 82' lang='lat' dir='ltr'><strong>Moral.</strong></span> <span class='ocrx_word' id='word_1_489' title='bbox 3152 2615 3285 2667; x_wconf 82' lang='lat' dir='ltr'><strong>dicit</strong></span> <span class='ocrx_word' id='word_1_490' title='bbox 3321 2613 3357 2682; x_wconf 94' lang='lat'><strong>:)</strong></span> <span class='ocrx_word' id='word_1_491' title='bbox 3407 2613 3580 2665; x_wconf 90' lang='lat' dir='ltr'><strong>Deum</strong></span> <span class='ocrx_word' id='word_1_492' title='bbox 3624 2626 3791 2663; x_wconf 91' lang='lat' dir='ltr'><strong>nemo</strong></span> <span class='ocrx_word' id='word_1_493' title='bbox 3820 2608 3964 2662; x_wconf 89' lang='lat' dir='ltr'><strong>vidit</strong></span> 
     </span>
    </p>
   </div>
   <div class='ocr_carea' id='block_1_71' title="bbox 2275 2700 3962 2778">
    <p class='ocr_par' dir='ltr' id='par_1_71' title="bbox 2275 2700 3962 2778">
     <span class='ocr_line' id='line_1_71' title="bbox 2275 2700 3962 2778; baseline -0.007 -15"><span class='ocrx_word' id='word_1_494' title='bbox 2275 2724 2548 2778; x_wconf 90' lang='lat' dir='ltr'><strong>unquam.</strong></span> <span class='ocrx_word' id='word_1_495' title='bbox 2582 2709 2943 2774; x_wconf 75' lang='lat' dir='ltr'><strong>Rursumque</strong></span> <span class='ocrx_word' id='word_1_496' title='bbox 2973 2719 3102 2756; x_wconf 89' lang='lat' dir='ltr'><strong>cum</strong></span> <span class='ocrx_word' id='word_1_497' title='bbox 3133 2702 3476 2756; x_wconf 83' lang='lat' dir='ltr'><strong>Testamenti</strong></span> <span class='ocrx_word' id='word_1_498' title='bbox 3522 2700 3734 2752; x_wconf 80' lang='lat' dir='ltr'><strong>Veteris</strong></span> <span class='ocrx_word' id='word_1_499' title='bbox 3774 2703 3962 2769; x_wconf 88' lang='lat' dir='ltr'><strong>patres</strong></span> 
     </span>
    </p>
   </div>
   <div class='ocr_carea' id='block_1_72' title="bbox 2275 2786 3962 2862">
    <p class='ocr_par' dir='ltr' id='par_1_72' title="bbox 2275 2786 3962 2862">
     <span class='ocr_line' id='line_1_72' title="bbox 2275 2786 3962 2862; baseline -0.008 -11"><span class='ocrx_word' id='word_1_500' title='bbox 2275 2799 2527 2862; x_wconf 90' lang='lat' dir='ltr'><strong>intueor,</strong></span> <span class='ocrx_word' id='word_1_501' title='bbox 2583 2795 2791 2848; x_wconf 87' lang='lat' dir='ltr'><strong>multos</strong></span> <span class='ocrx_word' id='word_1_502' title='bbox 2842 2796 3048 2846; x_wconf 90' lang='lat' dir='ltr'><strong>borum</strong></span> <span class='ocrx_word' id='word_1_503' title='bbox 3101 2797 3239 2844; x_wconf 90' lang='lat' dir='ltr'><strong>teste</strong></span> <span class='ocrx_word' id='word_1_504' title='bbox 3295 2790 3414 2859; x_wconf 89' lang='lat' dir='ltr'><strong>ipsa</strong></span> <span class='ocrx_word' id='word_1_505' title='bbox 3471 2803 3643 2841; x_wconf 66' lang='lat' dir='ltr'><strong>sacrae</strong></span> <span class='ocrx_word' id='word_1_506' title='bbox 3701 2786 3962 2840; x_wconf 89' lang='lat' dir='ltr'><strong>lectionis</strong></span> 
     </span>
    </p>
   </div>
   <div class='ocr_carea' id='block_1_73' title="bbox 2277 2874 3960 2948">
    <p class='ocr_par' dir='ltr' id='par_1_73' title="bbox 2277 2874 3960 2948">
     <span class='ocr_line' id='line_1_73' title="bbox 2277 2874 3960 2948; baseline -0.006 -10"><span class='ocrx_word' id='word_1_507' title='bbox 2277 2884 2514 2939; x_wconf 85' lang='lat' dir='ltr'><strong>historia</strong></span> <span class='ocrx_word' id='word_1_508' title='bbox 2543 2885 2720 2937; x_wconf 90' lang='lat' dir='ltr'><strong>Deum</strong></span> <span class='ocrx_word' id='word_1_509' title='bbox 2751 2881 2956 2934; x_wconf 79' lang='lat' dir='ltr'><strong>vidisse</strong></span> <span class='ocrx_word' id='word_1_510' title='bbox 2983 2895 3281 2948; x_wconf 86' lang='lat' dir='ltr'><strong>cognosco.</strong></span> <span class='ocrx_word' id='word_1_511' title='bbox 3336 2877 3484 2930; x_wconf 82' lang='lat' dir='ltr'><strong>Vidit</strong></span> <span class='ocrx_word' id='word_1_512' title='bbox 3531 2877 3746 2946; x_wconf 84' lang='lat' dir='ltr'><strong>quippe</strong></span> <span class='ocrx_word' id='word_1_513' title='bbox 3790 2874 3960 2928; x_wconf 84' lang='lat' dir='ltr'><strong>Jacob</strong></span> 
     </span>
    </p>
   </div>
   <div class='ocr_carea' id='block_1_74' title="bbox 2277 2964 3960 3033">
    <p class='ocr_par' dir='ltr' id='par_1_74' title="bbox 2277 2964 3960 3033">
     <span class='ocr_line' id='line_1_74' title="bbox 2277 2964 3960 3033; baseline -0.007 -6"><span class='ocrx_word' id='word_1_514' title='bbox 2277 2974 2603 3033; x_wconf 87' lang='lat' dir='ltr'><strong>Dominum,</strong></span> <span class='ocrx_word' id='word_1_515' title='bbox 2638 2977 2694 3025; x_wconf 92' lang='lat' dir='ltr'><strong>et</strong></span> <span class='ocrx_word' id='word_1_516' title='bbox 2723 2971 2801 3023; x_wconf 89' lang='lat' dir='ltr'><strong>ait</strong></span> <span class='ocrx_word' id='word_1_517' title='bbox 2834 2986 2845 3022; x_wconf 91' lang='lat'><strong>:</strong></span> <span class='ocrx_word' id='word_1_518' title='bbox 2885 2970 3004 3021; x_wconf 80' lang='lat' dir='ltr'><strong>Vidi</strong></span> <span class='ocrx_word' id='word_1_519' title='bbox 3042 2967 3344 3021; x_wconf 90' lang='lat' dir='ltr'><strong>Dominum</strong></span> <span class='ocrx_word' id='word_1_520' title='bbox 3379 2965 3517 3019; x_wconf 87' lang='lat' dir='ltr'><strong>facie</strong></span> <span class='ocrx_word' id='word_1_521' title='bbox 3550 2966 3614 3017; x_wconf 88' lang='lat' dir='ltr'><strong>ad</strong></span> <span class='ocrx_word' id='word_1_522' title='bbox 3649 2964 3875 3028; x_wconf 83' lang='lat' dir='ltr'><strong>faciem,</strong></span> <span class='ocrx_word' id='word_1_523' title='bbox 3907 2968 3960 3016; x_wconf 90' lang='lat' dir='ltr'><strong>et</strong></span> 
     </span>
    </p>
   </div>
   <div class='ocr_carea' id='block_1_75' title="bbox 2279 3052 3959 3116">
    <p class='ocr_par' dir='ltr' id='par_1_75' title="bbox 2279 3052 3959 3116">
     <span class='ocr_line' id='line_1_75' title="bbox 2279 3052 3959 3116; baseline -0.008 0"><span class='ocrx_word' id='word_1_524' title='bbox 2279 3065 2430 3116; x_wconf 85' lang='lat' dir='ltr'><strong>salva</strong></span> <span class='ocrx_word' id='word_1_525' title='bbox 2459 3063 2603 3115; x_wconf 85' lang='lat' dir='ltr'><strong>facta</strong></span> <span class='ocrx_word' id='word_1_526' title='bbox 2635 3066 2720 3113; x_wconf 88' lang='lat' dir='ltr'><strong>est</strong></span> <span class='ocrx_word' id='word_1_527' title='bbox 2757 3059 2949 3112; x_wconf 89' lang='lat' dir='ltr'><strong>anima</strong></span> <span class='ocrx_word' id='word_1_528' title='bbox 2993 3072 3137 3110; x_wconf 85' lang='lat' dir='ltr'><strong>mea.</strong></span> <span class='ocrx_word' id='word_1_529' title='bbox 3195 3055 3347 3108; x_wconf 87' lang='lat' dir='ltr'><strong>Vidit</strong></span> <span class='ocrx_word' id='word_1_530' title='bbox 3400 3055 3574 3108; x_wconf 84' lang='lat' dir='ltr'><strong>Moses</strong></span> <span class='ocrx_word' id='word_1_531' title='bbox 3629 3052 3959 3115; x_wconf 88' lang='lat' dir='ltr'><strong>Dominum,</strong></span> 
     </span>
    </p>
   </div>
   <div class='ocr_carea' id='block_1_76' title="bbox 2278 3139 3961 3220">
    <p class='ocr_par' dir='ltr' id='par_1_76' title="bbox 2278 3139 3961 3220">
     <span class='ocr_line' id='line_1_76' title="bbox 2278 3139 3961 3220; baseline -0.008 -15"><span class='ocrx_word' id='word_1_532' title='bbox 2278 3151 2346 3206; x_wconf 92' lang='lat' dir='ltr'><strong>de</strong></span> <span class='ocrx_word' id='word_1_533' title='bbox 2379 3166 2492 3220; x_wconf 87' lang='lat' dir='ltr'><strong>quo</strong></span> <span class='ocrx_word' id='word_1_534' title='bbox 2525 3148 2798 3218; x_wconf 88' lang='lat' dir='ltr'><strong>scriptum</strong></span> <span class='ocrx_word' id='word_1_535' title='bbox 2830 3152 2915 3200; x_wconf 84' lang='lat' dir='ltr'><strong>est</strong></span> <span class='ocrx_word' id='word_1_536' title='bbox 2943 3163 2954 3199; x_wconf 91' lang='lat'><strong>:</strong></span> <span class='ocrx_word' id='word_1_537' title='bbox 2984 3143 3343 3215; x_wconf 85' lang='lat' dir='ltr'><strong>Loquebatur</strong></span> <span class='ocrx_word' id='word_1_538' title='bbox 3376 3141 3650 3196; x_wconf 91' lang='lat' dir='ltr'><strong>Dominus</strong></span> <span class='ocrx_word' id='word_1_539' title='bbox 3680 3140 3747 3194; x_wconf 93' lang='lat' dir='ltr'><strong>ad</strong></span> <span class='ocrx_word' id='word_1_540' title='bbox 3772 3139 3961 3193; x_wconf 80' lang='lat' dir='ltr'><strong>Mosen</strong></span> 
     </span>
    </p>
   </div>
   <div class='ocr_carea' id='block_1_77' title="bbox 2278 3227 3960 3303">
    <p class='ocr_par' dir='ltr' id='par_1_77' title="bbox 2278 3227 3960 3303">
     <span class='ocr_line' id='line_1_77' title="bbox 2278 3227 3960 3303; baseline -0.008 -10"><span class='ocrx_word' id='word_1_541' title='bbox 2278 3239 2418 3293; x_wconf 87' lang='lat' dir='ltr'><strong>facie</strong></span> <span class='ocrx_word' id='word_1_542' title='bbox 2449 3239 2516 3291; x_wconf 88' lang='lat' dir='ltr'><strong>ad</strong></span> <span class='ocrx_word' id='word_1_543' title='bbox 2549 3238 2774 3301; x_wconf 84' lang='lat' dir='ltr'><strong>faciem,</strong></span> <span class='ocrx_word' id='word_1_544' title='bbox 2806 3235 2950 3288; x_wconf 87' lang='lat' dir='ltr'><strong>sicut</strong></span> <span class='ocrx_word' id='word_1_545' title='bbox 2982 3233 3142 3303; x_wconf 86' lang='lat' dir='ltr'><strong>loqui</strong></span> <span class='ocrx_word' id='word_1_546' title='bbox 3183 3233 3324 3284; x_wconf 89' lang='lat' dir='ltr'><strong>solet</strong></span> <span class='ocrx_word' id='word_1_547' title='bbox 3368 3230 3540 3283; x_wconf 90' lang='lat' dir='ltr'><strong>homo</strong></span> <span class='ocrx_word' id='word_1_548' title='bbox 3586 3229 3651 3282; x_wconf 89' lang='lat' dir='ltr'><strong>ad</strong></span> <span class='ocrx_word' id='word_1_549' title='bbox 3714 3227 3960 3281; x_wconf 89' lang='lat' dir='ltr'><strong>amicum</strong></span> 
     </span>
    </p>
   </div>
   <div class='ocr_carea' id='block_1_78' title="bbox 2279 3314 3963 3391">
    <p class='ocr_par' dir='ltr' id='par_1_78' title="bbox 2279 3314 3963 3391">
     <span class='ocr_line' id='line_1_78' title="bbox 2279 3314 3963 3391; baseline -0.009 -10"><span class='ocrx_word' id='word_1_550' title='bbox 2279 3323 2653 3381; x_wconf 22' lang='lat' dir='ltr'><strong>sunm.‘\v&#39;idit</strong></span> <span class='ocrx_word' id='word_1_551' title='bbox 2687 3327 2789 3379; x_wconf 88' lang='lat' dir='ltr'><strong>.Iob</strong></span> <span class='ocrx_word' id='word_1_552' title='bbox 2840 3323 3144 3378; x_wconf 89' lang='lat' dir='ltr'><strong>Dominum</strong></span> <span class='ocrx_word' id='word_1_553' title='bbox 3181 3320 3280 3391; x_wconf 92' lang='lat' dir='ltr'><strong>qui</strong></span> <span class='ocrx_word' id='word_1_554' title='bbox 3327 3320 3506 3373; x_wconf 91' lang='lat' dir='ltr'><strong>dicit:</strong></span> <span class='ocrx_word' id='word_1_555' title='bbox 3551 3317 3763 3373; x_wconf 87' lang='lat' dir='ltr'><strong>Auditu</strong></span> <span class='ocrx_word' id='word_1_556' title='bbox 3807 3314 3963 3368; x_wconf 87' lang='lat' dir='ltr'><strong>auris</strong></span> 
     </span>
    </p>
   </div>
   <div class='ocr_carea' id='block_1_79' title="bbox 2281 3403 3964 3479">
    <p class='ocr_par' dir='ltr' id='par_1_79' title="bbox 2281 3403 3964 3479">
     <span class='ocr_line' id='line_1_79' title="bbox 2281 3403 3964 3479; baseline -0.008 -9"><span class='ocrx_word' id='word_1_557' title='bbox 2281 3415 2472 3470; x_wconf 90' lang='lat' dir='ltr'><strong>audivi</strong></span> <span class='ocrx_word' id='word_1_558' title='bbox 2503 3420 2579 3479; x_wconf 91' lang='lat' dir='ltr'><strong>te,</strong></span> <span class='ocrx_word' id='word_1_559' title='bbox 2615 3430 2767 3467; x_wconf 91' lang='lat' dir='ltr'><strong>nunc</strong></span> <span class='ocrx_word' id='word_1_560' title='bbox 2809 3419 2998 3465; x_wconf 87' lang='lat' dir='ltr'><strong>autem</strong></span> <span class='ocrx_word' id='word_1_561' title='bbox 3043 3411 3240 3464; x_wconf 90' lang='lat' dir='ltr'><strong>oculus</strong></span> <span class='ocrx_word' id='word_1_562' title='bbox 3285 3425 3445 3462; x_wconf 90' lang='lat' dir='ltr'><strong>mens</strong></span> <span class='ocrx_word' id='word_1_563' title='bbox 3494 3407 3642 3460; x_wconf 88' lang='lat' dir='ltr'><strong>videt</strong></span> <span class='ocrx_word' id='word_1_564' title='bbox 3692 3413 3766 3458; x_wconf 92' lang='lat' dir='ltr'><strong>te.</strong></span> <span class='ocrx_word' id='word_1_565' title='bbox 3815 3403 3964 3457; x_wconf 87' lang='lat' dir='ltr'><strong>Vidit</strong></span> 
     </span>
    </p>
   </div>
   <div class='ocr_carea' id='block_1_80' title="bbox 2279 3497 3961 3569">
    <p class='ocr_par' dir='ltr' id='par_1_80' title="bbox 2279 3497 3961 3569">
     <span class='ocr_line' id='line_1_80' title="bbox 2279 3497 3961 3569; baseline -0.007 -12"><span class='ocrx_word' id='word_1_566' title='bbox 2279 3505 2469 3558; x_wconf 79' lang='lat' dir='ltr'><strong>Esaias</strong></span> <span class='ocrx_word' id='word_1_567' title='bbox 2502 3501 2806 3557; x_wconf 86' lang='lat' dir='ltr'><strong>Dominum</strong></span> <span class='ocrx_word' id='word_1_568' title='bbox 2841 3501 2939 3569; x_wconf 91' lang='lat' dir='ltr'><strong>qui</strong></span> <span class='ocrx_word' id='word_1_569' title='bbox 2968 3499 3045 3551; x_wconf 86' lang='lat' dir='ltr'><strong>ait</strong></span> <span class='ocrx_word' id='word_1_570' title='bbox 3081 3515 3093 3551; x_wconf 89' lang='lat'><strong>:</strong></span> <span class='ocrx_word' id='word_1_571' title='bbox 3128 3501 3289 3551; x_wconf 69' lang='lat' dir='ltr'><strong>Anno</strong></span> <span class='ocrx_word' id='word_1_572' title='bbox 3319 3512 3430 3566; x_wconf 90' lang='lat' dir='ltr'><strong>quo</strong></span> <span class='ocrx_word' id='word_1_573' title='bbox 3464 3501 3720 3548; x_wconf 91' lang='lat' dir='ltr'><strong>mortuus</strong></span> <span class='ocrx_word' id='word_1_574' title='bbox 3752 3497 3834 3546; x_wconf 92' lang='lat' dir='ltr'><strong>est</strong></span> <span class='ocrx_word' id='word_1_575' title='bbox 3864 3507 3961 3546; x_wconf 86' lang='lat' dir='ltr'><strong>rex</strong></span> 
     </span>
    </p>
   </div>
   <div class='ocr_carea' id='block_1_81' title="bbox 2280 3581 3963 3657">
    <p class='ocr_par' dir='ltr' id='par_1_81' title="bbox 2280 3581 3963 3657">
     <span class='ocr_line' id='line_1_81' title="bbox 2280 3581 3963 3657; baseline -0.008 -11"><span class='ocrx_word' id='word_1_576' title='bbox 2280 3593 2463 3657; x_wconf 87' lang='lat' dir='ltr'><strong>Ozias,</strong></span> <span class='ocrx_word' id='word_1_577' title='bbox 2493 3590 2607 3643; x_wconf 90' lang='lat' dir='ltr'><strong>vidi</strong></span> <span class='ocrx_word' id='word_1_578' title='bbox 2640 3588 2943 3643; x_wconf 89' lang='lat' dir='ltr'><strong>Dominum</strong></span> <span class='ocrx_word' id='word_1_579' title='bbox 2990 3586 3280 3639; x_wconf 90' lang='lat' dir='ltr'><strong>sedentem</strong></span> <span class='ocrx_word' id='word_1_580' title='bbox 3323 3599 3495 3653; x_wconf 89' lang='lat' dir='ltr'><strong>super</strong></span> <span class='ocrx_word' id='word_1_581' title='bbox 3540 3582 3748 3635; x_wconf 88' lang='lat' dir='ltr'><strong>solium</strong></span> <span class='ocrx_word' id='word_1_582' title='bbox 3785 3581 3963 3635; x_wconf 80' lang='lat' dir='ltr'><strong>excel-</strong></span> 
     </span>
    </p>
   </div>
   <div class='ocr_carea' id='block_1_82' title="bbox 2281 3669 3959 3745">
    <p class='ocr_par' dir='ltr' id='par_1_82' title="bbox 2281 3669 3959 3745">
     <span class='ocr_line' id='line_1_82' title="bbox 2281 3669 3959 3745; baseline -0.007 -11"><span class='ocrx_word' id='word_1_583' title='bbox 2281 3697 2429 3745; x_wconf 90' lang='lat' dir='ltr'><strong>sum,</strong></span> <span class='ocrx_word' id='word_1_584' title='bbox 2455 3686 2512 3732; x_wconf 90' lang='lat' dir='ltr'><strong>et</strong></span> <span class='ocrx_word' id='word_1_585' title='bbox 2540 3680 2846 3731; x_wconf 87' lang='lat' dir='ltr'><strong>elevatum.</strong></span> <span class='ocrx_word' id='word_1_586' title='bbox 2872 3676 3023 3727; x_wconf 77' lang='lat' dir='ltr'><strong>Vidit</strong></span> <span class='ocrx_word' id='word_1_587' title='bbox 3051 3673 3290 3728; x_wconf 72' lang='lat' dir='ltr'><strong>Micheas</strong></span> <span class='ocrx_word' id='word_1_588' title='bbox 3320 3670 3626 3724; x_wconf 89' lang='lat' dir='ltr'><strong>Dominum</strong></span> <span class='ocrx_word' id='word_1_589' title='bbox 3657 3670 3756 3740; x_wconf 91' lang='lat' dir='ltr'><strong>qui</strong></span> <span class='ocrx_word' id='word_1_590' title='bbox 3787 3669 3923 3723; x_wconf 91' lang='lat' dir='ltr'><strong>dicit</strong></span> <span class='ocrx_word' id='word_1_591' title='bbox 3947 3685 3959 3723; x_wconf 94' lang='lat'><strong>:</strong></span> 
     </span>
    </p>
   </div>
   <div class='ocr_carea' id='block_1_83' title="bbox 2279 3759 3966 3830">
    <p class='ocr_par' dir='ltr' id='par_1_83' title="bbox 2279 3759 3966 3830">
     <span class='ocr_line' id='line_1_83' title="bbox 2279 3759 3966 3830; baseline -0.007 -8"><span class='ocrx_word' id='word_1_592' title='bbox 2279 3768 2405 3822; x_wconf 93' lang='lat' dir='ltr'><strong>Vidi</strong></span> <span class='ocrx_word' id='word_1_593' title='bbox 2453 3767 2753 3820; x_wconf 90' lang='lat' dir='ltr'><strong>Dominum</strong></span> <span class='ocrx_word' id='word_1_594' title='bbox 2815 3763 3103 3818; x_wconf 87' lang='lat' dir='ltr'><strong>sedentem</strong></span> <span class='ocrx_word' id='word_1_595' title='bbox 3149 3776 3318 3830; x_wconf 90' lang='lat' dir='ltr'><strong>super</strong></span> <span class='ocrx_word' id='word_1_596' title='bbox 3367 3759 3569 3812; x_wconf 89' lang='lat' dir='ltr'><strong>solium</strong></span> <span class='ocrx_word' id='word_1_597' title='bbox 3638 3773 3852 3812; x_wconf 89' lang='lat' dir='ltr'><strong>suum:</strong></span> <span class='ocrx_word' id='word_1_598' title='bbox 3909 3762 3966 3812; x_wconf 86' lang='lat' dir='ltr'><strong>et</strong></span> 
     </span>
    </p>
   </div>
   <div class='ocr_carea' id='block_1_84' title="bbox 2281 3847 3964 3912">
    <p class='ocr_par' dir='ltr' id='par_1_84' title="bbox 2281 3847 3964 3912">
     <span class='ocr_line' id='line_1_84' title="bbox 2281 3847 3964 3912; baseline -0.008 -1"><span class='ocrx_word' id='word_1_599' title='bbox 2281 3872 2512 3912; x_wconf 85' lang='lat' dir='ltr'><strong>omnem</strong></span> <span class='ocrx_word' id='word_1_600' title='bbox 2563 3854 2872 3908; x_wconf 84' lang='lat' dir='ltr'><strong>exercitum</strong></span> <span class='ocrx_word' id='word_1_601' title='bbox 2921 3851 3046 3906; x_wconf 69' lang='lat' dir='ltr'><strong>coeli</strong></span> <span class='ocrx_word' id='word_1_602' title='bbox 3096 3856 3373 3904; x_wconf 88' lang='lat' dir='ltr'><strong>astantem</strong></span> <span class='ocrx_word' id='word_1_603' title='bbox 3404 3848 3455 3901; x_wconf 87' lang='lat' dir='ltr'><strong>ei</strong></span> <span class='ocrx_word' id='word_1_604' title='bbox 3486 3865 3517 3901; x_wconf 87' lang='lat' dir='ltr'><strong>a</strong></span> <span class='ocrx_word' id='word_1_605' title='bbox 3565 3847 3794 3909; x_wconf 80' lang='lat' dir='ltr'><strong>dextris,</strong></span> <span class='ocrx_word' id='word_1_606' title='bbox 3830 3849 3886 3899; x_wconf 90' lang='lat' dir='ltr'><strong>et</strong></span> <span class='ocrx_word' id='word_1_607' title='bbox 3932 3860 3964 3898; x_wconf 84' lang='lat' dir='ltr'><strong>a</strong></span> 
     </span>
    </p>
   </div>
   <div class='ocr_carea' id='block_1_85' title="bbox 2281 3935 3963 4011">
    <p class='ocr_par' dir='ltr' id='par_1_85' title="bbox 2281 3935 3963 4011">
     <span class='ocr_line' id='line_1_85' title="bbox 2281 3935 3963 4011; baseline -0.008 -11"><span class='ocrx_word' id='word_1_608' title='bbox 2281 3945 2545 4000; x_wconf 88' lang='lat' dir='ltr'><strong>sinistris.</strong></span> <span class='ocrx_word' id='word_1_609' title='bbox 2569 3943 2710 4008; x_wconf 86' lang='lat' dir='ltr'><strong>Quid</strong></span> <span class='ocrx_word' id='word_1_610' title='bbox 2739 3948 2822 3996; x_wconf 88' lang='lat' dir='ltr'><strong>est</strong></span> <span class='ocrx_word' id='word_1_611' title='bbox 2839 3957 2975 4011; x_wconf 89' lang='lat' dir='ltr'><strong>ergo</strong></span> <span class='ocrx_word' id='word_1_612' title='bbox 2995 3941 3147 4011; x_wconf 90' lang='lat' dir='ltr'><strong>quod</strong></span> <span class='ocrx_word' id='word_1_613' title='bbox 3170 3936 3610 3992; x_wconf 80' lang='lat' dir='ltr'><strong>tot&#39;I‘estamenti</strong></span> <span class='ocrx_word' id='word_1_614' title='bbox 3631 3935 3841 3988; x_wconf 89' lang='lat' dir='ltr'><strong>Veteris</strong></span> <span class='ocrx_word' id='word_1_615' title='bbox 3858 3951 3963 4004; x_wconf 90' lang='lat' dir='ltr'><strong>pa-</strong></span> 
     </span>
    </p>
   </div>
   <div class='ocr_carea' id='block_1_86' title="bbox 2281 4025 3966 4094">
    <p class='ocr_par' dir='ltr' id='par_1_86' title="bbox 2281 4025 3966 4094">
     <span class='ocr_line' id='line_1_86' title="bbox 2281 4025 3966 4094; baseline -0.008 -5"><span class='ocrx_word' id='word_1_616' title='bbox 2281 4041 2397 4090; x_wconf 88' lang='lat' dir='ltr'><strong>tres</strong></span> <span class='ocrx_word' id='word_1_617' title='bbox 2449 4035 2625 4088; x_wconf 90' lang='lat' dir='ltr'><strong>Deum</strong></span> <span class='ocrx_word' id='word_1_618' title='bbox 2668 4049 2724 4084; x_wconf 85' lang='lat' dir='ltr'><strong>se</strong></span> <span class='ocrx_word' id='word_1_619' title='bbox 2764 4031 2968 4084; x_wconf 84' lang='lat' dir='ltr'><strong>vidisse</strong></span> <span class='ocrx_word' id='word_1_620' title='bbox 3008 4029 3195 4083; x_wconf 88' lang='lat' dir='ltr'><strong>testati</strong></span> <span class='ocrx_word' id='word_1_621' title='bbox 3239 4032 3392 4094; x_wconf 85' lang='lat' dir='ltr'><strong>sunt,</strong></span> <span class='ocrx_word' id='word_1_622' title='bbox 3438 4030 3492 4078; x_wconf 83' lang='lat' dir='ltr'><strong>ei.</strong></span> <span class='ocrx_word' id='word_1_623' title='bbox 3519 4034 3713 4078; x_wconf 86' lang='lat' dir='ltr'><strong>tamen</strong></span> <span class='ocrx_word' id='word_1_624' title='bbox 3761 4028 3829 4078; x_wconf 90' lang='lat' dir='ltr'><strong>de</strong></span> <span class='ocrx_word' id='word_1_625' title='bbox 3861 4025 3966 4077; x_wconf 89' lang='lat' dir='ltr'><strong>bac</strong></span> 
     </span>
    </p>
   </div>
   <div class='ocr_carea' id='block_1_87' title="bbox 2282 4111 3964 4194">
    <p class='ocr_par' dir='ltr' id='par_1_87' title="bbox 2282 4111 3964 4194">
     <span class='ocr_line' id='line_1_87' title="bbox 2282 4111 3964 4194; baseline -0.007 -16"><span class='ocrx_word' id='word_1_626' title='bbox 2282 4124 2562 4194; x_wconf 88' lang='lat' dir='ltr'><strong>sapientia</strong></span> <span class='ocrx_word' id='word_1_627' title='bbox 2590 4137 2717 4191; x_wconf 70' lang='lat' dir='ltr'><strong>quae</strong></span> <span class='ocrx_word' id='word_1_628' title='bbox 2752 4121 2900 4174; x_wconf 90' lang='lat' dir='ltr'><strong>Deus</strong></span> <span class='ocrx_word' id='word_1_629' title='bbox 2947 4125 3032 4172; x_wconf 89' lang='lat' dir='ltr'><strong>est</strong></span> <span class='ocrx_word' id='word_1_630' title='bbox 3080 4117 3285 4172; x_wconf 89' lang='lat' dir='ltr'><strong>dicitur</strong></span> <span class='ocrx_word' id='word_1_631' title='bbox 3322 4132 3334 4170; x_wconf 94' lang='lat'><strong>:</strong></span> <span class='ocrx_word' id='word_1_632' title='bbox 3386 4112 3732 4169; x_wconf 80' lang='lat' dir='ltr'><strong>Abscondita</strong></span> <span class='ocrx_word' id='word_1_633' title='bbox 3774 4117 3859 4165; x_wconf 85' lang='lat' dir='ltr'><strong>est</strong></span> <span class='ocrx_word' id='word_1_634' title='bbox 3894 4111 3964 4166; x_wconf 82' lang='lat' dir='ltr'><strong>ab</strong></span> 
     </span>
    </p>
   </div>
   <div class='ocr_carea' id='block_1_88' title="bbox 2283 4200 3964 4271">
    <p class='ocr_par' dir='ltr' id='par_1_88' title="bbox 2283 4200 3964 4271">
     <span class='ocr_line' id='line_1_88' title="bbox 2283 4200 3964 4271; baseline -0.007 -5"><span class='ocrx_word' id='word_1_635' title='bbox 2283 4213 2460 4266; x_wconf 90' lang='lat' dir='ltr'><strong>oculis</strong></span> <span class='ocrx_word' id='word_1_636' title='bbox 2519 4211 2777 4264; x_wconf 89' lang='lat' dir='ltr'><strong>omnium</strong></span> <span class='ocrx_word' id='word_1_637' title='bbox 2836 4207 3170 4271; x_wconf 88' lang='lat' dir='ltr'><strong>viventium,</strong></span> <span class='ocrx_word' id='word_1_638' title='bbox 3228 4216 3284 4258; x_wconf 90' lang='lat' dir='ltr'><strong>et</strong></span> <span class='ocrx_word' id='word_1_639' title='bbox 3318 4205 3561 4258; x_wconf 82' lang='lat' dir='ltr'><strong>Joannes</strong></span> <span class='ocrx_word' id='word_1_640' title='bbox 3605 4200 3730 4254; x_wconf 88' lang='lat' dir='ltr'><strong>ait:</strong></span> <span class='ocrx_word' id='word_1_641' title='bbox 3787 4201 3964 4254; x_wconf 90' lang='lat' dir='ltr'><strong>Deum</strong></span> 
     </span>
    </p>
   </div>
   <div class='ocr_carea' id='block_1_89' title="bbox 463 4285 2276 4373">
    <p class='ocr_par' dir='ltr' id='par_1_89' title="bbox 463 4285 2244 4373">
     <span class='ocr_line' id='line_1_89' title="bbox 463 4285 2244 4373; baseline -0.003 -30"><span class='ocrx_word' id='word_1_642' title='bbox 463 4289 609 4343; x_wconf 72' lang='lat' dir='ltr'><strong>Car.</strong></span> <span class='ocrx_word' id='word_1_643' title='bbox 663 4286 942 4340; x_wconf 83' lang='lat' dir='ltr'><strong>LXXXVII.</strong></span> <span class='ocrx_word' id='word_1_644' title='bbox 975 4317 1042 4325; x_wconf 88' lang='lat'><strong>-—-</strong></span> <span class='ocrx_word' id='word_1_645' title='bbox 1065 4286 1216 4351; x_wconf 83' lang='lat' dir='ltr'><strong>Quod</strong></span> <span class='ocrx_word' id='word_1_646' title='bbox 1253 4289 1594 4353; x_wconf 82' lang='lat' dir='ltr'><strong>incorporeus</strong></span> <span class='ocrx_word' id='word_1_647' title='bbox 1630 4287 1864 4354; x_wconf 80' lang='lat' dir='ltr'><strong>spiritus</strong></span> <span class='ocrx_word' id='word_1_648' title='bbox 1892 4285 2170 4353; x_wconf 62' lang='lat' dir='ltr'><strong>vivi/(cure</strong></span> <span class='ocrx_word' id='word_1_649' title='bbox 2202 4320 2244 4373; x_wconf 68' lang='grc' dir='ltr'><strong>Β</strong></span> 
     </span>
    </p>
   </div>
   <div class='ocr_carea' id='block_1_90' title="bbox 2154 4285 3967 4373">
    <p class='ocr_par' dir='ltr' id='par_1_90' title="bbox 2154 4288 3967 4373">
     <span class='ocr_line' id='line_1_90' title="bbox 2154 4288 3967 4373; baseline -0.009 -18"><span class='ocrx_word' id='word_1_650' title='bbox 2154 4304 2244 4373; x_wconf 50' lang='lat' dir='ltr'><strong>BD</strong></span> <span class='ocrx_word' id='word_1_651' title='bbox 2284 4317 2453 4354; x_wconf 90' lang='lat' dir='ltr'><strong>nemo</strong></span> <span class='ocrx_word' id='word_1_652' title='bbox 2484 4300 2625 4354; x_wconf 85' lang='lat' dir='ltr'><strong>vidit</strong></span> <span class='ocrx_word' id='word_1_653' title='bbox 2653 4313 2940 4367; x_wconf 87' lang='lat' dir='ltr'><strong>unquam;</strong></span> <span class='ocrx_word' id='word_1_654' title='bbox 2992 4295 3097 4348; x_wconf 91' lang='lat' dir='ltr'><strong>nisi</strong></span> <span class='ocrx_word' id='word_1_655' title='bbox 3153 4295 3260 4347; x_wconf 89' lang='lat' dir='ltr'><strong>hoc</strong></span> <span class='ocrx_word' id='word_1_656' title='bbox 3305 4293 3454 4362; x_wconf 89' lang='lat' dir='ltr'><strong>quod</strong></span> <span class='ocrx_word' id='word_1_657' title='bbox 3498 4297 3760 4360; x_wconf 88' lang='lat' dir='ltr'><strong>patenter</strong></span> <span class='ocrx_word' id='word_1_658' title='bbox 3801 4288 3967 4342; x_wconf 88' lang='lat' dir='ltr'><strong>datur</strong></span> 
     </span>
    </p>
   </div>
   <div class='ocr_carea' id='block_1_91' title="bbox 536 4373 2168 4444">
    <p class='ocr_par' dir='ltr' id='par_1_91' title="bbox 536 4373 2168 4444">
     <span class='ocr_line' id='line_1_91' title="bbox 536 4373 2168 4444; baseline -0.001 -16"><span class='ocrx_word' id='word_1_659' title='bbox 536 4376 746 4444; x_wconf 82' lang='lat' dir='ltr'><strong>possit,</strong></span> <span class='ocrx_word' id='word_1_660' title='bbox 779 4378 831 4426; x_wconf 88' lang='lat' dir='ltr'><strong>et</strong></span> <span class='ocrx_word' id='word_1_661' title='bbox 861 4373 939 4427; x_wconf 84' lang='lat' dir='ltr'><strong>ibi</strong></span> <span class='ocrx_word' id='word_1_662' title='bbox 971 4375 1138 4427; x_wconf 83' lang='lat' dir='ltr'><strong>teneri</strong></span> <span class='ocrx_word' id='word_1_663' title='bbox 1184 4375 1278 4426; x_wconf 84' lang='lat' dir='ltr'><strong>ubi</strong></span> <span class='ocrx_word' id='word_1_664' title='bbox 1326 4389 1362 4426; x_wconf 88' lang='lat' dir='ltr'><strong>a</strong></span> <span class='ocrx_word' id='word_1_665' title='bbox 1416 4388 1664 4442; x_wconf 82' lang='lat' dir='ltr'><strong>corporeo</strong></span> <span class='ocrx_word' id='word_1_666' title='bbox 1722 4375 2000 4426; x_wconf 86' lang='lat' dir='ltr'><strong>cruciatur</strong></span> <span class='ocrx_word' id='word_1_667' title='bbox 2028 4376 2168 4439; x_wconf 84' lang='lat' dir='ltr'><strong>igne.</strong></span> 
     </span>
    </p>
   </div>
   <div class='ocr_carea' id='block_1_92' title="bbox 543 4461 2169 4532">
    <p class='ocr_par' dir='ltr' id='par_1_92' title="bbox 543 4461 2169 4532">
     <span class='ocr_line' id='line_1_92' title="bbox 543 4461 2169 4532; baseline -0.003 -15"><span class='ocrx_word' id='word_1_668' title='bbox 543 4463 666 4532; x_wconf 79' lang='lat' dir='ltr'><strong>(Ea:</strong></span> <span class='ocrx_word' id='word_1_669' title='bbox 731 4461 936 4528; x_wconf 82' lang='lat' dir='ltr'><strong>dialog.</strong></span> <span class='ocrx_word' id='word_1_670' title='bbox 1004 4463 1297 4529; x_wconf 67' lang='lat' dir='ltr'><strong>Gregorii.)</strong></span> <span class='ocrx_word' id='word_1_671' title='bbox 1368 4462 1424 4516; x_wconf 87' lang='lat' dir='ltr'><strong>Si</strong></span> <span class='ocrx_word' id='word_1_672' title='bbox 1493 4461 1862 4528; x_wconf 87' lang='lat' dir='ltr'><strong>incorporeus</strong></span> <span class='ocrx_word' id='word_1_673' title='bbox 1919 4461 2169 4529; x_wconf 89' lang='lat' dir='ltr'><strong>spiritus,</strong></span> 
     </span>
    </p>
   </div>
   <div class='ocr_carea' id='block_1_93' title="bbox 462 4548 2172 4619">
    <p class='ocr_par' dir='ltr' id='par_1_93' title="bbox 462 4548 2172 4619">
     <span class='ocr_line' id='line_1_93' title="bbox 462 4548 2172 4619; baseline -0.002 -13"><span class='ocrx_word' id='word_1_674' title='bbox 462 4554 672 4615; x_wconf 88' lang='lat' dir='ltr'><strong>Petre,</strong></span> <span class='ocrx_word' id='word_1_675' title='bbox 704 4549 761 4602; x_wconf 92' lang='lat' dir='ltr'><strong>in</strong></span> <span class='ocrx_word' id='word_1_676' title='bbox 792 4550 896 4603; x_wconf 91' lang='lat' dir='ltr'><strong>hoc</strong></span> <span class='ocrx_word' id='word_1_677' title='bbox 935 4552 1113 4602; x_wconf 86' lang='lat' dir='ltr'><strong>teneri</strong></span> <span class='ocrx_word' id='word_1_678' title='bbox 1146 4552 1329 4619; x_wconf 86' lang='lat' dir='ltr'><strong>potest</strong></span> <span class='ocrx_word' id='word_1_679' title='bbox 1359 4548 1511 4618; x_wconf 89' lang='lat' dir='ltr'><strong>quod</strong></span> <span class='ocrx_word' id='word_1_680' title='bbox 1546 4548 1808 4613; x_wconf 88' lang='lat' dir='ltr'><strong>viviticat,</strong></span> <span class='ocrx_word' id='word_1_681' title='bbox 1849 4564 2026 4617; x_wconf 88' lang='lat' dir='ltr'><strong>quare</strong></span> <span class='ocrx_word' id='word_1_682' title='bbox 2058 4565 2172 4602; x_wconf 91' lang='lat' dir='ltr'><strong>non</strong></span> 
     </span>
    </p>
   </div>
   <div class='ocr_carea' id='block_1_94' title="bbox 459 4635 2170 4710">
    <p class='ocr_par' dir='ltr' id='par_1_94' title="bbox 459 4635 2170 4710">
     <span class='ocr_line' id='line_1_94' title="bbox 459 4635 2170 4710; baseline -0.002 -17"><span class='ocrx_word' id='word_1_683' title='bbox 459 4637 790 4710; x_wconf 63' lang='lat' dir='ltr'><strong>poenaliter</strong></span> <span class='ocrx_word' id='word_1_684' title='bbox 818 4642 875 4690; x_wconf 89' lang='lat' dir='ltr'><strong>et</strong></span> <span class='ocrx_word' id='word_1_685' title='bbox 904 4637 982 4690; x_wconf 89' lang='lat' dir='ltr'><strong>ibi</strong></span> <span class='ocrx_word' id='word_1_686' title='bbox 1004 4643 1264 4690; x_wconf 89' lang='lat' dir='ltr'><strong>teneatur</strong></span> <span class='ocrx_word' id='word_1_687' title='bbox 1292 4636 1385 4690; x_wconf 87' lang='lat' dir='ltr'><strong>ubi</strong></span> <span class='ocrx_word' id='word_1_688' title='bbox 1411 4635 1829 4690; x_wconf 80' lang='lat' dir='ltr'><strong>mortiﬁcatnr?</strong></span> <span class='ocrx_word' id='word_1_689' title='bbox 1855 4636 2055 4689; x_wconf 83' lang='lat' dir='ltr'><strong>Teneri</strong></span> <span class='ocrx_word' id='word_1_690' title='bbox 2073 4653 2170 4690; x_wconf 86' lang='lat' dir='ltr'><strong>au-</strong></span> 
     </span>
    </p>
   </div>
   <div class='ocr_carea' id='block_1_95' title="bbox 458 4723 2171 4796">
    <p class='ocr_par' dir='ltr' id='par_1_95' title="bbox 458 4723 2171 4796">
     <span class='ocr_line' id='line_1_95' title="bbox 458 4723 2171 4796; baseline -0.004 -14"><span class='ocrx_word' id='word_1_691' title='bbox 458 4733 595 4782; x_wconf 88' lang='lat' dir='ltr'><strong>tem</strong></span> <span class='ocrx_word' id='word_1_692' title='bbox 629 4741 732 4796; x_wconf 86' lang='lat' dir='ltr'><strong>per</strong></span> <span class='ocrx_word' id='word_1_693' title='bbox 763 4725 956 4795; x_wconf 90' lang='lat' dir='ltr'><strong>ignem</strong></span> <span class='ocrx_word' id='word_1_694' title='bbox 990 4725 1251 4795; x_wconf 89' lang='lat' dir='ltr'><strong>spiritum</strong></span> <span class='ocrx_word' id='word_1_695' title='bbox 1285 4724 1533 4778; x_wconf 90' lang='lat' dir='ltr'><strong>hominis</strong></span> <span class='ocrx_word' id='word_1_696' title='bbox 1573 4723 1816 4778; x_wconf 90' lang='lat' dir='ltr'><strong>dicimus</strong></span> <span class='ocrx_word' id='word_1_697' title='bbox 1849 4739 1862 4776; x_wconf 92' lang='lat'><strong>:</strong></span> <span class='ocrx_word' id='word_1_698' title='bbox 1898 4725 2029 4777; x_wconf 92' lang='lat' dir='ltr'><strong>utin</strong></span> <span class='ocrx_word' id='word_1_699' title='bbox 2060 4729 2171 4777; x_wconf 86' lang='lat' dir='ltr'><strong>tor-</strong></span> 
     </span>
    </p>
   </div>
   <div class='ocr_carea' id='block_1_96' title="bbox 456 4810 2160 4883">
    <p class='ocr_par' dir='ltr' id='par_1_96' title="bbox 456 4810 2160 4883">
     <span class='ocr_line' id='line_1_96' title="bbox 456 4810 2160 4883; baseline -0.002 -15"><span class='ocrx_word' id='word_1_700' title='bbox 456 4819 680 4868; x_wconf 86' lang='lat' dir='ltr'><strong>mento</strong></span> <span class='ocrx_word' id='word_1_701' title='bbox 711 4813 859 4883; x_wconf 85' lang='lat' dir='ltr'><strong>ignis</strong></span> <span class='ocrx_word' id='word_1_702' title='bbox 889 4813 961 4865; x_wconf 91' lang='lat' dir='ltr'><strong>sit</strong></span> <span class='ocrx_word' id='word_1_703' title='bbox 991 4813 1227 4865; x_wconf 88' lang='lat' dir='ltr'><strong>vivendo</strong></span> <span class='ocrx_word' id='word_1_704' title='bbox 1248 4817 1420 4881; x_wconf 89' lang='lat' dir='ltr'><strong>atque</strong></span> <span class='ocrx_word' id='word_1_705' title='bbox 1443 4810 1759 4865; x_wconf 88' lang='lat' dir='ltr'><strong>sentiendo.</strong></span> <span class='ocrx_word' id='word_1_706' title='bbox 1787 4811 1982 4880; x_wconf 85' lang='lat' dir='ltr'><strong>Ignem</strong></span> <span class='ocrx_word' id='word_1_707' title='bbox 2011 4828 2160 4864; x_wconf 89' lang='lat' dir='ltr'><strong>nam-</strong></span> 
     </span>
    </p>
   </div>
   <div class='ocr_carea' id='block_1_97' title="bbox 453 4899 2172 4974">
    <p class='ocr_par' dir='ltr' id='par_1_97' title="bbox 453 4899 2172 4974">
     <span class='ocr_line' id='line_1_97' title="bbox 453 4899 2172 4974; baseline -0.003 -18"><span class='ocrx_word' id='word_1_708' title='bbox 453 4919 584 4974; x_wconf 86' lang='lat' dir='ltr'><strong>que</strong></span> <span class='ocrx_word' id='word_1_709' title='bbox 619 4918 688 4954; x_wconf 87' lang='lat' dir='ltr'><strong>eo</strong></span> <span class='ocrx_word' id='word_1_710' title='bbox 722 4903 844 4970; x_wconf 91' lang='lat' dir='ltr'><strong>ipso</strong></span> <span class='ocrx_word' id='word_1_711' title='bbox 873 4901 1084 4970; x_wconf 87' lang='lat' dir='ltr'><strong>patitur</strong></span> <span class='ocrx_word' id='word_1_712' title='bbox 1111 4917 1224 4969; x_wconf 92' lang='lat' dir='ltr'><strong>quo</strong></span> <span class='ocrx_word' id='word_1_713' title='bbox 1251 4899 1400 4954; x_wconf 85' lang='lat' dir='ltr'><strong>videt</strong></span> <span class='ocrx_word' id='word_1_714' title='bbox 1426 4915 1438 4952; x_wconf 93' lang='lat'><strong>:</strong></span> <span class='ocrx_word' id='word_1_715' title='bbox 1474 4904 1531 4953; x_wconf 86' lang='lat' dir='ltr'><strong>et</strong></span> <span class='ocrx_word' id='word_1_716' title='bbox 1552 4899 1688 4968; x_wconf 88' lang='lat' dir='ltr'><strong>quia</strong></span> <span class='ocrx_word' id='word_1_717' title='bbox 1719 4900 2072 4952; x_wconf 84' lang='lat' dir='ltr'><strong>concremari</strong></span> <span class='ocrx_word' id='word_1_718' title='bbox 2115 4916 2172 4952; x_wconf 90' lang='lat' dir='ltr'><strong>se</strong></span> 
     </span>
    </p>
   </div>
   <div class='ocr_carea' id='block_1_98' title="bbox 2281 4375 3968 4456">
    <p class='ocr_par' dir='ltr' id='par_1_98' title="bbox 2281 4375 3968 4456">
     <span class='ocr_line' id='line_1_98' title="bbox 2281 4375 3968 4456; baseline -0.008 -15"><span class='ocrx_word' id='word_1_719' title='bbox 2281 4387 2543 4456; x_wconf 82' lang='lat' dir='ltr'><strong>intelligi,</strong></span> <span class='ocrx_word' id='word_1_720' title='bbox 2575 4386 2710 4455; x_wconf 79' lang='lat' dir='ltr'><strong>quia</strong></span> <span class='ocrx_word' id='word_1_721' title='bbox 2734 4385 3008 4453; x_wconf 89' lang='lat' dir='ltr'><strong>quamdiu</strong></span> <span class='ocrx_word' id='word_1_722' title='bbox 3041 4383 3130 4436; x_wconf 92' lang='lat' dir='ltr'><strong>hic</strong></span> <span class='ocrx_word' id='word_1_723' title='bbox 3162 4381 3478 4435; x_wconf 88' lang='lat' dir='ltr'><strong>mortaliter</strong></span> <span class='ocrx_word' id='word_1_724' title='bbox 3520 4379 3744 4445; x_wconf 91' lang='lat' dir='ltr'><strong>vivitur,</strong></span> <span class='ocrx_word' id='word_1_725' title='bbox 3791 4375 3968 4431; x_wconf 90' lang='lat' dir='ltr'><strong>videri</strong></span> 
     </span>
    </p>
   </div>
   <div class='ocr_carea' id='block_1_99' title="bbox 2280 4465 3964 4546">
    <p class='ocr_par' dir='ltr' id='par_1_99' title="bbox 2280 4465 3964 4546">
     <span class='ocr_line' id='line_1_99' title="bbox 2280 4465 3964 4546; baseline -0.007 -18"><span class='ocrx_word' id='word_1_726' title='bbox 2280 4491 2386 4546; x_wconf 86' lang='lat' dir='ltr'><strong>per</strong></span> <span class='ocrx_word' id='word_1_727' title='bbox 2417 4474 2688 4544; x_wconf 86' lang='lat' dir='ltr'><strong>quasdam</strong></span> <span class='ocrx_word' id='word_1_728' title='bbox 2720 4471 2999 4541; x_wconf 89' lang='lat' dir='ltr'><strong>imagines</strong></span> <span class='ocrx_word' id='word_1_729' title='bbox 3054 4471 3198 4524; x_wconf 88' lang='lat' dir='ltr'><strong>Deus</strong></span> <span class='ocrx_word' id='word_1_730' title='bbox 3240 4474 3447 4538; x_wconf 89' lang='lat' dir='ltr'><strong>potest,</strong></span> <span class='ocrx_word' id='word_1_731' title='bbox 3489 4467 3583 4519; x_wconf 88' lang='lat' dir='ltr'><strong>sed</strong></span> <span class='ocrx_word' id='word_1_732' title='bbox 3632 4481 3734 4535; x_wconf 91' lang='lat' dir='ltr'><strong>per</strong></span> <span class='ocrx_word' id='word_1_733' title='bbox 3783 4465 3964 4536; x_wconf 86' lang='lat' dir='ltr'><strong>ipsam</strong></span> 
     </span>
    </p>
   </div>
   <div class='ocr_carea' id='block_1_100' title="bbox 2283 4551 3968 4630">
    <p class='ocr_par' dir='ltr' id='par_1_100' title="bbox 2283 4551 3968 4630">
     <span class='ocr_line' id='line_1_100' title="bbox 2283 4551 3968 4630; baseline -0.007 -14"><span class='ocrx_word' id='word_1_734' title='bbox 2283 4570 2502 4616; x_wconf 69' lang='lat' dir='ltr'><strong>naturai</strong></span> <span class='ocrx_word' id='word_1_735' title='bbox 2547 4578 2663 4614; x_wconf 73' lang='lat' dir='ltr'><strong>suae</strong></span> <span class='ocrx_word' id='word_1_736' title='bbox 2711 4560 2956 4630; x_wconf 90' lang='lat' dir='ltr'><strong>speciem</strong></span> <span class='ocrx_word' id='word_1_737' title='bbox 3000 4574 3113 4611; x_wconf 91' lang='lat' dir='ltr'><strong>non</strong></span> <span class='ocrx_word' id='word_1_738' title='bbox 3164 4562 3384 4626; x_wconf 88' lang='lat' dir='ltr'><strong>potest:</strong></span> <span class='ocrx_word' id='word_1_739' title='bbox 3438 4561 3499 4608; x_wconf 86' lang='lat' dir='ltr'><strong>ut</strong></span> <span class='ocrx_word' id='word_1_740' title='bbox 3541 4554 3731 4608; x_wconf 88' lang='lat' dir='ltr'><strong>anima</strong></span> <span class='ocrx_word' id='word_1_741' title='bbox 3783 4551 3968 4621; x_wconf 88' lang='lat' dir='ltr'><strong>gratia</strong></span> 
     </span>
    </p>
   </div>
   <div class='ocr_carea' id='block_1_101' title="bbox 2281 4641 3965 4721">
    <p class='ocr_par' dir='ltr' id='par_1_101' title="bbox 2281 4641 3965 4721">
     <span class='ocr_line' id='line_1_101' title="bbox 2281 4641 3965 4721; baseline -0.006 -18"><span class='ocrx_word' id='word_1_742' title='bbox 2281 4651 2514 4721; x_wconf 88' lang='lat' dir='ltr'><strong>spiritus</strong></span> <span class='ocrx_word' id='word_1_743' title='bbox 2537 4649 2749 4714; x_wconf 87' lang='lat' dir='ltr'><strong>afﬂata,</strong></span> <span class='ocrx_word' id='word_1_744' title='bbox 2802 4663 2902 4718; x_wconf 90' lang='lat' dir='ltr'><strong>per</strong></span> <span class='ocrx_word' id='word_1_745' title='bbox 2947 4648 3160 4716; x_wconf 82' lang='lat' dir='ltr'><strong>ﬁguras</strong></span> <span class='ocrx_word' id='word_1_746' title='bbox 3205 4644 3482 4715; x_wconf 83' lang='lat' dir='ltr'><strong>quasdam</strong></span> <span class='ocrx_word' id='word_1_747' title='bbox 3531 4644 3708 4695; x_wconf 88' lang='lat' dir='ltr'><strong>Deum</strong></span> <span class='ocrx_word' id='word_1_748' title='bbox 3755 4641 3965 4706; x_wconf 90' lang='lat' dir='ltr'><strong>videat,</strong></span> 
     </span>
    </p>
   </div>
   <div class='ocr_carea' id='block_1_102' title="bbox 2281 4729 3968 4806">
    <p class='ocr_par' dir='ltr' id='par_1_102' title="bbox 2281 4729 3968 4806">
     <span class='ocr_line' id='line_1_102' title="bbox 2281 4729 3968 4806; baseline -0.005 -18"><span class='ocrx_word' id='word_1_749' title='bbox 2281 4739 2374 4790; x_wconf 86' lang='lat' dir='ltr'><strong>sed</strong></span> <span class='ocrx_word' id='word_1_750' title='bbox 2429 4738 2501 4790; x_wconf 91' lang='lat' dir='ltr'><strong>ad</strong></span> <span class='ocrx_word' id='word_1_751' title='bbox 2547 4739 2726 4806; x_wconf 89' lang='lat' dir='ltr'><strong>ipsam</strong></span> <span class='ocrx_word' id='word_1_752' title='bbox 2784 4736 2896 4788; x_wconf 91' lang='lat' dir='ltr'><strong>vim</strong></span> <span class='ocrx_word' id='word_1_753' title='bbox 2961 4734 3083 4804; x_wconf 85' lang='lat' dir='ltr'><strong>ejus</strong></span> <span class='ocrx_word' id='word_1_754' title='bbox 3144 4733 3405 4786; x_wconf 69' lang='lat' dir='ltr'><strong>essentia:</strong></span> <span class='ocrx_word' id='word_1_755' title='bbox 3466 4747 3579 4784; x_wconf 88' lang='lat' dir='ltr'><strong>non</strong></span> <span class='ocrx_word' id='word_1_756' title='bbox 3638 4729 3968 4799; x_wconf 86' lang='lat' dir='ltr'><strong>pertingat?</strong></span> 
     </span>
    </p>
   </div>
   <div class='ocr_carea' id='block_1_103' title="bbox 2281 4817 3967 4891">
    <p class='ocr_par' dir='ltr' id='par_1_103' title="bbox 2281 4817 3967 4891">
     <span class='ocr_line' id='line_1_103' title="bbox 2281 4817 3967 4891; baseline -0.008 -9"><span class='ocrx_word' id='word_1_757' title='bbox 2281 4826 2424 4881; x_wconf 83' lang='lat' dir='ltr'><strong>Hinc</strong></span> <span class='ocrx_word' id='word_1_758' title='bbox 2469 4829 2549 4878; x_wconf 83' lang='lat' dir='ltr'><strong>est</strong></span> <span class='ocrx_word' id='word_1_759' title='bbox 2606 4823 2761 4877; x_wconf 88' lang='lat' dir='ltr'><strong>enim</strong></span> <span class='ocrx_word' id='word_1_760' title='bbox 2821 4822 2974 4891; x_wconf 89' lang='lat' dir='ltr'><strong>quod</strong></span> <span class='ocrx_word' id='word_1_761' title='bbox 3034 4821 3206 4876; x_wconf 85' lang='lat' dir='ltr'><strong>Jacob</strong></span> <span class='ocrx_word' id='word_1_762' title='bbox 3262 4819 3360 4891; x_wconf 89' lang='lat' dir='ltr'><strong>qui</strong></span> <span class='ocrx_word' id='word_1_763' title='bbox 3419 4821 3595 4874; x_wconf 89' lang='lat' dir='ltr'><strong>Deum</strong></span> <span class='ocrx_word' id='word_1_764' title='bbox 3646 4835 3705 4871; x_wconf 87' lang='lat' dir='ltr'><strong>se</strong></span> <span class='ocrx_word' id='word_1_765' title='bbox 3763 4817 3967 4870; x_wconf 87' lang='lat' dir='ltr'><strong>vidisse</strong></span> 
     </span>
    </p>
   </div>
   <div class='ocr_carea' id='block_1_104' title="bbox 2281 4907 3968 4978">
    <p class='ocr_par' dir='ltr' id='par_1_104' title="bbox 2281 4907 3968 4978">
     <span class='ocr_line' id='line_1_104' title="bbox 2281 4907 3968 4978; baseline -0.005 -11"><span class='ocrx_word' id='word_1_766' title='bbox 2281 4917 2542 4978; x_wconf 81' lang='lat' dir='ltr'><strong>testatur,</strong></span> <span class='ocrx_word' id='word_1_767' title='bbox 2603 4911 2695 4965; x_wconf 83' lang='lat' dir='ltr'><strong>hic</strong></span> <span class='ocrx_word' id='word_1_768' title='bbox 2756 4927 2867 4964; x_wconf 90' lang='lat' dir='ltr'><strong>non</strong></span> <span class='ocrx_word' id='word_1_769' title='bbox 2932 4910 3040 4964; x_wconf 83' lang='lat' dir='ltr'><strong>nisi</strong></span> <span class='ocrx_word' id='word_1_770' title='bbox 3092 4910 3360 4978; x_wconf 83' lang='lat' dir='ltr'><strong>angelum</strong></span> <span class='ocrx_word' id='word_1_771' title='bbox 3440 4907 3599 4961; x_wconf 90' lang='lat' dir='ltr'><strong>vidit.</strong></span> <span class='ocrx_word' id='word_1_772' title='bbox 3686 4907 3824 4960; x_wconf 91' lang='lat' dir='ltr'><strong>Hinc</strong></span> <span class='ocrx_word' id='word_1_773' title='bbox 3882 4909 3968 4958; x_wconf 87' lang='lat' dir='ltr'><strong>est</strong></span> 
     </span>
    </p>
   </div>
   <div class='ocr_carea' id='block_1_105' title="bbox 448 4987 2170 5059">
    <p class='ocr_par' dir='ltr' id='par_1_105' title="bbox 448 4987 2170 5059">
     <span class='ocr_line' id='line_1_105' title="bbox 448 4987 2170 5059; baseline -0.002 -16"><span class='ocrx_word' id='word_1_774' title='bbox 448 4990 702 5059; x_wconf 73' lang='lat' dir='ltr'><strong>aspicit,</strong></span> <span class='ocrx_word' id='word_1_775' title='bbox 733 4995 1038 5042; x_wconf 85' lang='lat' dir='ltr'><strong>crematur.</strong></span> <span class='ocrx_word' id='word_1_776' title='bbox 1072 4989 1276 5058; x_wconf 87' lang='lat' dir='ltr'><strong>Sicque</strong></span> <span class='ocrx_word' id='word_1_777' title='bbox 1306 4989 1370 5042; x_wconf 88' lang='lat' dir='ltr'><strong>ﬂt</strong></span> <span class='ocrx_word' id='word_1_778' title='bbox 1402 4993 1466 5042; x_wconf 92' lang='lat' dir='ltr'><strong>ut</strong></span> <span class='ocrx_word' id='word_1_779' title='bbox 1494 5003 1583 5040; x_wconf 90' lang='lat' dir='ltr'><strong>res</strong></span> <span class='ocrx_word' id='word_1_780' title='bbox 1612 4987 1948 5056; x_wconf 88' lang='lat' dir='ltr'><strong>incorporea</strong></span> <span class='ocrx_word' id='word_1_781' title='bbox 1986 4987 2170 5040; x_wconf 88' lang='lat' dir='ltr'><strong>incor-</strong></span> 
     </span>
    </p>
   </div>
   <div class='ocr_carea' id='block_1_106' title="bbox 445 5076 2167 5151">
    <p class='ocr_par' dir='ltr' id='par_1_106' title="bbox 445 5076 2167 5151">
     <span class='ocr_line' id='line_1_106' title="bbox 445 5076 2167 5151; baseline -0.002 -19"><span class='ocrx_word' id='word_1_782' title='bbox 445 5094 712 5151; x_wconf 81' lang='lat' dir='ltr'><strong>poream</strong></span> <span class='ocrx_word' id='word_1_783' title='bbox 739 5084 958 5143; x_wconf 86' lang='lat' dir='ltr'><strong>exurat,</strong></span> <span class='ocrx_word' id='word_1_784' title='bbox 986 5076 1121 5130; x_wconf 91' lang='lat' dir='ltr'><strong>dum</strong></span> <span class='ocrx_word' id='word_1_785' title='bbox 1153 5092 1216 5130; x_wconf 82' lang='lat' dir='ltr'><strong>ex</strong></span> <span class='ocrx_word' id='word_1_786' title='bbox 1239 5078 1370 5146; x_wconf 88' lang='lat' dir='ltr'><strong>igne</strong></span> <span class='ocrx_word' id='word_1_787' title='bbox 1389 5076 1595 5130; x_wconf 89' lang='lat' dir='ltr'><strong>visibili</strong></span> <span class='ocrx_word' id='word_1_788' title='bbox 1619 5078 1790 5129; x_wconf 88' lang='lat' dir='ltr'><strong>ardor</strong></span> <span class='ocrx_word' id='word_1_789' title='bbox 1809 5092 1872 5129; x_wconf 87' lang='lat' dir='ltr'><strong>ac</strong></span> <span class='ocrx_word' id='word_1_790' title='bbox 1893 5076 2056 5129; x_wconf 92' lang='lat' dir='ltr'><strong>dolor</strong></span> <span class='ocrx_word' id='word_1_791' title='bbox 2081 5076 2167 5128; x_wconf 89' lang='lat' dir='ltr'><strong>in-</strong></span> 
     </span>
    </p>
   </div>
   <div class='ocr_carea' id='block_1_107' title="bbox 445 5165 2166 5234">
    <p class='ocr_par' dir='ltr' id='par_1_107' title="bbox 445 5165 2166 5234">
     <span class='ocr_line' id='line_1_107' title="bbox 445 5165 2166 5234; baseline -0.002 -14"><span class='ocrx_word' id='word_1_792' title='bbox 445 5166 717 5221; x_wconf 85' lang='lat' dir='ltr'><strong>visibilis</strong></span> <span class='ocrx_word' id='word_1_793' title='bbox 747 5166 1019 5220; x_wconf 88' lang='lat' dir='ltr'><strong>trahitur:</strong></span> <span class='ocrx_word' id='word_1_794' title='bbox 1043 5170 1219 5234; x_wconf 89' lang='lat' dir='ltr'><strong>utper</strong></span> <span class='ocrx_word' id='word_1_795' title='bbox 1234 5166 1423 5234; x_wconf 89' lang='lat' dir='ltr'><strong>ignem</strong></span> <span class='ocrx_word' id='word_1_796' title='bbox 1436 5181 1775 5234; x_wconf 88' lang='lat' dir='ltr'><strong>corporeum</strong></span> <span class='ocrx_word' id='word_1_797' title='bbox 1803 5181 1963 5218; x_wconf 90' lang='lat' dir='ltr'><strong>mens</strong></span> <span class='ocrx_word' id='word_1_798' title='bbox 1984 5165 2166 5218; x_wconf 86' lang='lat' dir='ltr'><strong>incor-</strong></span> 
     </span>
    </p>
   </div>
   <div class='ocr_carea' id='block_1_108' title="bbox 443 5252 2170 5327">
    <p class='ocr_par' dir='ltr' id='par_1_108' title="bbox 443 5252 2170 5327">
     <span class='ocr_line' id='line_1_108' title="bbox 443 5252 2170 5327; baseline -0.001 -19"><span class='ocrx_word' id='word_1_799' title='bbox 443 5271 672 5327; x_wconf 84' lang='lat' dir='ltr'><strong>porea,</strong></span> <span class='ocrx_word' id='word_1_800' title='bbox 705 5253 875 5306; x_wconf 90' lang='lat' dir='ltr'><strong>etiam</strong></span> <span class='ocrx_word' id='word_1_801' title='bbox 911 5253 1248 5322; x_wconf 89' lang='lat' dir='ltr'><strong>incorporea</strong></span> <span class='ocrx_word' id='word_1_802' title='bbox 1299 5252 1530 5307; x_wconf 88' lang='lat' dir='ltr'><strong>ﬂamma</strong></span> <span class='ocrx_word' id='word_1_803' title='bbox 1562 5254 1862 5306; x_wconf 88' lang='lat' dir='ltr'><strong>crucietur.</strong></span> <span class='ocrx_word' id='word_1_804' title='bbox 1904 5253 2170 5318; x_wconf 87' lang='lat' dir='ltr'><strong>Quamvis</strong></span> 
     </span>
    </p>
   </div>
   <div class='ocr_carea' id='block_1_109' title="bbox 439 5340 2168 5411">
    <p class='ocr_par' dir='ltr' id='par_1_109' title="bbox 439 5340 2168 5411">
     <span class='ocr_line' id='line_1_109' title="bbox 439 5340 2168 5411; baseline -0.002 -14"><span class='ocrx_word' id='word_1_805' title='bbox 439 5343 747 5411; x_wconf 82' lang='lat' dir='ltr'><strong>colligere</strong></span> <span class='ocrx_word' id='word_1_806' title='bbox 779 5341 942 5395; x_wconf 91' lang='lat' dir='ltr'><strong>dictis</strong></span> <span class='ocrx_word' id='word_1_807' title='bbox 963 5340 1302 5410; x_wconf 85' lang='lat' dir='ltr'><strong>evangelicis</strong></span> <span class='ocrx_word' id='word_1_808' title='bbox 1325 5357 1627 5410; x_wconf 89' lang='lat' dir='ltr'><strong>possumus</strong></span> <span class='ocrx_word' id='word_1_809' title='bbox 1649 5355 1662 5394; x_wconf 86' lang='lat'><strong>:</strong></span> <span class='ocrx_word' id='word_1_810' title='bbox 1687 5341 1822 5410; x_wconf 91' lang='lat' dir='ltr'><strong>quia</strong></span> <span class='ocrx_word' id='word_1_811' title='bbox 1842 5341 2168 5394; x_wconf 87' lang='lat' dir='ltr'><strong>incendium</strong></span> 
     </span>
    </p>
   </div>
   <div class='ocr_carea' id='block_1_110' title="bbox 439 5428 2166 5498">
    <p class='ocr_par' dir='ltr' id='par_1_110' title="bbox 439 5428 2166 5498">
     <span class='ocr_line' id='line_1_110' title="bbox 439 5428 2166 5498; baseline -0.001 -14"><span class='ocrx_word' id='word_1_812' title='bbox 439 5432 801 5484; x_wconf 85' lang='lat' dir='ltr'><strong>animarum</strong></span> <span class='ocrx_word' id='word_1_813' title='bbox 837 5444 952 5481; x_wconf 91' lang='lat' dir='ltr'><strong>non</strong></span> <span class='ocrx_word' id='word_1_814' title='bbox 983 5428 1169 5482; x_wconf 91' lang='lat' dir='ltr'><strong>solum</strong></span> <span class='ocrx_word' id='word_1_815' title='bbox 1196 5428 1463 5494; x_wconf 89' lang='lat' dir='ltr'><strong>videndo,</strong></span> <span class='ocrx_word' id='word_1_816' title='bbox 1498 5429 1595 5481; x_wconf 90' lang='lat' dir='ltr'><strong>sed</strong></span> <span class='ocrx_word' id='word_1_817' title='bbox 1622 5429 1793 5482; x_wconf 88' lang='lat' dir='ltr'><strong>etiam</strong></span> <span class='ocrx_word' id='word_1_818' title='bbox 1825 5429 2166 5498; x_wconf 85' lang='lat' dir='ltr'><strong>experiendo</strong></span> 
     </span>
    </p>
   </div>
   <div class='ocr_carea' id='block_1_111' title="bbox 435 5515 2166 5592">
    <p class='ocr_par' dir='ltr' id='par_1_111' title="bbox 435 5515 2166 5592">
     <span class='ocr_line' id='line_1_111' title="bbox 435 5515 2166 5592; baseline -0.001 -20"><span class='ocrx_word' id='word_1_819' title='bbox 435 5519 709 5592; x_wconf 88' lang='lat' dir='ltr'><strong>patitur.</strong></span> <span class='ocrx_word' id='word_1_820' title='bbox 739 5516 1000 5569; x_wconf 86' lang='lat' dir='ltr'><strong>Veritatis</strong></span> <span class='ocrx_word' id='word_1_821' title='bbox 1016 5515 1227 5569; x_wconf 90' lang='lat' dir='ltr'><strong>etenim</strong></span> <span class='ocrx_word' id='word_1_822' title='bbox 1252 5532 1405 5582; x_wconf 90' lang='lat' dir='ltr'><strong>voce,</strong></span> <span class='ocrx_word' id='word_1_823' title='bbox 1419 5516 1574 5570; x_wconf 81' lang='lat' dir='ltr'><strong>dives</strong></span> <span class='ocrx_word' id='word_1_824' title='bbox 1589 5522 1775 5570; x_wconf 90' lang='lat' dir='ltr'><strong>mortu</strong></span> <span class='ocrx_word' id='word_1_825' title='bbox 1787 5533 1848 5569; x_wconf 91' lang='lat' dir='ltr'><strong>ns</strong></span> <span class='ocrx_word' id='word_1_826' title='bbox 1866 5517 1923 5569; x_wconf 92' lang='lat' dir='ltr'><strong>in</strong></span> <span class='ocrx_word' id='word_1_827' title='bbox 1944 5516 2166 5570; x_wconf 88' lang='lat' dir='ltr'><strong>inferno</strong></span> 
     </span>
    </p>
   </div>
   <div class='ocr_carea' id='block_1_112' title="bbox 437 5603 2163 5674">
    <p class='ocr_par' dir='ltr' id='par_1_112' title="bbox 437 5603 2163 5674">
     <span class='ocr_line' id='line_1_112' title="bbox 437 5603 2163 5674; baseline -0.003 -12"><span class='ocrx_word' id='word_1_828' title='bbox 437 5607 687 5662; x_wconf 83' lang='lat' dir='ltr'><strong>dicitur</strong></span> <span class='ocrx_word' id='word_1_829' title='bbox 718 5605 992 5674; x_wconf 70' lang='lat' dir='ltr'><strong>St-pulIUS.</strong></span> <span class='ocrx_word' id='word_1_830' title='bbox 1025 5604 1198 5671; x_wconf 87' lang='lat' dir='ltr'><strong>Cujus</strong></span> <span class='ocrx_word' id='word_1_831' title='bbox 1231 5604 1424 5657; x_wconf 90' lang='lat' dir='ltr'><strong>anima</strong></span> <span class='ocrx_word' id='word_1_832' title='bbox 1449 5603 1581 5673; x_wconf 88' lang='lat' dir='ltr'><strong>quia</strong></span> <span class='ocrx_word' id='word_1_833' title='bbox 1615 5604 1674 5656; x_wconf 89' lang='lat' dir='ltr'><strong>in</strong></span> <span class='ocrx_word' id='word_1_834' title='bbox 1722 5604 1852 5673; x_wconf 87' lang='lat' dir='ltr'><strong>igne</strong></span> <span class='ocrx_word' id='word_1_835' title='bbox 1882 5610 2163 5668; x_wconf 84' lang='lat' dir='ltr'><strong>teneatur,</strong></span> 
     </span>
    </p>
   </div>
   <div class='ocr_carea' id='block_1_113' title="bbox 2281 4989 3964 5068">
    <p class='ocr_par' dir='ltr' id='par_1_113' title="bbox 2281 4989 3964 5068">
     <span class='ocr_line' id='line_1_113' title="bbox 2281 4989 3964 5068; baseline -0.005 -18"><span class='ocrx_word' id='word_1_836' title='bbox 2281 4997 2432 5068; x_wconf 86' lang='lat' dir='ltr'><strong>quod</strong></span> <span class='ocrx_word' id='word_1_837' title='bbox 2503 4997 2680 5050; x_wconf 72' lang='lat' dir='ltr'><strong>Moses</strong></span> <span class='ocrx_word' id='word_1_838' title='bbox 2737 4995 2838 5064; x_wconf 89' lang='lat' dir='ltr'><strong>qui</strong></span> <span class='ocrx_word' id='word_1_839' title='bbox 2904 5010 3034 5048; x_wconf 89' lang='lat' dir='ltr'><strong>cum</strong></span> <span class='ocrx_word' id='word_1_840' title='bbox 3101 4995 3212 5047; x_wconf 91' lang='lat' dir='ltr'><strong>Deo</strong></span> <span class='ocrx_word' id='word_1_841' title='bbox 3271 4993 3411 5046; x_wconf 83' lang='lat' dir='ltr'><strong>facie</strong></span> <span class='ocrx_word' id='word_1_842' title='bbox 3478 4993 3546 5045; x_wconf 90' lang='lat' dir='ltr'><strong>ad</strong></span> <span class='ocrx_word' id='word_1_843' title='bbox 3611 4991 3812 5045; x_wconf 79' lang='lat' dir='ltr'><strong>faciem</strong></span> <span class='ocrx_word' id='word_1_844' title='bbox 3880 4989 3964 5042; x_wconf 78' lang='lat' dir='ltr'><strong>lo-</strong></span> 
     </span>
    </p>
   </div>
   <div class='ocr_carea' id='block_1_114' title="bbox 2280 5079 3962 5154">
    <p class='ocr_par' dir='ltr' id='par_1_114' title="bbox 2280 5079 3962 5154">
     <span class='ocr_line' id='line_1_114' title="bbox 2280 5079 3962 5154; baseline -0.004 -18"><span class='ocrx_word' id='word_1_845' title='bbox 2280 5085 2497 5154; x_wconf 89' lang='lat' dir='ltr'><strong>quitur,</strong></span> <span class='ocrx_word' id='word_1_846' title='bbox 2544 5083 2690 5136; x_wconf 90' lang='lat' dir='ltr'><strong>sicut</strong></span> <span class='ocrx_word' id='word_1_847' title='bbox 2740 5083 2896 5152; x_wconf 90' lang='lat' dir='ltr'><strong>loqui</strong></span> <span class='ocrx_word' id='word_1_848' title='bbox 2938 5083 3080 5136; x_wconf 89' lang='lat' dir='ltr'><strong>solet</strong></span> <span class='ocrx_word' id='word_1_849' title='bbox 3131 5083 3302 5135; x_wconf 91' lang='lat' dir='ltr'><strong>homo</strong></span> <span class='ocrx_word' id='word_1_850' title='bbox 3353 5081 3420 5134; x_wconf 86' lang='lat' dir='ltr'><strong>ad</strong></span> <span class='ocrx_word' id='word_1_851' title='bbox 3478 5079 3726 5133; x_wconf 86' lang='lat' dir='ltr'><strong>amicum</strong></span> <span class='ocrx_word' id='word_1_852' title='bbox 3775 5092 3962 5140; x_wconf 80' lang='lat' dir='ltr'><strong>suum.</strong></span> 
     </span>
    </p>
   </div>
   <div class='ocr_carea' id='block_1_115' title="bbox 2280 5164 3969 5242">
    <p class='ocr_par' dir='ltr' id='par_1_115' title="bbox 2280 5164 3969 5242">
     <span class='ocr_line' id='line_1_115' title="bbox 2280 5164 3969 5242; baseline -0.004 -18"><span class='ocrx_word' id='word_1_853' title='bbox 2280 5171 2432 5224; x_wconf 90' lang='lat' dir='ltr'><strong>inter</strong></span> <span class='ocrx_word' id='word_1_854' title='bbox 2485 5171 2608 5242; x_wconf 90' lang='lat' dir='ltr'><strong>ipsa</strong></span> <span class='ocrx_word' id='word_1_855' title='bbox 2665 5172 2832 5224; x_wconf 88' lang='lat' dir='ltr'><strong>verba</strong></span> <span class='ocrx_word' id='word_1_856' title='bbox 2883 5187 2998 5224; x_wconf 68' lang='lat' dir='ltr'><strong>suae</strong></span> <span class='ocrx_word' id='word_1_857' title='bbox 3073 5171 3374 5224; x_wconf 88' lang='lat' dir='ltr'><strong>locutionis</strong></span> <span class='ocrx_word' id='word_1_858' title='bbox 3427 5168 3608 5222; x_wconf 81' lang='lat' dir='ltr'><strong>dicit:</strong></span> <span class='ocrx_word' id='word_1_859' title='bbox 3664 5166 3721 5220; x_wconf 90' lang='lat' dir='ltr'><strong>Si</strong></span> <span class='ocrx_word' id='word_1_860' title='bbox 3774 5164 3969 5219; x_wconf 89' lang='lat' dir='ltr'><strong>inveni</strong></span> 
     </span>
    </p>
   </div>
   <div class='ocr_carea' id='block_1_116' title="bbox 2278 5252 3967 5327">
    <p class='ocr_par' dir='ltr' id='par_1_116' title="bbox 2278 5252 3967 5327">
     <span class='ocr_line' id='line_1_116' title="bbox 2278 5252 3967 5327; baseline -0.004 -16"><span class='ocrx_word' id='word_1_861' title='bbox 2278 5257 2519 5327; x_wconf 84' lang='lat' dir='ltr'><strong>gratiam</strong></span> <span class='ocrx_word' id='word_1_862' title='bbox 2551 5257 2609 5310; x_wconf 89' lang='lat' dir='ltr'><strong>in</strong></span> <span class='ocrx_word' id='word_1_863' title='bbox 2637 5264 2941 5327; x_wconf 83' lang='lat' dir='ltr'><strong>conspectu</strong></span> <span class='ocrx_word' id='word_1_864' title='bbox 2975 5265 3092 5322; x_wconf 90' lang='lat' dir='ltr'><strong>tuo,</strong></span> <span class='ocrx_word' id='word_1_865' title='bbox 3145 5256 3376 5309; x_wconf 86' lang='lat' dir='ltr'><strong>ostende</strong></span> <span class='ocrx_word' id='word_1_866' title='bbox 3429 5254 3568 5307; x_wconf 89' lang='lat' dir='ltr'><strong>mihi</strong></span> <span class='ocrx_word' id='word_1_867' title='bbox 3601 5252 3967 5320; x_wconf 84' lang='lat' dir='ltr'><strong>temetipsum</strong></span> 
     </span>
    </p>
   </div>
   <div class='ocr_carea' id='block_1_117' title="bbox 2279 5342 3967 5404">
    <p class='ocr_par' dir='ltr' id='par_1_117' title="bbox 2279 5342 3967 5404">
     <span class='ocr_line' id='line_1_117' title="bbox 2279 5342 3967 5404; baseline -0.004 -6"><span class='ocrx_word' id='word_1_868' title='bbox 2279 5345 2598 5404; x_wconf 86' lang='lat' dir='ltr'><strong>manifeste.</strong></span> <span class='ocrx_word' id='word_1_869' title='bbox 2649 5352 2713 5399; x_wconf 90' lang='lat' dir='ltr'><strong>ut</strong></span> <span class='ocrx_word' id='word_1_870' title='bbox 2770 5346 2988 5399; x_wconf 89' lang='lat' dir='ltr'><strong>videam</strong></span> <span class='ocrx_word' id='word_1_871' title='bbox 3043 5351 3115 5398; x_wconf 93' lang='lat' dir='ltr'><strong>te.</strong></span> <span class='ocrx_word' id='word_1_872' title='bbox 3172 5347 3332 5399; x_wconf 87' lang='lat' dir='ltr'><strong>Certe</strong></span> <span class='ocrx_word' id='word_1_873' title='bbox 3381 5343 3532 5396; x_wconf 90' lang='lat' dir='ltr'><strong>enim</strong></span> <span class='ocrx_word' id='word_1_874' title='bbox 3569 5342 3613 5394; x_wconf 85' lang='lat' dir='ltr'><strong>si</strong></span> <span class='ocrx_word' id='word_1_875' title='bbox 3666 5343 3813 5395; x_wconf 89' lang='lat' dir='ltr'><strong>Deus</strong></span> <span class='ocrx_word' id='word_1_876' title='bbox 3855 5355 3967 5393; x_wconf 91' lang='lat' dir='ltr'><strong>non</strong></span> 
     </span>
    </p>
   </div>
   <div class='ocr_carea' id='block_1_118' title="bbox 2277 5429 3967 5503">
    <p class='ocr_par' dir='ltr' id='par_1_118' title="bbox 2277 5429 3967 5503">
     <span class='ocr_line' id='line_1_118' title="bbox 2277 5429 3967 5503; baseline -0.001 -19"><span class='ocrx_word' id='word_1_877' title='bbox 2277 5439 2419 5496; x_wconf 90' lang='lat' dir='ltr'><strong>erat,</strong></span> <span class='ocrx_word' id='word_1_878' title='bbox 2461 5448 2588 5485; x_wconf 88' lang='lat' dir='ltr'><strong>cum</strong></span> <span class='ocrx_word' id='word_1_879' title='bbox 2648 5449 2763 5502; x_wconf 83' lang='lat' dir='ltr'><strong>quo</strong></span> <span class='ocrx_word' id='word_1_880' title='bbox 2837 5433 3222 5503; x_wconf 90' lang='lat' dir='ltr'><strong>loquebatur:</strong></span> <span class='ocrx_word' id='word_1_881' title='bbox 3281 5429 3524 5484; x_wconf 89' lang='lat' dir='ltr'><strong>Ostende</strong></span> <span class='ocrx_word' id='word_1_882' title='bbox 3598 5429 3737 5483; x_wconf 85' lang='lat' dir='ltr'><strong>mihi</strong></span> <span class='ocrx_word' id='word_1_883' title='bbox 3789 5429 3967 5482; x_wconf 89' lang='lat' dir='ltr'><strong>Deum</strong></span> 
     </span>
    </p>
   </div>
   <div class='ocr_carea' id='block_1_119' title="bbox 2276 5517 3965 5587">
    <p class='ocr_par' dir='ltr' id='par_1_119' title="bbox 2276 5517 3965 5587">
     <span class='ocr_line' id='line_1_119' title="bbox 2276 5517 3965 5587; baseline -0.003 -15"><span class='ocrx_word' id='word_1_884' title='bbox 2276 5518 2507 5584; x_wconf 89' lang='lat' dir='ltr'><strong>diceret,</strong></span> <span class='ocrx_word' id='word_1_885' title='bbox 2541 5524 2597 5572; x_wconf 90' lang='lat' dir='ltr'><strong>et</strong></span> <span class='ocrx_word' id='word_1_886' title='bbox 2623 5535 2756 5583; x_wconf 91' lang='lat' dir='ltr'><strong>non,</strong></span> <span class='ocrx_word' id='word_1_887' title='bbox 2790 5521 3034 5574; x_wconf 83' lang='lat' dir='ltr'><strong>Ostende</strong></span> <span class='ocrx_word' id='word_1_888' title='bbox 3062 5518 3331 5587; x_wconf 81' lang='lat' dir='ltr'><strong>teipsum.</strong></span> <span class='ocrx_word' id='word_1_889' title='bbox 3355 5517 3409 5572; x_wconf 91' lang='lat' dir='ltr'><strong>Si</strong></span> <span class='ocrx_word' id='word_1_890' title='bbox 3435 5523 3623 5570; x_wconf 86' lang='lat' dir='ltr'><strong>autem</strong></span> <span class='ocrx_word' id='word_1_891' title='bbox 3651 5518 3797 5570; x_wconf 89' lang='lat' dir='ltr'><strong>Deus</strong></span> <span class='ocrx_word' id='word_1_892' title='bbox 3823 5519 3965 5578; x_wconf 86' lang='lat' dir='ltr'><strong>erat,</strong></span> 
     </span>
    </p>
   </div>
   <div class='ocr_carea' id='block_1_120' title="bbox 2276 5603 3972 5676">
    <p class='ocr_par' dir='ltr' id='par_1_120' title="bbox 2276 5603 3972 5676">
     <span class='ocr_line' id='line_1_120' title="bbox 2276 5603 3972 5676; baseline -0.002 -17"><span class='ocrx_word' id='word_1_893' title='bbox 2276 5623 2403 5660; x_wconf 89' lang='lat' dir='ltr'><strong>cum</strong></span> <span class='ocrx_word' id='word_1_894' title='bbox 2438 5624 2552 5676; x_wconf 84' lang='lat' dir='ltr'><strong>quo</strong></span> <span class='ocrx_word' id='word_1_895' title='bbox 2585 5608 2926 5676; x_wconf 81' lang='lat' dir='ltr'><strong>loquebatur</strong></span> <span class='ocrx_word' id='word_1_896' title='bbox 2958 5608 3095 5660; x_wconf 84' lang='lat' dir='ltr'><strong>facie</strong></span> <span class='ocrx_word' id='word_1_897' title='bbox 3152 5608 3219 5659; x_wconf 89' lang='lat' dir='ltr'><strong>ad</strong></span> <span class='ocrx_word' id='word_1_898' title='bbox 3252 5606 3471 5668; x_wconf 86' lang='lat' dir='ltr'><strong>faciem,</strong></span> <span class='ocrx_word' id='word_1_899' title='bbox 3521 5621 3622 5658; x_wconf 90' lang='lat' dir='ltr'><strong>cur</strong></span> <span class='ocrx_word' id='word_1_900' title='bbox 3675 5603 3972 5674; x_wconf 84' lang='lat' dir='ltr'><strong>repetebat</strong></span> 
     </span>
    </p>
   </div>
  </div>
