3966 6378
273 348 392 398 ltuit

1346 345 1751 402 BURCIIARDI
1794 345 2326 403 WORMACIENSIS
2366 347 2699 404 EPISCOPI.

3643 355 3778 404 l052

268 468 462 522 videre
485 484 658 538 quem
687 469 951 522 videbat?
980 469 1088 523 Sed
1122 485 1187 522 ex
1221 469 1324 523 hac
1355 471 1476 540 ejus
1529 471 1807 540 petitione
1847 471 1962 523 col-
1994 473 2039 524 A
2080 471 2402 535 hominum,
2437 488 2564 525 cum
2609 471 2690 525 eis
2738 470 2838 542 qui
2892 471 2962 525 de
2997 476 3161 542 patre
3219 473 3344 544 ejus
3391 479 3578 538 erant,
3643 476 3778 546 igne

263 556 485 626 ligitur,
521 559 654 626 quia
686 575 816 611 eum
871 559 1098 611 sitiebat.
1147 575 1248 629 per
1295 559 1802 628 incircumscriptae
1857 577 1961 612 na-

265 653 414 701 tura:
447 663 565 700 sua:
597 647 912 700 claritatem
946 663 1198 713 cernere,
1224 664 1394 717 quem
1418 648 1536 716 jam
1570 654 1820 717 coeperat
1866 664 1968 718 per

268 735 542 805 quasdam
586 735 867 804 imagines
917 737 1127 800 videre,
1207 741 1261 789 et
1307 737 1388 788 sic
1428 752 1678 804 superna
1721 737 1968 790 essentia

269 825 479 877 mentis
508 825 630 893 ejus
656 826 833 877 oculis
873 825 1116 887 adesset,
1150 831 1430 895 quatenus
1471 825 1523 877 ei
1555 826 1625 877 ad
1677 828 1965 879 aeternita-

264 913 339 967 tis
368 913 646 966 visionem
681 915 838 966 nulla
877 914 1065 984 imago
1099 919 1285 966 creata
1335 916 1731 982 temporaliter
1782 915 1963 968 inter-

267 1007 433 1056 esset.
492 1003 554 1056 Et
602 1002 868 1056 viderunt
927 1019 1062 1072 ergo
1115 1004 1307 1056 Patres
1352 1003 1700 1056 'I‘estamenti
1753 1004 1966 1057 Veteris

269 1091 602 1157 Dominum,
634 1096 692 1144 et
730 1079 944 1158 tamen,
973 1092 1135 1161 juxta
1183 1091 1421 1145 Joannis
1479 1109 1675 1146 vocem
1711 1109 1724 1146 :
1785 1094 1964 1147 Deum

269 1195 439 1233 nemo
471 1179 613 1233 vidit
639 1196 925 1250 unquam;
969 1181 1201 1250 ctjnxta
1253 1181 1403 1233 beati
1445 1181 1548 1234 Job
1598 1183 1964 1247 sententiam,

268 1268 553 1337 sapientia
603 1284 732 1338 qum
795 1269 940 1321 Deus
988 1273 1094 1336 est,
1149 1269 1478 1323 abscondita
1535 1275 1620 1323 est
1675 1271 1744 1324 ab
1789 1271 1966 1323 oculis

269 1362 528 1414 omnium
564 1360 898 1425 viventium,
931 1361 1066 1430 quia
1099 1362 1158 1414 in
1188 1362 1292 1416 hac
1325 1361 1554 1415 mortali
1602 1378 1773 1416 carne
1823 1379 1966 1416 con—

268 1445 601 1498 sistentibus
659 1449 716 1498 et
762 1445 943 1499 videri
1011 1445 1198 1515 potuit
1252 1462 1354 1516 per
1394 1447 1664 1516 quasdam
1723 1447 1966 1500 circum-

265 1535 504 1605 scriptas
534 1533 836 1604 imagines,
862 1539 920 1587 et
953 1535 1129 1588 videri
1164 1551 1278 1588 non
1311 1541 1494 1606 potest
1525 1552 1627 1607 per
1658 1536 1964 1590 incircum-

265 1623 538 1693 scriptum
599 1625 793 1676 lumen
842 1624 1197 1678 aeternitatis.
1247 1625 1347 1679 Sin
1377 1641 1510 1678 vero
1555 1642 1587 1678 a
1621 1627 1964 1694 quibusdam

266 1727 378 1764 non
410 1716 598 1781 potest
626 1711 687 1764 in
732 1713 836 1766 hac
865 1712 1053 1766 adhuc
1111 1713 1339 1766 mortali
1386 1729 1556 1767 carne
1605 1715 1965 1768 consistenti-
1996 1752 2036 1806 Β

264 1799 393 1864 bus,
455 1799 553 1853 sed
608 1804 800 1854 tamen
882 1800 1270 1854 inmstimabili
1319 1801 1528 1855 virtute
1580 1803 1964 1856 crescentibus

264 1887 517 1958 quodam
551 1889 1052 1960 contemplationis
1103 1889 1367 1943 acumine
1415 1895 1630 1943 aeterna
1666 1891 1766 1944 Dei
1798 1889 1965 1944 clari-

261 1981 346 2031 tas
381 1977 560 2030 videri
589 1982 795 2047 potest.

442 2067 570 2120 CAP.
599 2066 728 2120 XCI.
755 2095 821 2106 —
854 2068 932 2120 De
951 2066 1161 2134 duplici
1192 2081 1356 2134 paena
1382 2065 1784 2120 damnatorum.

337 2157 441 2224 (Ea:
468 2154 630 2208 dictis
661 2154 908 2222 Isidori.)
971 2155 1185 2223 Duplex
1235 2155 1639 2208 damnatorum
1679 2169 1852 2224 pmna
1880 2159 1968 2210 est

261 2242 322 2297 in
387 2244 672 2312 gehenna.
733 2243 986 2306 Quorum
1036 2249 1091 2294 et
1147 2248 1398 2296 mentem
1440 2243 1556 2296 urit
1607 2244 1860 2308 tristitia,
1911 2248 1968 2298 et

264 2347 474 2401 corpus
506 2331 740 2385 ﬂamma
769 2347 781 2384 :
809 2332 976 2400 juxta
1002 2331 1474 2392 vicissitudinem,
1504 2338 1566 2385 ut
1594 2333 1744 2404 quod
1775 2338 1966 2387 mente

262 2425 670 2482 tractaverunt,
745 2420 896 2490 quod
954 2420 1297 2490 perlicerent
1357 2437 1619 2491 corpore,
1681 2423 1853 2475 simul
1912 2427 1968 2477 et

264 2507 458 2560 animo
487 2508 807 2576 puniantur
836 2515 891 2560 et
928 2524 1181 2578 corpore.
1217 2510 1411 2578 Ignem
1447 2510 1724 2578 gehennae
1753 2510 1823 2562 ad
1856 2509 1964 2563 ali-

264 2595 401 2665 quid
430 2597 625 2649 lumen
665 2596 891 2662 habere,
945 2597 1013 2649 ad
1047 2597 1264 2666 aliquid
1302 2613 1416 2650 non
1459 2597 1689 2650 habere.
1725 2601 1840 2653 Hoc
1881 2602 1968 2652 est

265 2684 476 2738 habere
519 2685 714 2738 lumen
773 2685 841 2738 ad
902 2685 1351 2752 damnationem,
1416 2692 1477 2739 ut
1523 2687 1752 2740 videant
1800 2686 1966 2756 impii

265 2773 419 2826 unde
450 2771 699 2838 doleant,
729 2780 785 2825 et
816 2789 929 2826 non
974 2774 1183 2827 habere
1238 2774 1305 2827 ad
1354 2775 1830 2839 consolationem,
1893 2791 1965 2830 ne

264 2860 495 2914 videant
523 2861 676 2914 unde
706 2861 1015 2930 gaudeant.
1049 2865 1197 2931 Apta
1237 2863 1310 2916 sit
1341 2864 1694 2933 comparatio
1740 2863 1966 2918 camino

269 2949 444 3003 trium
479 2965 790 3020 puerorum
825 2951 896 3004 ad
927 2952 1254 3020 exemplum
1286 2950 1435 3022 ignis
1475 2952 1775 3022 gehennae.
1823 2953 1965 3006 Nam

2078 566 2293 614 aeterno
2335 561 2644 614 mittendus
2688 566 2792 624 est,
2827 560 2963 614 dum
3016 562 3273 615 sublatus
3303 563 3478 616 fuerit
3515 565 3779 617 diabolus

2078 653 2141 701 ut
2170 649 2511 703 damnetur:
2549 649 2716 702 multi
2748 649 2910 702 electi
2961 649 3060 718 qui
3094 649 3152 702 in
3192 665 3428 720 corpore
3452 658 3585 705 sunt
3617 655 3777 705 inve-

2078 738 2295 802 niendi,
2331 738 2574 791 Domino
2618 738 2684 790 ad
2724 736 2999 806 judicium
3044 738 3330 806 veniente,
3380 746 3534 792 metu
3564 757 3778 794 conch

2077 827 2256 880 tiendi
2315 832 2465 886 sunt,
2527 826 2784 880 videntes
2839 827 2938 879 tali
3009 827 3289 880 sententia
3347 828 3594 898 impium
3656 846 3778 882 esse

2076 916 2379 983 punitum;
2410 932 2522 984 quo
2550 923 2764 968 terrore
2797 915 3080 984 purgandi
3108 923 3259 981 sunt,
3288 916 3423 986 quia
3452 918 3498 969 si
3530 917 3666 987 quid
3695 917 3779 969 eis

2075 1020 2142 1057 ex
2209 1019 2445 1072 corpore
2499 1003 2686 1057 adhuc
2739 1003 2957 1073 peccati
3012 1004 3374 1070 remanserit,
3430 1011 3582 1058 metu
3648 1006 3774 1075 ipso

2076 1092 2227 1161 quod
2253 1092 2544 1145 diabolum
2595 1091 2858 1146 damnari
2903 1092 3287 1161 conspiciunt,
3338 1095 3765 1163 purgabuntur.

2080 1181 2217 1234 llinc
2247 1187 2332 1234 est
2362 1180 2517 1252 quod
2550 1181 2626 1233 ait
2653 1182 2756 1234 Job
2787 1197 2799 1234 ε
2859 1181 3000 1235 Cum
3045 1182 3304 1234 sublatus
3350 1183 3543 1245 fuerit,
3602 1182 3774 1236 time-

2076 1269 2222 1322 bunt
2249 1270 2460 1338 angeli,
2495 1273 2552 1322 et
2574 1268 2837 1322 exterriti
2899 1271 3318 1339 purgabuntur.
3374 1271 3578 1324 Multos
3612 1287 3776 1341 posse

2076 1359 2264 1428 perire
2298 1374 2362 1411 ex
2405 1357 2485 1410 eis
2515 1357 2574 1410 in
2605 1357 2698 1411 die
2720 1357 2944 1426 judicii,
2975 1359 3074 1428 qui
3118 1374 3270 1411 nunc
3315 1360 3476 1413 electi
3527 1376 3648 1413 esse
3697 1359 3772 1413 vi-

2077 1449 2286 1501 dentur
2334 1453 2390 1500 et
2434 1446 2634 1514 sancti,
2705 1448 2871 1499 docet
2923 1448 3259 1516 Propheta:
3303 1449 3533 1501 Vocavit
3588 1448 3778 1502 Domi-

2077 1552 2185 1588 nus
2205 1535 2488 1604 judicium
2521 1535 2590 1588 ad
2634 1535 2846 1604 ignem,
2880 1539 2936 1588 et
2964 1535 3260 1588 devorabit
3315 1537 3580 1607 abyssum
3625 1537 3773 1590 mul-

2076 1631 2213 1690 tam,
2243 1630 2298 1676 et
2325 1625 2584 1676 comedet
2614 1629 2835 1692 partem
2883 1624 3106 1676 domus.
3159 1626 3291 1677 Pars
3323 1626 3536 1695 quippe
3567 1626 3776 1678 domus

2077 1712 2465 1778 devorabitur,
2517 1711 2648 1782 quia
2709 1711 2837 1763 illos
2889 1711 3062 1763 etiam
3110 1711 3370 1764 infernus
3425 1712 3774 1778 absorbebit,

2076 1800 2349 1872 quinunc
2379 1816 2437 1852 se
2466 1799 2526 1852 in
2586 1799 2886 1869 preaceptis
2916 1798 3240 1852 coelestibus
3293 1800 3632 1868 gloriantur.
3701 1802 3779 1854 De

2076 1889 2285 1960 quibus
2315 1894 2370 1942 et
2399 1889 2676 1942 Dominus
2706 1887 2842 1940 dicit
2874 1903 2886 1940 :
2917 1886 3075 1940 Multi
3124 1887 3312 1940 dicent
3362 1889 3504 1941 mihi
3561 1889 3622 1941 in
3682 1889 3780 1942 illa

2075 1977 2214 2031 die:
2251 1976 2509 2040 Domine,
2570 1975 2829 2039 Domine,
2876 1991 3068 2028 nonne
3120 1975 3179 2028 in
3216 1975 3451 2028 nomine
3478 1980 3576 2028 tuo
3637 1993 3779 2045 pro-

2074 2064 2476 2134 phetavimus?
2534 2064 2595 2117 in
2654 2064 2886 2116 nomine
2953 2068 3053 2117 tuo
3112 2063 3395 2117 daemonia
3463 2064 3778 2133 ejecimns?

2027 2147 2040 2156 ’
2073 2152 2312 2206 virtutes
2346 2152 2555 2205 multas
2588 2152 2859 2204 fecimus?
2898 2153 3054 2205 Tunc
3096 2152 3416 2206 confitebor
3452 2151 3587 2218 illis,
3642 2153 3781 2223 quia

2074 2257 2373 2310 nunquam
2409 2242 2534 2293 novi
2567 2257 2671 2294 vos
2705 2260 2717 2293 :
2754 2241 3028 2293 discedite
3060 2257 3091 2293 a
3125 2257 3235 2306 me,
3299 2240 3398 2310 qui
3452 2241 3778 2310 operamini

2073 2331 2460 2401 iniquitatem,
2493 2329 2681 2382 nescio
2713 2329 2811 2398 qui
2841 2329 2996 2382 estis.
3526 2320 3534 2328 ’

2451 2420 2578 2472 CAP.
2631 2419 2804 2472 XCIII.
2841 2449 2907 2458 —
2937 2421 3010 2472 De
3040 2419 3402 2473 Antichristo.

2146 2508 2254 2578 (Em
2312 2508 2476 2562 dictis
2531 2507 2811 2577 ejusdem.)
2868 2508 3064 2562 Omnis
3113 2509 3212 2578 qui
3271 2507 3588 2562 secundum
3639 2523 3768 2577 pro-

2074 2596 2335 2650 fessionis
2395 2613 2513 2650 suze
2571 2612 2854 2662 normam,
2935 2603 3033 2648 aut
3098 2612 3215 2649 non
3284 2596 3440 2662 vivit,
3509 2601 3606 2650 aut
3668 2596 3774 2649 ali-

2073 2690 2162 2740 ter
2219 2687 2400 2753 docet,
2458 2685 2842 2739 Antichristus
2903 2690 3006 2738 est.
3076 2685 3342 2754 Plerique
3393 2691 3587 2738 autem
3641 2691 3777 2740 sunt

2074 2774 2525 2845 qniAntichristi
2557 2781 2820 2843 tempora
2849 2789 2963 2826 non
2993 2773 3164 2825 visuri
3198 2779 3351 2836 sunt,
3385 2778 3442 2826 et
3470 2779 3662 2825 tamen
3715 2772 3775 2824 in

2074 2863 2346 2918 membris
2379 2863 2709 2916 Antichristi
2742 2862 3075 2914 inveniendi
3108 2867 3259 2914 sunt.
3301 2863 3624 2930 Antequam
3677 2876 3773 2913 ve-

2077 2952 2196 3004 niat
2221 2951 2626 3015 Antichristus,
2663 2951 2841 3004 multa
2873 2951 3128 3004 membra
3165 2951 3286 3019 ejus
3337 2954 3772 3019 praecesserunt,

267 3037 415 3091 sicut
445 3038 542 3090 ille
571 3037 723 3108 ignis
747 3055 862 3092 non
896 3039 1034 3092 arsit
1073 3039 1143 3092 ad
1191 3040 1364 3092 trium
1403 3056 1712 3110 puerorum
1755 3039 1968 3110 suppli-
2001 3030 2040 3084 C
2079 3046 2138 3094 et
2163 3056 2350 3110 pravae
2381 3039 2620 3092 actionis
2661 3039 2866 3092 merito
2923 3043 3094 3106 caput
3150 3039 3447 3108 proprium
3480 3054 3774 3108 praevene-

267 3125 443 3192 cium,
479 3131 535 3179 et
563 3125 703 3178 arsit
740 3127 810 3180 ad
834 3127 1224 3180 comburenda
1257 3128 1531 3196 ligamina
1563 3127 1923 3181 vinculorum
1950 3144 1963 3182 :

266 3213 346 3267 ita
371 3214 522 3284 ignis
552 3214 854 3285 gehennaa,
887 3222 943 3269 et
974 3216 1186 3269 lucebit
1217 3217 1438 3269 miseris
1469 3216 1541 3269 ad
1588 3222 1963 3285 augmentum

265 3319 589 3372 pcenarum,
624 3309 688 3357 nt
719 3305 944 3358 videant
975 3305 1126 3358 unde
1149 3305 1400 3369 doleant,
1432 3310 1487 3358 et
1519 3321 1631 3358 non
1659 3305 1867 3360 lucebit
1897 3305 1966 3360 ad

265 3393 736 3460 consolationem,
821 3409 892 3447 ne
950 3394 1177 3447 videant
1232 3394 1385 3447 unde
1441 3395 1751 3464 gaudeant.
1816 3395 1969 3449 Inter

264 3481 437 3550 hujus
490 3482 616 3534 vita:
668 3489 725 3536 et
774 3483 982 3536 futurae
1030 3483 1377 3537 infelicitatis
1427 3483 1738 3551 miseriam,
1786 3485 1968 3538 multa

267 3569 530 3623 discretio
565 3577 665 3624 est.
703 3571 821 3624 Illic
853 3572 1008 3625 enim
1059 3579 1116 3625 et
1159 3573 1389 3626 miseria
1431 3579 1516 3626 est
1562 3579 1797 3642 propter
1837 3589 1967 3626 cru-

266 3657 573 3711 ciationem
626 3658 912 3724 dolorum,
964 3665 1022 3712 et
1048 3660 1299 3713 tenebrae
1339 3668 1576 3730 propter
1620 3661 1762 3714 lucis
1816 3677 1970 3714 aver-

263 3747 506 3800 sionem.
537 3748 792 3810 Quorum
828 3764 1007 3802 unum
1035 3749 1092 3801 in
1148 3749 1254 3802 hac
1303 3749 1434 3815 vita,
1482 3749 1539 3802 id
1581 3756 1688 3816 est,
1738 3749 1970 3803 miseria

263 3839 368 3901 est,
404 3835 557 3889 aliud
592 3852 706 3888 non
740 3842 846 3888 est.
883 3838 944 3888 In
973 3837 1199 3890 inferno
1231 3843 1423 3890 autem
1460 3844 1791 3908 utrumque.

577 3925 706 3979 Car.
743 3926 900 3978 XCII.
933 3955 1000 3965 -ο
1037 3928 1103 3978 De
1132 3929 1304 3996 pwm‘s
1339 3928 1651 3994 impiorum.

336 4011 444 4082 (Ea:
493 4013 653 4066 dictis
701 4012 987 4082 ejusdem.)
1041 4012 1196 4066 Sicut
1243 4012 1497 4066 fasciculi
1563 4013 1851 4083 lignorum
1895 4014 1967 4070 ad

265 4100 722 4153 combustionem
771 4101 1057 4153 similibus
1110 4102 1477 4171 colligantur,
1529 4101 1605 4155 ita
1657 4103 1712 4156 in
1765 4102 1968 4172 jndicii

263 4187 356 4241 die
388 4187 589 4241 similis
621 4189 803 4258 culpae
829 4189 909 4240 rei
941 4188 1058 4240 suis
1094 4190 1378 4243 similibus
1408 4190 1749 4259 jungenlur,
1798 4197 1861 4244 nt
1899 4207 1966 4246 ex

267 4292 434 4347 equo
469 4293 635 4346 paena
681 4278 1036 4347 constringat
1081 4277 1245 4348 quasi
1303 4278 1362 4330 in
1411 4278 1764 4345 fasciculum,
1825 4297 1966 4350 quos

265 4366 412 4420 actio
467 4367 681 4420 similes
737 4366 868 4420 fecit
936 4367 995 4419 in
1053 4368 1288 4420 malum.
1358 4367 1512 4422 Slcut
1572 4369 1965 4439 unusquisque

266 4461 491 4508 sanctus
556 4455 614 4508 in
684 4456 880 4508 futuro
943 4455 1160 4524 judicio
1217 4472 1321 4525 pro
1385 4457 1705 4526 quantitate
1786 4458 1963 4511 virtu-

265 4549 385 4596 tum
441 4543 878 4612 glorilicabitnr,
940 4542 1019 4596 ita
1065 4548 1122 4596 et
1156 4545 1551 4615 unusquisque
1597 4544 1811 4614 impius
1857 4562 1962 4615 pro

266 4632 588 4700 quantitate
647 4631 969 4684 facinorum
1050 4633 1548 4686 condemnabitur.
1606 4634 1712 4687 Nec
1783 4635 1965 4688 deerit

264 4718 324 4771 in
353 4718 630 4788 supplicio
687 4719 914 4772 futurus
977 4719 1361 4774 damnationis
1414 4723 1572 4775 ordo.
1637 4722 1744 4776 Sed
1797 4723 1964 4792 juxta

267 4807 604 4876 qualitatem
689 4808 998 4861 criminum
1091 4809 1357 4863 discretio
1442 4810 1550 4864 erit
1639 4826 1958 4881 poenarum,

264 4895 547 4963 propheta
578 4895 891 4950 firmante:
957 4897 1032 4950 De
1081 4898 1385 4952 charorum
1443 4915 1673 4970 quoque
1727 4917 1959 4955 suorum

264 4983 578 5052 suppliciis,
612 4984 845 5037 additur
871 4985 1041 5038 etiam
1074 5002 1243 5056 poma
1268 4986 1567 5040 defunctis.
1603 4988 1758 5041 Sicut
1811 4990 1960 5059 apud

264 5071 476 5125 inferos
507 5072 669 5125 diviti
700 5089 886 5126 sermo
949 5075 1218 5143 praedicat
1259 5075 1665 5144 evangelicus:
1727 5077 1806 5129 sic
1859 5094 1960 5148 pro

264 5162 526 5230 augendo
553 5163 714 5216 Judte
745 5163 1048 5233 supplicio,
1082 5164 1219 5217 dicit
1249 5165 1424 5217 etiam
1458 5165 1714 5218 Psalmus
1745 5182 1756 5219 :
1793 5167 1957 5220 Com-

263 5249 406 5303 moti
430 5255 768 5305 moveantur
797 5251 899 5306 lilii
926 5253 1069 5319 ejus,
1101 5258 1157 5306 et
1177 5254 1525 5307 mendicent.
1560 5254 1725 5324 lmpii
1756 5271 1818 5307 ex
1856 5256 1959 5307 hoc

262 5339 460 5392 durius
491 5339 551 5392 in
577 5339 794 5409 judicio
843 5340 1124 5409 puniendi
1184 5348 1314 5394 sunt
1364 5344 1570 5395 mentis
1627 5344 1843 5409 dolore,
1893 5360 1954 5396 ex

263 5443 380 5497 quo
409 5427 585 5481 visuri
613 5435 746 5482 sunt
767 5429 948 5497 justos
977 5429 1173 5500 gloriae
1204 5429 1623 5485 beatitudinem
1657 5433 1952 5486 meruisse.

264 5516 492 5569 Cunctis
557 5516 881 5570 videntibus
965 5523 1050 5571 est
1133 5520 1582 5588 prmeipitandus
1671 5521 1951 5585 diabolus,

263 5604 495 5674 quando
525 5605 628 5658 sub
677 5609 909 5675 aspectu
966 5608 1224 5662 omnium
1279 5607 1559 5665 bonorum
1611 5609 1954 5679 angelorum

2077 3136 2232 3194 runt,
2267 3131 2580 3181 secundum
2633 3126 2888 3196 Apostoli
2946 3125 3311 3184 sententiam,
3373 3126 3472 3196 qui
3499 3127 3618 3195 jam
3671 3126 3779 3179 ini-

2077 3217 2312 3288 quitatis
2341 3215 2677 3286 mysterium
2704 3214 2930 3283 operari
2963 3215 3124 3266 illum
3171 3214 3437 3280 afﬁrmat,
3472 3216 3642 3267 etiam
3675 3231 3777 3268 an-

2076 3312 2309 3376 tequam
2374 3307 2671 3358 reveletur.
2731 3303 3061 3372 Magnitudo
3103 3302 3399 3373 signorum
3446 3303 3612 3356 faciet
3671 3303 3777 3357 sub

2073 3393 2446 3461 Antichristo,
2485 3399 2547 3446 ut
2606 3393 2794 3456 electi,
2843 3392 2890 3445 si
2950 3391 3075 3444 ﬁeri
3131 3397 3335 3460 potest,
3401 3393 3458 3444 in
3518 3408 3774 3445 errorem

2077 3483 2395 3537 mittantur.
2431 3481 2537 3534 Sed
2570 3481 2615 3533 si
2649 3480 2834 3546 electi,
2864 3480 3156 3550 quomodo
3213 3485 3346 3532 sunt
3401 3480 3462 3533 in
3517 3496 3772 3535 errorem

2076 3571 2383 3624 mittendi?
2421 3571 2562 3638 Ergo
2596 3569 2762 3622 ibunt
2788 3569 2845 3621 in
2877 3584 3129 3620 errorem
3162 3568 3516 3622 titubationis
3541 3569 3620 3635 {ad
3658 3586 3771 3622 mo-

2074 3662 2264 3716 dicnm
2299 3677 2401 3730 pro
2435 3658 2800 3713 multitudine
2832 3658 3226 3727 prodigiorum
3261 3673 3407 3711 :non
3443 3664 3634 3711 tamen
3668 3659 3773 3711 de-

2067 3751 2304 3820 jiciendi
2345 3754 2476 3802 sunt
2532 3749 2600 3801 ab
2629 3747 2938 3799 stabilitate
2983 3763 3106 3814 sua,
3163 3750 3447 3800 terrorum
3495 3747 3772 3816 impulsu,

2076 3844 2246 3910 atque
2278 3838 2593 3908 signorum.
2629 3836 2785 3890 Unde
2817 3841 2871 3888 et
2893 3835 3021 3888 ideo
3041 3835 3294 3905 ponitur,
3320 3835 3365 3888 si
3398 3835 3524 3888 fieri
3546 3841 3770 3905 potest:

2075 3928 2212 3999 quia
2236 3927 2397 3980 electi
2431 3927 2623 3995 perire
2653 3940 2767 3977 non
2799 3929 3056 3994 possunt,
3091 3924 3184 3977 sed
3220 3924 3330 3976 cito
3377 3923 3776 3994 resipiscentes

2074 4016 2262 4069 cordis
2294 4030 2547 4068 errorem
2578 4013 2854 4083 religione
2908 4013 3250 4065 coercebunt
3283 4028 3295 4065 :
3351 4013 3590 4066 scientes
3622 4029 3776 4083 prae-

2076 4104 2293 4158 dictum
2319 4119 2351 4155 a
2381 4102 2623 4157 Domino
2653 4117 2794 4168 esse,
2851 4106 2911 4153 ut
2942 4101 3079 4154 dum
3136 4101 3242 4154 hoc
3296 4101 3537 4154 fecerint
3575 4101 3775 4154 adver-

2077 4193 2232 4260 sarii,
2266 4208 2382 4244 non
2412 4189 2828 4244 conturbentur
2883 4188 3079 4242 sancti.
3137 4189 3259 4242 Jam
3319 4189 3465 4242 mira
3523 4189 3776 4243 facturus

1995 4314 2038 4368 Ι)
2079 4287 2165 4334 est
2195 4279 2458 4350 prodigia
2484 4285 2539 4332 et
2585 4279 2767 4347 signa,
2821 4278 2957 4332 dum
3004 4277 3224 4330 venerit
3253 4277 3631 4331 Antichristus
3665 4294 3678 4330 :
3715 4283 3779 4332 ut

2077 4370 2252 4424 etiam
2283 4369 2476 4422 electis
2507 4367 2796 4438 quoddam
2851 4366 3039 4419 cordis
3089 4368 3363 4435 gignatur
3416 4366 3774 4436 scrupulum,

2076 4459 2230 4531 quod
2262 4465 2377 4512 tam
2409 4458 2518 4511 cito
2547 4460 2847 4526 exsuperet
2878 4456 2934 4508 in
2969 4455 3080 4508 illis
3113 4455 3278 4521 ratio,
3314 4471 3418 4524 pro
3453 4472 3564 4526 qua
3595 4455 3776 4509 scient

2074 4549 2135 4601 in
2161 4547 2496 4617 deceptione
2527 4545 2927 4614 reproborum,
2985 4549 3037 4596 et
3069 4544 3379 4597 electorum
3436 4543 3774 4613 probatione

2073 4637 2271 4690 eadem
2307 4634 2431 4689 ﬁeri
2492 4634 2672 4703 signa,
2702 4632 2760 4686 in
2833 4649 2947 4702 quo
2993 4637 3252 4703 tempore
3283 4649 3386 4701 per
3436 4632 3770 4702 patientiam

2073 4723 2304 4796 gloriosi
2337 4728 2506 4776 erunt
2535 4721 2734 4789 sancti,
2768 4736 2886 4773 non
2914 4735 3018 4789 per
3062 4720 3358 4787 miracula,
3389 4720 3536 4772 sicut
3591 4721 3773 4774 sancti

2074 4818 2352 4884 martyres
2381 4812 2616 4866 fuerunt
2659 4811 2878 4880 priores
2911 4826 2923 4864 :
2958 4809 3043 4863 illi
3074 4811 3228 4863 enim
3284 4815 3337 4863 et
3383 4817 3774 4879 persecutores

2074 4904 2486 4957 sustinuerunt.
2519 4907 2574 4954 et
2603 4899 2872 4954 facientes
2904 4899 3189 4969 prodigia.
3227 4898 3470 4951 Proinde
3499 4903 3554 4951 et
3576 4899 3774 4952 durius

2074 4993 2290 5047 bellum
2326 4990 2689 5044 sustinebunt
2721 4987 2898 5057 :qnia
2954 5003 3073 5040 non
3129 4988 3317 5040 solum
3359 4993 3556 5040 contra
3580 5003 3772 5057 perse-

2073 5085 2334 5152 quentes,
2369 5078 2462 5133 sed
2492 5078 2664 5131 etiam
2695 5081 2892 5128 contra
2937 5075 3226 5128 miraculis
3272 5081 3629 5129 coruscantes
3687 5076 3771 5129 di-

2075 5168 2337 5222 micaturi
2391 5170 2540 5218 sunt.
2578 5165 2811 5218 Gravius
2865 5164 2971 5216 sub
3023 5163 3358 5217 Antichristi
3415 5163 3772 5234 temporibus

2070 5265 2270 5310 contra
2299 5255 2602 5310 Ecclesiam
2637 5252 2916 5306 deserviet
2947 5252 3270 5322 Synagoga.
3331 5268 3504 5322 quam
3563 5253 3620 5305 in
3650 5252 3773 5322 ipso

2070 5347 2319 5399 adventu
2351 5341 2653 5398 Sttlvatoris
2709 5341 3061 5395 Christianos
3091 5347 3240 5394 esset
3272 5345 3587 5410 persecuta.
3628 5342 3773 5394 Dum
3837 5381 3852 5392 .

2069 5435 2129 5488 in
2160 5439 2438 5503 martyres
2467 5430 2731 5485 diabolus
2758 5430 2876 5498 jam
2912 5430 3229 5482 exercuerit
3276 5445 3543 5498 magnam
3577 5428 3776 5482 crude-

2073 5523 2287 5576 litatem
2322 5522 2496 5574 etiam
2530 5520 2760 5588 ligatus,
2797 5517 3087 5572 crudelior
3119 5524 3312 5571 tamen
3362 5519 3472 5571 erit
3504 5521 3609 5571 sub
3651 5521 3773 5570 Au-

2068 5608 2312 5664 tichristi
2348 5608 2723 5677 temporibus,
2764 5606 2996 5678 quando
3055 5607 3226 5659 etiam
3282 5607 3389 5658 erit
3441 5605 3766 5659 solvendus.
