3966 6392
248 366 383 418 1οψ3
447 405 450 410 -

1173 362 1647 422 DECRETORUM
1695 364 1880 422 LIBRI
1917 365 2025 420 XX.
2058 395 2126 404 -ο
2162 368 2372 424 LIBER
2415 366 2800 422 VIGESIMUS.

3627 365 3759 417 IOES'r

242 488 389 542 Nam
421 487 468 542 si
499 489 658 540 tanta
681 484 894 556 ligatus
931 485 1115 541 facere
1173 487 1382 556 potuit,
1438 492 1654 558 quanta
1718 489 1938 542 solutus
1968 491 2010 544 A
2049 489 2284 544 ditionis
2313 491 2483 562 rapit,
2515 490 2614 561 qui
2644 493 2700 543 et
2721 505 2875 543 nunc
2894 487 3230 558 priusquam
3263 491 3558 557 appareat,
3589 486 3761 540 innu-

239 577 448 632 faciet?
506 577 730 640 Quanto
782 576 1164 645 propinquius
1211 577 1385 630 tinem
1431 577 1630 630 mundi
1680 577 1943 630 diabolus

240 666 417 732 videt,
457 670 615 719 tanto
647 665 937 718 crudelius
970 666 1398 734 persecutiones
1429 672 1668 718 exercet.
1712 667 1778 720 Ut
1808 667 1944 736 quia

242 771 302 809 se
329 755 607 808 continuo
640 754 1030 807 damnandum
1063 755 1360 823 conscipit,
1395 755 1574 808 socios
1605 755 1714 808 sibi
1750 755 1943 808 multi-

245 843 437 914 plicat,
472 858 603 897 cum
631 843 840 912 quibus
874 845 1153 912 gehennae
1186 844 1335 912 ignis
1374 844 1688 898 addicatur.
1722 843 1944 908 Quanto

244 932 416 986 breve
448 937 676 1001 tempus
702 932 856 985 videt
885 932 1148 986 diabolus
1179 933 1287 985 sibi
1339 938 1569 999 restare,
1616 939 1680 986 ut
1710 932 1944 986 damne-

247 1026 359 1087 tur,
400 1025 560 1074 tanto
609 1020 669 1074 in
718 1037 927 1091 magna
967 1022 1379 1092 persecutionis
1410 1021 1494 1074 ira
1546 1027 1824 1085 movetur,
1858 1021 1944 1074 di-

247 1109 621 1179 vinajustitia
653 1109 1042 1180 permittente,
1078 1116 1141 1164 ut
1193 1112 1590 1181 glorilicentur
1629 1111 1790 1180 justi,
1825 1125 1944 1162 sor-

247 1197 520 1251 didentur
553 1197 740 1267 iniqui
770 1214 783 1251 :
821 1203 878 1251 et
909 1202 972 1253 ut
990 1198 1218 1253 diabolo
1239 1200 1440 1253 durior
1469 1205 1682 1252 crescat
1711 1200 1946 1252 damna-

248 1287 420 1339 tionis
448 1286 750 1340 sententia.

247 1392 376 1446 CAP.
409 1392 587 1446 XCIV.
616 1421 683 1432 —-
708 1393 1155 1456 Quodantedii'm
1177 1395 1403 1462 judicii,
1427 1397 1752 1450 ciiamelecti
1763 1397 1950 1449 casuri

675 1467 786 1516 sint
812 1467 868 1517 in
898 1465 1134 1518 adventu
1170 1468 1518 1520 Antichristi.

323 1553 509 1620 (Greg.
543 1555 602 1605 in
621 1555 736 1607 suis
765 1554 1064 1606 Moralibus
1092 1555 1227 1608 dicit
1256 1558 1291 1620 ε)
1340 1556 1401 1608 In
1450 1556 1650 1609 diebus
1681 1556 1801 1625 ejus
1833 1560 1949 1608 stti-

250 1639 473 1710 pebunt
523 1641 838 1706 novissimi,
870 1649 926 1695 et
978 1643 1197 1712 primos
1245 1643 1476 1698 invadet
1507 1645 1730 1698 horror.
1773 1645 1952 1699 Tanta

248 1727 405 1781 enim
437 1733 574 1782 tunc
621 1736 820 1783 contra
865 1730 1051 1799 justos
1101 1732 1405 1803 iniquitate
1463 1733 1856 1799 elfrenabitur,
1891 1737 1950 1785 ut

248 1815 423 1869 etiam
457 1817 769 1872 electorum
815 1819 988 1873 corda
1028 1836 1145 1873 non
1199 1837 1372 1890 ρει-νυ
1408 1838 1615 1892 pavore
1655 1822 1949 1876 feriantur.

254 1905 412 1959 Unde
445 1906 720 1975 scriptum
754 1914 838 1958 est.
873 1925 884 1961 :
923 1909 1002 1960 Ita
1034 1913 1096 1961 ut
1126 1909 1182 1962 in
1222 1927 1475 1963 errorem
1509 1911 1875 1974 inducantur,
1905 1910 1950 1966 si

250 1991 378 2046 ﬁeri
409 1999 618 2064 potest,
655 1995 826 2047 etiam
862 1997 1046 2048 electi.
1081 1997 1242 2062 Quod
1274 1999 1534 2051 videlicet
1564 1998 1791 2058 dicitur,
1836 2013 1951 2050 non

252 2081 389 2151 quia
442 2082 609 2135 electi
641 2084 828 2136 casuri
883 2084 1016 2150 sint,
1052 2086 1146 2138 sed
1198 2087 1378 2156 magis
1406 2087 1721 2140 terroribus
1771 2083 1948 2154 trepi-

253 2169 464 2223 daturi.
498 2171 653 2225 Tunc
696 2188 828 2225 vero
877 2178 1075 2226 contra
1122 2191 1252 2228 eum
1290 2183 1578 2229 certamen
1605 2176 1864 2245 justitize,
1898 2177 1953 2225 et

249 2259 544 2312 novissimi
574 2261 735 2312 electi
769 2261 978 2314 habere
1012 2270 1337 2326 narrantur,
1365 2269 1419 2316 et
1443 2265 1614 2334 primi
1657 2283 1669 2318 :
1698 2268 1832 2338 quia
1853 2270 1955 2322 sci-

251 2345 383 2399 licet
418 2353 472 2400 et
507 2348 565 2402 hi
607 2350 706 2415 qui
755 2349 811 2403 in
845 2351 958 2404 fine
1017 2351 1216 2404 mundi
1274 2354 1436 2405 electi
1470 2356 1857 2424 reperiuntur,
1894 2358 1953 2412 in

255 2441 439 2490 morte
465 2439 869 2506 prosternendi
895 2447 1050 2508 sunt,
1072 2447 1133 2493 ut
1166 2441 1248 2493 illi
1281 2441 1452 2496 etiam
1485 2445 1636 2514 quia
1669 2446 1955 2514 prioribus

257 2525 458 2579 mundi
503 2527 762 2596 partibus
808 2535 1222 2596 processerunt.
1269 2531 1458 2584 Enoch
1506 2533 1718 2586 scilicet
1749 2541 1804 2587 et
1847 2536 1953 2588 He-

253 2613 379 2674 lias,
400 2614 470 2667 ad
499 2615 752 2668 medium
784 2625 1122 2670 revocantur
1144 2619 1494 2672 crudelitatis
1521 2622 1644 2690 ejus
1676 2624 1952 2678 srevitiam

256 2703 316 2756 in
347 2720 449 2757 sua
471 2704 655 2757 adhuc
690 2707 914 2759 mortali
945 2724 1113 2760 carne
1156 2709 1376 2777 paSsuri
1410 2716 1562 2763 sunt.
1603 2713 1775 2781 Ilujus
1807 2716 1954 2766 vires

253 2791 312 2845 in
370 2797 526 2846 tanta
580 2795 856 2862 potestate
913 2795 1128 2850 laxatas
1184 2797 1477 2851 n0vi5simi
1518 2800 1952 2870 obstupescunt,

255 2886 312 2934 et
341 2881 513 2950 primi
560 2887 826 2936 metuunt
860 2897 870 2936 :
905 2883 1042 2954 quia
1079 2884 1212 2937 licet
1235 2886 1398 2955 juxta
1429 2886 1532 2940 hoc
1556 2889 1706 2958 quod
1747 2890 1954 2959 spiritu

254 2971 538 3038 superbiae
575 2971 922 3038 sublevatur,
970 2989 1199 3026 omnem
1253 2977 1626 3045 temporalem
1684 2978 1807 3048 ejus
1850 2995 1952 3048 po-

2057 580 2358 633 merabiles
2392 579 2648 649 quidem,
2681 594 2799 631 non
2819 583 3015 630 tamen
3045 593 3245 630 omnes
3274 577 3529 628 carnales
3560 577 3750 630 trahit.

2056 669 2199 732 Quia
2221 669 2477 739 quotidie
2506 667 2717 722 carnali
2747 682 2919 736 opere
2943 665 3010 718 ad
3036 666 3207 718 vitam
3234 665 3397 717 multi
3423 669 3759 718 revocantur

2055 766 2225 828 atque
2256 757 2324 811 ad
2350 761 2557 809 statum
2582 755 2842 826 justitiae,
2867 755 2963 807 alii
2988 771 3088 824 per
3107 754 3352 815 brevem,
3373 753 3468 806 alii
3498 769 3630 805 vero
3654 769 3758 822 per

2059 850 2288 918 longam
2327 845 2726 916 paenitentiam
2776 844 3019 896 redeunt
3058 859 3070 896 :
3111 847 3167 896 et
3219 858 3372 896 nunc
3418 841 3752 894 innumera-

2056 937 2198 990 biles
2233 936 2400 1005 rapit,
2442 950 2572 988 cum
2624 933 2884 986 falsitatis
2917 948 3034 984 sua;
3085 934 3364 1002 stupenda
3429 930 3757 984 hominibus

2057 1026 2221 1094 signa
2250 1041 2364 1078 non
2393 1024 2622 1077 exhibet
2657 1039 2668 1076 :
2703 1037 2832 1075 cum
2859 1036 2991 1074 vero
3017 1036 3209 1074 coram
3253 1019 3570 1072 carnalium
3620 1035 3757 1071 ocu-

2057 1115 2126 1168 iis
2145 1112 2416 1167 miranda
2447 1111 2527 1165 eis
2569 1110 2830 1180 prodigia
2889 1109 3106 1174 fecerit,
3147 1112 3278 1178 post
3323 1123 3384 1162 se
3438 1111 3574 1161 tunc
3642 1124 3755 1160 non

2058 1201 2526 1265 innumerabiles,
2561 1200 2656 1254 sed
2700 1213 2902 1251 omnes
2954 1197 3183 1251 trahit:
3242 1196 3377 1266 quia
3435 1196 3534 1266 qui
3589 1197 3759 1249 bonis

2060 1291 2441 1363 praesentibus
2471 1290 2849 1353 delectantur,
2892 1286 3157 1357 potestati
3192 1285 3346 1338 illius
3395 1301 3455 1337 se
3543 1283 3759 1353 absque

2061 1382 2402 1436 retractione
2449 1378 2780 1448 subjiciunt.
2837 1376 2967 1441 Sed,
3021 1375 3168 1428 sicut
3243 1372 3500 1444 praefati~
3538 1388 3756 1436 sumus,

2061 1473 2195 1544 quia
2227 1471 2356 1541 plus
2385 1475 2472 1522 est
2500 1483 2731 1521 omnem
2767 1465 3060 1519 hominem
3101 1479 3273 1535 quam
3308 1460 3761 1514 innumerabiles

2061 1560 2312 1624 trahere,
2339 1573 2442 1611 cur
2473 1556 2632 1628 prius
2675 1554 2903 1618 dicitur,
2953 1553 3088 1623 quia
3151 1567 3384 1603 onmem
3449 1547 3644 1613 trahit,
3703 1554 3761 1602 et

2063 1656 2192 1722 post
2230 1649 2290 1702 in
2317 1650 2628 1717 augmento
2671 1641 3116 1696 innumerabiles
3145 1639 3562 1708 subjiciuntur?
3593 1637 3758 1691 Ratio

1987 1767 2024 1820 Β
2066 1755 2314 1810 namque
2379 1737 2592 1806 expetit
2666 1738 2728 1786 ut
2783 1731 2941 1802 prius
2998 1730 3188 1784 minus
3247 1734 3350 1793 est;
3408 1733 3466 1780 et
3517 1729 3651 1820 post
3699 1725 3761 1778 in

2061 1830 2374 1902 augmento
2408 1823 2560 1896 quod
2596 1823 2780 1890 majus
2811 1826 2915 1885 est,
2961 1819 3266 1872 diceretur.
3299 1816 3408 1872 Sed
3465 1814 3760 1868 sciendum

2062 1921 2194 1993 quia
2226 1919 2288 1972 in
2330 1917 2436 1970 hoc
2494 1913 2616 1966 loco
2677 1911 2802 1981 plus
2859 1909 2968 1962 fuit
3022 1906 3473 1960 innumerabiles
3529 1903 3758 1968 dixisse,

2064 2023 2236 2078 quam
2270 2019 2487 2058 omnes.
2525 2003 2651 2055 Post
2698 2015 2755 2052 se
2804 1996 2959 2050 enim
3010 2012 3241 2049 omnem
3299 1993 3592 2049 hominem
3643 1997 3762 2044 tra-

2062 2098 2148 2150 hit
2181 2111 2194 2148 :
2230 2094 2364 2164 quia
2390 2092 2447 2144 in
2481 2090 2679 2154 tribus;
2706 2087 2872 2140 annis
2898 2093 2953 2138 et
2981 2085 3240 2148 dimidio,
3273 2099 3472 2136 omnes
3526 2097 3670 2152 quos
3702 2081 3763 2133 in

2063 2184 2270 2238 studiis
2301 2182 2431 2234 vitae
2499 2177 2742 2232 carnalis
2802 2174 3103 2237 invenerit,
3169 2173 3309 2241 jugo
3361 2188 3476 2224 suze
3523 2171 3760 2223 damna-

2063 2273 2238 2326 tionis
2268 2268 2550 2337 astringit.
2590 2270 2730 2320 Ante
2762 2281 2819 2318 se
2862 2280 2995 2316 vero
3046 2260 3500 2314 innumerabiles
3541 2258 3710 2311 traxit
3746 2272 3758 2310 :

2063 2362 2198 2432 quia
2230 2376 2331 2430 per
2351 2359 2606 2430 quinque
2639 2354 2842 2416 millia,
2875 2359 2931 2406 et
2962 2352 3148 2405 adhuc
3181 2349 3427 2420 amplius
3478 2362 3762 2400 annorum

2064 2449 2366 2513 curricula,
2405 2445 2665 2516 quamvis
2701 2443 2958 2496 carnales
3009 2456 3209 2494 omnes
3265 2439 3490 2491 trahere
3525 2435 3764 2489 minime

2065 2537 2274 2609 potuit,
2311 2537 2492 2589 multo
2521 2539 2714 2586 tamen
2747 2533 2938 2601 plures
2965 2533 3097 2581 sunt
3129 2529 3188 2581 in
3231 2531 3346 2580 tam
3398 2527 3568 2595 longo
3621 2530 3766 2577 tem-

2067 2645 2201 2699 pore
2238 2627 2316 2690 hi,
2358 2642 2504 2696 quos
2560 2627 2692 2675 ante
2739 2637 2796 2673 se
2852 2617 3303 2672 innumerabiles
3362 2613 3529 2683 rapit.
3591 2624 3763 2680 quam

2066 2733 2288 2781 omnes,
2323 2731 2466 2784 quos
2499 2713 2555 2765 iu
2587 2718 2700 2764 tam
2743 2709 2897 2762 brevi
2953 2714 3209 2776 tempore
3258 2701 3564 2773 rapiendos
3605 2700 3766 2751 inve—

2066 2806 2232 2859 nerit.
2271 2806 2419 2858 Bene
2452 2818 2586 2872 ergo
2639 2800 2862 2864 dicitur,
2897 2801 3025 2867 post
3058 2813 3115 2847 se
3175 2808 3406 2846 omnem
3470 2788 3765 2843 hominem

2066 2893 2264 2960 trahit,
2297 2899 2353 2945 et
2401 2897 2531 2944 ante
2582 2905 2639 2941 se
2695 2885 3144 2940 innumerabiles
3177 2899 3190 2936 :
3225 2883 3358 2952 quia
3393 2885 3450 2933 et
3483 2884 3617 2932 tunc
3659 2875 3763 2929 mi-

2066 2999 2174 3036 nus
2206 2981 2389 3046 tollet,
2421 2996 2548 3032 cum
2585 2993 2782 3030 omnes
2816 2975 3008 3028 tulerit
3041 2989 3053 3026 :
3090 2977 3144 3025 et
3176 2987 3329 3024 nunc
3377 2967 3626 3038 amplius
3678 2963 3764 3019 di-

255 3063 516 3112 testatem
546 3060 1070 3130 despiciant,!juxta
1103 3063 1210 3115 hoc
1241 3069 1431 3116 tamen
1455 3067 1738 3136 quodipsi
1773 3068 1958 3121 adhuc
1990 3048 2030 3102 Ο
2069 3071 2224 3142 ripit,
2261 3085 2390 3122 cum
2423 3067 2594 3122 corda
2630 3065 2890 3120 omnium
2926 3080 3035 3116 non
3072 3061 3307 3114 invadit.

256 3146 314 3200 in
345 3163 515 3200 carne
561 3149 788 3202 mortali
829 3155 981 3214 sunt,
1016 3150 1072 3204 in
1107 3167 1220 3221 qua
1277 3153 1517 3206 cruciari
1567 3157 1960 3226 temporaliter

255 3240 514 3304 possunt,
551 3236 670 3306 ipsa
703 3253 830 3306 qua:
864 3238 1087 3292 fortiter
1117 3241 1381 3305 tolerant,
1417 3243 1696 3312 supplicia
1729 3245 1962 3314 perhor-

258 3331 511 3391 rescunt,
570 3325 648 3378 ita
682 3331 744 3378 ut
806 3325 865 3379 in
907 3328 986 3379 eis
1045 3343 1160 3380 uno
1219 3329 1535 3398 eodemque
1591 3339 1872 3401 tempore,
1907 3339 1962 3388 et

257 3413 577 3466 constantia
610 3430 678 3467 ex
709 3414 919 3468 virtute
955 3415 1043 3481 sit,
1081 3422 1139 3468 et
1166 3433 1345 3486 pavor
1393 3435 1460 3472 ex
1510 3436 1699 3474 carne.
1733 3422 1876 3486 Quia
1907 3427 1962 3477 et

256 3501 303 3554 si
336 3502 499 3554 electi
541 3508 691 3569 sunt,
731 3510 786 3555 et
817 3504 1121 3558 tormentis
1163 3505 1309 3559 vinci
1353 3515 1659 3578 nequeant,
1722 3527 1825 3581 per
1855 3513 1962 3566 hoc

257 3593 451 3644 tamen
483 3589 644 3660 quod
676 3591 935 3646 homines
967 3598 1116 3660 sunt,
1152 3599 1208 3648 et
1237 3595 1361 3664 ipsa
1391 3602 1657 3652 metuunt
1675 3604 1960 3656 tormenta

258 3678 359 3748 qui
392 3678 600 3733 vincun
612 3682 650 3733 t.

652 3768 777 3822 Car.
827 3768 975 3824 XCV.
1003 3800 1072 3809 —
1103 3773 1177 3824 De
1204 3771 1566 3828 Antio/crista.

333 3855 512 3925 (Greg.
540 3857 596 3909 in
625 3860 738 3910 suis
768 3858 1065 3912 Moralibus
1096 3860 1233 3914 dicit
1267 3863 1308 3929 :)
1346 3861 1504 3915 Videt
1543 3863 1695 3916 enim
1727 3865 1878 3935 quod
1902 3866 1960 3921 in

258 3945 373 3998 fine
398 3944 598 3998 mundi
634 3945 806 3999 Satan
858 3947 1154 4001 hominem
1190 3949 1542 4017 ingrediens,
1579 3968 1753 4022 quam
1803 3971 1961 4010 sacra

257 4033 549 4102 Scriptura
598 4034 1009 4088 Antichristum
1060 4039 1330 4106 appellat,
1380 4044 1540 4093 tanta
1587 4041 1832 4096 elatione
1863 4060 1958 4098 ex-

258 4122 503 4188 tollitur,
548 4128 708 4176 tanta
750 4125 960 4178 virtute
1016 4127 1391 4196 principatus,
1441 4129 1611 4182 tantis
1658 4130 1838 4199 signis
1905 4137 1962 4186 et

259 4211 538 4279 prodigiis
570 4211 626 4264 in
662 4213 980 4266 sanctitatis
1010 4217 1338 4269 ostensione
1368 4233 1426 4270 se
1463 4218 1664 4287 elevat,
1700 4226 1761 4272 ut
1795 4222 1960 4290 argui

2071 3179 2198 3233 Car.
2231 3176 2431 3231 XCVII.
2465 3205 2533 3215 —
2588 3173 2744 3237 Quod
2801 3175 2859 3224 in
2914 3170 3222 3223 novissimis
3271 3181 3447 3220 omnes
3511 3163 3767 3219 Israelita

2281 3264 2380 3316 per
2395 3247 2832 3316 prwdiculioncm
2855 3244 3017 3296 Heliae
3045 3241 3280 3292 converti
3301 3237 3550 3290 debeant.

2141 3337 2318 3404 (Greg.
2351 3339 2411 3388 in
2440 3338 2552 3388 suis
2609 3332 2908 3387 litoralibus
2965 3328 3100 3382 dicit
3132 3329 3172 3394 :)
3218 3327 3324 3380 Sed
3388 3329 3640 3376 extremo
3680 3321 3767 3373 ls-

2068 3426 2286 3479 raelitie
2318 3440 2515 3477 omnes
2545 3423 2615 3476 ad
2646 3421 2837 3484 tidem,
2871 3419 3099 3489 cognita
3133 3416 3305 3471 Heliae
3337 3411 3764 3484 przedicatione,

2069 3518 2463 3570 concurrunt:
2521 3519 2692 3581 atque
2724 3509 2792 3562 ad
2826 3510 2947 3578 ejus
3005 3505 3415 3578 proiectionem
3454 3517 3625 3573 quem
3679 3500 3764 3553 fu-

2069 3609 2288 3673 gerant,
2324 3599 2568 3653 redeunt
2603 3613 2614 3650 :
2651 3602 2706 3650 et
2742 3601 2878 3650 tunc
2926 3596 3067 3649 illud
3130 3592 3399 3646 eximium
3461 3585 3769 3657 multiplici

2069 3689 2478 3760 aggregatione
2513 3687 2861 3756 pupillorum
2894 3682 3218 3738 convivium
3256 3679 3595 3733 celebratur.

2069 3796 2197 3849 CAP.
2249 3793 2482 3848 XCVIII.
2516 3821 2584 3829 —
2621 3792 2698 3844 De
2731 3792 2826 3844 hoc
2855 3805 2950 3844 cur
2993 3791 3050 3841 in
3083 3789 3184 3841 hac
3222 3789 3339 3840 vita
3378 3786 3576 3853 saepius
3617 3782 3769 3835 bonis

2495 3863 2632 3915 male
2653 3865 2745 3927 sit,
2789 3866 2837 3914 et
2864 3862 3022 3913 malis
3053 3861 3195 3912 bene.

2143 3955 2325 4020 (Greg.
2360 3954 2419 4005 in
2449 3953 2563 4005 suis
2604 3949 2903 4004 litoralibus
2935 3949 3072 4002 dicit
3106 3952 3145 4015 :)
3185 3946 3326 4000 Cum
3358 3943 3519 3998 valde
3547 3941 3769 3995 occulta

2069 4043 2184 4096 sint
2213 4042 2406 4096 divina
2429 4039 2669 4110 judicia,
2704 4055 2805 4092 cur
2830 4039 2888 4091 in
2913 4038 3018 4091 hac
3053 4039 3165 4090 vita
3206 4047 3620 4104 nonnunquam
3671 4031 3770 4083 bo—

2069 4133 2159 4186 nis
2190 4132 2334 4184 male
2363 4130 2456 4194 sit,
2493 4129 2654 4182 malis
2681 4128 2864 4181 bene:
2895 4133 3046 4180 tunc
3078 4125 3387 4179 occultiora
3439 4128 3591 4187 sunt,
3637 4135 3767 4173 cum

2070 4229 2125 4274 et
2157 4219 2318 4273 bonis
2346 4217 2432 4271 hic
2458 4219 2598 4270 lii-ne
2625 4221 2727 4281 est,
2762 4221 2816 4269 et
2849 4215 3012 4266 malis
3044 4215 3210 4266 male.
3251 4214 3388 4267 Nam
3430 4226 3557 4263 cum
3601 4207 3770 4261 bonis

258 4301 330 4354 ab
369 4301 704 4354 hominibus
743 4303 866 4371 ejus
895 4303 1038 4356 facta
1071 4319 1188 4356 non
1219 4305 1442 4358 valeant
1476 4322 1488 4359 :
1523 4306 1658 4376 quia
1687 4323 1816 4361 cum
1850 4324 1960 4377 po-
1993 4331 2034 4384 ο
2075 4309 2221 4362 male
2255 4315 2359 4372 est,
2396 4307 2562 4359 malis
2587 4307 2750 4368 bene,
2806 4306 2914 4359 huc
2961 4304 3201 4356 fortasse
3262 4297 3711 4372 deprehenditur
3753 4312 3766 4349 :

258 4394 461 4442 testate
523 4389 758 4443 terroris
811 4391 1210 4461 adjunguntur
1264 4393 1438 4447 etiam
1500 4395 1664 4464 signa
1712 4401 1956 4450 ostensae

261 4477 601 4531 sanctitatis.
640 4479 704 4532 Et
735 4479 814 4531 ait
847 4495 858 4533 :
895 4481 1033 4544 Quis
1064 4482 1255 4551 arguit
1285 4499 1475 4535 coram
1509 4499 1576 4536 eo
1608 4485 1756 4538 viam
1797 4487 1958 4554 ejus?

259 4565 397 4630 Quis
465 4565 728 4620 videlicet
792 4567 1093 4623 hominum
1145 4571 1309 4625 illum
1377 4571 1672 4642 increpare
1733 4575 1956 4639 audeat,

259 4655 424 4723 cujus
454 4654 637 4709 visum
671 4658 820 4709 ferre
851 4659 1252 4726 pertimescit?
1281 4661 1385 4714 Sed
1417 4666 1609 4714 tamen
1655 4663 1778 4731 ejus
1811 4663 1960 4715 viam

259 4760 373 4797 non
407 4744 594 4798 soium
629 4744 812 4798 Helias
835 4751 890 4798 et
928 4747 1132 4809 Enoch,
1169 4749 1266 4818 qui
1290 4749 1349 4802 in
1381 4750 1504 4819 ejus
1522 4751 1960 4821 exprobratione

259 4832 331 4886 ad
373 4833 626 4886 medium
691 4836 1104 4903 perducuntur,
1164 4837 1260 4890 sed
1310 4838 1479 4892 etiam
1532 4855 1730 4892 omnes
1783 4841 1959 4909 {electi

261 4926 534 4989 arguunt,
572 4921 709 4975 dum
742 4929 1140 4992 contemnunt,
1171 4927 1310 4980 dum
1359 4927 1567 4981 virtute
1601 4928 1807 4982 mentis
1837 4930 1960 4998 ejus

264 5009 501 5064 malitias
532 5009 827 5064 resistunt.

577 5099 703 5153 CAP.
737 5099 916 5154 XCVI.
947 5131 1015 5141 —
1037 5103 1167 5156 Item
1195 5102 1260 5156 de
1285 5103 1645 5158 Antichristo.

331 5185 575 5252 (Gregor.
603 5188 662 5240 in
682 5189 796 5242 suis
824 5191 1124 5244 Moratibus
1147 5191 1282 5244 dicit
1311 5192 1348 5260 :)
1377 5193 1487 5245 Hoc
1518 5193 1639 5246 loco
1665 5193 1835 5246 homo
1854 5193 1960 5246 hu-

259 5289 433 5328 mana
489 5275 718 5345 sapiens
777 5277 1008 5344 dicitur,
1072 5280 1168 5332 sed
1221 5295 1352 5333 cum
1397 5281 1525 5350 plus
1567 5281 1683 5334 sint
1737 5298 1956 5347 omnes,

260 5379 432 5432 quam
457 5363 933 5434 innumerabiles,
961 5367 1339 5436 quaerendum
1372 5368 1538 5422 nobis
1572 5374 1676 5434 est,
1709 5376 1960 5423 curante

259 5469 317 5505 se
336 5454 637 5506 innumera
649 5454 807 5521 biles,
824 5461 880 5507 et
895 5463 1021 5524 post
1037 5472 1095 5508 se
1113 5457 1549 5510 omnestrahere
1573 5458 1815 5522 dicatur,
1851 5458 1960 5512 nisi

259 5540 415 5611 quod
449 5541 722 5612 antiquus
753 5543 932 5598 hostis
951 5543 1260 5614 reprobum
1276 5549 1411 5599 tunc
1433 5545 1725 5600 hominem
1747 5547 1962 5616 ingres-

257 5645 374 5694 sus,
417 5634 651 5684 cunctos
691 5648 836 5702 quos
855 5633 1111 5686 carnales
1141 5632 1447 5699 invenerit,
1480 5636 1586 5690 sub
1616 5637 1959 5705 sutejugum

2068 4397 2205 4469 quia
2239 4402 2289 4450 et
2315 4394 2472 4459 boni,
2505 4395 2552 4448 si
2585 4412 2698 4465 qua
2724 4394 3112 4464 deliquerunt,
3143 4392 3236 4445 hic
3259 4390 3543 4461 recipiunt
3573 4391 3675 4441 :ut
3700 4385 3770 4440 ah

2073 4492 2284 4542 aeterna
2349 4484 2577 4553 plenius
2638 4483 3008 4536 damnatione
3085 4479 3448 4534 liberentur:
3519 4481 3575 4530 et
3630 4474 3769 4529 mali

2073 4575 2243 4638 bona,
2287 4590 2415 4644 quae
2473 4589 2577 4642 pro
2625 4573 2732 4626 hac
2763 4571 2872 4624 vita
2931 4569 3166 4636 faciunt,
3201 4569 3291 4622 hic
3352 4567 3670 4632 inveniunt,
3710 4569 3770 4617 ut

2073 4665 2138 4716 ad
2173 4663 2292 4716 sola
2332 4663 2392 4715 in
2424 4667 2714 4732 posterum
2763 4665 3050 4713 tormenta
3111 4658 3540 4728 pertrahantur.
3597 4653 3770 4724 ,Unde

2074 4757 2130 4803 et
2159 4750 2384 4804 ardenti
2412 4751 2468 4803 in
2504 4749 2728 4802 inferno
2769 4747 2928 4801 diviti
2980 4747 3194 4800 dicitur
3239 4761 3251 4800 :
3303 4747 3608 4812 Memento,
3665 4743 3770 4806 ﬁli,

2075 4839 2210 4909 quia
2244 4838 2505 4907 recepisti
2538 4838 2686 4890 bona
2718 4835 2779 4890 in
2812 4835 2924 4888 vita
2958 4840 3076 4900 tua,
3108 4838 3164 4887 et
3209 4834 3450 4887 Lazarus
3507 4831 3772 4884 similiter

2075 4929 2244 4981 mala.
2271 4931 2340 4981 At
2363 4944 2490 4981 cum
2526 4927 2691 4980 bonis
2723 4925 2812 4978 hic
2842 4925 2984 4978 bene
3017 4929 3120 4987 est,
3150 4928 3207 4975 et
3257 4921 3420 4975 malis
3455 4921 3620 4983 unale,
3681 4920 3770 4972 in-

2073 5023 2292 5071 certum
2323 5017 2486 5070 valde
2518 5017 2599 5078 tit,
2644 5020 2835 5068 utrum
2863 5013 2994 5067 boni
3028 5012 3233 5066 idcirco
3284 5011 3434 5064 bona
3491 5009 3773 5080 accipiant

2074 5110 2136 5157 ut
2190 5105 2482 5175 provocati
2531 5107 2601 5158 ad
2662 5103 2874 5174 aliquid
2932 5103 3137 5155 melius
3179 5102 3456 5163 crescant,
3515 5115 3587 5151 an
3615 5098 3771 5168 justo

2074 5192 2390 5262 latentique
2433 5193 2652 5262 judicio
2683 5191 2775 5245 hic
2843 5207 3077 5244 suorum
3137 5204 3374 5260 operum
3429 5203 3770 5240 remunera-

2072 5283 2291 5335 tionem
2323 5282 2665 5351 percipiant,
2700 5289 2760 5334 ut
2790 5298 2821 5334 a
2847 5280 3102 5351 praemiis
3144 5279 3268 5332 vita
3314 5275 3602 5347 sequentis
3643 5275 3766 5327 ina-

2074 5375 2326 5424 nes-cant.
2355 5371 2416 5424 Et
2453 5378 2643 5423 utrum
2707 5372 2890 5423 malos
2919 5371 3128 5424 idcirco
3161 5368 3391 5421 adversa
3450 5365 3676 5431 feriant,
3711 5368 3773 5417 ut

2075 5460 2145 5512 ab
2175 5460 2407 5513 aeternis
2430 5461 2726 5529 suppliciis
2765 5459 3107 5530 corrigendo
3165 5457 3516 5513 defendant:
3554 5471 3625 5507 an
3681 5454 3774 5507 hic

2074 5563 2272 5601 eorum
2335 5564 2504 5615 poena
2577 5549 2836 5618 incipiat,
2897 5555 2958 5602 ut
3015 5549 3365 5618 quandoque
3429 5543 3773 5614 complenda

2074 5653 2168 5692 eos
2198 5637 2265 5691 ad
2291 5636 2494 5727 pltima
2522 5637 2802 5706 gehennae
2831 5643 3116 5692 tormenta
3148 5637 3446 5705 perducat.
