4592 6520
478 118 493 131 ι
1106 94 1279 117 2L."
1322 100 1627 117 III—.—

526 148 603 173 Ἴ
1662 174 1665 175 ,
1682 72 3743 197 ’Μ

902 540 1034 592 1055

893 662 1020 718 CAP.
1049 662 1219 718 XCIX.
1260 692 1329 701 —
1361 660 1518 726 Quod
1562 664 1727 715 etiam
1773 677 1951 717 omnes
2004 664 2249 725 inﬁdeles
2306 678 2583 731 resurgere

1139 734 1365 786 debeant
1393 734 1467 786 ad
1500 739 1783 798 tormenta,
1815 749 1918 787 nou
1948 734 2023 786 ad
2042 735 2331 802 judicium.

961 821 1188 887 (Gregor
1243 824 1301 875 in
1337 824 1451 874 suis
1491 822 1798 874 Morulibus
1824 823 1959 875 dicit
1994 825 2033 887 ε)
2084 824 2411 891 Resurgth
2448 838 2583 875 vero

891 910 1064 964 etiam
1094 924 1293 961 omnes
1346 910 1624 975 inﬁdeles,
1677 910 1772 963 sed
1822 911 1887 963 ad
1936 916 2304 973 tormentum,
2366 927 2478 963 non
2510 911 2581 964 ad

884 997 1188 1068 judicium.
1239 999 1362 1052 Non
1409 997 1563 1051 enim
1610 1014 1808 1052 eorum
1852 1004 1986 1051 tunc
2035 1016 2203 1052 causa
2255 1000 2578 1064 discutitur,

890 1084 991 1155 qui
1023 1085 1093 1138 ad
1121 1092 1493 1154 conspectum
1530 1086 1765 1139 districti
1802 1087 2029 1154 judicis,
2061 1088 2180 1154 jam
2235 1104 2366 1140 cum
2414 1088 2581 1141 dam-

892 1173 1123 1225 natione
1156 1188 1273 1225 suae
1310 1173 1666 1227 inﬁdelitatis
1699 1174 1990 1227 accedunt.
2023 1175 2437 1229 Professionem
2488 1192 2580 1228 ve-

891 1277 957 1313 ro
993 1260 1125 1315 ﬁdei
1158 1261 1491 1327 retinentes,
1534 1264 1630 1315 sed
1689 1263 2052 1331 professionis
2078 1279 2252 1332 opera
2304 1280 2415 1317 non
2482 1264 2579 1317 ha-

891 1350 1113 1415 bentes,
1144 1350 1659 1422 redarguuutur_ut
1699 1356 1955 1420 pereant.
1989 1351 2095 1415 Qui
2128 1368 2260 1405 vero
2294 1368 2395 1405 nec
2452 1352 2583 1406 fidei

893 1444 1249 1491 sacramenta
1273 1444 1599 1505 tenuerunt,
1632 1439 2083 1507 increpationem
2121 1439 2332 1509 judicis
2379 1439 2437 1492 in
2479 1456 2581 1493 ex-

892 1531 1075 1579 trema
1104 1527 1525 1579 examinatione
1550 1543 1661 1579 non
1697 1527 1979 1581 audiunt:
2012 1528 2148 1598 quia
2197 1529 2577 1598 prmjudican-

889 1617 986 1667 tur
1022 1614 1375 1667 inﬁdelitatis
1401 1631 1517 1669 sua:
1552 1615 1819 1673 tenebris.
1854 1616 1977 1685 ejus
2006 1633 2177 1686 quem
2210 1618 2583 1686 despexerant

892 1701 1213 1755 invectione
1247 1703 1511 1773 redargui
1544 1720 1657 1757 non
1688 1709 2000 1757 merentur.
2042 1705 2125 1759 llli
2165 1706 2364 1758 saltem
2414 1706 2581 1759 verba

885 1790 1093 1860 judicis
1114 1790 1374 1855 audiunt,
1417 1792 1512 1862 qui
1538 1794 1659 1861 ejus
1701 1793 1830 1845 tidei
1863 1794 2031 1845 verba
2088 1799 2442 1848 tenuerunt:
2488 1795 2579 1847 isti

891 1877 951 1931 in
974 1878 1343 1932 damnatione
1375 1896 1476 1932 sua
1506 1880 1706 1933 aeterni
1746 1880 1958 1949 judicis
2007 1897 2110 1934 nec
2171 1882 2339 1935 verba
2394 1882 2576 1951 perci-

891 1965 1076 2036 piunt,
1110 1966 1245 2035 quia
1305 1968 1427 2037 ejus
1480 1968 1857 2021 reverentiam
1910 1984 2012 2022 nec
2067 1969 2235 2023 verba
2269 1976 2434 2023 tenus
2461 1986 2577 2023 ser-

890 2069 1022 2106 vare
1084 2055 1432 2108 maluerunt.
1496 2056 1580 2109 llli
1660 2056 1918 2125 legaliter
1973 2063 2233 2127 pereunt,
2304 2060 2435 2128 quia
2475 2058 2580 2112 sub

890 2141 1016 2211 lege
1043 2142 1213 2211 po~iti
1274 2150 1683 2212 peccaverunt:
1720 2144 1843 2198 istis
1899 2145 1956 2198 in
2012 2146 2331 2216 perditione
2378 2164 2480 2200 sua
2513 2147 2580 2200 de

890 2229 1017 2300 lege
1052 2229 1192 2284 nihil
1255 2232 1481 2294 dicitur,
1535 2232 1670 2303 quia
1722 2233 1867 2287 nihil
1926 2233 2069 2303 legis
2122 2234 2331 2287 habere
2393 2234 2580 2287 conati

891 2323 1042 2372 sunt.

1104 2390 1233 2445 CAP.
1269 2390 1327 2445 C.
1356 2421 1416 2429 —
1445 2391 1600 2455 Quod
1612 2408 1798 2515 («inanes
1821 2393 2063 2515 thomincs
2093 2408 2371 2460 resurgere

1651 2480 1677 2515 e
1716 2480 1814 2515 ean
1849 2505 1859 2515 .

1651 2480 1859 2515 00007”.

961 2549 1222 2615 (August.
1258 2549 1394 2602 dicit
1428 2550 1461 2615 ε)
1489 2550 1757 2604 Omnium
1783 2552 2083 2605 hominum
2108 2552 2212 2604 erit
2242 2553 2578 2605 resurrectio

890 2634 948 2689 Si
981 2635 1241 2689 omnium
1299 2638 1427 2703 erit,
1487 2655 1622 2707 ergo
1673 2656 1871 2693 omnes
1927 2640 2271 2704 moriuntur,
2314 2646 2376 2693 ut
2429 2657 2578 2694 mors

890 2722 951 2776 in
974 2724 1155 2777 Adam
1210 2724 1361 2783 data,
1421 2727 1685 2779 omnibus
1740 2727 1862 2797 ejus
1918 2729 2046 2781 ﬁliis
2106 2729 2482 2783 dominetur:
2526 2735 2580 2783 et

892 2817 1123 2865 maneat
1161 2813 1299 2867 illud
1353 2815 1712 2883 privilegium
1747 2816 1801 2869 in
1854 2817 2114 2885 Domino,
2177 2818 2327 2888 quod
2385 2818 2453 2871 de
2510 2835 2577 2871 eo

891 2900 1216 2971 specialiter
1245 2901 1448 2954 dicitur
1480 2918 1492 2955 :
1536 2904 1656 2956 Non
1684 2904 1841 2956 dabis
1869 2910 2125 2958 sanctum
2173 2910 2336 2957 tuum
2388 2905 2578 2957 videre

890 2990 1335 3058 corruptionem.
1418 2992 1569 3045 Hanc
1661 2993 1945 3046 rationem
2015 2993 2265 3046 maxima
2347 2994 2576 3047 Patrum

891 3077 1055 3130 turba
1111 3077 1367 3132 tradente
1420 3079 1794 3149 suscepimus.
1850 3081 2081 3147 Verum,
2140 3081 2273 3151 quia
2334 3086 2467 3133 sunt
2525 3084 2579 3132 et

891 3163 988 3217 alii
1045 3181 1207 3234 teque
1264 3166 1546 3230 catholici,
1603 3172 1659 3220 et
1718 3167 1924 3221 eruditi
1976 3168 2104 3230 viri,
2163 3169 2262 3239 qui
2316 3168 2574 3233 credunt,

890 3250 1080 3305 anima
1108 3253 1165 3307 in
1196 3270 1432 3323 corpore
1466 3260 1752 3320 manente,
1803 3256 2192 3310 immutandos
2222 3257 2287 3311 ad
2345 3274 2577 3326 corrup-

889 3337 1105 3392 tionem
1132 3344 1188 3393 et
1233 3341 1727 3396 immortalitatem
1778 3360 1872 3396 eos
1922 3343 2104 3414 quiin
2162 3344 2405 3398 adventu
2468 3346 2577 3398 Do-

892 3426 1037 3481 mini
1070 3428 1179 3481 vivi
1211 3429 1539 3483 inveniendi
1591 3437 1746 3499 sunt,
1779 3439 1836 3486 et
1887 3432 1994 3485 hoc
2048 3434 2128 3485 eis
2180 3434 2433 3503 reputari
2474 3451 2577 3504 pro

891 3517 1310 3570 resurrectione
1341 3535 1405 3572 ex
1436 3520 1699 3585 mortuis,
1742 3520 1898 3591 quod
1928 3522 2329 3575 mortalitatem
2367 3523 2578 3576 immu-

891 3605 1107 3659 tatione
1165 3606 1459 3675 deponant
1516 3624 1628 3662 non
1671 3614 1932 3674 mortem,
1989 3610 2244 3680 quolibet
2303 3611 2433 3681 quis
2482 3625 2579 3663 ac-

892 3693 1146 3763 quiescat
1176 3695 1345 3747 modo
1385 3712 1498 3748 non
1558 3696 1876 3762 haereticus,
1930 3697 2041 3751 nisi
2088 3698 2144 3751 in
2201 3699 2578 3752 conventione

891 3780 1191 3835 haereticus
1221 3783 1334 3839 ﬁat.
1372 3784 1589 3838 Sufﬁcit
1620 3786 1770 3838 enim
1795 3786 1851 3839 in
1888 3786 2150 3840 Ecclesia
2189 3788 2331 3857 lege,
2394 3787 2580 3841 carnis

890 3869 1365 3924 resurrectionem
1396 3873 1627 3924 credere
1652 3873 1773 3926 ﬁeri
1804 3874 1873 3926 de
1914 3878 2114 3929 morte.

1352 3961 1480 4014 CAP.
1507 3960 1592 4013 CI.
1626 3990 1694 4001 —
1731 3963 1805 4015 De
1833 3963 2017 4016 eadem
2040 3979 2116 4017 re.

962 4046 1113 4116 (Item
1144 4048 1317 4116 Aug.)
1349 4048 1509 4111 Quod
1556 4054 1743 4103 autem
1794 4050 2036 4104 dicimus
2081 4052 2140 4104 in
2198 4051 2485 4119 Symbolo,
2522 4054 2578 4107 in

890 4135 1137 4187 adventu
1169 4135 1396 4189 Domini
1451 4136 1605 4189 vivos
1655 4142 1711 4191 et
1768 4145 2027 4192 mortuos
2071 4139 2431 4209 judicandos,
2467 4158 2579 4195 non

883 4222 1073 4293 justos
1105 4228 1328 4277 tantum
1356 4241 1419 4278 ac
1444 4232 1766 4295 peccatores
1804 4227 2076 4298 judicari,
2122 4228 2267 4281 sicut
2304 4229 2580 4283 Diodorus

893 4310 1205 4380 signiﬁcari
1244 4316 1424 4382 putat,
1460 4314 1559 4367 sed
1609 4315 1764 4367 vivos
1817 4331 1914 4369 eos
1945 4315 2047 4386 qui
2102 4316 2160 4369 in
2214 4332 2380 4369 carne
2419 4317 2578 4371 inie-

891 4397 1240 4454 niendisunt
1282 4400 1437 4455 dicit.
1489 4401 1635 4465 Quia
1675 4402 1747 4456 ad
1807 4402 1913 4457 hoc
1960 4404 2224 4457 morituri
2248 4404 2576 4466 creduntur.

890 4486 977 4539 vel
1010 4486 1375 4556 immutandi,
1405 4489 1550 4542 sicut
1581 4489 1676 4543 alii
1736 4492 1934 4545 volunt
1974 4508 1988 4546 :
2024 4497 2085 4546 ut
2107 4492 2358 4547 suscitati
2387 4493 2575 4546 conti-

890 4591 1009 4630 nuo
1039 4577 1124 4629 vel
1158 4576 1501 4631 reformatia
1539 4580 1797 4645 mortuis,
1824 4580 2175 4651 judicentur.

892 4663 1154 4719 CAP.CI[.
1193 4695 1263 4704 —
1294 4664 1447 4730 Quod
1492 4668 1674 4732 angeli
1701 4675 1981 4736 apostatav,
2031 4674 2081 4722 et
2136 4672 2298 4736 impii
2345 4670 2579 4723 homines

956 4740 1080 4804 post
1103 4740 1367 4789 tormenta
1394 4738 1555 4810 quasi
1581 4741 1863 4808 suppliciis
1914 4743 2228 4810 expurgati.
2278 4756 2383 4794 non
2409 4742 2583 4809 justo-

961 4821 1084 4859 rum
1112 4810 1364 4860 societate
1391 4808 1674 4863 donentur.

960 4895 1118 4962 (Item
1146 4894 1314 4964 Aug.)
1347 4896 1478 4949 Post
1505 4898 1978 4954 resurrectionem
2008 4904 2065 4954 et
2113 4899 2424 4970 judicium,
2465 4914 2582 4952 non

891 4982 1191 5036 credamus
1232 4984 1708 5038 resurrectionem
1756 4985 2030 5052 futuram,
2090 5002 2264 5056 quam
2308 4987 2583 5055 Origenes

892 5070 1116 5137 delirat,
1150 5075 1215 5124 ut
1244 5070 1531 5126 damones
1559 5074 1642 5125 vel
1676 5074 1837 5144 impii
1859 5074 2141 5140 homines,
2172 5083 2301 5144 post
2327 5082 2580 5129 tormen-

890 5159 1134 5227 taquasi
1166 5160 1464 5229 suppliciis
1526 5161 1843 5230 expurgati,
1886 5161 1972 5214 vel
2025 5161 2109 5214 illi
2154 5161 2214 5215 in
2262 5163 2583 5233 angelicam

892 5261 1007 5317 qua
1036 5247 1212 5300 creati
1244 5256 1377 5301 sunt
1409 5249 1645 5302 redeant
1680 5249 2045 5317 dignitatem,
2099 5250 2185 5303 vel
2233 5249 2435 5319 injusti
2480 5250 2579 5319 ju-

892 5339 1108 5388 storum
1132 5336 1403 5389 societate
1427 5336 1741 5401 donentur,
1774 5352 1841 5389 eo
1872 5338 2022 5407 quod
2065 5336 2169 5392 hoc
2207 5338 2414 5392 divinae
2441 5356 2581 5392 con-

891 5422 1085 5476 veniat
1114 5423 1338 5493 pietati,
1374 5440 1444 5478 ne
1467 5423 1604 5495 quid
1635 5439 1705 5478 ex
1738 5424 2171 5478 rationabilibus
2206 5432 2398 5494 pereat
2420 5442 2582 5480 crea-

894 5512 1060 5577 turis,
1088 5512 1183 5565 sed
1215 5512 1475 5583 quolibet
1519 5513 1687 5567 modo
1743 5513 2050 5567 salventur.
2107 5513 2215 5568 Sed
2250 5530 2354 5568 nos
2391 5515 2585 5568 creda-

895 5615 1023 5652 mus
1057 5600 1163 5670 ipsi
1190 5600 1366 5670 judici
1393 5602 1649 5655 omnium
1692 5608 1745 5654 et
1778 5599 2111 5655 retributori
2144 5602 2322 5669 justo,
2361 5602 2460 5672 qui
2492 5604 2583 5655 di-

900 5688 980 5739 xit
1013 5728 1024 5740 .
1051 5689 1223 5742 Ibunt
1244 5688 1411 5757 impii
1446 5690 1507 5743 in
1533 5689 1880 5760 supplicium
1910 5689 2365 5759 aeternum,justi
2393 5696 2583 5744 autem

986 5777 1155 5827 ‘itam
1198 5781 1522 5830 aeternam:
1581 5782 1646 5831 ut
1676 5776 1996 5845 percipiant
2051 5776 2295 5831 fructum
2344 5793 2583 5848 operum

1558 538 1956 594 BUBCHAHDI
1995 540 2532 595 WOHMACIENSIS
2570 539 2879 595 EPISCOPI
2920 536 3395 594 DECRETORUI
3440 535 3562 591 LIB.
3600 535 3709 591 XX.

4268 538 4394 589 10511

2611 665 2656 716 Α
2696 678 2951 716 suorum.
2988 663 3051 716 Et
3082 663 3288 715 iterum
3322 676 3337 714 :
3376 661 3457 714 Ite
3490 659 3550 712 in
3579 659 3772 729 ignem
3803 661 4108 728 eternum,
4151 659 4254 730 qui
4295 674 4395 730 pa-

2693 758 2847 804 ratus
2869 757 2953 804 est
2984 750 3209 804 diabolo
3240 755 3296 803 et
3333 747 3549 817 angelis
3602 748 3743 818 ejus.

2696 873 2809 928 CAP
2870 874 3005 929 Clll.
3059 904 3125 913 —
3167 872 3322 937 Quod
3379 873 3697 925 resurrectio
3746 871 3869 938 ﬁeri
3915 870 4106 923 debeat
4137 873 4193 925 in
4234 877 4391 925 aetate

2798 949 3051 1014 perfectae
3074 946 3397 1012 juventutis,
3433 958 3552 1012 qua:
3587 944 3836 1010 profectu
3873 957 3980 995 non
4014 942 4280 1008 indigeat.

2764 1050 2871 1120 (Ea:
2905 1052 3066 1103 dictis
3107 1050 3353 1114 lsiduri.)
3404 1048 3698 1101 luchoatio
3737 1047 3889 1117 pacis
3940 1053 4267 1101 sanctorum
4300 1052 4386 1100 est

2693 1138 2748 1190 in
2794 1139 2894 1190 hac
2924 1139 3035 1190 vita
3068 1154 3179 1190 non
3217 1137 3507 1206 perfectio.
3537 1136 3692 1189 Tunc
3722 1140 3910 1187 autem
3945 1135 4056 1188 erit
4084 1135 4382 1206 plenitudo

2693 1226 2864 1294 pacis,
2900 1224 3035 1278 dum
3058 1226 3127 1278 ad
3165 1224 3259 1277 Dei
3290 1223 3853 1290 contemplationem,
3893 1223 4162 1292 absorpta
4200 1223 4386 1276 carnis

2695 1313 3043 1379 infirmitate,
3078 1313 3472 1364 convaluerint
3522 1312 3882 1365 Resiirrectio
3916 1316 4296 1375 mortuorum,
4321 1315 4387 1363 ut

2689 1402 2989 1471 Apostolus
3016 1402 3111 1463 ait,
3142 1400 3198 1453 in
3232 1402 3415 1452 virum
3451 1400 3764 1467 perfectum
3796 1398 3855 1452 in
3895 1414 4225 1452 mensuram
4257 1404 4390 1451 aeta-

2693 1490 2764 1542 tis
2788 1488 3159 1557 plenitudinis
3193 1488 3398 1541 Christi
3447 1488 3639 1541 futura
3668 1493 3752 1540 est
3788 1501 3800 1539 :
3853 1487 3909 1540 in
3960 1493 4125 1541 aetate
4178 1488 4391 1540 scilicet

2684 1577 3002 1647 juventutis
3033 1593 3163 1647 qua:
3197 1576 3454 1646 profectu
3498 1591 3611 1628 non
3649 1576 3886 1646 indiget,
3945 1580 4000 1628 et
4045 1576 4263 1646 absque
4296 1576 4387 1629 in-

2692 1668 2999 1719 clinatione
3034 1666 3284 1717 defectus
3335 1664 3392 1716 in
3446 1663 3787 1734 perfectione
3818 1679 3882 1716 ex
3935 1668 4177 1734 utraque
4219 1669 4386 1734 parte

2691 1759 2745 1807 et
2775 1754 2945 1824 plena
2975 1759 3058 1805 est
3089 1758 3143 1805 et
3183 1752 3433 1806 robusta.
3484 1752 3755 1815 Quamvis
3788 1768 3939 1805 nunc
3995 1751 4247 1805 ﬁliorum
4288 1753 4390 1806 Dei

2691 1843 2923 1897 nomine
2955 1843 3212 1896 homines
3249 1842 3441 1894 fideles
3485 1847 3776 1905 vocentur,
3809 1845 4001 1894 tamen
4030 1858 4094 1895 ex
4126 1858 4195 1894 eo
4228 1843 4389 1912 quod

2611 1932 2650 1986 Β
2690 1932 2833 1985 hanc
2863 1931 3190 1983 servitutem
3224 1929 3608 1999 corruptionis
3648 1930 3963 1998 patiuntur,
4014 1930 4198 1983 adhuc
4241 1931 4387 2002 jugo

2692 2020 2978 2073 servitutis
3005 2018 3215 2072 addicti
3264 2024 3441 2071 sunt:
3494 2017 3782 2088 accepturi
3832 2018 4059 2088 plenam
4129 2018 4392 2074 ﬁliorum

2696 2110 2792 2163 Dei
2826 2108 3167 2172 libertatem,
3193 2107 3327 2161 dum
3362 2106 3733 2176 corruptibilc
3764 2106 3869 2160 hoc
3901 2106 4154 2160 induerit
4192 2108 4388 2161 incor-

2689 2197 3033 2268 ruptionem.
3076 2198 3233 2249 Nunc
3264 2197 3405 2248 Deus
3437 2211 3538 2266 per
3567 2194 3861 2264 speculum
3918 2193 4291 2264 agnoscitur:
4330 2194 4393 2249 in

2688 2286 2881 2339 futuro
2906 2290 3096 2336 autem
3147 2285 3388 2354 quisque
3449 2285 3659 2335 electus
3690 2281 3831 2335 facie
3859 2281 3929 2335 ad
3984 2281 4189 2336 faciem
4233 2298 4394 2352 pras-

2690 2374 3027 2440 sentabitur,
3067 2378 3128 2425 ut
3176 2372 3355 2441 ipsam
3399 2372 3645 2441 speciem
3703 2371 4144 2441 contempletur,
4207 2387 4391 2442 quam

2690 2479 2840 2516 nunc
2871 2478 2973 2532 per
3012 2462 3302 2530 speculum
3352 2461 3544 2512 videre
3580 2465 3838 2512 conatur.
3872 2459 3936 2513 In
3968 2459 4074 2513 hac
4105 2459 4227 2513 vita
4277 2460 4396 2514 ele-

2689 2557 2908 2605 ctorum
2940 2566 3245 2603 numerum
3278 2548 3347 2601 ad
3396 2550 3682 2601 dexteram
3727 2548 4161 2615 pertinentium,
4215 2552 4274 2602 et
4305 2565 4396 2602 re-

2687 2639 3000 2710 proborum
3034 2638 3130 2708 qui
3162 2637 3230 2691 ad
3264 2637 3548 2689 sinistram
3589 2635 3722 2688 ituri
3752 2639 3903 2701 sunt,
3939 2636 4242 2690 Ecvlesiam
4286 2637 4391 2692 Dei

2688 2728 2962 2797 compleri
2997 2743 3008 2780 :
3042 2726 3102 2780 in
3135 2726 3244 2779 ﬁne
3277 2732 3467 2778 autem
3502 2725 3694 2778 saeculi
3725 2723 4002 2778 zizaniam
4029 2741 4061 2779 a
4089 2725 4393 2780 frumento

2688 2815 2958 2886 disjungi.

2690 2924 2814 2977 CAP.
2848 2921 2975 2974 CIV.
3008 2948 3081 2960 —
3121 2918 3272 2987 ()uod
3314 2918 3595 2970 districtus
3624 2916 3800 2971 ludes:
3833 2916 3907 2969 ad
3958 2916 4247 2984 judicium
4302 2934 4398 2972 re-

2794 2995 2944 3045 niens
2974 2997 3299 3059 peccatorcm
3325 2988 3527 3050 ridmt,
3560 2993 3622 3043 ut
3648 2990 3838 3053 feriat,
3865 3003 3972 3040 non
3996 2994 4054 3040 ut
4081 2991 4278 3041 salvet.

2760 3098 3007 3165 (Gregor.
3043 3098 3095 3148 in
3120 3098 3231 3148 suis
3268 3095 3459 3148 ,πυτ-αι.
3496 3094 3629 3147 dicit
3663 3093 3700 3163 :)
3734 3095 3794 3147 In
3824 3093 4102 3163 judicium
4144 3094 4394 3165 quidem

2610 3206 2650 3261 ο
2693 3186 2964 3240 Dominus
3016 3184 3251 3237 veniens
3312 3188 3664 3253 peccatorem
3712 3182 3867 3235 videt
3911 3187 3973 3235 ut
4038 3181 4226 3249 feriat,
4290 3184 4394 3237 sed

2688 3289 2802 3327 non
2837 3273 2988 3325 videt
3046 3277 3106 3325 ut
3140 3272 3206 3324 ad
3264 3271 3617 3342 largiendam
3665 3270 3863 3324 salutis
3916 3270 4160 3340 gratiam
4216 3286 4394 3325 reco-

2686 3368 2939 3432 gnoscat.
3000 3360 3209 3431 Culpus
3267 3360 3589 3413 examinat:
3656 3363 3711 3412 et
3772 3358 3947 3412 vitam
4004 3358 4397 3429 pereuntium

2687 3450 2928 3521 ignorat.

2687 3574 2815 3629 CAP.
2851 3574 2955 3627 CV.
3007 3603 3073 3612 —
3117 3572 3273 3636 Quod
3318 3574 3457 3625 Deus
3501 3570 3575 3623 ad
3615 3570 3889 3635 judicium
3925 3572 4111 3623 veniat
4166 3571 4247 3623 ad
4310 3574 4401 3637 fe-

2827 3643 3077 3699 riendum
3104 3644 3312 3707 videns,
3344 3648 3393 3695 et
3423 3642 3496 3695 ad
3525 3642 3851 3695 saltandum
3878 3656 3986 3694 non
4024 3642 4240 3695 videns.

2758 3752 3006 3817 (Gregor.
3040 3752 3099 3802 iu
3127 3752 3239 3803 suis
3270 3749 3462 3802 Merui.
3504 3748 3639 3801 dicit
3662 3752 3700 3812 ς)
3753 3747 4046 3800 Districtus
4073 3748 4260 3802 Iudex
4328 3750 4407 3803 ad

2682 3838 2961 3909 judicium
2994 3838 3201 3901 veniet,
3232 3844 3287 3890 et
3309 3837 3375 3890 ad
3409 3836 3740 3889 salvandum
3773 3851 3887 3888 non
3929 3836 4150 3900 videns,
4201 3838 4282 3891 ad
4318 3838 4408 3893 fe-

2687 3926 2950 3979 riendum
2981 3926 3175 3977 videns
3211 3940 3223 3977 :
3257 3926 3393 3995 quia
3423 3939 3594 3993 quem
3625 3924 3683 3976 in
3709 3923 3980 3993 praesenti
4012 3923 4122 3976 vita
4154 3924 4408 3996 dispen-

2688 4014 2925 4069 sationis
2953 4031 3068 4067 suae
3119 4014 3481 4067 miseratione
3537 4027 3651 4065 non
3706 4011 3953 4081 respicit,
4030 4014 4413 4081 respiciendo

2689 4103 3053 4173 postmodum
3081 4118 3181 4171 per
3200 4101 3484 4172 justitiam
3514 4100 3817 4170 extinguit.
3856 4101 4018 4154 Nunc
4047 4102 4207 4154 enim
4261 4119 4411 4172 pec-

2688 4198 2844 4245 cator
2868 4191 3111 4261 quisque
3144 4192 3281 4243 dum
3310 4205 3427 4242 non
3472 4189 3696 4254 metuit,
3735 4195 3795 4241 et
3834 4187 3989 4249 vivit,
4022 4194 4079 4241 et
4122 4190 4415 4259 blasphe-

2688 4287 2807 4334 mat
2850 4286 2906 4333 et
2963 4279 3241 4348 proﬁcit:
3304 4278 3441 4348 quia
3488 4278 3701 4330 scilicet
3763 4277 4089 4330 misericors
4151 4278 4415 4332 Creator

2688 4384 2860 4439 quem
2887 4366 3237 4437 expectando
3267 4366 3387 4419 vult
3414 4366 3722 4434 corrigere,
3758 4365 4089 4434 aspicienda
4118 4381 4243 4420 non
4281 4371 4416 4421 vult

2607 4485 2650 4538 ο
2689 4456 2929 4527 punire;
2986 4457 3128 4509 sicut
3183 4453 3461 4523 scriptum
3518 4456 3661 4507 est:
3719 4451 4102 4506 Dissimulans
4158 4462 4413 4523 peccata

2689 4545 2991 4599 hominum
3042 4546 3276 4614 propter
3319 4542 3735 4607 paenitentiam.
3786 4540 3893 4596 Sed
3950 4546 4089 4595 tunc
4118 4551 4413 4611 peccator

2689 4648 2818 4687 cum
2850 4632 3151 4703 respicitur
3187 4647 3303 4684 non
3354 4630 3658 4683 subsistit:
3722 4629 3857 4700 quia
3903 4644 4034 4683 cum
4096 4629 4414 4685 districtus

2687 4722 2863 4776 Judex
2931 4720 3135 4774 merita
3186 4718 3470 4772 subtiliter
3509 4717 3769 4787 inquirit,
3820 4732 3913 4770 res
3967 4716 4039 4771 ad
4095 4721 4413 4775 tormenta

2690 4826 2807 4863 non
2840 4809 3068 4862 sufﬁcit.
3101 4807 3368 4872 Quamvis
3390 4806 3499 4860 hoc
3536 4806 3710 4859 etiam
3747 4806 4042 4874 justorum
4075 4808 4207 4860 voci
4254 4824 4414 4862 con-

2691 4898 2887 4969 gruit:
2921 4912 3167 4967 quorum
3200 4911 3360 4948 mens
3399 4910 3626 4965 semper
3673 4894 3919 4947 sollicita
3958 4898 4208 4948 venturo
4258 4913 4416 4950 exa-

2692 4986 2836 5039 mini
2865 4984 3130 5038 intendit.
3164 4984 3345 5038 Omne
3376 4983 3527 5036 enim
3548 4981 3697 5052 quod
3720 4987 3903 5052 agunt
3921 4987 4219 5047 metuunt,
4257 4987 4414 5038 dum

2692 5080 2854 5128 caute
2874 5074 3259 5133 considerant.
3305 5079 3437 5125 ante
3485 5077 3768 5142 quantum
3814 5070 4070 5140 judicem
4130 5073 4414 5128 stabunt.

2693 5163 2993 5216 Intuentur
3020 5160 3333 5230 potentiam
3367 5158 3519 5211 illius
3564 5157 4002 5227 magnitudinis,
4043 5170 4102 5211 et
4144 5168 4423 5229 pensant

2694 5261 2910 5321 quanto
2957 5256 3120 5301 reatu
3175 5246 3466 5300 constricti
3515 5252 3649 5299 sunt
3705 5246 3952 5315 propriae
4010 5246 4417 5303 inﬁrmitatis.

2693 5341 3047 5393 Enumerant
3074 5353 3127 5390 ω
3150 5336 3221 5389 ila
3247 5334 3470 5405 proprii
3500 5334 3710 5404 operis,
3743 5340 3801 5387 et
3818 5340 4022 5387 contra
4053 5334 4184 5389 haec
4226 5353 4420 5407 exag~

2695 5434 2898 5495 gerant
2935 5424 3086 5477 bona
3129 5423 3330 5492 gratia!
3371 5421 3724 5477 Conditoris.
3779 5420 4169 5475 Considerant
4232 5440 4425 5494 prava

2693 5530 2867 5585 quam
2891 5512 3142 5566 districte
3170 5511 3408 5579 judicet,
3442 5510 3594 5563 bona
3648 5525 3824 5580 opera
3873 5525 4052 5579 quam
4106 5513 4427 5567 subtiliter

2693 5608 2895 5672 penset
2917 5617 2932 5655 :
2958 5605 3013 5653 et
3035 5600 3314 5670 perituros
3333 5614 3391 5650 se
3412 5596 3629 5665 absque
3655 5596 4035 5665 ambiguitate
4058 5601 4424 5667 praescium,

2694 5690 2742 5742 si
2772 5696 2987 5743 remota
3019 5691 3225 5759 pietate
3251 5686 3600 5753 judicentur.
3643 5685 3786 5748 Quia
3832 5686 3940 5739 hoc
3999 5687 4201 5756 ipsum
4270 5708 4429 5761 quo-

2692 5795 2806 5849 que
2838 5778 2989 5848 quod
3020 5779 3172 5846 juste
3205 5775 3467 5828 videmur
3499 5774 3706 5839 vivere,
3755 5775 3925 5844 culpa
3977 5782 4088 5841 est,
4122 5777 4175 5832 si
4234 5790 4429 5834 "tam
