4592 6450
466 385 484 434 l
497 386 563 436 06
576 388 591 436 l

1712 381 2036 436 lNlTlANDl
2079 379 2398 435 SYNODUM
2444 378 2703 434 MODUS.

3821 385 3954 436 106'2

461 505 619 558 nulla
650 505 708 557 in
741 503 887 558 atrio
919 503 1169 557 ecclesias
1211 510 1498 574 ponantur
1526 503 1633 556 nisi
1667 508 1885 557 tantum
1915 504 2145 574 presby-
2186 509 2226 559 Α
2262 501 2721 572 presbyterorum
2769 501 3036 571 cuiquam
3067 501 3367 572 pmnitenti
3416 502 3668 558 carinam
3700 504 3951 559 dividere

460 599 742 648 teroruin.

465 683 593 736 CAP.
647 682 786 736 XllI.
836 711 904 720 —
951 683 1016 735 Ut
1053 681 1232 733 nullus
1283 681 1454 733 laicus
1499 680 1812 748 presbytero
1863 681 2154 734 Ecclesium

665 768 822 805 suam
852 752 1174 804 commendet
1199 754 1312 803 sine
1338 753 1553 805 licmtia
1575 753 1812 818 episcopi
1843 753 1949 803 sui.

538 839 648 903 (Ea:
704 840 928 908 eodem.)
963 839 1103 892 Item
1161 838 1448 892 decretum
1495 845 1598 903 est,
1651 843 1712 890 ut
1740 838 1931 891 nullus
1977 838 2154 891 laico-

463 943 594 980 rum
627 927 796 980 alicui
841 928 1169 997 presbytero
1221 943 1380 979 suam
1412 927 1778 979 commendet
1825 926 2153 1000 Ecclesiam,

465 1021 671 1084 praeter
730 1031 1072 1068 consensum
1121 1015 1398 1085 episcopi,
1447 1015 1546 1068 sed
1587 1031 1718 1068 eum
1773 1015 1931 1086 prius
1969 1015 2158 1068 mittat

464 1120 566 1156 suo
597 1103 887 1174 episcopo,
935 1103 1021 1158 vel
1067 1103 1191 1172 ejus
1222 1103 1448 1170 vicario,
1501 1108 1562 1156 ut
1594 1103 1866 1173 probetur
1895 1102 1941 1155 si
1975 1101 2154 1156 scien-

462 1191 560 1256 tia,
611 1197 799 1260 aetate,
836 1197 890 1245 et
938 1191 1194 1245 moribus
1243 1190 1372 1244 talis
1405 1191 1496 1253 sit,
1534 1195 1598 1244 ut
1628 1191 1732 1244 sibi
1764 1192 2009 1262 populus
2057 1191 2156 1244 Dei

465 1281 924 1334 commendetur.

464 1371 591 1422 CAP.
643 1370 771 1422 XIV.
824 1399 890 1408 —
941 1370 1001 1424 Si
1049 1369 1153 1422 duo
1193 1367 1258 1422 de
1321 1369 1590 1422 adulterio
1651 1369 1892 1422 accusati
1926 1369 2150 1434 fuerint,

936 1440 1072 1508 quid
1101 1440 1226 1492 inde
1249 1441 1561 1506 faciendum
1593 1441 1685 1493 sit.

536 1529 655 1599 (Ex
688 1529 915 1598 eodem.)
947 1530 1156 1582 Statuit
1184 1546 1412 1600 quoque
1441 1538 1633 1582 sancta
1665 1529 1932 1599 synodus,
1963 1528 2009 1581 si
2041 1527 2154 1582 duo

467 1617 536 1670 de
587 1617 869 1671 adulterio
919 1619 1163 1670 accusati
1217 1618 1452 1677 fuerint,
1493 1624 1548 1671 et
1579 1618 1747 1671 ambo
1799 1616 2153 1686 negaverint,

467 1711 523 1757 et
582 1711 749 1758 orant
781 1705 887 1758 sibi
941 1705 1193 1772 concedi,
1236 1713 1298 1758 ut
1325 1708 1563 1758 alterum
1610 1706 1837 1758 illorum
1886 1711 2156 1775 utrosque

466 1793 660 1845 divino
693 1798 898 1862 purget
937 1792 1179 1862 judicio,
1211 1791 1257 1845 si
1304 1809 1481 1846 unum
1515 1792 1571 1845 in
1617 1792 1726 1845 hoc
1769 1791 2059 1857 deciderit,
2098 1796 2159 1844 ut
2200 1792 2238 1844 Β

464 1880 638 1933 ambo
666 1881 747 1932 rei
776 1881 1114 1934 habeantur.

595 1968 724 2022 CAP.
755 1969 860 2021 XV.
894 1999 960 2010 —
996 1971 1060 2022 Ut
1091 1970 1367 2022 bannitum
1391 1970 1667 2038 jejunium
1697 1969 1763 2022 ab
1792 1968 2036 2022 omnibus

928 2041 1339 2106 diligentissime
1369 2043 1692 2093 observetur.

533 2127 647 2190 (Ex
694 2126 916 2192 eodem.)
975 2127 1273 2180 Decretum
1325 2133 1408 2179 est
1439 2129 1632 2191 etiam,
1686 2133 1746 2179 ut
1777 2142 1976 2179 omnes
2025 2125 2156 2178 ban-

460 2215 650 2267 nitum
673 2215 982 2284 jejunium,
1011 2214 1068 2268 in
1111 2232 1453 2286 quocunque
1496 2215 1786 2284 episeopio
1814 2215 2153 2279 celebratur,

455 2302 900 2372 diligentissime
953 2305 1271 2367 observent,
1323 2310 1378 2357 et
1407 2304 1452 2356 si
1495 2305 1621 2374 quis
1669 2304 1899 2356 illarum
1947 2319 2040 2356 vui
2075 2303 2157 2355 in-

457 2393 836 2445 terdicturum
923 2409 1114 2446 rerum
1200 2394 1450 2463 aliquam
1531 2393 1808 2446 redimere
1878 2391 2152 2456 voluerit,

460 2495 647 2532 unum
701 2497 1015 2551 pauperem
1046 2487 1217 2551 prout
1264 2498 1364 2534 sua
1393 2481 1629 2534 facultas
1673 2480 1800 2548 erit,
1834 2479 2030 2533 eadem
2063 2479 2154 2533 die

456 2566 704 2621 reﬁciat.

643 2657 768 2711 Cap.
794 2657 924 2711 XVI.
950 2685 1018 2698 —
1049 2659 1122 2711 De
1152 2657 1260 2710 illis
1293 2659 1390 2724 qui
1413 2658 1636 2710 Romam
1666 2655 1804 2709 ituri
1830 2661 1972 2709 sunt.

533 2743 795 2799 Decrevit
847 2762 1079 2816 quoque
1136 2752 1327 2798 sancta
1386 2746 1657 2814 synodus,
1701 2751 1763 2796 ut
1802 2744 1992 2797 nullus
2044 2743 2156 2797 Ro-

456 2847 616 2885 mam
668 2837 778 2898 eat,
813 2832 926 2885 nisi
985 2849 1114 2886 cum
1159 2832 1387 2886 licentia
1443 2833 1529 2885 sui
1585 2831 1860 2901 episcopi,
1910 2831 2000 2884 vel
2032 2831 2154 2900 ejus

454 2919 681 2974 vicarii.

527 3008 661 3062 CAP.
694 3009 860 3064 XVII.
896 3037 968 3049 —
1004 3011 1070 3063 Ut
1097 3011 1288 3061 carina
1316 3024 1420 3061 non
1460 3007 1744 3061 dividatur
1778 3008 2080 3076 pernitenti.

525 3099 598 3151 Et
628 3097 769 3151 illud
800 3097 902 3150 sub
943 3098 1306 3151 anathemate
1348 3101 1699 3167 praeceptum
1734 3103 1838 3162 est,
1871 3102 1935 3150 ut
1964 3096 2156 3148 nullus

2262 593 2590 658 prmsumat,
2639 588 2686 641 si
2719 587 3022 642 intirmitas
3051 605 3166 642 non
3195 588 3588 643 intervenerit.

2263 695 2390 748 CAP.
2422 696 2608 750 XVIII.
2640 724 2704 734 —
2735 698 2808 748 De
2846 696 2956 748 illis
2987 698 3083 762 qui
3123 697 3493 763 paenitentiam
3520 712 3554 748 a
3580 697 3952 751 sacerdotibus

2863 769 3104 834 accipere
3142 769 3350 820 nolunt.

2334 853 2478 917 Quia
2509 853 2673 907 multi
2698 858 2858 907 tanta
2897 854 3105 907 mentis
3136 871 3252 908 suae
3287 856 3561 908 falluntur
3592 855 3850 918 stultitia,
3887 861 3950 909 ut

2263 941 2322 994 in
2365 942 2558 1012 aliquo
2620 941 2849 1012 capitali
2898 942 3139 996 crimine
3204 943 3499 1013 inculpati,
3554 944 3950 1014 paenitentiam

2263 1029 2650 1083 sacerdotibus
2699 1031 2816 1083 suis
2865 1030 3125 1100 accipere
3167 1033 3392 1097 nolunt,
3445 1031 3504 1084 in
3556 1034 3660 1086 hoc
3707 1033 3950 1086 maxime

2262 1117 2460 1170 conﬁsi
2519 1123 2582 1171 ut
2620 1119 2860 1172 Romam
2913 1119 3182 1172 euntibus
3228 1119 3571 1190 apostolicus
3609 1121 3806 1174 omnia
3843 1119 3949 1174 sibi

2262 1206 2512 1259 dimittat
2557 1212 2785 1276 peccata
2815 1223 2827 1260 :
2864 1213 3058 1260 sancto
3089 1207 3273 1261 visum
3319 1211 3404 1260 est
3434 1208 3696 1276 concilio,
3732 1214 3795 1262 ut
3825 1209 3953 1262 talis

2263 1295 2620 1364 indulgentia
2665 1295 2774 1348 illis
2808 1311 2920 1349 non
2953 1298 3151 1365 prosit,
3187 1297 3280 1350 sed
3314 1297 3470 1366 prius
3511 1297 3676 1367 juxta
3713 1297 3952 1351 modum

2265 1383 2456 1437 delicti
2504 1384 2898 1452 pmnitentiam
2945 1384 3052 1437 sibi
3119 1384 3310 1438 datam
3344 1402 3376 1438 a
3405 1384 3522 1438 suis
3561 1385 3952 1439 sacerdotibus

2263 1471 2618 1541 adimpleant
2666 1477 2720 1524 et
2781 1477 2914 1526 tunc
2964 1473 3204 1526 Romam
3266 1473 3348 1526 ire
3395 1472 3442 1526 si
3497 1473 3694 1539 velint,
3730 1473 3800 1526 ab
3830 1473 3954 1542 epi-

2265 1577 2436 1630 scopo
2485 1561 2716 1630 proprio
2765 1561 3073 1624 licentiam,
3118 1568 3173 1614 et
3204 1562 3420 1614 litteras
3471 1563 3543 1616 ad
3575 1563 3952 1632 apostolicum

2266 1665 2330 1702 ex
2357 1649 2560 1702 iisdem
2593 1649 2760 1702 rebus
2793 1649 3123 1702 deferendas
3155 1650 3452 1718 accipiant.

2271 1755 2394 1808 CAP.
2428 1755 2558 1810 XIX.
2612 1783 2681 1795 —
2731 1757 2795 1809 Ut
2826 1757 2997 1809 omnis
3039 1759 3298 1823 pamitcns
3353 1754 3481 1808 dum
3521 1757 3764 1809 carinam
3797 1770 3952 1810 suam

2535 1827 2773 1893 jejunat,
2807 1826 2872 1878 de
2899 1828 3006 1879 loco
3037 1826 3109 1878 ad
3139 1827 3306 1880 locum
3335 1841 3442 1880 non
3463 1832 3674 1893 migret.

2341 1932 2635 1985 Decretum
2686 1935 2770 1985 est
2815 1933 2984 1984 etiam
3019 1931 3078 1984 in
3110 1931 3308 1985 eodem
3361 1932 3621 1996 concilio,
3657 1937 3720 1985 ut
3765 1933 3952 1986 omnis

2268 2020 2549 2089 paenitens
2577 2021 2713 2074 dum
2758 2020 3007 2072 carinam
3040 2035 3199 2072 suam
3229 2019 3470 2089 jejunat,
3529 2021 3596 2073 de
3627 2020 3748 2074 loco
3774 2020 3833 2073 in
3868 2021 3952 2074 lo-

2267 2125 2394 2162 cum
2429 2125 2542 2161 non
2586 2109 2811 2179 migret,
2860 2108 2956 2161 sed
2984 2108 3063 2161 ibi
3095 2115 3430 2177 permaneat
3462 2109 3558 2162 ubi
3599 2125 3761 2162 suam
3796 2125 3952 2162 acce-

2266 2197 2415 2267 perit
2443 2197 2861 2267 pcenitentiam,
2895 2203 2956 2249 nt
2985 2198 3249 2266 proprius
3272 2197 3534 2249 sacerdos
3565 2197 3672 2249 sibi
3701 2197 3956 2267 priebeat

2266 2286 2657 2339 testimonium
2691 2302 2703 2339 :
2738 2285 2784 2338 si
2815 2290 3005 2338 autem
3039 2285 3148 2338 sibi
3178 2291 3415 2355 propter
3444 2285 3677 2338 hostiles
3722 2285 3955 2338 insidias

2258 2373 2522 2443 jejunare
2561 2391 2676 2427 non
2707 2375 2936 2443 poterit,
2971 2390 3107 2426 suus
3146 2375 3407 2427 sacerdos
3437 2389 3565 2426 cum
3602 2373 3953 2426 confratrum

2265 2479 2497 2515 suorum
2531 2463 2720 2526 alicui,
2769 2462 2865 2515 ubi
2893 2462 3125 2532 pacilice
3156 2461 3333 2532 possit
3375 2461 3660 2531 jejunare,
3704 2460 3955 2530 diligen-

2263 2551 2480 2603 tissime
2505 2551 2888 2604 commendet.

2265 2657 2392 2709 CAP.
2425 2655 2535 2710 XX.
2569 2687 2637 2696 —
2673 2658 2738 2711 Ut
2775 2657 2955 2710 nullus
2988 2655 3266 2724 presbyter
3317 2671 3640 2723 quemquam
3689 2656 3952 2724 peniten-

2681 2733 2780 2780 tem
2814 2731 2872 2780 in
2899 2729 3173 2780 ecclesiam
3203 2727 3532 2779 introducat.

2335 2831 2397 2884 In
2429 2832 2630 2885 eodem
2678 2848 2907 2902 quoque
2938 2832 3175 2886 concilio
3223 2833 3516 2886 decretum
3547 2835 3634 2885 est
3672 2837 3738 2885 ut
3762 2831 3956 2885 nullus

2263 2919 2725 2989 presbyterorum
2776 2935 3123 2990 quemquam
3159 2919 3266 2973 nisi
3295 2919 3453 2989 jussu
3501 2919 3753 2989 episcopi
3785 2921 3957 2972 eccle-

2263 3007 2404 3060 siam
2457 3007 2817 3062 introducere
2869 3014 3196 3077 prassumat,
3256 3007 3346 3062 cui
3377 3024 3480 3078 pro
3513 3009 3707 3078 aliquo
3747 3007 3955 3061 delicto

2264 3095 2422 3149 illam
2451 3096 2676 3166 ingredi
2711 3113 2825 3150 non
2855 3097 3039 3150 liceat.

1295 3433 1781 3519 QUOMODO
1859 3434 2357 3506 INITIANDA
2435 3434 2580 3506 SIT
2656 3434 3124 3506 SYNODUS.

528 3770 688 3822 Hora
735 3765 1118 3834 convenienti,
1169 3765 1395 3836 quando
1448 3765 1716 3836 episcopo
1764 3765 1854 3819 vel
1901 3765 2024 3836 ejus
2067 3765 2155 3819 vi-
2195 3778 2232 3832 c
2267 3767 2565 3829 thuribulo,
2612 3772 2661 3821 et
2706 3783 2824 3822 cum
2871 3769 3215 3834 ceroferariis
3268 3767 3494 3835 duobus,
3529 3769 3674 3834 legat
3704 3771 3954 3836 Evange-

446 3857 613 3910 cario
673 3854 854 3908 visum
898 3853 1090 3921 fuerit,
1139 3870 1335 3907 omnes
1367 3855 1724 3923 expellantur
1775 3854 1843 3908 de
1895 3855 2151 3922 ecclesia,

447 3943 744 3998 obseratis
777 3942 996 3996 foribus
1022 3941 1260 4008 cunctis,
1289 3943 1356 3996 ad
1383 3957 1555 3996 unam
1577 3942 1816 4011 januam
1847 3958 1952 4012 per
1980 3958 2154 4013 quam

443 4031 786 4086 sacerdotes
834 4031 1060 4102 ingredi
1117 4035 1342 4100 oportet
1410 4030 1629 4083 ostiarii
1689 4035 1858 4096 stent,
1908 4036 1964 4084 et
2019 4031 2157 4084 sella

443 4127 714 4190 ponatur
763 4120 822 4172 in
856 4119 1064 4186 medio,
1113 4124 1171 4171 et
1198 4134 1370 4188 super
1415 4134 1538 4171 eam
1581 4135 1753 4171 sacra:
1787 4119 2069 4188 reliquiae,
2101 4125 2157 4172 et

441 4207 784 4279 plenarium
839 4223 968 4260 cum
1017 4206 1175 4266 stola,
1228 4210 1498 4276 ponatur.
1547 4206 1763 4260 Deinde
1811 4207 2154 4260 convenien-

442 4303 531 4350 tes
581 4295 909 4366 presbyteri
958 4310 1157 4348 omnes
1205 4294 1438 4361 intrent,
1493 4299 1549 4347 et
1578 4294 1892 4348 secundum
1923 4295 2154 4348 ordina-

439 4385 638 4439 tionis
683 4400 800 4436 θυαε
832 4389 1060 4454 tempus
1102 4383 1410 4436 resideant.
1446 4383 1580 4436 Post
1607 4383 1714 4436 hos
1756 4382 2158 4452 ingrediantur

437 4472 686 4526 diaconi
717 4471 1061 4541 probabiles,
1115 4487 1258 4542 quos
1299 4470 1441 4524 ordo
1491 4471 1818 4540 poposcerit
1855 4470 2152 4524 interesse.

440 4559 673 4615 Exinde
739 4559 1176 4613 introducantur
1242 4558 1371 4613 laici
1439 4558 1608 4612 bona:
1685 4559 2151 4613 conversationis.

436 4651 614 4703 Tunc
669 4647 1027 4716 ingrediatur
1073 4647 1393 4716 episcopus,
1443 4646 1490 4698 si
1521 4645 1782 4711 voluerit,
1829 4645 1914 4698 vel
1948 4645 1995 4698 si
2048 4661 2154 4700 ne-

439 4739 689 4792 cessitas
740 4737 1012 4803 exegerit,
1065 4740 1120 4789 et
1167 4736 1215 4789 si
1265 4751 1382 4788 non
1433 4735 1618 4788 aderit
1653 4734 1978 4804 episcopus,
2030 4735 2154 4804 ejus

437 4825 704 4878 vicarius
737 4824 937 4877 eadem
973 4823 1160 4877 faciat.

513 4913 801 4980 Synodum
852 4914 1160 4979 ingrediens
1192 4913 1307 4979 ipse
1336 4911 1417 4964 vel
1446 4910 1563 4977 ejus
1609 4911 1864 4971 vicarius,
1917 4911 2152 4976 primum

431 5005 653 5056 salutet
683 5003 882 5053 clerum
912 5006 961 5052 et
1006 5002 1288 5069 populum,
1321 5004 1371 5052 et
1416 5013 1602 5052 versus
1649 5001 1708 5052 in
1737 5001 1994 5051 orientem
2039 5013 2149 5052 me-

432 5092 634 5144 diocri
661 5105 782 5142 roce
819 5089 966 5141 dicta
1001 5105 1013 5141 :

510 5182 676 5233 Deus
730 5177 1037 5230 humilium
1087 5175 1365 5241 visitator,
1418 5175 1516 5245 qui
1560 5191 1664 5228 nos
1709 5175 1960 5228 fraterna
2009 5174 2152 5228 dile-

2266 3855 2398 3908 lium
2431 3870 2446 3907 :

2337 3944 2477 3997 Cum
2526 3949 2676 3997 esset
2706 3959 2832 3996 sero
2882 3943 2972 3996 die
3020 3943 3117 3997 illo
3149 3959 3265 3997 una
3291 3942 3666 3998 Sabbatorum
3717 3949 3776 3998 et
3804 3944 3954 3998 fores

2267 4037 2460 4085 essent
2489 4033 2716 4086 clausae.

2336 4121 2536 4174 Deinde
2568 4121 2716 4174 dicat
2742 4123 2990 4188 ponti/ea:
3017 4122 3100 4175 vel
3127 4123 3244 4188 ejus
3270 4123 3508 4175 vicarius
3537 4137 3549 4174 :

2337 4209 2538 4262 Sancta
2583 4209 2776 4276 Maria,
2833 4215 2889 4262 et
2917 4225 3118 4263 omnes
3158 4211 3360 4269 sancti,
3414 4216 3470 4262 et
3497 4209 3660 4262 electi
3709 4209 3826 4272 Dei,
3861 4209 3956 4262 in-

2265 4297 2539 4350 tercedite
2565 4313 2668 4366 pro
2703 4298 2866 4350 nobis
2899 4297 3293 4367 peccatoribus
3319 4299 3386 4351 ad
3423 4298 3730 4350 Dominum
3776 4300 3954 4351 Deum
4033 4313 4042 4318 '

2265 4390 2547 4451 nostrum,
2606 4391 2672 4438 ut
2710 4400 3034 4438 mereamur
3062 4385 3134 4438 ab
3181 4401 3250 4438 eo
3295 4385 3570 4454 adjuvari,
3607 4390 3665 4438 et
3709 4385 3952 4455 protegi,

2266 4477 2324 4524 et
2355 4471 2562 4524 sanari.
2593 4472 2699 4535 Qui
2731 4473 2867 4524 vivit
2895 4478 2950 4525 et
2979 4477 3181 4540 regnat
3212 4472 3272 4524 in
3303 4473 3526 4525 saecula.

2335 4559 2677 4613 Postmodum
2705 4559 2915 4612 duabus
2952 4561 3158 4613 vicibus
3186 4559 3334 4612 dicat
3367 4577 3384 4612 :

2336 4647 2507 4712 Deus,
2538 4647 2594 4699 in
2627 4647 2976 4716 adjutorium
3009 4663 3202 4700 meum
3233 4646 3486 4700 intende.

2336 4735 2596 4801 Domine,
2628 4735 2697 4788 ad
2731 4734 3116 4804 adjuvandum
3146 4749 3236 4787 me
3266 4734 3490 4788 festina.

2339 4823 2484 4876 Tunc
2516 4827 2670 4876 tertio
2699 4825 2893 4876 iterum
2922 4821 3071 4876 dicat
3097 4839 3113 4874 :

2338 4911 2503 4976 Deus,
2531 4909 2590 4962 in
2622 4910 2973 4978 adjutorium
3006 4926 3200 4964 meum
3232 4908 3486 4964 intende.

2334 4999 2482 5052 Clero
2510 5001 2864 5066 respondente
2891 5018 2908 5053 :

2191 5066 2232 5120 Ῐ)
2340 5087 2600 5153 Domine,
2648 5087 2716 5140 ad
2752 5086 3134 5156 adjuvandum
3193 5104 3280 5140 me
3324 5087 3548 5149 festina,
3605 5101 3722 5139 cum
3763 5085 3953 5138 Gloria

2265 5173 2436 5241 Patri,
2470 5178 2521 5228 et
2566 5175 2735 5245 Kyrie
2767 5175 3000 5241 eleison,
3033 5181 3081 5229 et
3111 5177 3277 5229 Pater
3308 5181 3518 5240 noster,
3552 5189 3671 5229 cum
3699 5174 3955 5242 precibus

427 5269 643 5321 ctione
676 5265 1008 5330 consolaris,
1045 5265 1335 5333 prretende
1379 5265 1632 5316 societati
1668 5268 1870 5316 nostrte
1909 5263 2152 5333 gratiam
2263 5264 2385 5314 istis
2421 5277 2435 5316 :

427 5364 635 5416 tuam,
669 5359 732 5406 ut
765 5369 867 5424 per
915 5369 1011 5406 eos
1058 5353 1116 5404 in
1149 5352 1354 5421 quibus
1387 5352 1630 5416 habitas,
1682 5356 1847 5404 tuum
1897 5353 1955 5403 in
1990 5351 2154 5404 nobis
2335 5351 2595 5416 Domine,
2627 5367 2698 5406 ne
2730 5351 3061 5406 memineris
3087 5350 3456 5421 iniquitatum
3489 5355 3813 5404 nostrarum
3845 5365 3953 5402 an-

428 5444 773 5498 srntiamus
806 5441 1130 5493 adventum.
1183 5442 1289 5492 Per
1322 5441 1627 5492 Dominum
1673 5445 1931 5491 nostrum
1963 5440 2154 5492 Jesum
2264 5437 2576 5507 liquarum.

2333 5526 2552 5594 Adjuva
2579 5543 2700 5592 nos,
2738 5528 2904 5591 Deus,
2939 5526 3202 5580 salutaris
3237 5532 3446 5581 noster.

2337 5614 2468 5666 Esto
2494 5614 2680 5680 nobis,
2712 5616 2971 5682 Domine,
2999 5617 3171 5670 turris
3199 5615 3572 5670 fortitudinis.

426 5531 764 5588 Christum.

512 5624 675 5674 Tunc
726 5616 1020 5686 procedens
1078 5615 1335 5669 diaconus
1385 5631 1504 5670 cum
1559 5615 1888 5668 subdiacono
1939 5619 1989 5668 et
2037 5630 2154 5669 cum
