2296 3169
36 12 110 118 μ
160 0 354 89 1.??th

56 77 132 165 41-
151 68 315 207 ξτῑῖδέϋέ
339 157 341 162 .

14 122 46 335 i
61 195 87 245 ³
148 166 354 265 ii:

71 251 83 293 ’9
328 273 331 280 ν

0 399 116 455 5,

0 452 120 550 is?

0 553 115 748 ρ

0 854 113 893 ιιμ.
158 842 186 897 έί
238 843 293 898 ip

11 906 137 955 ᾖσε,

13 966 134 1006 ενι,τώ
234 961 246 978 ’λ
290 976 294 996 ί

231 1156 239 1172 ε

13 1238 62 1262 ;ι›
108 1226 125 1262 f-
167 1229 173 1265 .'

10 1266 34 1307 ἑὲ
59 1268 81 1303 ρθ
116 1295 119 1297 .
165 1270 170 1306 τ

684 243 752 270 1063

716 303 847 336 Domine,
861 302 962 330 exaudi
976 302 1136 330 orationem
1148 310 1253 330 meam.

715 348 860 375 Dominus-
871 347 1026 374 vobiscum.

713 391 835 418 Oremus.
851 391 956 418 Exaudi
972 399 1036 423 nos,
1055 391 1138 423 Deus,
1154 391 1286 418 salutaris
1300 393 1405 423 noster,
1421 393 1448 417 et
1464 390 1524 417 dies

679 438 791 462 nOstros
814 435 844 462 in
860 438 909 461 tua
924 443 993 470 pace
1014 435 1144 470 dispone,
1161 438 1192 461 ut
1211 443 1227 461 δι
1242 435 1351 461 (iunctis
1374 435 1523 469 perturba-

680 479 808 507 tionibus
823 479 946 512 liberati,
963 479 1116 514 tranquilla
1127 479 1177 505 tibi
1191 479 1325 505 servitute
1339 479 1523 506 famulemur.

682 524 736 551 Per
750 523 904 551 Dominum
920 526 1050 550 nostrum
1064 524 1158 550 lesum
1175 524 1328 550 Christum.

717 568 817 595 Deinde
837 575 889 602 pro
921 569 1054 594 uniuersis
1081 567 1233 599 ordinibus,
1263 574 1363 594 necnon
1381 574 1432 602 pro
1451 569 1525 593 statu

679 619 770 646 papae,
786 614 811 638 et
825 613 959 639 antistitis
969 611 1088 646 ejusdem
1099 611 1181 644 sedis,
1197 611 1288 638 dicant
1303 613 1368 638 istos
1382 612 1500 646 psalmos
1515 619 1523 637 :

716 656 846 683 Miserere
869 656 935 688 mei,
962 656 1044 687 Deus,
1074 656 1229 682 secundum
1255 663 1389 690 magnam
1415 655 1525 682 miseri-

680 700 807 727 cordiam
823 703 910 727 tuam.

717 744 801 777 Deus,
818 744 847 770 in
863 743 978 770 nomine
994 746 1043 770 tuo
1059 744 1168 770 salvum
1185 751 1229 770 me
1247 743 1298 770 fac.

717 789 846 815 Miserere
861 788 927 821 mei,
944 788 1027 821 Deus,
1044 788 1178 815 miserere
1192 788 1257 815 mei.

718 833 791 859 Deus
806 832 976 859 misereatur
991 832 1089 859 nostri.

716 876 746 903 Et
761 877 845 903 Pater
860 879 965 910 noster,
980 884 1045 903 cum
1062 876 1202 911 precibus.

716 920 881 947 Sacerdotes
897 920 939 947 tui
955 921 1109 947 induantur
1120 920 1239 955 justitiu.

716 965 855 992 Memento
869 964 1097 1000 congregationis
1113 967 1179 991 tum.

715 1009 811 1036 Salvos
825 1008 868 1036 fac
882 1017 944 1043 nos,
962 1009 1080 1036 Domine
1098 1010 1170 1036 Deus
1188 1011 1292 1035 uoster.

716 1054 750 1080 Ut
763 1054 951 1080 conﬁteamur
962 1054 1071 1080 nomini
1088 1056 1183 1080 sancto
1198 1056 1257 1080 tuo.

715 1098 898 1132 Adjutorium
917 1100 1046 1124 nostrum
1063 1098 1091 1124 in
1107 1097 1222 1123 nomine
1240 1097 1363 1124 Domini.

717 1142 847 1175 Domine,
864 1142 964 1168 exaudi
982 1142 1140 1168 orationem
1156 1149 1258 1168 meam.

718 1186 857 1212 Dominus
872 1186 1027 1213 vobiscum.

717 1230 837 1257 Oremus.
861 1230 1049 1265 Omnipotens
1071 1230 1242 1265 sempitern»
1261 1230 1343 1262 Deus,
1367 1229 1447 1263 cujus
1464 1229 1524 1264 spi-

680 1274 737 1300 ritu
762 1276 853 1301 totum
870 1283 972 1309 corpus
998 1274 1126 1300 Ecclesizc
1143 1274 1336 1300 saiictiticatur
1357 1278 1385 1299 et
1405 1273 1521 1308 regitur,

681 1318 782 1344 exaudi
808 1326 859 1344 nos
883 1326 933 1353 pro
952 1318 1089 1344 universis
1104 1318 1253 1344 ordinibus
1273 1317 1476 1352 supplicantes,
1493 1320 1524 1343 ut.

681 1363 780 1397 gratim
795 1365 850 1388 tuu-
867 1370 994 1394 munere,
1013 1362 1047 1388 ab
1065 1362 1197 1388 omnibus
1214 1361 1263 1388 tibi
1279 1362 1415 1396 gradibus
1431 1361 1524 1388 fideli-

679 1409 724 1433 ter
738 1406 885 1433 serviatur.
904 1407 956 1433 Per
969 1406 1131 1433 Dominum.

714 1450 814 1477 Deinde
828 1450 902 1477 dicat
918 1460 926 1477 :

715 1495 798 1526 Deus,
815 1494 944 1521 omnium
961 1494 1086 1521 ﬁdelium
1107 1495 1203 1529 pastor
1218 1495 1246 1520 et
1263 1496 1363 1523 rector,
1383 1493 1522 1519 famulum

678 1540 761 1566 tuum
777 1547 862 1573 quem
880 1542 1023 1573 pastorem
1042 1538 1170 1565 Ecclesiae
1187 1540 1243 1564 tua?
1259 1545 1380 1573 prmesse
1396 1537 1522 1569 voluisti,

1310 241 1472 269 INITIANDI
1493 241 1652 269 SYNODUM
1674 241 1797 270 MODUS.

1536 305 1556 331 Λ
1578 311 1656 330 sonte
1669 304 1844 338 corrumpat,
1861 301 1909 330 sed
1925 302 2016 338 junge
2032 309 2088 329 nos
2099 301 2152 330 tibi
2167 301 2296 330 efﬁcaci“

1580 350 1635 373 tuae
1651 348 1750 382 gratia:
1774 347 1859 379 dono,
1887 349 1918 374 ut
1933 346 2023 373 simus
2038 346 2068 373 in
2089 349 2117 374 te
2133 354 2235 380 unum,
2251 350 2282 374 et

1579 391 1727 418 deviemus
1742 400 1757 418 a
1781 399 1847 418 vero
1865 399 1871 418 :
1889 393 2029 426 quatenus
2049 391 2078 418 in
2100 390 2218 418 nomine
2232 393 2283 418 tuo

1581 435 1619 462 sic
1646 435 1675 462 in
1699 436 1806 462 cunctis
1828 439 1977 462 teneamus
2002 443 2066 462 cum
2091 435 2287 462 moderamina

1578 479 1730 514 justitiam,
1749 483 1780 506 ut
1795 483 1823 506 et.
1843 480 1888 506 hic
1902 482 1959 506 ate
1975 479 2004 506 in
2022 479 2100 506 nullo
2122 479 2271 506 dissentiat
2286 487 2296 506 ε

1582 526 1687 555 nostra,
1713 526 1741 550 et
1762 524 1790 550 in
1815 523 1912 550 futuro
1937 531 1989 558 pro
2010 523 2083 551 bene
2107 523 2195 559 gestis
2217 531 2296 552 conss

1581 568 1700 603 praemia
1716 568 1900 603 sempiterna.
1918 568 1980 594 Per.

1617 613 1691 639 Tum:
1715 612 1845 639 diaconus
1869 611 1986 639 codicem
2002 619 2134 639 canonum
2154 612 2185 639 in
2205 611 2296 640 media

1578 663 1640 682 rrns
1661 656 1781 690 capitula
1798 656 1830 682 de
1852 656 1982 683 Conciliis
2005 655 2117 690 agendis
2139 657 2296 691 pronuntiet

1579 708 1613 727 ea:
1628 701 1740 727 concilio
1767 700 1903 727 Toletani).
1928 700 2082 735 Finitisque
2107 700 2208 733 titulis,
2222 701 2249 727 et
2270 707 2296 728 ct

1580 744 1674 772 ordine
1697 743 1849 771 sedentibus
1874 744 1928 771 hac
1947 744 2097 771 admonitio
2116 743 2150 772 ab
2173 745 2296 780 episcopo

1579 789 1703 821 voluerit,
1721 796 1738 815 a
1748 788 1860 815 diacono
1876 789 1983 822 legatur
1996 796 2003 815 :

1615 833 1694 864 Ecce,
1712 832 1881 859 sanctissimi
1905 832 2015 863 fratres,
2031 831 2188 868 praemissis
2213 832 2273 860 Deo
2295 840 2296 847 ‘

1580 876 1788 904 fraternitatem
1812 879 1932 903 vestram
1957 884 2021 903 cum
2038 876 2084 912 pia
2099 875 2296 904 exhortatione

1582 921 1639 953 nio,
1660 923 1688 947 et
1704 927 1755 956 per
1779 920 1908 947 divinum
1935 928 2040 947 nomen
2066 920 2202 953 obtestor,
2219 923 2251 948 ut
2279 929 2295 948 e

1583 965 1665 991 nobis
1681 965 1715 991 de
1739 965 1805 997 Deo,
1827 967 1854 991 et
1877 965 1963 991 sai-ris
1979 964 2139 998 ordinibus,
2154 965 2196 992 vel
2218 967 2296 992 nostr

1582 1010 1634 1036 bus
1649 1009 1727 1036 Vobis
1744 1009 1849 1035 fuerint
1871 1009 1953 1043 dicta,
1977 1017 2041 1036 cum
2058 1017 2172 1036 summa
2187 1017 2296 1036 reverei

1580 1054 1664 1080 licere
1687 1053 1850 1080 intendatis.
1878 1053 1957 1085 Quod
1984 1053 2006 1079 si
2023 1053 2141 1080 forsitan
2166 1053 2272 1088 aliquis

1580 1097 1662 1123 aliter
1684 1105 1769 1132 quam
1786 1097 1859 1123 dicta
1882 1097 1998 1129 fuerint,
2014 1097 2133 1124 senserit
2149 1098 2210 1124 sine
2226 1097 2296 1132 tilin

1580 1141 1647 1175 pulo
1675 1141 1874 1173 contentionis,
1897 1141 1924 1167 in
1943 1144 2073 1167 nostrum
2089 1141 2220 1168 omnium
2244 1149 2296 1177 θοι

1579 1194 1612 1212 ea
1628 1186 1687 1220 ipse
1714 1186 1748 1211 de
1764 1185 1868 1220 quibus
1891 1185 2064 1212 dubitaverit
2087 1185 2265 1212 conferenda
2288 1193 2296 1212 ι

1579 1230 1711 1264 qualiter.
1732 1230 1787 1256 Deo
1801 1229 1956 1263 mediante,
1973 1232 2022 1256 aut
2036 1229 2131 1256 doceri
2145 1229 2244 1264 possit,
2255 1237 2296 1257 au

1581 1274 1687 1300 Deinde
1704 1282 1751 1300 vos
1771 1274 1856 1300 simili
1874 1273 2062 1300 obtestatione
2077 1274 2208 1307 conjuro,
2225 1277 2256 1300 ut
2274 1281 2294 1300 n

1579 1322 1668 1344 strum
1686 1318 1714 1344 in
1727 1318 1894 1352 judicaudo,
1911 1321 1958 1344 aut
1975 1326 2123 1352 personam
2141 1317 2276 1353 accipiat,
2295 1336 2296 1342 η

1580 1363 1648 1389 libet
1662 1362 1765 1392 favore.
1783 1364 1831 1388 aut
1847 1370 1965 1388 munere
1980 1362 2110 1396 pulsatus
2125 1371 2141 1388 ιι
2153 1362 2274 1389 veritate
2291 1371 2296 1389 ι

1578 1407 1631 1433 Sed
1648 1415 1711 1432 cuin
1729 1410 1806 1432 tanta
1819 1407 1923 1441 pii-tate
1940 1406 2078 1441 quidquid
2094 1406 2179 1433 cmtui
2193 1414 2224 1433 se
2235 1406 2296 1442 jud

1579 1451 1707 1477 intuleiit
1731 1453 1892 1482 retractante,
1917 1453 1946 1477 ut
1963 1458 2015 1477 nec
2034 1450 2199 1477 discordans
2218 1453 2296 1478 cont:

1579 1494 1790 1520 suln‘ersionem
1810 1494 1930 1528 justitiae
1951 1494 2025 1520 inter
2039 1503 2090 1521 nos
2106 1494 2199 1521 locum
2215 1485 2296 1522 inve]

1579 1539 1681 1565 iterum
1704 1539 1731 1565 iu
1746 1538 1937 1573 perquirenda
1952 1539 2088 1574 aequitate
2104 1538 2185 1573 vigor
2200 1538 2296 1566 nostri

1545 943 1565 969 Β

678 1582 819 1617 propitius
832 1582 949 1617 respice,
965 1582 999 1608 da
1015 1582 1051 1613 ei,
1064 1590 1239 1617 quaesumus,
1252 1582 1338 1607 verbo
1354 1584 1381 1607 et
1391 1581 1521 1615 exemplo
1541 1585 1560 1611 C
1577 1584 1619 1609 vel
1636 1583 1815 1609 sollicitando
1829 1586 1962 1618 tepescat.

680 1626 784 1661 quibus
800 1626 895 1661 praesit
909 1626 1058 1661 prolicere,
1083 1629 1113 1653 ut
1130 1626 1163 1652 ad
1180 1626 1266 1652 vitam
1283 1634 1339 1652 uua
1357 1633 1419 1651 cum
1437 1633 1522 1660 grege

679 1670 733 1696 sibi
757 1670 862 1697 credito
880 1670 1027 1705 perveniat
1050 1670 1264 1705 sempiternam.
1293 1670 1344 1696 Per
1371 1670 1521 1696 Dominum

679 1716 808 1742 nostrum
827 1715 920 1741 Iesum
937 1714 1080 1741 Christum
1097 1713 1200 1741 Filium
1216 1717 1307 1740 tuum.

715 1759 765 1785 His
791 1759 905 1793 expletis
929 1761 1027 1793 septem
1052 1759 1172 1786 Psalmos
1198 1759 1359 1793 punitentiac
1372 1757 1520 1784 decantcnt.

680 1802 745 1830 Cum
760 1802 844 1837 Kyrie
862 1802 978 1836 eleison,
993 1806 1017 1830 et
1027 1803 1108 1829 Pater
1123 1806 1230 1835 noster,
1240 1811 1299 1830 cum
1308 1802 1433 1837 precibus
1444 1803 1520 1830 istis:

716 1847 773 1881 Ego
788 1846 854 1879 dixi,
873 1847 1003 1879 Domine,
1021 1847 1155 1874 miserere
1171 1847 1236 1873 mei.

715 1890 894 1922 Convertere,
912 1891 1044 1924 Domine,
1063 1899 1224 1926 usquequo.

714 1935 775 1962 Fiat
789 1935 982 1962 misericordia
999 1938 1056 1968 tua,
1073 1936 1204 1968 Domine,
1219 1942 1305 1969 super
1318 1942 1378 1961 nos.

715 1979 845 2013 Domine,
862 1979 963 2006 exaudi
981 1981 1139 2006 orationem
1156 1987 1259 2006 meam.

715 2023 852 2050 Dominus
864 2023 1020 2050 vobiscum.

715 2067 835 2094 Oremus.
853 2066 917 2093 Dies
937 2070 1060 2100 nostros,
1080 2074 1256 2101 quaesumus,
1280 2065 1406 2098 Domine,
1427 2065 1521 2100 placa-

678 2113 725 2138 tus
741 2111 868 2143 intende,
896 2111 1060 2146 pariterque
1088 2119 1150 2143 nos,
1175 2113 1203 2137 et
1222 2119 1238 2137 a
1264 2110 1384 2145 peccatis
1408 2110 1521 2136 absolve

677 2155 829 2191 propitius,
848 2157 876 2182 et
888 2163 902 2181 a
925 2155 1033 2182 cunctis
1057 2157 1135 2190 eripe
1150 2155 1291 2189 benignus
1318 2154 1453 2181 adversis.
1469 2154 1522 2181 Per

678 2199 843 2226 Dominum.

713 2243 774 2270 Post
797 2242 850 2269 hac
873 2250 934 2269 vero
957 2242 1133 2277 egrediantur
1146 2249 1245 2275 omnes,
1270 2243 1388 2276 exceptis
1406 2242 1519 2276 presby-

677 2288 752 2319 teris,
773 2289 798 2313 et
812 2288 914 2313 caeteris
928 2286 1030 2314 idoneis
1043 2287 1158 2319 clericis,
1174 2288 1300 2320 factoque
1320 2287 1436 2319 silentio,
1449 2294 1519 2320 pon-

677 2332 757 2363 tifex,
774 2331 816 2357 uel
831 2331 889 2365 ejus
900 2332 1032 2364 vicarius,
1044 2331 1119 2358 dicat
1131 2331 1199 2358 hanc
1214 2332 1364 2358 oralionem
1380 2339 1386 2357 :

713 2375 850 2402 Dominus
864 2375 1018 2402 vobiscum.

711 2419 831 2447 Oremus.
849 2419 952 2446 Adesto
974 2420 1067 2453 nobis,
1087 2427 1263 2455 quaesumus,
1282 2419 1402 2446 Domine
1424 2420 1519 2445 sancte

675 2463 809 2497 Spiritus,
825 2463 933 2498 peccati
948 2464 1064 2499 quidem
1081 2464 1260 2491 immanitate
1275 2463 1408 2496 detentis,
1425 2463 1472 2489 sed
1490 2463 1518 2489 iu

676 2507 793 2534 nomine
811 2510 860 2533 tuo
884 2507 1043 2542 specialiter
1064 2507 1235 2543 aggregatis,
1263 2507 1324 2533 veni
1351 2506 1387 2533 ad
1414 2515 1475 2539 nos,
1492 2507 1519 2533 et

676 2550 796 2586 dignare
814 2551 892 2577 illabi
914 2551 1046 2578 cordibus
1068 2551 1181 2585 nostris,
1202 2552 1270 2578 doce
1293 2559 1345 2577 nos
1360 2550 1428 2586 quid
1451 2558 1518 2584 aga-

675 2602 749 2629 mus,
768 2603 825 2630 quo
847 2595 1014 2630 gradiantur
1034 2595 1160 2626 ostende,
1185 2595 1252 2630 quid
1276 2595 1433 2622 efficiamus
1448 2602 1518 2628 ope—

675 2647 749 2672 rarc,
766 2642 826 2665 esto
841 2640 927 2671 salus,
952 2642 981 2665 et
996 2642 1156 2674 suggestor,
1174 2643 1202 2666 et
1216 2639 1332 2666 effector
1342 2638 1515 2673 iudiciorum

674 2686 850 2716 nostrorum,
878 2683 927 2718 qui
942 2683 1020 2710 solus
1041 2692 1105 2710 cum
1124 2684 1181 2710 Deo
1204 2683 1296 2715 Patre,
1326 2686 1355 2708 et
1369 2683 1430 2717 ejus
1448 2682 1517 2709 Filio

675 2735 782 2754 nomen
799 2727 924 2761 possides
937 2727 1095 2762 gloriosum
1115 2735 1122 2753 τ
1138 2734 1196 2753 non
1211 2735 1262 2753 nos
1275 2726 1390 2761 patiaris
1403 2730 1518 2761 pertur-

674 2771 786 2798 batores
804 2771 922 2805 justitiaa
945 2779 1018 2805 esse,
1041 2771 1091 2806 qui
1123 2778 1243 2797 summie
1265 2770 1390 2796 veritatis
1422 2770 1518 2805 diligis

675 2815 851 2849 aequitatem,
863 2817 896 2844 ut
905 2815 935 2842 in
945 2815 1092 2842 sinistrum
1105 2823 1155 2842 nos
1170 2822 1228 2841 non
1240 2814 1402 2849 ignorantia
1414 2814 1516 2847 trahat,

675 2865 736 2885 non
750 2858 831 2885 favor
852 2857 991 2891 inﬂectat,
1015 2865 1073 2885 non
1088 2858 1214 2892 acceptio
1240 2857 1368 2884 muneris
1386 2858 1430 2884 vel
1453 2865 1516 2893 per-

418 2892 696 3169 Δ

1540 2224 1561 2251 D

1611 1628 1672 1654 Post
1696 1628 1764 1654 lianc
1789 1628 2001 1653 exhortationem
2025 1627 2151 1661 quisquis
2175 1627 2296 1655 σιω-ἰσον-

1576 1673 1697 1704 conferat
1729 1671 1872 1705 querelam.
1902 1672 1936 1698 Et
1957 1670 2121 1698 admonendi
2145 1674 2210 1698 sunt
2233 1674 2266 1699 ut
2281 1679 2296 1698 ιι

1576 1715 1707 1748 synodum
1731 1715 1820 1742 viriut
1837 1722 1888 1741 non
1909 1715 2033 1748 Jejunus,
2048 1715 2088 1741 vel
2103 1723 2121 1742 a
2139 1718 2208 1742 actu
2231 1723 2296 1743 con

1576 1758 1652 1784 cedat
1680 1761 1825 1792 antequam
1855 1759 1987 1791 generatis
2020 1760 2133 1785 secessio
2155 1759 2293 1787 adveniat

1576 1810 1680 1836 quoque
1692 1802 1810 1835 synodus
1821 1803 1904 1836 primi
1918 1801 1973 1828 diei
1987 1802 2118 1829 solvatur.

1611 1846 1739 1872 Secunda
1766 1845 1822 1879 die,
1837 1846 1952 1881 quando
1973 1846 2133 1881 episcopus,
2155 1846 2199 1873 vel
2225 1846 2296 1882 ejln

1576 1890 1717 1925 synodum
1733 1890 1903 1924 ingreditur,
1918 1891 1948 1916 in
1964 1890 2024 1917 loco
2040 1899 2092 1918 suo
2107 1892 2185 1918 stans
2199 1890 2283 1919 dicat

1614 1934 1752 1961 Dominus
1765 1934 1922 1961 vobiscum.

1611 1978 1730 2006 Oremus.
1749 1978 1833 2010 Deus,
1854 1978 1904 2013 qui
1919 1978 2001 2005 nobis
2016 1978 2046 2005 iu
2066 1977 2183 2006 famulis
2197 1978 2244 2006 tui
2264 1986 2296 2015 pi

1578 2026 1633 2049 tum
1648 2022 1728 2057 signa
1745 2022 1918 2056 manifestas,
1938 2023 2019 2050 mitte
2040 2030 2128 2058 super
2143 2030 2196 2050 nos
2210 2023 2296 2059 spirit

1576 2066 1680 2098 ritatis,
1706 2066 1781 2093 utin
1805 2066 1928 2093 adventu
1950 2066 2071 2094 fratrum
2092 2074 2296 2097 conservoru-

1575 2114 1698 2138 strorum
1726 2109 1818 2143 gratia
1842 2110 1923 2136 nobis
1938 2114 1994 2137 tum
2016 2110 2156 2146 largitatis
2179 2114 2296 2146 anguli

1611 2156 1705 2182 Postea
1720 2155 1825 2187 legatur
1840 2155 2018 2190 Evangelium
2033 2156 2075 2182 ita
2089 2157 2120 2182 ut
2133 2156 2165 2182 in
2177 2157 2273 2190 priori
2282 2163 2296 2185 ι

1613 2198 1774 2233 Designavit
1789 2198 1926 2225 Dominus
1941 2202 1970 2225 et
1986 2198 2056 2226 alios
2070 2199 2258 2235 septuaginta
2270 2199 2296 2228 ἆ

1612 2242 1712 2269 Deinde
1735 2242 1809 2269 dicat
1839 2243 1990 2277 episcopus,
2021 2243 2064 2270 vel
2093 2244 2162 2278 ojus_
2177 2244 2296 2272 νίας-ί.

1575 2288 1643 2313 sicut
1655 2287 1684 2313 in
1696 2287 1784 2320 priori
1800 2286 1853 2313 die.

1609 2331 1709 2358 Sancta
1724 2331 1820 2363 Maria,
1835 2334 1863 2357 et
1876 2339 1976 2358 omnes
1989 2331 2091 2364 sancti,
2106 2333 2136 2359 et
2146 2331 2187 2359 sic
2198 2334 2296 2361 eatea

1612 2376 1683 2402 Tunc
1710 2382 1798 2401 omnes
1823 2377 1957 2409 prostrati
1981 2375 2122 2403 destruent
2147 2375 2274 2411 pm

1574 2420 1646 2453 regis
1660 2420 1756 2451 nostri,
1772 2422 1797 2446 et
1817 2420 1936 2447 aliorum
1950 2421 1994 2447 sui
2007 2420 2086 2453 regni
2104 2420 2266 2455 prima.
2284 2429 2296 2450 ι

1611 2463 1740 2496 Domine,
1755 2463 1823 2498 quid
1839 2464 2023 2499 multiplicati
2038 2464 2168 2500 suntqui
2182 2464 2296 2494 trib-l-

1611 2507 1747 2534 Exaudiat
1762 2510 1790 2534 te
1807 2508 1945 2535 Dominus
1959 2508 1989 2535 in
2005 2507 2052 2536 die
2063 2507 2280 2538 tribulatio-il.

1612 2552 1692 2582 Deus,
1707 2552 1824 2579 auribus
1838 2553 1943 2579 nostris
1958 2552 2132 2580 audivimus.

1609 2596 1674 2624 Cum
1700 2596 1784 2631 Kyrie
1799 2596 1916 2631 eleisou,
1940 2599 1965 2623 et
1980 2597 2064 2624 Pater
2086 2599 2199 2631 noster,
2218 2605 2291 2628 ο.

1574 2641 1636 2667 istis
1652 2647 1659 2666 :

1610 2683 1741 2715 Domine,
1755 2684 1863 2710 salvum
1879 2682 1923 2710 fac
1938 2691 2046 2718 regem.

1611 2729 1675 2755 Esto
1689 2728 1725 2760 ei,
1743 2729 1764 2755 D
1777 2729 1872 2758 umine,
1885 2728 1975 2755 turris
1990 2727 2184 2758 fortitudinis.

1608 2772 1722 2799 Salvum
1739 2771 1779 2798 fac
1794 2772 1933 2807 populum
1948 2774 2042 2805 tuum,
2058 2772 2198 2801 Domino.

1610 2816 1669 2843 Fiat
1684 2824 1738 2851 pax
1752 2816 1780 2842 in
1798 2816 1903 2842 virtute
1915 2819 1973 2842 tua.

1609 2859 1745 2894 Exsurge,
1759 2859 1889 2894 Domine,
1904 2859 2009 2894 adjuvit
2021 2867 2084 2887 nos.
