4592 6524
448 402 559 456 1065

504 530 729 598 Domine,
765 529 980 585 exaudi
1011 530 1329 585 orationem
1363 546 1571 586 meam.

501 618 713 673 Domine
744 620 892 673 Deus
920 608 1221 686 virtutum,
1252 625 1518 674 converte
1545 635 1668 674 nos.

503 707 753 762 Dominus
780 707 1095 761 vobiscum.

494 793 710 848 Oremus.
764 792 913 846 Deus
970 806 1283 860 regnorum
1337 791 1616 859 omnium,
1676 795 1732 845 et
1784 790 2090 846 Christiani

434 881 651 934 maxime
678 883 960 949 protector
988 879 1238 949 imperii,
1274 879 1345 933 da
1377 895 1537 933 servo
1576 885 1676 933 tuo
1727 880 1850 949 regi
1896 885 2090 934 nostro

1758 403 1850 459 DE
1881 403 2150 460 SYNODO
2181 404 2543 460 lNlTIANDA.

2119 539 2166 591 A
2268 534 2452 589 Verba
2481 550 2608 588 mea
2633 532 2866 588 auribus
2897 532 3145 604 percipe,
3173 531 3433 588 Domine.

433 969 758 1038 triumphum
786 967 1011 1021 virtutis
1036 972 1149 1020 tuae
1181 968 1425 1021 scienter
1450 969 1727 1035 excolere,
1753 973 1815 1022 ut
1837 967 1973 1038 quia
1992 975 2090 1022 tua
2149 988 2153 992 λ

430 1056 804 1110 constitutione
856 1060 942 1109 est
984 1055 1274 1126 princeps,
1306 1061 1405 1110 tuo
1458 1072 1685 1126 semper
1729 1072 1968 1111 munere
2020 1056 2091 1109 sit

427 1151 634 1215 potens.
665 1145 788 1197 Per.

493 1235 714 1290 Oremus.
746 1232 1064 1301 Prmtende,
1093 1232 1352 1299 Domine,
1384 1232 1613 1287 famulis
1645 1232 1758 1287 tuis
1797 1232 2090 1287 dexteram

428 1321 650 1377 caelestis
679 1321 894 1386 auxilii,
949 1326 1013 1375 ut
1062 1326 1181 1375 toto
1224 1322 1392 1376 corde
1443 1321 1801 1393 perquirunt,
1867 1326 1923 1375 et
1962 1338 2090 1392 qum

422 1413 582 1482 digne
608 1412 911 1481 postulant,
947 1411 1221 1481 consequi
1252 1416 1599 1465 mereantur.
1634 1412 1761 1466 Per.

3752 404 3888 456 1066

2270 623 2536 689 Domine,
2569 638 2640 676 ne
2667 622 2726 676 in
2753 622 2946 676 furore
2974 627 3097 687 tuo,
3129 621 3434 675 minorem.

2268 712 2351 765 Ad
2384 717 2459 775 te,
2494 711 2757 776 Domine,
2791 710 2971 764 levavi
2995 709 3244 764 animam
3288 724 3496 763 meam.

2270 800 2411 853 Cum
2434 799 2599 870 Kyrie
2622 799 2857 867 eleison,
2911 807 2961 854 et
2989 800 3156 852 Pater
3206 802 3420 865 noster,
3479 812 3598 852 cum
3643 798 3890 866 precibus

2198 888 2320 941 istis
2355 903 2367 941 :

2270 975 2547 1046 Requiem
2578 979 2850 1029 mternam
2883 975 3031 1028 dona
3062 973 3164 1042 eis,
3198 972 3460 1027 Domine.

2270 1066 2333 1117 In
2356 1064 2634 1117 memoria
2663 1068 2875 1118 aeterna
2898 1066 3068 1116 erunt
3090 1061 3249 1132 justi.

2267 1154 2315 1205 Α
2343 1156 2509 1222 porta
2538 1152 2725 1205 inferi.

2272 1241 2546 1293 Dominus
2575 1240 2870 1293 vobiscum
2883 1280 2895 1293 .

2271 1329 2509 1382 Oremus.
2543 1328 2862 1392 Invenient,
2896 1342 3242 1397 quaesumus,
3270 1325 3527 1390 Domine,
3552 1324 3759 1378 animae
3788 1325 3887 1396 ,fa-

2200 1418 2488 1470 Inulorum
2520 1416 2983 1485 famularumque
3004 1419 3254 1481 tuarum,
3282 1413 3543 1467 omnium
3575 1413 3637 1466 in
3668 1414 3889 1467 Christo

492 1498 687 1553 ὓθὶηάε
722 1515 821 1567 Pro
851 1498 1107 1564 inﬁrmis.
1140 1504 1336 1569 ettpro
1385 1499 1562 1554 salute
1616 1502 1780 1554 totius
1831 1499 2094 1554 Ecclesiae
2202 1504 2617 1575 quiescentium
2648 1503 2789 1557 lucis
2841 1508 3068 1557 aeterna:
3111 1502 3501 1556 consortium:
3535 1500 3633 1571 qui
3686 1501 3889 1572 in|hac

416 1593 541 1643 istos
570 1588 798 1656 psalmos
830 1587 1148 1641 decantent:

488 1679 684 1730 Beatus
714 1675 811 1745 qui
844 1674 1135 1745 intelligit.

484 1762 752 1816 Dominus
780 1760 1090 1830 refugium.

482 1851 717 1905 Domine
751 1851 899 1904 Deus
925 1849 1124 1903 salutis
1148 1865 1308 1903 mem.

475 1942 607 1997 Cum
645 1938 812 2009 Kyrie
867 1938 1082 1992 eleison
1115 1943 1165 1991 et
1224 1940 1388 1992 Pater
1443 1942 1656 2005 noster,
1689 1955 1807 1993 cum
1846 1939 2095 2008 precibus

408 2030 534 2082 istis
572 2045 583 2081 :

473 2116 775 2186 Castigans
805 2114 1102 2184 castigavit
1132 2130 1227 2168 eos
1270 2114 1563 2169 Dominus.

476 2205 632 2259 Nihil
667 2203 931 2275 proﬁciat
961 2202 1228 2256 inimicus
1258 2202 1319 2255 in
1350 2202 1451 2257 eis.

472 2295 754 2361 Exsurge,
790 2291 1051 2358 Domine,
1085 2291 1289 2360 adjuva
1322 2306 1445 2345 nos.

472 2382 745 2447 Domine,
768 2380 977 2434 exaudi
1008 2379 1328 2433 orationem
1362 2394 1568 2433 meam.

471 2469 761 2523 Dominus
801 2468 1109 2522 vobiscum.

465 2559 727 2613 Oremus.
775 2558 923 2611 Deus
962 2555 1314 2609 inﬁrmitatis
1343 2554 1611 2609 humanae
1641 2554 1931 2624 singulare
1960 2572 2105 2627 prm-

393 2647 641 2711 sidium,
713 2644 911 2699 auxilii
966 2643 1051 2698 tui
1090 2660 1263 2714 super
1316 2643 1577 2697 inﬁrmos
1626 2644 1871 2698 famulos
1919 2650 1976 2699 et
2024 2644 2103 2699 ia-

393 2736 588 2789 mulas
633 2739 767 2788 tuas
822 2733 1059 2787 ostende
1123 2732 1415 2797 virtutem,
1446 2738 1511 2786 ut
1540 2748 1647 2802 ope
1699 2732 2103 2788 misericordiae

393 2830 507 2878 tuae
543 2822 761 2893 adjuti,
817 2821 1078 2876 Ecclesiae
1129 2825 1240 2874 tuae
1284 2824 1491 2875 sanctae
1546 2821 1943 2890 reprmsentari
1982 2837 2101 2876 me-

394 2916 664 2966 reantur.
698 2911 827 2964 Per.

455 3002 685 3055 Postea
717 3000 931 3066 legatur
985 3012 1023 3054 α
1078 2997 1301 3052 diacono
1350 2995 1572 3051 homilia
1631 2997 1903 3063 Gregorii,
1967 3000 2102 3051 inci-

394 3092 575 3143 )iente
608 3102 782 3142 versu
806 3089 909 3140 isto
937 3103 948 3140 :

454 3176 677 3232 Messis
712 3174 944 3245 quidem
996 3174 1198 3239 multa,
1245 3188 1427 3243 usque
1470 3176 1658 3243 patres
1698 3188 1818 3226 esse
1869 3172 2108 3226 minime

393 3266 855 3336 ’ecognoscunt.

453 3357 626 3407 Tunc
664 3354 722 3406 si
750 3352 935 3406 clerici
984 3350 1255 3420 querelam
1294 3365 1401 3403 non
1461 3349 1657 3403 habent
1708 3350 2109 3417 conferendam,

393 3446 521 3498 αἰεί
554 3442 1023 3495 intromittuntur
1054 3455 1067 3491 :
1103 3439 1212 3492 illis
1240 3441 1403 3493 etiam
1424 3438 1789 3506 audientibus,
1832 3440 1984 3493 lectio
2009 3437 2109 3495 Ni-

394 3534 519 3586 zni
545 3529 803 3586 Concilii
826 3530 1097 3581 recitetur.

438 3618 742 3682 Iudices,
792 3631 909 3669 non
962 3613 1072 3668 nisi
1110 3613 1296 3684 jejuni
1351 3614 1506 3679 leges
1543 3618 1600 3667 et
1632 3612 1850 3683 judicia
1904 3612 2115 3667 discer—

402 3714 556 3763 ant.

438 3796 756 3865 Quisquis
802 3808 870 3846 em
913 3793 1069 3846 laicis
1122 3790 1318 3845 habeat
1373 3791 1646 3860 querelam
1702 3792 1974 3859 proferat.
2037 3790 2116 3844 Et

393 3884 644 3953 modus
694 3879 943 3935 secundae
971 3879 1083 3933 diei
1114 3881 1190 3933 sic
1218 3880 1477 3933 solvatur.

431 3972 676 4027 Tertia
719 3969 812 4023 die
845 3983 978 4022 cum
1002 3967 1326 4037 episcopus,
1356 3971 1467 4036 ,aut
1497 3966 1619 4037 ejus
1657 3966 1899 4020 vicarius
1954 3971 2021 4021 ut
2056 3966 2118 4021 in

394 4060 624 4116 veteris
664 4056 881 4111 diebus
909 4054 1554 4124 synodumingreditur,
1581 4053 1733 4107 dicat
1766 4070 1779 4108 :

429 4147 782 4204 Dominus
818 4143 1128 4197 vobiscum.

424 4240 745 4294 Oremus.
779 4232 1043 4301 Protege,
1079 4230 1338 4298 Domine,
1385 4244 1737 4300 quaesumus,
1786 4245 1891 4283 nos
1932 4230 2116 4284 famu-

393 4344 441 4380 ιε
473 4332 648 4380 tuos
688 4318 970 4373 subsidiis
1012 4319 1221 4372 mentis
1250 4323 1307 4371 et
1351 4317 1624 4387 corporis,
1659 4321 1716 4371 et
1772 4317 2122 4388 spiritalibus

394 4413 731 4471 nutriens
759 4406 1067 4473 alimentis,
1108 4406 1393 4477 propitius
1436 4405 1609 4460 redde
1653 4421 1882 4459 securos
1918 4406 1991 4459 ab
2022 4405 2122 4460 ho-

394 4506 569 4559 ibus
614 4495 947 4554 universis.
982 4496 1089 4549 Per
1114 4493 1420 4549 Dominum
1446 4497 1706 4547 nostrum
1744 4493 1937 4547 Iesum
1958 4491 2126 4548 Chri-

393 4608 553 4649 um.
860 4656 865 4661 ζ

404 4686 503 4738 Et
537 4678 715 4748 post
752 4672 847 4726 hoc
873 4672 1086 4740 legatur
1125 4671 1483 4737 Evangelium
1505 4687 1523 4723 :

395 4761 795 4827 Circuibat
820 4761 983 4815 Jesus
1009 4759 1282 4826 civitates,
1326 4763 1384 4812 et
1406 4756 1663 4811 castella.

401 4854 691 4915 Deinde
768 4864 870 4919 pro
924 4848 1175 4918 ﬁdelibus
1233 4848 1507 4913 defunctis
1562 4847 1693 4899 istos
1747 4842 1985 4912 psalmos
2041 4842 2129 4897 de-

393 4948 602 5005 ntent
656 4957 676 4995 :

811 5632 1094 5697 Pnnon.
1146 5630 1319 5697 CXL.

2130 1818 2171 1872 Β

2204 1595 2326 1647 luce
2357 1592 2528 1661 positi
2562 1597 2724 1646 tuum
2775 1591 3061 1645 consecuti
3093 1595 3227 1643 sunt
3288 1596 3730 1643 sacramentum.
3784 1591 3891 1643 Per

2207 1681 2511 1735 Dominum
2534 1690 2813 1734 nostrum.

2277 1770 2410 1823 Post
2440 1770 2548 1823 haec
2566 1784 2664 1837 pro
2688 1769 3009 1834 irreligiosis
3038 1770 3169 1823 istos
3188 1768 3423 1836 psalmos
3459 1766 3741 1820 decantent
3770 1782 3783 1820 :

2276 1858 2361 1911 Ad
2388 1862 2463 1923 te,
2500 1857 2760 1923 Domine,
2795 1856 3074 1910 clamabo.

2278 1945 2618 2000 Benedicam
2653 1945 2979 1999 Dominum.

2279 2036 2450 2099 Deus,
2483 2040 2763 2087 venerunt
2792 2039 3015 2104 gentes.

2279 2124 2420 2177 Cum
2454 2123 2495 2176 Κ
2503 2122 2623 2193 yrie
2653 2122 2890 2183 eleison,
2925 2126 2975 2175 et
3021 2121 3186 2174 Pater
3208 2123 3423 2184 noster,
3481 2133 3602 2173 cum
3644 2117 3894 2188 precibus

2206 2210 2350 2263 istis.

2281 2297 2406 2351 Fiat
2432 2312 2544 2368 pax
2572 2295 2634 2349 in
2665 2294 2873 2349 virtute
2894 2299 3012 2349 tua.

2282 2385 2529 2440 Ostende
2559 2384 2746 2453 nobis,
2779 2382 3040 2449 Domine,
3075 2381 3524 2436 misericordiam
3574 2385 3752 2435 tuam.

2284 2474 2452 2540 Deus,
2481 2478 2545 2527 tu
2574 2488 2878 2527 conversus
2907 2470 3215 2525 viviﬁcabis
3244 2486 3367 2525 nos.

2285 2561 2544 2627 Domine,
2577 2560 2783 2615 exaudi
2814 2559 3135 2614 orationem
3165 2574 3374 2613 meam.

2287 2649 2561 2703 Dominus
2597 2648 2910 2703 vobiscum.

2284 2737 2523 2792 Oremus.
2567 2737 2734 2802 Deus,
2769 2735 2869 2807 qui
2900 2734 3160 2789 infideles
3192 2733 3423 2798 deseris,
3458 2736 3515 2786 et
3532 2733 3688 2803 justo
3736 2732 3899 2786 inde-

2214 2824 2358 2878 votis
2387 2824 2664 2889 irasceris,
2695 2825 2976 2894 populum
3004 2828 3189 2887 tuum,
3216 2835 3567 2892 quaesumus,
3600 2820 3668 2875 ad
3702 2825 3757 2873 te
3776 2834 3905 2873 con-

2214 2918 2371 2968 verte
2401 2912 2706 2983 propitius,
2752 2914 2816 2965 ut
2853 2910 2952 2982 qui
2980 2916 3037 2965 te
3087 2926 3191 2981 per
3235 2908 3509 2963 duritiam
3563 2906 3901 2977 irreligiosus

2214 3000 2424 3056 mentis
2462 3016 2689 3070 semper
2712 2999 3008 3054 offendunt
3039 3014 3053 3053 :
3087 2999 3157 3053 ad
3203 3006 3396 3052 sancta
3423 2995 3612 3057 ofﬁcia
3658 2997 3902 3065 {prome-

2142 3080 2183 3134 C
2217 3091 2415 3155 renda,
2448 3094 2561 3144 tuae
2591 3088 2970 3144 miserationis
3010 3087 3193 3159 gratia
3232 3086 3548 3158 inspirante
3578 3088 3902 3151 convertas.

2222 3183 2328 3236 Per
2356 3179 2662 3233 Dominum
2691 3183 2975 3232 nostrum.

2288 3268 2350 3324 Si
2378 3283 2497 3335 qum
2526 3270 2636 3327 sint
2659 3268 2995 3335 ,‘quzstiones
3022 3264 3106 3318 vel
3155 3263 3380 3333 querelae
3434 3262 3806 3328 conferantur,
3859 3264 3909 3313 et

2217 3359 2294 3412 sic
2324 3355 2564 3426 synodus
2606 3356 2767 3409 tertia
2799 3354 2885 3407 die
2900 3354 3160 3407 solvatur.

2292 3443 2503 3507 Quarta
2532 3458 2664 3496 vero
2712 3441 2824 3507 die,
2885 3440 3187 3511 episcopus
3236 3437 3521 3508 synodum
3584 3435 3912 3507 ingrediens

2223 3530 2305 3584 sic
2336 3531 2608 3601 procedat
2636 3535 2701 3583 ut
2729 3528 2981 3598 primum
3012 3530 3316 3597 portentur
3346 3530 3478 3579 ante
3527 3540 3658 3578 eum
3704 3523 3910 3577 cande-

2221 3618 2381 3672 labra
2410 3632 2538 3672 cum
2570 3615 2750 3669 cereis
2771 3615 3039 3680 incensis,
3072 3628 3201 3684 quae
3230 3617 3503 3682 sequatur
3535 3611 3913 3665 subdiaconus

2224 3711 2460 3777 portans
2499 3702 2890 3774 Evangelium,
2918 3703 3046 3757 dum
3062 3717 3255 3755 cruces
3274 3700 3407 3754 hinc
3438 3704 3496 3754 et
3513 3699 3667 3755 inde.
3696 3698 3912 3753 Deinde

2224 3793 2513 3848 diaconus.
2544 3793 2905 3845 Postremum
2936 3789 3237 3862 episcopus
3286 3786 3707 3859 episcopalibus
3737 3786 3914 3841 indu-

2225 3884 2317 3933 tus
2346 3878 2721 3947 vestimentis,
2775 3884 2829 3933 et
2855 3894 3058 3948 coppa,
3106 3876 3484 3947 ingrediatur,
3535 3880 3593 3929 et
3620 3875 3915 3946 ingressus

2226 3968 2288 4022 in
2317 3968 2446 4022 sede
2476 3983 2578 4021 sua
2615 3971 2768 4020 stans
2799 3967 2949 4023 dicat
2982 3982 2996 4021 :

2299 4056 2575 4111 Dominus
2605 4055 2916 4110 vobiscum.

2300 4146 2540 4200 Oremus.
2572 4146 2911 4199 Nostrorum
2936 4142 3061 4211 tibi,
3096 4142 3363 4212 Domine,
3408 4144 3706 4196 curvantes
3735 4155 3923 4209 genua

2229 4233 2511 4299 cordium,
2541 4249 2868 4304 quaesumus
2898 4237 2962 4286 ut
3012 4232 3229 4286 bonum
3281 4230 3437 4302 quod
3490 4230 3551 4284 in
3598 4229 3765 4284 nobis
3794 4245 3828 4283 a
3867 4233 3923 4281 te

2236 4321 2561 4393 requiretur
2601 4336 2992 4391 exequemur,
3034 4319 3264 4387 scilicet,
3316 4322 3378 4371 ut
3409 4322 3680 4387 prompta
3735 4320 3925 4370 tecum

2237 4409 2623 4464 sollicitudine
2655 4409 2998 4479 gradientes,
3057 4406 3414 4462 discretionis
3467 4404 3663 4459 arduae
3719 4402 3925 4457 subtile

2229 4498 2510 4570 judicium
2542 4496 2836 4560 faciamus,
2870 4511 2932 4549 ac
2980 4493 3431 4548 misericordiam
3477 4492 3777 4561 diligentes
3820 4490 3929 4544 cla-

2236 4601 2484 4652 reamus,
2520 4584 2726 4639 studiis
2763 4583 2868 4638 tibi
2897 4582 3121 4653 placitae
3152 4581 3407 4636 actionis.
3460 4582 3567 4634 Per
3619 4578 3927 4633 Dominum

2234 4680 2499 4730 nostrum
2528 4674 2724 4727 Jesum
2754 4671 3060 4727 Christum.

2308 4764 2499 4817 Postea
2525 4760 2681 4815 solito
2710 4774 2853 4814 more
2874 4759 3087 4827 legatur
3114 4755 3471 4824 Evangelium
3499 4773 3515 4809 :

2312 4848 2647 4919 Respiciens
2667 4847 2832 4901 Jesus
2865 4844 3174 4916 discipulos
3202 4860 3354 4910 suos,
3386 4842 3528 4898 dixit
3556 4840 3779 4897 Simoni
3826 4842 3928 4896 Pe-

2240 4941 2330 4992 tro
2361 4953 2375 4991 :
2410 4936 2469 4992 Si
2498 4934 2847 5007 peccaverit.

3565 5630 3649 5688 34
