4592 6512
399 37 444 46 -4-

263 88 306 98 '1'.

357 118 486 135 Ἡ
517 118 526 124 -
1455 125 1462 128 .
1579 125 1592 132 _

585 148 662 160 ‘HI'.
937 157 950 166 ι.
971 159 984 164 ι
1001 165 1006 168 ,
1047 159 1070 166 -.
1091 153 1110 160 ι

1107 582 1127 633 1
1139 580 1239 632 067

2329 575 2679 632 APPENDIX
2708 576 2798 632 AD
2855 575 3333 631 BURCHARDUM
3346 614 3358 626 .
4463 577 4556 630 1068

1690 968 2490 1072 APPENDIX
2575 968 2770 1070 AD
2861 967 3988 1074 BURCHARDUM.

2021 1343 2752 1426 STATUTA
2863 1343 3675 1427 CANONUM

1168 1557 1474 1716 DE
1604 1550 2621 1720 OFFICIO
2759 1556 4509 1721 SACERDOTUM.

2447 1841 2745 1898 INCERTO
2787 1842 3256 1898 COLLECTORE.

1665 2000 1850 2070 (Apud
1883 1999 2169 2054 Canisium
2204 2001 2469 2055 Lectiones
2501 2003 2761 2068 antiquae,
2796 2000 3066 2056 editionis
3093 2000 3379 2071 Basnagii,
3415 2005 3551 2055 tom.
3587 2002 3682 2067 lll,
3720 2017 3852 2072 pag.
3884 2004 4032 2072 396.)

2462 2338 2774 2403 JACOBI
2843 2339 3248 2404 BASNAGI

2025 2513 2090 2553 IN
2137 2512 2310 2554 HANC
2354 2512 2670 2556 CANONUM
2717 2512 3212 2555 COLLECTIONEM
3259 2513 3692 2556 OBSERVATIO.

1179 2647 1475 2701 Canonum
1499 2645 1911 2716 amplissimam
1963 2645 2369 2700 Collectionem
2419 2646 2738 2698 confecerat
2788 2645 3164 2710 Burchardus,
3220 2661 3510 2715 quamque
3560 2645 3825 2715 plurimis
3866 2645 4027 2698 libris
4063 2646 4411 2716 complexus
4461 2653 4562 2698 erat

1107 2727 1264 2779 Hanc
1297 2743 1619 2798 anonymus
1668 2727 1728 2779 in
1778 2726 2181 2795 compendium
2229 2726 2470 2793 redegit,
2527 2727 2610 2778 vel
2658 2726 2848 2794 potius
2897 2741 2961 2778 ex
3006 2742 3072 2778 ea
3120 2741 3246 2794 quae
3291 2725 3358 2778 ad
3409 2725 3659 2778 ofﬁcium
3712 2725 4071 2778 sacerdotum
4125 2726 4506 2794 pertinebant,
4530 2740 4572 2776 ex

1109 2805 1420 2859 Burcbardi
1461 2806 1621 2859 libris
1692 2806 1986 2874 excerpsit.
2041 2806 2160 2868 Quo
2216 2810 2471 2874 tempore
2502 2805 2704 2857 vixerit
2735 2807 2828 2857 ille
2881 2820 3244 2874 annonymus
3295 2805 3596 2868 incertum,
3648 2805 3743 2858 sed
3785 2819 3915 2858 cum
3957 2809 4182 2857 constet
4229 2805 4574 2858 Burchardum

1108 2899 1223 2937 non
1254 2885 1461 2938 obiisse
1491 2885 1599 2938 nisi
1631 2901 1723 2937 an.
1763 2887 1916 2949 1026,
1947 2890 2076 2936 ante
2107 2884 2298 2936 saeculi
2332 2883 2621 2936 undecimi
2663 2885 2834 2936 tinem
2880 2884 3056 2952 ipsius
3097 2883 3548 2936 abbreviatorem
3598 2900 3877 2953 reponere
3909 2899 4023 2938 non
4056 2884 4251 2952 licuit,
4291 2901 4580 2955 quanquam

1102 2964 1342 3017 fortasse
1370 2965 1550 3017 multo
1575 2963 1756 3017 serius
1787 2964 1991 3016 vixerit
2032 2978 2043 3015 :
2078 2963 2219 3015 nihil
2253 2962 2406 3015 enim
2436 2963 2607 3015 habet
2636 2964 2787 3032 quod
2820 2961 2939 3030 ejus
2971 2969 3198 3015 aetatem
3229 2962 3412 3032 possit
3442 2963 3712 3016 indicare.

2609 3277 2699 3336 IN
2719 3275 3112 3337 CIPlUNT

1573 3452 2055 3525 STATUTA
2115 3449 2640 3524 CANONUM
2699 3449 2834 3522 DE
2891 3449 3328 3522 OFFICIO
3391 3447 4147 3520 SACERDOTUM.

1503 3784 1605 3851 (EX
1647 3785 1856 3839 LIBBO
1899 3785 1943 3838 ll
1973 3782 2402 3837 BURCHARDI.

1187 3876 1296 3944 (Ex
1326 3873 1551 3928 concilio
1580 3875 1844 3940 Remensi,
1881 3875 2056 3942 capite
2084 3874 2157 3938 4.)
2196 3872 2263 3923 Ut
2294 3869 2487 3922 nullus
2509 3867 2804 3937 presbyter

1110 3965 1328 4033 absque
1358 3961 1589 4023 amictu,
1623 3961 1769 4024 alba,
1796 3961 1962 4026 stola,
1987 3961 2195 4014 fanone
2218 3963 2273 4011 et
2302 3957 2493 4010 casula
2514 3957 2804 4010 ullatenus

1111 4053 1425 4122 presumat
1481 4050 1711 4102 missam
1767 4048 2073 4102 celebrare.
2132 4047 2199 4100 Et
2250 4046 2369 4098 haec
2424 4061 2581 4098 sacra
2639 4045 2804 4097 vesti-

1116 4144 1312 4193 menta
1370 4137 1748 4191 mundissima
1798 4137 1933 4202 sint,
1994 4140 2049 4189 et
2100 4135 2161 4188 in
2209 4135 2388 4188 nitido
2457 4135 2602 4199 loco,
2658 4133 2805 4185 infra

1115 4225 1410 4280 ecclesiam
1468 4225 1830 4278 collocentur.
1885 4224 1995 4277 Nec
2049 4238 2306 4293 unquam
2372 4221 2669 4291 presbyter
2718 4221 2806 4273 his

1115 4314 1354 4368 indutus
1395 4311 1688 4366 ecclesiam
1718 4317 1901 4378 exeat,
1942 4311 2076 4382 quia
2118 4312 2238 4365 hanc
2287 4311 2477 4364 divina
2527 4311 2613 4364 lex
2671 4326 2802 4379 pro-

1119 4401 1299 4455 hibet.

1188 4489 1266 4541 Ex
1327 4487 1570 4542 concilio
1604 4488 1951 4541 Nannetensi
2006 4503 2130 4556 cap.
2161 4489 2190 4539 5
2229 4503 2241 4541 :
2293 4485 2572 4542 Omnibus
2614 4485 2806 4539 Domi-

1118 4577 1258 4630 nicis
1291 4576 1489 4630 diebus
1517 4576 1912 4646 unusquisque
1943 4575 2245 4645 presbyter
2290 4574 2349 4628 in
2397 4573 2633 4627 ecclesia
2681 4590 2803 4635 sua,

1117 4670 1247 4719 ante
1279 4665 1583 4718 missarum
1640 4664 1943 4732 solemnia,
1995 4679 2204 4734 aquam
2234 4662 2536 4716 benedicat
2589 4663 2648 4715 in
2680 4678 2808 4715 vase

1115 4754 1336 4814 nitidio,
1369 4752 1640 4823 mysterio
1659 4754 2055 4806 conveniente.
2093 4753 2168 4806 De
2198 4767 2347 4821 aqua
2374 4751 2624 4820 populus
2657 4751 2805 4803 intra

1117 4842 1407 4896 ecclesiam
1457 4846 1830 4911 aspergatur;
1865 4845 1920 4895 et
1979 4840 2188 4894 atrium
2246 4839 2502 4909 ejusdem
2557 4839 2806 4892 ecclesiae

1115 4947 1245 4984 cum
1295 4929 1558 4984 crucibus
1618 4929 2026 4984 circumeundo
2078 4928 2346 4982 similiter
2400 4931 2684 4996 aspergat.
2742 4927 2810 4979 Et

1115 5035 1220 5089 pro
1247 5018 1547 5072 animabus
1567 5017 1645 5072 ibi
1678 5017 2105 5088 quiescentibus
2145 5021 2288 5071 oret.
2320 5017 2383 5068 Et
2432 5015 2529 5086 qui
2569 5014 2810 5068 voluerit

1117 5107 1187 5161 de
1208 5106 1332 5176 ipsa
1359 5121 1527 5176 aqua,
1559 5105 1617 5158 in
1655 5122 1784 5159 vase
1841 5123 1942 5160 suo
2003 5107 2239 5176 accipiat
2285 5104 2483 5159 domui
2534 5119 2670 5170 suae,
2711 5104 2809 5172 Jvel

1116 5195 1176 5248 in
1205 5193 1380 5264 agris,
1419 5194 1506 5247 vel
1533 5210 1702 5264 super
1731 5210 1960 5265 pecora,
1991 5196 2077 5248 vel
2111 5195 2439 5264 ubicunque
2479 5192 2650 5257 volet,
2682 5207 2807 5244 eam

1118 5299 1440 5355 sparsurus.

1183 5371 1501 5425 Alexander
1556 5387 1703 5440 papa
1781 5371 2076 5425 constituit
2134 5386 2344 5441 aquam
2409 5370 2522 5422 sale
2577 5368 2802 5422 mistam

1115 5461 1344 5530 pOpulis
1404 5459 1664 5513 benedici
1714 5477 1726 5513 :
1783 5460 1935 5530 quod
1996 5463 2054 5512 et
2097 5459 2365 5511 omnibus
2419 5457 2806 5511 sacerdotibus

1115 5547 1440 5601 faciendum
1471 5564 1593 5601 esse
1623 5548 1934 5601 mandavit.

1187 5637 1264 5690 Ex
1294 5636 1460 5690 dictis
1510 5635 1816 5705 Augustini
1854 5651 1867 5688 :
1932 5634 2112 5688 Missa:
2144 5632 2460 5703 peculiares
2491 5633 2547 5686 in
2573 5634 2802 5704 publico

1118 5740 1234 5779 non
1267 5729 1400 5778 sunt
1429 5723 1782 5776 celebrandae
1821 5739 1927 5792 per
1954 5722 2124 5775 festos
2154 5722 2292 5787 dies,
2328 5726 2392 5774 ut
2421 5737 2524 5791 per
2573 5739 2669 5775 eas
2699 5739 2805 5791 po-

1121 5812 1288 5881 pulus
1319 5828 1353 5864 a
1379 5809 1624 5880 publicis
1670 5810 1970 5864 missarum
2013 5809 2472 5864 solemnitatibus
2513 5809 2802 5864 abstraha-

2838 3789 2883 3839 A
2914 3787 3032 3847 tur;
3065 3781 3200 3852 quia
3230 3780 3512 3851 pessimus
3551 3797 3691 3835 usus
3743 3786 3827 3836 est
3885 3783 4040 3853 apud
4070 3785 4389 3854 quosdam
4441 3787 4493 3838 in
4518 3783 4592 3836 Uc-

2917 3869 3142 3922 minicis
3174 3869 3374 3923 diebus
3430 3873 3486 3922 et
3543 3870 3669 3922 aliis
3730 3870 4136 3925 festivitatibus
4206 3891 4356 3927 mox
4417 3879 4592 3927 missam-

2917 3957 3222 4022 celebrare,
3260 3974 3432 4027 quam
3460 3959 3608 4029 quis,
3677 3959 3784 4012 etsi
3839 3975 3942 4028 pro
4001 3960 4320 4015 defunctis
4390 3964 4480 4026 sit,
4510 3975 4592 4010 re:

2919 4046 3182 4113 audierit,
3222 4047 3488 4100 discedat.
3531 4047 3938 4101 Admonendus
3969 4053 4054 4100 est
4081 4052 4371 4119 pOpulus
4403 4058 4462 4103 ut
4509 4063 4587 4100 ar:-

2918 4134 3208 4203 publicum
3233 4141 3643 4205 peractumque
3676 4135 3929 4189 ofﬁcium
3971 4140 4279 4193 canonice
4316 4138 4592 4207 hor-atteri:

2918 4223 3321 4276 celebrandum
3353 4223 3422 4277 ad
3454 4224 3643 4277 cibum
3682 4241 3798 4278 non
3830 4225 4102 4291 accedat;
4173 4229 4291 4281 sed
4331 4231 4402 4282 ad
4464 4227 4592 4296 pub..-

2919 4328 3040 4364 cam
3074 4312 3322 4377 missam,
3346 4312 3812 4382 praedicationem
3839 4314 4179 4378 auditurus,
4206 4319 4532 4370 conveniat.

2993 4401 3063 4452 Ex
3095 4400 3336 4453 concilio
3386 4402 3731 4454 Nannetensi
3789 4418 3912 4472 cap.
3953 4405 4032 4456 8:
4102 4403 4189 4456 Ut
4251 4407 4592 4475 unusquisqs:

2918 4488 3233 4557 presbyter,
3297 4489 3396 4559 qui
3455 4489 3684 4560 plebem
3739 4491 3904 4559 regit,
3964 4491 4270 4547 clericum
4321 4494 4520 4547 habeat
4543 4507 4592 4558 {.e.

2919 4592 3109 4630 secum
3142 4582 3352 4631 cantet.

2992 4665 3058 4718 Ut
3087 4665 3275 4719 omnis
3305 4664 3602 4736 presbyter
3624 4665 3783 4719 omni
3816 4683 3919 4720 suo
3967 4669 4279 4738 parochio
4335 4669 4592 4741 asymboli-3

2921 4757 2978 4805 et
3007 4753 3323 4807 orationem
3351 4753 3704 4808 Dominicam
3737 4754 4010 4821 insinuet,
4060 4771 4359 4830 cumque
4414 4763 4468 4812 in
4501 4758 4592 4817 Qus

2921 4841 3242 4911 dragesima
3273 4842 3339 4895 ad
3373 4841 3787 4896 confessionem
3817 4843 4081 4910 veniunt,
4125 4845 4200 4900 in
4249 4849 4463 4917 primis
4492 4846 4592 4897 1.3.x:

2920 4945 3392 5000 unumquemque
3442 4931 3538 4984 illa
3567 4931 3676 4985 sibi
3734 4931 4075 4985 memoriter
4139 4935 4490 4992 decantare.
4538 4935 4592 4985 κς-

2924 5019 3214 5088 presbyter
3245 5019 3413 5072 alicui
3447 5025 3700 5072 sanctam
3744 5019 4260 5078 communionem
4315 5027 4584 5087 tradam:

2851 5143 2889 5196 Β
2921 5106 3022 5176 qui
3052 5107 3198 5160 hanc
3225 5123 3288 5159 ex
3316 5106 3481 5160 corde
3512 5108 3987 5177 pronuntiaverit.

2992 5195 3066 5248 Ex
3143 5194 3384 5248 concilio
3442 5196 3770 5266 Carthagin.
3823 5213 3946 5267 cap.
3981 5197 4059 5251 4:
4116 5200 4584 5258 Sacerdotem?

2917 5283 3087 5337 clesia
3121 5283 3356 5337 verbum
3415 5284 3678 5348 faciente,
3735 5285 3836 5355 qui
3890 5303 4188 5356 egressus
4256 5293 4336 5348 de
4390 5293 4570 5347 audita.

2917 5371 3089 5424 fuerit
3113 5371 3234 5424 sine
3263 5371 3419 5440 gravi
3450 5373 3782 5426 necessitate
3813 5380 4420 5436 excommunicetur.

2989 5460 3100 5528 (Ea:
3127 5462 3348 5513 concilio
3380 5460 3666 5514 Aurelian.
3700 5465 3874 5529 capite
3914 5465 3993 5527 ‘2.)
4023 5463 4206 5522 Item
4265 5472 4332 5525 in
4360 5466 4550 5525 canoni‘:
4583 5493 4585 5496 -

2917 5549 3306 5617 apostolorum
3338 5549 3669 5619 praecipitur
3702 5551 3876 5602 :Tres
3908 5551 4028 5604 dies
4085 5560 4484 5628 rogationum
4519 5568 4582 5607 sz‘

2914 5635 3320 5687 Ascensionem
3377 5636 3602 5689 Domini
3665 5637 4132 5710 (observentur),
4206 5655 4280 5702 ιιι
4343 5652 4411 5705 ad
4455 5651 4576 5702 532:..-

2913 5721 3096 5775 tiones
3136 5723 3445 5777 sacerdotis
3477 5740 3589 5778 non
3622 5727 3804 5780 solum
3853 5727 4081 5795 clerici,
4144 5742 4217 5789 et
4280 5741 4400 5794 Deo
4442 5741 4564 5791 dic-3":

2914 5811 3008 5864 sed
3041 5816 3095 5864 et
3125 5811 3311 5865 omnis
3343 5813 3500 5882 plebs
3531 5830 3780 5868 consona
3811 5832 3944 5869 voce
3975 5827 4403 5892 reSpondeaL
