4592 6472
395 410 525 462 1069

1337 416 1643 473 STATUTA
1673 418 1999 477 CANONUM
2038 424 2124 479 DE
2154 425 2425 483 OFFICIO
2450 428 2937 490 SACERDOTUM.

452 530 571 599 (Ea:
611 531 773 586 dictis
833 533 1005 605 Aug.)
1070 536 1138 590 Ut
1190 538 1379 592 nullus
1412 540 1709 597 ordinatus
1756 544 1968 615 migret
2010 546 2078 600 de
2114 551 2160 603 Α
2264 552 2338 604 Ex
2386 552 2624 608 concilio
2658 556 2985 613 Laodicensi
3042 577 3166 633 cap.
3220 566 3338 620 20:
3376 568 3443 622 Ut
3501 570 3728 627 diaconi
3781 591 3877 631 co-

381 633 479 671 sua
507 620 783 688 parochia
818 621 880 675 in
940 623 1131 692 aliam,
1175 642 1280 680 nec
1309 627 1376 680 ad
1424 628 1625 683 limina
1663 633 2072 702 apostolorum,

380 723 544 759 causa
578 708 875 771 orationis,
912 727 1047 764 cura
1078 713 1335 767 Ecclesia
1374 732 1489 770 sua
1521 718 1816 790 derelicta;
1862 736 1964 774 nec
2003 723 2073 776 ad

376 796 676 865 palatium,
727 814 895 853 causa
940 800 1364 871 interpellandi.
1420 805 1583 869 Quod
1639 808 1687 861 si
1741 808 1959 877 fecerit,
1992 811 2069 865 nil

374 886 523 939 valet
562 887 897 955 hujusmodi
923 889 1206 944 ordinatio
1226 897 1326 946 aut
1354 893 1712 965 demigratio.

442 975 555 1041 (Ea:
582 977 805 1029 concilio
852 977 1032 1030 habito
1056 980 1208 1047 apud
1240 982 1510 1053 Regium.)
1541 985 1605 1037 Et
1651 986 1755 1039 hoc
1807 987 2070 1043 omnibus

372 1061 641 1115 ﬁdelibus
681 1063 1138 1119 denuntiandum
1200 1083 1211 1120 :
1263 1069 1351 1130 Ut,
1420 1071 1520 1141 qui
1569 1088 1737 1127 causa
1795 1076 2070 1131 orationis

371 1149 439 1201 ad
466 1149 669 1203 limina
707 1152 1007 1206 beatorum
1066 1156 1458 1224 apostolorum
1514 1174 1754 1231 pergere
1809 1164 2067 1233 cupiunt,

371 1237 528 1291 domi
558 1239 938 1294 conﬁteantur
981 1248 1208 1311 peccata
1234 1260 1353 1309 sua,
1390 1250 1448 1299 et
1484 1246 1563 1300 sic
1606 1250 2067 1321 proﬁciscantur;

371 1326 506 1396 quia
535 1344 567 1380 a
627 1329 857 1398 proprio
906 1330 1170 1401 episcopo
1218 1333 1303 1387 vel
1361 1335 1649 1391 sacerdote
1706 1338 1922 1409 ligandi
1968 1349 2068 1395 aut

371 1416 627 1470 solvendi
650 1422 802 1483 sunt,
835 1434 948 1471 non
973 1418 1043 1472 ab
1075 1425 1360 1475 extraneo.

436 1507 545 1571 (Ea:
604 1505 818 1566 eod..c.
872 1507 951 1575 4.)
987 1508 1054 1563 Ut
1110 1510 1426 1580 presbyteri
1472 1512 1741 1582 privatim
1803 1515 2067 1572 fidelibus

371 1591 824 1647 iesiderantibus
852 1594 1206 1649 benedicant.

432 1682 510 1733 Ex
545 1682 787 1737 concilio
819 1684 955 1736 Ven.
1007 1700 1130 1754 cap.
1163 1686 1230 1738 20
1268 1702 1280 1739 :
1324 1687 1392 1740 Ut
1422 1688 1613 1742 nullus
1652 1689 1715 1743 in
1754 1692 2066 1746 Dominicis

372 1769 565 1821 liebus
594 1786 784 1837 genua
811 1770 1019 1836 ﬂectat,
1067 1789 1169 1826 nec
1198 1790 1231 1827 a
1274 1775 1485 1829 Pascha
1536 1793 1717 1847 usque
1748 1778 1807 1832 in
1841 1786 2065 1834 octavas

372 1860 747 1913 >eutecostes.
834 1860 1290 1916 Benedictionem
1366 1880 1536 1934 super
1582 1867 1809 1935 plebem
1880 1869 2064 1923 facere

371 1947 714 2016 iresbyteris
737 1963 853 2000 non
881 1948 1013 2002 licet
1040 1949 1100 2001 in
1132 1950 1438 2004 Dominicis
1473 1953 1673 2007 diebus
1725 1957 1807 2009 vel
1840 1956 1901 2010 in
1940 1958 2065 2011 aliis

372 2036 536 2101 'estis,
577 2036 791 2105 populo
822 2036 883 2088 in
914 2037 1148 2091 ecclesia
1173 2042 1567 2095 conveniente.

423 2123 545 2192 (Ea:
603 2124 826 2178 concilio
877 2126 1225 2193 Nannetcnsi,
1284 2130 1459 2197 capite
1503 2132 1625 2195 300,
1666 2133 1763 2196 18.)
1791 2131 1847 2186 Si
1887 2132 2064 2203 aliqui

371 2212 758 2265 liscordantes
808 2212 941 2280 sint,
999 2215 1189 2267 statim
1257 2232 1286 2268 a
1337 2217 1666 2287 presbytero
1716 2224 1812 2274 aut
1868 2237 2062 2275 recon-

376 2300 653 2368 ilientur,
709 2305 808 2354 aut
858 2301 926 2355 ab
956 2303 1199 2356 Ecclesia
1229 2304 1597 2374 abjiciantur;
1641 2322 1754 2377 quo
1810 2315 2059 2379 peracto,

371 2389 529 2441 nissa
558 2388 900 2443 celebretur.

415 2477 547 2546 (Ea:
597 2478 820 2531 concilio
861 2480 1302 2551 Moguntinensi.)
1352 2482 1672 2550 Presbyteri
1715 2484 1837 2539 sine
1883 2486 2060 2541 inter-

372 2569 632 2621 missione
660 2567 860 2620 orariis
890 2573 1142 2634 utantur,
1175 2574 1411 2640 propter
1460 2572 1840 2629 differentiam
1871 2593 2061 2632 sacer-

380 2656 565 2709 otalis
600 2655 912 2725 dignitatis.

408 2744 530 2813 (Ea:
558 2746 789 2797 concilio
843 2743 1057 2814 Afric.)
1106 2744 1355 2799 Clericus
1409 2746 1643 2816 victum,
1687 2753 1744 2803 et
1791 2752 2058 2806 vestitum

371 2833 448 2887 ibi
479 2834 739 2886 honesto
764 2831 1005 2886 artiﬁcio
1065 2834 1149 2886 vel
1197 2833 1566 2903 agricultura,
1609 2837 1826 2908 absque
1883 2840 2057 2894 ofﬁcii

371 2921 426 2975 ui
451 2921 748 2974 duntaxat
785 2919 1127 2974 detrimento
1154 2926 1454 2992 praparet.

407 3010 527 3076 (Ea:
572 3009 798 3061 concilio
838 3010 1182 3071 Nannetensi,
1207 3012 1383 3078 capite
1411 3012 1519 3079 60.)
1564 3012 1860 3082 Presbyter
1889 3029 2056 3067 mane

2182 653 2303 693 ram
2378 643 2723 713 presbyteris
2777 662 2896 700 non
2948 649 3203 718 sedeant,
3263 654 3374 708 nisi
3432 658 3638 714 horum
3685 663 3873 732 jussu.

2183 726 2334 780 Idem
2370 728 2439 782 de
2468 731 2688 785 cateris
2718 735 3008 802 gradibus.

2253 814 2361 885 (Ea:
2381 820 2603 873 concilio
2646 822 2883 889 Valensi,
2935 828 3111 894 capite
3168 828 3244 899 6.)
3301 831 3357 885 Si
3413 835 3710 906 presbyter
3760 857 3877 911 pra

2143 979 2146 983 ἢ
2179 900 2512 959 inﬁrmitate
2560 915 2807 978 nequeat
2857 913 3184 982 pradicare,
3244 934 3277 971 a
3317 900 3555 977 diacono
3583 900 3599 906 '
3632 900 3875 995 protiato

2178 995 2505 1046 sanctorum
2536 996 2765 1051 Patrum
2789 998 3038 1055 bomilia
3065 1003 3410 1067 irecitentur.

2569 1084 2649 1137 EX
2689 1086 2898 1143 LIBRO
2930 1089 3001 1143 ΙΙΙ
3041 1090 3472 1153 BURCHARDI.

2250 1165 2357 1237 (Ea:
2412 1173 2633 1225 concilio
2684 1174 3011 1245 Arelatensi,
3067 1184 3242 1250 capite
3278 1184 3352 1252 1.)
3396 1187 3463 1241 Ut
3502 1190 3751 1260 populus
3804 1193 3870 1248 ad

2175 1256 2576 1312 celebrandam
2628 1261 2858 1317 missam
2906 1274 3279 1338 congregatus
3331 1278 3460 1328 ante
3504 1256 3873 1335 vbenedictio-

2179 1358 2310 1397 nem
2340 1346 2645 1403 sacerdotis
2673 1366 2791 1404 non
2829 1351 3098 1409 discedat.

2247 1434 2355 1503 (Ea:
2393 1434 2617 1490 decretis
2669 1439 2861 1507 Higini
2911 1457 3091 1515 papa,
3156 1449 3330 1519 capite
3382 1448 3458 1520 3.)
3495 1452 3672 1523 Ligna
3705 1455 3864 1511 dedi-

2175 1524 2315 1574 cata
2346 1523 2594 1578 ecclesia
2622 1541 2738 1579 non
2788 1527 2996 1583 debent
3023 1531 3092 1585 ad
3140 1533 3296 1591 aliud
3356 1554 3500 1608 opus
3542 1541 3730 1613 jungi,
3762 1545 3871 1600 nisi

2174 1608 2245 1662 ad
2306 1610 2477 1665 aliam
2525 1615 2846 1682 ecclesiam;
2897 1618 2982 1671 vel
3042 1620 3161 1689 igni
3212 1608 3623 1695 comburenda,
3666 1633 3752 1685 vel
3797 1635 3867 1688 ad

2176 1698 2495 1768 profectum
2525 1701 2792 1756 fratribus
2826 1704 2879 1757 in
2928 1710 3368 1767 monasterium.

2106 1819 2146 1873 Β
2250 1789 2515 1858 Exempla
2547 1791 2749 1844 Isidori
2782 1792 2849 1845 ad
2888 1795 3231 1851 Lamfridum
3294 1798 3702 1877 [Ludifredum]
3742 1809 3862 1878 epi-

2176 1890 2410 1945 scopum
2439 1892 2452 1930 :
2482 1878 2564 1931 Ad
2605 1879 2958 1948 psalmistam
2990 1884 3236 1951 pertinet
3276 1887 3530 1943 ofﬁcium
3593 1896 3863 1963 canendi;

2174 1963 2362 2017 dicere
2393 1964 2833 2029 benedictiones,
2869 1969 3062 2023 Iaudes
3092 1972 3159 2025 ad
3220 1975 3580 2044 sacriﬁcium,
3626 1997 3863 2053 respon-

2174 2053 2325 2106 soria
2362 2058 2418 2106 et
2448 2054 2727 2123 quidquid
2757 2057 3007 2124 pertinet
3040 2060 3109 2113 ad
3141 2064 3382 2117 canendi
3410 2066 3683 2122 ofﬁcium.

2244 2140 2323 2193 Ad
2356 2141 2651 2195 ostiarium
2684 2143 2970 2211 pertinent
3001 2146 3184 2201 claves
3215 2151 3488 2221 ecclesia,
3536 2160 3598 2208 ut
3642 2158 3868 2213 claudat

2174 2234 2230 2283 et
2261 2228 2478 2298 aperiat
2506 2231 2786 2301 templum
2823 2232 2949 2302 Dei;
2983 2239 3037 2288 et
3097 2238 3289 2292 omnia
3320 2255 3448 2310 qua
3499 2249 3633 2297 sunt
3689 2246 3861 2313 intus,

2173 2321 2231 2371 et
2257 2323 2413 2371 extra
2446 2320 2754 2389 custodiat;
2790 2320 2985 2376 ﬁdeles
3028 2325 3294 2395 recipiat;
3353 2334 3867 2389 excommunicatos

2172 2405 2231 2455 et
2255 2400 2518 2455 inﬁdeles
2553 2403 2819 2472 excipiat.

2242 2490 2327 2543 Ad
2365 2490 2634 2544 lectorem
2664 2497 2855 2546 autem
2894 2493 3163 2549 lectiones
3220 2501 3615 2569 pronuntiare,
3684 2510 3739 2559 et
3772 2523 3857 2573 ea,

2170 2593 2297 2647 qua
2338 2578 2633 2647 propheta
2662 2580 3129 2648 vaticinaverunt,
3164 2586 3391 2655 populis
3423 2590 3755 2657 pradicare.

2240 2663 2323 2716 Ad
2382 2662 2716 2717 exorcistam
2795 2666 3139 2721 exorcismos
3198 2673 3529 2727 memoriter
3595 2678 3860 2747 retinere,

2170 2766 2488 2821 manusque
2536 2767 2709 2821 super
2757 2768 3175 2824 energumenos
3230 2761 3285 2811 et
3343 2763 3764 2820 enechumenos
3805 2768 3861 2821 in

2169 2839 2534 2893 exorcisando
2588 2839 2908 2909 imponere.
2966 2843 3049 2897 Ad
3115 2846 3439 2916 acolythum
3522 2856 3863 2923 praparatio

2168 2926 2541 2981 luminarium
2594 2927 2654 2981 in
2710 2929 2976 2983 sacrario.
3040 2932 3165 3002 Ipse
3196 2949 3425 2990 cereum
3477 2946 3694 3009 portat;
3740 2943 3863 3012 ipse

2168 3015 2551 3085 surgesta[sic
2577 3018 2697 3082 ms.]
2751 3033 2853 3087 pro
2895 3019 3239 3075 eucharistia
3293 3023 3483 3078 calicis
3556 3036 3858 3099 praparat.

372 3096 687 3151 iatutinali
713 3096 899 3149 ofﬁcio
932 3098 1178 3166 expleto,
1214 3113 1452 3167 pensum
1494 3100 1783 3153 servitutis
1829 3118 1944 3155 sua
1973 3118 2064 3156 ca-
2104 3092 2141 3146 Ο
2245 3103 2329 3156 Ad
2367 3102 2778 3158 subdiaconnm
2841 3106 3073 3162 calicem
3130 3115 3185 3163 et
3234 3117 3501 3181 patenam
3556 3092 3633 3170 ad
3678 3092 3863 3174 altare

372 3186 542 3239 endo
581 3184 852 3254 primam,
889 3185 1110 3238 tertiam
1149 3191 1363 3238 sextam
1400 3202 1726 3257 nonamque
1760 3191 2062 3259 persolvat.

372 3296 413 3332 a
451 3284 690 3343 tamen,
741 3282 804 3330 ut
860 3282 1058 3347 postea
1091 3277 1243 3331 horis
1291 3279 1745 3347 competentibus
1785 3285 1839 3334 et
1886 3282 2065 3351 signis

371 3366 809 3437 esignantibus,
868 3366 1035 3435 juxta
1085 3366 1542 3435 possibilitatem,
1597 3373 1697 3422 aut
1763 3385 1796 3422 a
1852 3386 1910 3423 se
1967 3375 2064 3424 aut

371 3454 712 3509 :holaribus
732 3455 1126 3523 compleantur
1148 3453 1393 3523 publice.

396 3546 480 3597 Ex
520 3541 778 3597 concilio
834 3542 1122 3607 Toletano,
1164 3557 1287 3611 cap.
1321 3544 1351 3595 6
1386 3557 1397 3595 :
1445 3541 1502 3595 Si
1532 3542 1773 3612 quilibet
1838 3544 2063 3599 ordina-

371 3650 415 3685 ιδ
445 3633 517 3684 in
553 3630 787 3683 civitate
843 3645 1079 3683 manens
1109 3636 1165 3683 et
1220 3631 1368 3697 loco,
1428 3630 1523 3683 ubi
1552 3631 1666 3700 est;
1695 3632 1946 3693 ecclesia,
1991 3633 2061 3687 ad

371 3718 704 3774 lcriﬁcium
755 3717 1160 3788 quotidianum
1213 3733 1329 3771 non
1359 3718 1594 3783 venerit,
1646 3718 1881 3775 clericus
1945 3737 2058 3776 non

371 3809 657 3863 ibeatur.

389 3898 519 3967 (Ea:
557 3892 791 3949 concilio
830 3895 1096 3959 Venetico,
1128 3893 1304 3962 capite
1340 3894 1411 3965 l.)
1448 3893 1698 3948 Clericus
1738 3894 1797 3948 in
1835 3895 2059 3951 civitate

374 4000 614 4048 anens,
643 3983 693 4036 si
752 3998 819 4036 ea
870 3982 961 4036 die
1004 3983 1302 4036 matutinis
1364 3984 1597 4053 hymnis
1652 3983 1896 4039 defuerit
1937 3986 2058 4040 sine

371 4071 722 4145 gritudine,
776 4074 807 4123 7
861 4070 1022 4140 (dies)
1078 4086 1111 4123 a
1181 4058 1695 4125 communicatione
1780 4072 2059 4129 habeatur

371 4170 680 4218 :traneus.

375 4254 510 4316 (Ea:
576 4246 808 4301 concilio
865 4247 1212 4313 Nannetensi,
1265 4248 1443 4316 capite
1500 4249 1612 4317 11.)
1679 4248 1736 4303 [n
1797 4250 2054 4305 convivio

373 4340 821 4409 esbyterorum
848 4338 977 4387 ante
1009 4349 1266 4387 mensam
1295 4334 1517 4388 dicatur
1546 4350 1759 4401 versus,
1792 4340 1845 4389 et
1884 4336 2056 4391 bene-

372 4434 563 4483 :atur
619 4423 779 4476 cibus
807 4423 879 4475 ab
915 4422 1106 4492 aliquo
1138 4422 1345 4492 priore.
1388 4422 1601 4476 Deinde
1632 4423 1951 4489 comedent,
1998 4431 2055 4479 et

376 4534 411 4569 r
448 4515 634 4567 vices
654 4511 846 4564 cibum
868 4516 1185 4582 potumque
1216 4509 1575 4577 benedicant,
1618 4511 1811 4582 aliquo
1852 4512 2056 4566 clerico

371 4604 571 4660 :erim
598 4600 864 4670 legente;
889 4599 1154 4653 similiter
1165 4602 1290 4669 post
1302 4598 1493 4653 cibum
1515 4598 1723 4652 dicturi
1753 4600 2055 4668 hymnum.

372 4696 499 4757 (Ea:
541 4689 785 4745 concilio
834 4690 1013 4753 Afric.
1066 4690 1241 4756 capite
1270 4688 1347 4757 6.)
1402 4688 1467 4740 ln
1524 4686 1678 4741 omni
1724 4688 2059 4742 sacerdotali

371 4780 610 4837 nvivio
670 4776 996 4831 divinarum
1071 4776 1495 4846 Scripturarum
1562 4775 1731 4830 lectio
1804 4776 2059 4830 intermi-

372 4876 587 4926 :atur.

372 4961 501 5021 {Ex
544 4952 787 5009 concilio
842 4949 1127 5021 Carthag.)
1159 4951 1406 5005 Clericus
1437 4966 1542 5005 nec
1577 4966 1780 5005 coman
1817 4951 2056 5018 nutriat,

371 5014 739 5101 cbarbam.
764 5041 853 5104 Et,
899 5040 948 5093 si
1002 5054 1103 5109 per
1157 5042 1480 5093 creaturam
1532 5040 1710 5109 juret,
1780 5040 2059 5094 acerrime

372 5135 697 5206 rigatur;
739 5128 787 5182 si
829 5126 1145 5197 perstiterit
1193 5126 1253 5180 in
1287 5127 1446 5193 vitio,
1509 5128 2054 5182 excommunicetur.

371 5227 505 5284 fEa:
530 5216 783 5273 concilio
816 5214 1191 5282 Triburicnsi.)
1227 5213 1596 5284 Pracipimus
1634 5219 1698 5268 ut
1746 5214 2060 5284 unusquis-

371 5280 407 5369 ὲ
446 5306 793 5383 presbyter
821 5319 991 5374 super
1022 5280 1183 5365 duas,
1217 5303 1304 5356 vel
1332 5280 1444 5356 tres
1475 5302 1820 5373 septimanas
1862 5280 2059 5356 Domi-

371 5405 447 5457 είς
511 5394 767 5458 diebus,
814 5394 900 5445 vel
934 5396 1264 5445 sanctorum
1316 5390 1717 5445 festivitatibus
1782 5390 2057 5461 populum

372 5494 401 5548 vi
445 5480 865 5545 commissum
897 5480 958 5533 in
1004 5478 1240 5534 ecclesia
1265 5495 1387 5545 sua,
1436 5485 1564 5548 post
1608 5479 1818 5532 lectum
1878 5480 2055 5533 Evan-

372 5584 576 5642 .ium,
664 5568 937 5624 doctrinis
991 5584 1022 5621 a
1070 5571 1264 5620 sancta
1293 5566 1584 5637 Scriptura
1648 5565 1913 5636 sumptis,
1961 5566 2055 5621 in-

373 5680 557 5727 uere
600 5657 857 5713 studeat.

2175 3191 2382 3245 Christi
2415 3191 2633 3246 deferre
2683 3199 2738 3247 et
2794 3194 2978 3249 levitis
3026 3198 3249 3253 tradere
3284 3201 3514 3273 :eisque
3543 3205 3863 3263 ministrare

2173 3280 2466 3333 urceolum
2491 3297 2718 3351 quoque
2744 3288 2801 3336 et
2820 3299 3048 3354 aquam,
3080 3289 3314 3342 mantile
3347 3295 3400 3343 et
3434 3296 3861 3366 manutergium

2173 3371 2367 3421 tenere
2406 3369 2690 3438 episcopo,
2746 3373 3081 3443 presbytero
3135 3380 3191 3429 et
3220 3376 3406 3432 levitis
3453 3396 3559 3449 pro
3604 3382 3861 3440 lavandis

2174 3461 2304 3510 ante
2334 3456 2511 3510 altare
2536 3458 2801 3513 manibus
2834 3476 3042 3530 aquam
3076 3464 3347 3532 prabere.

2240 3544 2323 3598 Ad
2394 3544 2698 3598 diaconum
2754 3552 2943 3600 autem
3014 3550 3271 3605 assistere
3346 3555 3751 3626 sacerdotibus,
3806 3567 3864 3616 et

2170 3632 2493 3685 ministrare
2524 3632 2582 3685 in
2641 3634 2905 3687 omnibus
2954 3652 3083 3706 qua
3147 3643 3325 3707 agunt
3378 3640 3436 3697 in
3490 3649 3861 3703 sacramentis

2169 3720 2438 3790 episcopi,
2492 3726 2547 3774 et
2575 3720 2635 3774 in
2665 3721 2969 3791 baptismo,
3027 3725 3351 3795 chrismate,
3414 3734 3620 3798 patena
3643 3739 3699 3789 et
3720 3736 3862 3790 cali-

2168 3825 2257 3874 ce;
2307 3808 2622 3862 oblationes
2654 3826 2884 3881 quoque
2941 3812 3171 3881 inferre,
3205 3820 3261 3869 et
3318 3818 3625 3887 pradicare
3683 3824 3861 3879 Evan-

2168 3897 2381 3967 gelinm
2411 3900 2465 3950 et
2495 3898 2846 3968 Apostolum.
2909 3900 3048 3954 Nam
3107 3901 3252 3957 sicut
3310 3904 3616 3962 lectoribus
3692 3912 3862 3967 Vetus

2166 3986 2608 4051 Testamentum,
2642 3985 2721 4040 ita
2754 3987 3087 4043 diaconibus
3106 3991 3325 4046 Novum
3355 3995 3665 4063 pradicare
3711 4015 3861 4070 pra-

2167 4078 2397 4143 ceptum
2430 4077 2531 4127 est.
2563 4074 2644 4128 Ad
2684 4074 2873 4145 ipsum
2905 4094 3132 4149 quoque
3158 4082 3405 4150 pertinet
3441 4084 3694 4141 ofﬁcium
3734 4105 3860 4160 pre-

2164 4175 2296 4214 cum
2330 4165 2387 4214 et
2414 4161 2670 4215 recitatio
2712 4163 3035 4219 nominum.
3067 4168 3189 4237 Ipse
3236 4177 3553 4238 pramonet
3583 4190 3747 4230 aures
3793 4178 3863 4232 ad

2165 4248 2475 4302 Dominum
2502 4249 2738 4316 habere;
2772 4250 2893 4322 ipse
2922 4252 3183 4309 hortatur
3219 4257 3494 4327 clamare;
3525 4260 3647 4332 ipse
3692 4264 3867 4320 donat

2166 4353 2364 4407 pacem
2393 4340 2447 4391 et
2488 4337 2608 4408 ipse
2639 4355 2835 4408 pacem
2856 4342 3180 4397 annuntiat.

2235 4425 2321 4479 Ad
2364 4426 2763 4496 presbyterum
2809 4429 3058 4497 pertinet
3115 4438 3467 4488 sacramenta
3514 4440 3770 4507 corporis
3809 4446 3866 4496 et

2166 4513 2461 4583 sanguinis
2511 4514 2739 4567 Domini
2794 4514 2853 4568 in
2883 4516 3049 4569 altari
3105 4520 3401 4586 conﬁcere,
3453 4526 3509 4576 ct
3545 4525 3863 4583 orationem

2165 4600 2372 4668 dicere,
2405 4604 2463 4654 et
2485 4600 2636 4655 dona
2674 4601 2774 4658 Dei
2822 4602 3178 4661 benedicere.

2234 4688 2319 4743 Ad
2374 4688 2709 4759 episcopum
2791 4690 3157 4746 basilicarum
3226 4697 3613 4767 consecratio;
3668 4701 3865 4757 altaris

2168 4776 2399 4836 unctio;
2432 4776 2753 4830 chrismatis
2787 4778 3087 4833 confectio.
3148 4781 3273 4851 Ipse
3330 4785 3604 4853 pradicta
3676 4789 3867 4845 ofﬁcia

2166 4870 2222 4920 et
2282 4864 2509 4919 ordines
2567 4864 2972 4921 ecclesiasticos
3038 4868 3346 4937 distribuit,
3404 4877 3461 4927 et
3514 4876 3636 4945 ipse
3682 4894 3867 4935 sacras

2166 4952 2419 5023 virgines
2437 4951 2740 5006 henedicit.

2239 5040 2308 5097 Hi
2376 5045 2508 5095 sunt
2554 5040 2788 5095 ordines
2845 5058 2910 5097 ac
2967 5046 3243 5114 mysteria
3293 5048 3674 5107 clericorum:
3740 5070 3868 5125 qua

2165 5131 2360 5183 tamen
2394 5129 2732 5183 auctoritate
2780 5130 3120 5200 pontiﬁcali,
3163 5133 3222 5187 in
3277 5136 3657 5193 archidiaconi
3708 5158 3865 5210 cura,

2166 5221 2223 5271 et
2250 5216 2562 5286 primicerii
2593 5234 2655 5271 ac
2686 5218 3027 5272 thesaurarii
3074 5221 3456 5279 sollicitudine
3513 5227 3864 5297 dividuntur,

2164 5303 2612 5358 Archidiaconus
2675 5304 2921 5375 imperat
2975 5307 3334 5363 subdiaconis
3384 5317 3439 5365 et
3491 5314 3719 5384 levitis;
3803 5319 3869 5373 ad

2167 5408 2339 5463 quem
2369 5394 2619 5462 pertinet
2664 5409 2800 5447 cura
2829 5395 3108 5449 vestiendi
3150 5397 3341 5450 altaris
3367 5414 3400 5451 a
3467 5401 3674 5470 levitis;
3734 5420 3871 5460 cura

2168 5478 2387 5532 incensi
2417 5485 2475 5533 et
2539 5480 2820 5534 sacriﬁcii.
2882 5480 3075 5545 Quivis
3118 5482 3417 5539 levitarum
3478 5488 3784 5558 Epistolam
3816 5498 3870 5547 et

2169 5565 2539 5634 Evangelium
2588 5568 2772 5636 legat;
2821 5568 3005 5638 quivis
3034 5584 3227 5638 preces
3256 5570 3422 5641 dicat,
3477 5590 3581 5629 seu
3631 5592 3869 5648 respon-

2170 5652 2387 5707 sorinm
2435 5653 2495 5706 in
2554 5654 2865 5709 Dominicis
2915 5656 3118 5710 diebus
3176 5657 3260 5711 vel
3306 5659 3433 5713 aliis
3474 5661 3871 5718 festivitatibus
