4592 6514
208 45 499 87 ήὲςσηη
790 56 1059 76 -νυιι-

528 96 565 103 -κ
1272 29 2173 153 I—

1113 588 1247 641 1071

1125 713 1409 778 decantet,
1463 717 1521 766 et
1566 712 1809 784 reliqua.
1871 712 2181 784 Hucusque
2227 713 2476 785 Isidorus
2520 714 2823 785 episcopus
2861 718 2904 770 Α
3006 715 3082 769 Ex
3137 711 3387 768 Decretis
3454 710 3711 765 Anacleti
3788 725 3979 782 papae,
4038 726 4165 783 cap.
4218 713 4321 766 tl:
4387 711 4570 765 Peracta

1130 802 1201 857 de
1222 800 1616 856 ecclesiasticis
1647 800 1966 855 ordinibus.

1203 892 1277 945 Ex
1311 889 1556 944 Decretis
1605 889 1801 944 Felicis
1855 906 2019 961 papae
2052 906 2065 944 :
2100 889 2263 944 Missa
2294 905 2409 944 non
2463 890 2630 945 debet
2675 891 2825 945 cele-

1129 977 1304 1044 brari,
1336 977 1447 1031 nisi
1509 975 1564 1030 in
1623 976 1759 1029 locis
1816 976 1887 1030 ab
1962 976 2230 1047 episcopo
2293 977 2655 1041 consecratis,
2718 977 2828 1031 nisi

1131 1081 1359 1120 summa
1400 1063 1697 1118 necessitas
1752 1068 1935 1135 cogat.
1996 1065 2068 1119 Ex
2123 1064 2372 1119 iisdem:
2438 1064 2828 1119 Dedicationes

1131 1154 1501 1208 ecclesiarum
1534 1169 1635 1224 per
1663 1152 1917 1223 singulos
1945 1168 2128 1207 annos
2151 1152 2289 1207 ﬁant
2308 1153 2577 1207 celebres.

1204 1244 1280 1297 Ex
1308 1242 1546 1296 concilio
1592 1240 2007 1305 Aurelianensi,
2038 1257 2161 1311 cap.
2205 1243 2235 1296 3
2269 1257 2282 1295 :
2316 1243 2654 1295 Necessitate
2720 1240 2826 1311 igi-

1129 1335 1224 1384 tur
1254 1335 1493 1401 cogente
1539 1329 1780 1397 itineris,
1828 1328 2217 1399 permittimus
2269 1329 2546 1383 celebrari
2596 1329 2825 1383 missam

1128 1419 1187 1473 in
1214 1420 1476 1483 tentorio,
1509 1416 1623 1470 sive
1655 1417 1759 1470 sub
1806 1416 1957 1479 divo,
2009 1416 2069 1471 in
2122 1416 2307 1471 nitido
2354 1418 2497 1473 loco.
2555 1417 2666 1472 Sed
2705 1418 2828 1472 haec

1127 1507 1455 1561 nullatenus
1474 1506 1597 1559 sine
1628 1509 1957 1559 consecrata
1983 1505 2196 1559 tabula.

1199 1597 1275 1649 Ex
1307 1593 1549 1665 epistola
1577 1592 1945 1665 Thelesphori
2000 1610 2187 1664 papae,
2238 1610 2361 1665 cap.
2395 1596 2426 1648 6
2461 1611 2475 1648 :
2535 1595 2699 1650 Missa
2736 1610 2825 1647 ce-

1125 1684 1399 1738 lebranda
1427 1687 1512 1736 est
1559 1682 1800 1737 minime
1829 1686 1962 1736 ante
2020 1681 2219 1736 horam
2248 1682 2362 1736 diei
2405 1683 2654 1747 tertiam,
2694 1682 2828 1753 quia

1128 1773 1326 1827 eadem
1379 1772 1523 1825 hora
1574 1776 1631 1824 et
1684 1772 1957 1825 Dominus
1996 1771 2298 1824 cruciﬁxus
2331 1776 2432 1837 est,
2486 1777 2540 1825 et
2582 1772 2825 1842 Spiritus

1126 1867 1353 1915 sanctus
1384 1861 1676 1915 descendit
1704 1877 1875 1930 super
1899 1862 2205 1931 apostolos.
2239 1860 2529 1930 Excipitur
2565 1860 2825 1913 iu'nocte

1128 1950 1338 2003 Natalis
1372 1948 1614 2002 Domini.
2075 2004 2087 2017 ,

1202 2039 1274 2091 Ex
1302 2036 1547 2090 concilio
1580 2036 1981 2101 Cabillonensi,
2013 2052 2136 2106 cap.
2171 2039 2236 2090 39
2266 2053 2279 2090 :
2323 2037 2516 2089 Visum
2551 2041 2633 2091 est
2662 2036 2829 2090 nobis

1124 2132 1189 2180 ut
1237 2125 1504 2179 omnibus
1564 2125 1865 2178 missarum
1926 2125 2401 2189 solemnitatibus,
2470 2141 2574 2194 pro
2626 2125 2827 2178 defun-

1124 2221 1344 2268 ctorum
1378 2212 1694 2283 spiritibus,
1748 2213 1866 2266 loco
1898 2212 2247 2283 competenti
2301 2212 2576 2267 Dominus
2621 2214 2819 2283 depre-

1125 2308 1305 2357 cetur.

1200 2391 1501 2462 Dionysius
1559 2389 1909 2459 Areopagita
1958 2389 2094 2443 dicit
2141 2388 2524 2461 blasphemias
2574 2390 2687 2443 Deo
2750 2390 2825 2443 fa-

1127 2496 1277 2545 cere,
1306 2480 1405 2551 qui
1438 2479 1637 2533 missas
1669 2478 1836 2531 offert
1865 2494 1969 2547 pro
2005 2478 2153 2531 malo
2187 2478 2438 2532 homine.

1198 2568 1551 2639 Augustinus
1636 2567 1770 2620 dicit
1828 2582 1930 2636 pro
2011 2567 2278 2620 omnibus
2341 2565 2677 2621 Christianis
2708 2582 2827 2619 esse

1125 2657 1482 2721 faciendum;
1516 2655 1652 2726 quia
1681 2655 1764 2707 vel
1798 2655 1879 2706 eis
1905 2654 2148 2724 proficit,
2182 2659 2280 2708 aut
2308 2654 2696 2718 offerentibus,
2731 2660 2829 2708 aut

1128 2744 1533 2817 paenitentibus
1563 2742 1839 2813 proderit.

1196 2835 1275 2887 Ex
1305 2832 1540 2886 concilio
1596 2830 1767 2884 Afric.
1802 2846 1925 2899 cap.
1984 2830 2100 2884 64:
2157 2831 2225 2884 Ut
2264 2846 2459 2899 preces
2516 2832 2573 2883 et
2620 2830 2827 2901 praefa-

1124 2922 1308 2977 tiones
1338 2936 1454 2975 non
1487 2919 1864 2979 celebrentur,
1897 2918 2004 2971 nisi
2039 2933 2166 2989 quae
2198 2918 2257 2971 in
2297 2918 2539 2972 concilio
2572 2919 2825 2988 probata:

1121 3010 1352 3066 fuerint.

1190 3099 1271 3152 Ex
1340 3096 1582 3151 concilio
1661 3094 2005 3149 Nannetensi
2083 3110 2205 3164 cap.
2292 3096 2380 3147 30.
2448 3094 2824 3147 Definivitsa-

1121 3202 1280 3242 crum
1322 3185 1637 3254 concilium
1686 3190 1751 3237 ut
1794 3183 1986 3237 nullus
2031 3182 2327 3252 presbyter
2378 3182 2532 3234 solus
2586 3182 2817 3236 missam

2352 588 2696 645 APPENDIX
2727 590 2821 645 AD
2854 588 3364 647 BURCHARDUM.

4451 589 4560 639 t07‘2

2938 808 3130 857 autem
3197 801 3643 868 consecratione,
3679 816 3889 867 omnes,
3936 799 4373 865 communicent,
4402 799 4570 870 quivo-

2935 891 3148 946 iuerint
3194 889 3589 945 ecclesiasticis
3634 904 3828 943 carere
3876 888 4191 943 liminibus.
4238 888 4322 942 Sic
4368 887 4502 941 enim
4531 893 4569 941 et

2937 980 3177 1050 apostoli
3252 981 3593 1043 statuerunt,
3650 982 3707 1031 et
3758 983 3949 1031 sancta
4009 977 4267 1032 Romana
4316 980 4458 1031 tenet
4503 978 4571 1030 Ec-

2937 1069 3145 1139 clesia;
3194 1073 3272 1136 et,
3301 1068 3344 1122 si
3376 1069 3487 1123 hoc
3516 1067 3897 1136 neglexerint,
3930 1067 4326 1135 degradentur.

3008 1156 3115 1225 (Em
3161 1156 3382 1210 concilio
3437 1157 3869 1222 Rothomagensi,
3904 1158 4083 1224 capite
4133 1157 4202 1223 1.)
4255 1154 4438 1209 Omnis
4482 1172 4580 1225 pre-

2936 1244 3127 1314 sbyter
3159 1245 3391 1298 missam
3420 1243 3713 1298 celebrans
3747 1243 4150 1311 communicet,
4185 1244 4473 1315 divinaque
4497 1260 4583 1311 my-

2936 1334 3109 1387 steria
3135 1333 3375 1387 diacono
3403 1332 3487 1386 vel
3544 1332 3915 1399 subdiacono,
3943 1331 4041 1403 qui
4073 1332 4315 1386 ministri
4343 1338 4468 1385 sunt
4486 1333 4583 1384 alts-

2938 1422 3035 1489 ris,
3067 1422 3252 1475 tradat
3306 1420 3643 1492 colligenda.
3702 1420 3848 1476 Illud
3901 1419 4075 1474 etiam
4133 1420 4400 1486 attendat,
4430 1426 4489 1473 ut
4521 1437 4581 1472 eos

2936 1509 3171 1579 propria
3228 1524 3401 1563 manu
3461 1508 3867 1562 communicet.
3927 1509 4080 1562 Nulli
4132 1515 4323 1563 autem
4349 1508 4485 1563 laico
4527 1512 4584 1561 vel

2934 1597 3166 1651 feminae
3222 1596 3622 1652 eucharistiam
3652 1596 3712 1650 in
3769 1612 3973 1650 manus
4016 1602 4216 1667 ponat,
4263 1596 4357 1651 sed
4408 1602 4585 1650 tantum

2936 1684 2997 1738 in
3053 1702 3115 1738 os
3161 1685 3318 1754 ejus;
3352 1685 3399 1738 si
3456 1684 3585 1756 quis
3643 1684 3753 1739 hoc
3807 1684 4281 1754 transgrediatnr,
4339 1685 4409 1739 ab
4463 1686 4592 1738 altar;

2936 1778 3315 1827 removeatur.

3011 1862 3085 1915 Ex
3115 1860 3351 1915 concilio
3395 1860 3747 1927 Laodicensi,
3779 1876 3901 1932 cap.
3934 1863 4002 1917 29
4035 1876 4050 1915 :
4102 1860 4265 1925 Quod
4293 1876 4409 1915 non
4459 1877 4589 1931 Opor-

2937 1954 3053 2003 teat
3091 1950 3149 2004 in
3180 1949 3427 2003 ecclesiis
3456 1966 3671 2020 agapea
3705 1949 3852 2015 ﬁeri,
3886 1965 3991 2003 nec
4033 1950 4355 2015 comedere,
4419 1965 4517 2003 nec
4541 1967 4592 2002 ar:-

2940 2039 3162 2094 cubitus
3186 2044 3459 2093 sternere.

3012 2128 3084 2180 Ex
3116 2126 3356 2179 concilio
3385 2126 3674 2192 Remensi,
3724 2142 3845 2196 cap,
3885 2127 3916 2179 6
3952 2141 3967 2179 :
4005 2126 4077 2179 Ut
4105 2124 4273 2192 calix,
4304 2131 4366 2179 et
4409 2132 4592 2195 patens.

2937 2215 2982 2268 si
3010 2232 3123 2268 non
3156 2232 3219 2268 ex
3250 2231 3410 2279 auro,
3458 2214 3806 2268 omnimodis
3857 2214 3959 2267 fiat
3987 2229 4053 2267 ex
4086 2221 4347 2284 argento.
4387 2214 4592 2268 Nimium

2936 2308 3127 2357 tamen
3182 2318 3399 2374 pauper
3441 2309 3741 2356 stanneum
3792 2302 3999 2357 habeat
4054 2303 4315 2356 calicem.
4389 2303 4467 2356 De
4525 2321 4592 2355 an

2937 2398 3148 2456 autem,
3200 2393 3283 2445 vel
3344 2392 3647 2457 orichalco,
3684 2392 3770 2445 vel
3800 2391 3979 2461 ligno,
4015 2392 4100 2445 vel
4166 2392 4342 2458 vitro,
4404 2393 4592 2445 nullate-

2935 2496 3041 2533 nus
3065 2480 3208 2533 calix
3238 2481 3296 2533 in
3320 2496 3425 2533 usu
3453 2480 3748 2533 habeatur.

3007 2570 3078 2621 Ex
3111 2570 3310 2622 eodem
3344 2568 3581 2621 concilio
3615 2584 3628 2620 :
3678 2566 3827 2621 Nihil
3867 2566 3927 2620 in
3983 2566 4153 2621 altari
4216 2573 4491 2638 ponatur,
4527 2571 4592 2621 nis

2934 2672 3117 2726 capsa:
3178 2672 3307 2711 cum
3363 2661 3690 2710 sanctorum
3758 2655 4037 2727 reliquiis,
4072 2660 4131 2710 et
4161 2662 4424 2727 quatuor
4463 2659 4590 2711 Evan-

2933 2746 3101 2815 gelia.

3005 2835 3080 2887 Ex
3134 2833 3373 2887 concilio
3434 2830 3857 2902 Moguntiensi:
3894 2833 3963 2885 Ut
4010 2832 4143 2886 laici
4204 2832 4370 2887 inter
4417 2834 4583 2887 clerici?

2930 2938 3034 2975 nec
3066 2922 3133 2975 ad
3180 2921 3420 2992 vigilias,
3455 2937 3558 2975 nec
3587 2921 3658 2974 ad
3693 2921 3913 2987 missas,
3973 2921 4126 2975 intra
4157 2924 4457 2977 cancellos
4499 2932 4592 2976 star

2930 3012 3019 3063 vel
3049 3011 3245 3063 sedere
3274 3015 3642 3080 praesumant.

3005 3100 3268 3170 Exempla
3301 3098 3580 3153 Anastasii
3639 3114 3848 3170 papae:
3916 3099 3991 3152 Ex
4026 3098 4369 3167 apostolica
4416 3107 4581 3153 auctor

2931 3193 3046 3241 tate
3080 3188 3418 3241 mandamus
3439 3192 3523 3252 ut,
3552 3188 3688 3241 dum
3722 3191 3914 3240 sancta
3944 3187 4268 3257 Evangelia
4316 3191 4589 3243 recitantatr

1121 3275 1411 3329 celebrare
1454 3276 1796 3343 prassumat;
1831 3270 1968 3341 quia
2018 3275 2242 3340 oportet
2273 3286 2404 3324 eum
2443 3270 2653 3323 habere
2708 3271 2815 3324 sibi
2857 3273 2899 3327 D
2932 3278 3119 3330 nullus
3154 3276 3403 3330 sedendo
3443 3274 3671 3329 Domini
3700 3275 3872 3328 verba
3903 3274 4118 3328 audiat.

1123 3368 1400 3418 astantem
1426 3363 1493 3431 ζει
1546 3359 2003 3429 respondentem.
2065 3359 2120 3413 Si
2150 3359 2278 3429 quis
2326 3359 2445 3412 haec
2494 3363 2814 3429 transgres-

1122 3468 1217 3506 sus
1249 3451 1439 3517 fuerit,
1471 3449 1542 3504 ab
1572 3448 1757 3502 ofﬁcio
1788 3447 2187 3517 suspendatur.

1197 3543 1271 3596 Ex
1327 3540 1576 3595 Decretis
1636 3538 1853 3608 Pelagii
1906 3554 2096 3607 papzr,
2156 3552 2278 3605 cap.
2318 3540 2393 3590 8:
2448 3537 2812 3590 Przefaliones

1120 3634 1343 3684 tantum
1373 3636 1504 3683 sunt
1550 3626 1911 3696 recipiendae.
1968 3625 2089 3679 Una
2119 3624 2178 3677 in
2231 3624 2595 3677 Paschalibus
2650 3626 2810 3687 albis,

1116 3719 1228 3773 alia
1279 3718 1349 3773 de
1404 3716 1750 3771 Ascensione
1811 3714 2058 3779 Domini,
2114 3714 2282 3767 tertia
2340 3713 2399 3767 in
2457 3715 2807 3769 Pentecoste.

1115 3812 1317 3879 quarta
1359 3806 1417 3860 in
1476 3804 1658 3859 Natali
1717 3803 1968 3869 Domini,
2040 3803 2242 3873 quinta
2315 3802 2383 3855 de
2451 3804 2813 3872 apparitione

1118 3896 1359 3958 Domini,
1389 3899 1545 3948 sexta
1594 3893 1663 3947 de
1693 3891 1987 3963 apostolis,
2057 3890 2300 3961 septima
2332 3890 2401 3944 de
2441 3896 2631 3944 sancta
2688 3892 2808 3945 Tri-

1119 3986 1317 4049 nitate,
1344 3988 1539 4038 octava
1562 3982 1633 4036 de
1664 3997 1848 4048 cruce,
1910 3995 2061 4033 nona
2089 3978 2158 4033 de
2208 3978 2432 4049 jejunio
2487 3980 2810 4050 quadrage-

1112 4073 1301 4128 simali
1348 4075 1575 4126 tantum
1634 4068 1893 4124 dicenda.
1944 4069 2054 4122 Has
2109 4068 2469 4138 pmfationes
2538 4072 2693 4121 tenet
2756 4074 2811 4123 et

1111 4162 1361 4219 custodit
1389 4164 1579 4214 sancta
1607 4159 1866 4213 Romana
1897 4158 2159 4212 Ecclesia.
2194 4159 2301 4212 Has
2336 4157 2615 4212 tenendas
2653 4158 2809 4212 vobis

1113 4267 1236 4306 esse
1265 4248 1625 4303 mandamus.

1186 4340 1259 4393 Ex
1290 4336 1527 4391 concilio
1565 4336 1835 4389 Toletano
1888 4350 1962 4399 xx,
1994 4349 2116 4404 cap.
2147 4334 2179 4385 2
2211 4350 2222 4387 :
2258 4334 2529 4388 Sacerdos
2576 4335 2635 4389 in
2662 4340 2804 4389 tem-

1109 4444 1250 4498 pore
1302 4427 1623 4487 missarum,
1694 4425 1995 4494 postquam
2052 4438 2210 4475 sacra
2266 4423 2535 4493 mysteria
2609 4441 2804 4477 conse-

2997 3366 3069 3418 Ex
3159 3364 3399 3418 concilio
3453 3362 3815 3417 Avernensi:
3867 3363 3945 3416 De
3996 3364 4317 3433 opertorio
4386 3366 4592 3420 Domim.

2921 3453 3173 3523 corporis
3202 3453 3287 3506 vel
3323 3451 3516 3505 altaris
3548 3465 3843 3522 nunquam
3875 3466 4105 3522 corpus,
4144 3450 4307 3506 dum
4346 3454 4425 3508 ad
4469 3461 4587 3507 tum:

2922 3540 3042 3593 lum
3095 3540 3294 3606 fertur,
3354 3542 3684 3611 obtegatur,
3743 3555 3847 3594 nec
3895 3554 4057 3593 sacro
4127 3542 4477 3611 velamine,
4527 3546 4589 3596 du:

2920 3628 3278 3682 honorantur
3319 3644 3579 3699 corpora,
3629 3626 3965 3698 polluantur
4011 3628 4266 3694 altaria;
4304 3647 4424 3685 nec
4480 3634 4589 3684 adat

2920 3717 3115 3770 vinum
3171 3716 3553 3771 ministerium
3587 3716 3937 3787 pertinentia
3962 3717 4030 3771 ad
4080 3734 4395 3789 pompam
4444 3728 4589 3789 nup‘r.

2918 3820 3047 3858 rum
3077 3808 3439 3875 praastentur.
3798 3860 3803 3865 _

2988 3893 3336 3963 Augustinus
3388 3892 3459 3947 ad
3518 3892 3859 3947 Casulanum
3916 3892 4404 3963 presbyterum:
4456 3898 4513 3950 In
4560 3898 4592 3945 ὲ·

2918 3981 3106 4047 rebus,
3137 3982 3206 4035 de
3238 3980 3445 4052 quibus
3477 3980 3620 4035 nihil
3658 3981 3797 4035 certi
3838 3981 4037 4036 statuit
4073 3983 4291 4037 divina
4346 3985 4592 4053 Scriptuzs'

2919 4086 3040 4123 mos
3089 4070 3288 4140 populi
3340 4069 3442 4124 Dei
3500 4070 3585 4123 vel
3616 4068 3879 4123 instituta
3911 4070 4208 4139 majorum
4260 4088 4384 4142 pro
4418 4075 4531 4140 lege
4564 4087 4592 4119 ιθ

2916 4160 3103 4213 nenda
3136 4162 3286 4213 sunt.
3321 4158 3406 4225 Et,
3456 4158 3598 4213 sicut
3654 4157 4161 4230 praevaricationes
4190 4161 4539 4215 divinarum

2915 4262 3075 4317 gum,
3106 4246 3185 4300 ita
3213 4250 3635 4317 contemptores
3691 4245 4220 4301 ecclesiasticarum
4282 4256 4587 4303 consuetu;

2915 4351 3054 4388 num
3081 4334 3378 4389 coercendi
3408 4337 3557 4388 sunt.

2987 4424 3099 4491 (Ea:
3146 4424 3369 4476 concilio
3444 4422 3846 4487 Aurelianensi,
3922 4424 4103 4491 capite
4175 4426 4272 4489 3.)
4376 4424 4527 4478 Nihil
4584 4438 4587 4469 ;

1105 4530 1265 4569 crare
1296 4514 1547 4584 coeperit,
1581 4512 1628 4565 si
1658 4527 1789 4566 eum
1816 4510 2004 4565 subita
2041 4509 2344 4564 inﬁrmitas
2387 4515 2633 4581 coeptum
2679 4527 2802 4581 per-
2842 4542 2885 4595 Β
2917 4509 3153 4562 ecclesia
3202 4509 3428 4580 legatur
3480 4513 3579 4563 aut
3629 4514 3913 4578 cantetur,
3970 4510 4083 4563 nisi
4124 4525 4203 4564 ea
4233 4527 4389 4583 quae
4432 4518 4590 4564 auct;

1103 4618 1275 4674 agere
1316 4601 1669 4673 impedierit,
1703 4599 1778 4653 sit
1802 4600 2047 4654 liberum
2094 4598 2361 4670 episcopo
2407 4600 2495 4653 vel
2562 4600 2802 4671 presby-

1102 4695 1225 4745 tero
1265 4695 1329 4745 ut
1376 4691 1519 4744 alter
1569 4688 2057 4743 consecrationem
2107 4688 2275 4758 coepti
2327 4686 2498 4742 ofﬁcii
2557 4688 2798 4759 expleat.

1102 4781 1246 4835 Nam
1275 4780 1481 4834 iterata
1541 4776 1811 4849 mysteria
1856 4792 1963 4831 nec
2013 4775 2263 4846 perfecta
2294 4776 2474 4830 videri
2526 4782 2801 4847 possunt;

1100 4866 1211 4920 nisi
1263 4864 1630 4937 perfectionis
1686 4863 1887 4918 ordine
1953 4863 2364 4934 compleantur.
2408 4862 2572 4927 Quod
2631 4862 2803 4917 etiam

1099 4954 1425 5007 consultum
1474 4951 1661 5005 cuncti
1715 4952 1948 5005 ordines
2000 4951 2340 5004 clericorum
2410 4950 2655 5004 inditum
2715 4952 2801 5004 vel

1099 5040 1387 5094 indultum
1413 5055 1533 5093 esse
1568 5037 1675 5092 sibi
1705 5054 1819 5093 non
1850 5038 2168 5109 ambigant,
2208 5037 2304 5091 sed
2350 5037 2804 5109 praecedentibus

1100 5128 1289 5182 statim
1322 5126 1420 5181 alii
1445 5142 1549 5198 pro
1600 5127 2022 5198 complemento
2072 5126 2398 5180 succedant.
2460 5126 2571 5180 Nec
2611 5130 2802 5180 tamen

1098 5217 1252 5289 quod
1310 5220 1551 5282 naturae,
1594 5214 1887 5286 languoris
1934 5230 2121 5281 causa,
2179 5215 2518 5281 consulitur,
2554 5216 2615 5268 in
2651 5230 2802 5285 prae-

1095 5303 1442 5377 sumptionis
1478 5302 1790 5374 perniciem
1849 5306 2229 5355 convertatur.
2275 5302 2478 5356 Nullus
2530 5307 2664 5372 post
2721 5302 2800 5356 ci-

1095 5394 1234 5449 bum
1263 5396 1604 5463 potumque,
1657 5391 1774 5444 sive
1819 5388 2121 5460 quodlibet
2146 5389 2447 5443 minimum
2476 5394 2795 5459 sumptum.

1096 5482 1296 5537 missas
1321 5481 1529 5547 facere,
1588 5479 1921 5549 nullusque,
1952 5477 2169 5547 absque
2200 5478 2446 5547 patentis
2516 5483 2799 5549 proventu

1095 5569 1397 5633 molestiae,
1431 5566 1694 5621 minister
1740 5566 1827 5620 vel
1885 5564 2166 5630 sacerdos,
2216 5580 2348 5619 cum
2399 5565 2653 5636 ceperit,
2689 5566 2800 5621 im-

1095 5656 1350 5728 perfecta
1378 5654 1564 5709 ofﬁcia
1594 5666 1911 5726 praesumat
1939 5652 2176 5707 omnino
2205 5652 2546 5724 relinquere.
2570 5654 2629 5709 Si
2669 5655 2800 5726 quis

1094 5745 1205 5798 hoc
1271 5742 1576 5798 temerarie
1663 5741 2117 5813 praesumpserit,
2190 5742 2797 5798 excommunicationis

1133 5831 1418 5884 ntentiam
1448 5830 1769 5883 sustinebit.

2915 4598 3045 4652 tatis
3076 4596 3283 4651 divina:
3333 4600 3465 4651 sunt
3514 4600 3571 4650 et
3626 4597 3859 4651 Patrum
3915 4597 4421 4654 orthodoxorum

2910 4686 3239 4740 auctoritas.

2978 4775 3051 4827 Ex
3078 4773 3319 4828 concilio
3369 4772 3718 4839 Laodicensi,
3749 4788 3872 4842 cap.
3921 4776 4039 4827 59:
4092 4774 4162 4828 In
4224 4777 4497 4830 ecclesia
4550 4788 4592 4823 ω

2912 4862 3045 4915 licet
3083 4862 3259 4916 libros
3310 4861 3443 4931 legi,
3505 4861 3616 4914 nisi
3674 4861 3892 4915 Veteris
3937 4864 3997 4915 et
4056 4862 4216 4917 Novi
4272 4866 4592 4919 Testamet.

2984 4952 3102 5015 (Ea:
3149 4950 3342 5003 deerat.
3398 4950 3547 5005 Sitti
3570 4951 3781 5020 papas.)
3819 4950 3989 5003 Sacra
4017 4965 4160 5003 vasa
4221 4967 4365 5006 non
4429 4954 4501 5005 ab
4547 4966 4592 5000 ι.

2911 5041 3020 5095 nisi
3052 5056 3085 5093 a
3115 5040 3288 5093 sacris
3316 5039 3452 5093 viris
3490 5044 3825 5095 tractentur.

2985 5128 3255 5200 Exempla
3280 5128 3490 5183 Soteris
3528 5143 3693 5199 papa:
3727 5144 3740 5181 :
3773 5128 4018 5182 Sacratae
4064 5127 4361 5197 femina,
4422 5130 4511 5182 vel
4548 5142 4579 5177 ε

2911 5218 3130 5284 nacbm,
3163 5232 3319 5270 secra
3346 5232 3499 5282 vasa,
3531 5216 3617 5269 vel
3666 5232 3853 5270 sacras
3874 5216 4057 5287 pallas
4106 5218 4497 5272 nullatenus
4528 5230 4587 5283 ςιπ

2913 5309 3142 5360 sumant
3189 5304 3546 5375 contingere,
3578 5306 3664 5358 vel
3727 5304 4029 5359 incensum
4084 5306 4253 5361 circa
4320 5302 4589 5361 altaria}-

2910 5394 3081 5449 ferre.

2984 5481 3250 5553 Exempla
3285 5480 3593 5536 Clementis
3624 5497 3787 5552 papae
3815 5501 3827 5536 :
3856 5482 4070 5536 Alteris
4116 5484 4335 5555 palla,
4384 5478 4592 5540 athe?

2910 5569 3339 5633 candelabrum,
3385 5571 3443 5622 et
3491 5569 3675 5624 udum
3740 5568 3863 5635 (sic)
3920 5574 4221 5627 vetustate
4318 5584 4592 5627 consul?

2910 5657 3341 5724 comburantur,
3392 5660 3451 5709 et
3505 5655 3650 5710 cinis
3702 5655 3763 5710 in
3812 5656 4032 5711 mundo
4083 5658 4221 5714 loco
4274 5660 4472 5731 juxta
4506 5672 4592 5707 ee;

2908 5744 3052 5799 siam
3081 5743 3445 5799 recondatur.

2982 5833 3055 5885 Ex
3094 5831 3343 5885 Decretis
3377 5830 3587 5884 Gelasii
3619 5846 3784 5901 papae
3815 5847 3829 5885 :
3866 5831 4040 5887 Gesta
4090 5842 4485 5891 sanctorum
4530 5841 4587 5883 Ξῖ
