3966 6418
94 356 244 404 1073
1039 350 1350 405 8ΤΑΤοΤΑ
1387 352 1657 407 CANONU

2069 351 2158 406 IIO
2197 350 2685 407 SACERDOTUM.
3504 354 3635 406 1074

83 480 295 544 tyrum
355 479 553 528 sancta
610 473 859 527 Ecclesia
911 472 1135 544 recipit,
1187 490 1317 544 quae
1366 478 1562 528 tamen
1621 474 1681 528 in
1728 476 1821 529 Ec-
1859 477 1900 528 Α
1934 490 2109 544 gnam
2160 475 2240 528 ita
2291 474 2641 545 infringente
2672 490 2684 529 :
2720 476 2781 529 In
2839 475 3072 529 nomine
3120 476 3331 541 Patria,
3379 482 3435 530 et
3473 476 3632 543 Filia,

85 564 275 618 clesia
308 564 571 619 Romana
617 578 739 617 non
776 563 1074 631 leguntur,
1128 562 1266 633 quia
1309 568 1567 617 auctores
1616 580 1816 618 eorum
1927 569 1985 616 et
2014 562 2258 634 Spiritus
2285 563 2485 617 sancti.

89 653 484 724 ignorantur.
1319 702 1325 709 .
1998 651 2075 705 Ex
2107 651 2357 705 Decretis
2401 651 2627 706 Martini
2666 668 2830 721 papae
2861 657 2918 705 et
2965 652 3204 723 Eugenii
3246 669 3455 724 papze:
3494 654 3629 709 Ubi-

167 743 251 796 Ex
282 740 527 795 concilio
572 740 1044 811 Rothomagensi,
1099 756 1223 810 cap.
1260 743 1292 793 2
1328 756 1339 793 :
1372 741 1440 793 Ut
1482 744 1608 810 post
1646 756 1813 794 evan-
1925 755 2150 810 cunque
2181 740 2415 794 cuilibet
2458 740 2813 810 presbytero.
2848 740 2964 794 sive
2996 740 3058 795 in
3085 757 3207 807 sua,
3245 742 3361 795 sive
3392 742 3452 796 in
3484 743 3627 796 alte-

85 830 342 901 gelium,
377 830 543 884 ﬁnito
574 828 888 897 oﬁertorio,
931 845 1107 899 super
1139 829 1483 883 oblationem
1512 828 1813 884 incensum
1924 827 2044 881 rius
2103 828 2374 898 parochia
2410 828 2679 882 inﬁrmus
2736 828 3009 882 efferatur
3057 830 3125 882 ad
3187 829 3621 899 baptizandum,

85 923 361 988 ponatur
389 917 774 972 decrevimus.
1924 916 2174 986 baptizet
2204 933 2371 983 eum;
2405 916 2557 987 quod
2584 916 2631 969 si
2662 932 2774 969 non
2813 917 3030 985 fecerit,
3064 919 3406 987 deponatur.

170 1009 291 1075 (Ea:
336 1008 564 1061 concilio
616 1004 853 1075 Urbice.)
898 1004 1172 1075 Exempla
1224 1004 1428 1059 Leonis
1466 1020 1651 1075 papae,
1683 1020 1807 1075 cap.
1993 1005 2071 1057 Ex
2126 1005 2372 1058 Decretis
2440 1004 2754 1058 Hormisdaa
2820 1020 3006 1073 papas,
3060 1022 3185 1075 cap.
3238 1010 3268 1059 3
3316 1023 3328 1059 :
3370 1006 3427 1061 Si
3494 1007 3624 1077 quis

90 1098 123 1145 2
162 1110 176 1148 :
217 1094 459 1158 Quoties
506 1092 803 1148 ecclesiam
837 1092 909 1146 ad
950 1108 1124 1162 quam
1172 1092 1510 1146 convenitur
1557 1109 1809 1160 praesen-
1920 1091 2191 1161 baptizat,
2245 1098 2342 1146 aut
2397 1094 2618 1163 aliquot
2672 1093 2933 1146 divinum
2990 1094 3239 1147 ofﬁcium
3306 1095 3623 1149 exercuerit

86 1182 176 1236 tia
229 1199 395 1236 novas
454 1181 637 1253 plebis
683 1181 1028 1252 impleverit,
1074 1181 1246 1234 toties
1299 1181 1562 1235 sacriﬁcii
1595 1181 1808 1235 oblatio
1922 1196 2024 1250 per
2048 1180 2430 1235 temeritatem
2484 1180 2622 1252 [non
2673 1181 2971 1235 ordinatur
3002 1182 3328 1249 (redundare
3378 1185 3614 1238 videtur.

86 1270 502 1325 indubitanter
550 1271 812 1332 iteretur,
849 1286 919 1323 ne
950 1269 1128 1340 aliqui
1162 1270 1567 1324 convenientes
1597 1270 1677 1324 ibi
1708 1287 1811 1323 sua
1921 1270 2055 1322 (IAN.
2088 1270 2198 1339 leg.
2253 1286 2367 1322 non
2403 1270 2745 1339 ordinatus.)
2774 1269 2794 1341 ]
2828 1270 3131 1340 abjiciatur
3166 1272 3235 1324 ab
3268 1272 3532 1337 Ecclesia,
3565 1280 3620 1326 et

85 1359 410 1413 devotione
478 1359 798 1429 priventur.
841 1359 955 1412 Nec
1001 1358 1062 1412 in
1127 1358 1295 1411 altari
1355 1375 1468 1429 quo
1507 1359 1807 1428 episcopus
1918 1374 2219 1429 nunquam
2251 1358 2568 1412 ordinetur.

88 1447 337 1501 missam
372 1448 622 1502 cantavit
662 1446 961 1518 presbyter
1005 1463 1073 1501 eo
1106 1446 1196 1501 die
1246 1447 1477 1502 missam
1518 1449 1807 1502 celebrare
1992 1447 2065 1500 Ex
2097 1447 2346 1500 Decretis
2376 1447 2583 1501 Gelasii
2609 1463 2795 1516 papae,
2830 1462 2954 1516 cap.
2989 1452 3019 1500 7
3055 1464 3066 1500 :
3102 1448 3374 1501 Diacones
3403 1449 3617 1519 absque

83 1541 434 1604 praesumat.
1918 1534 2186 1604 episcopo
2236 1538 2292 1588 et
2333 1533 2664 1605 presbytero
2712 1534 3001 1603 baptizare
3035 1550 3151 1587 non
3201 1536 3468 1601 audeant,
3504 1536 3616 1590 nisi

157 1623 240 1676 Ex
289 1622 545 1677 Decretis
591 1622 876 1677 Zachariae
925 1639 1089 1694 papas
1131 1624 1240 1677 XIX
1289 1641 1301 1678 :
1339 1623 1667 1695 Episcopus,
1716 1626 1805 1678 vel
1915 1623 2208 1691 przedictis
2241 1622 2444 1676 ofﬁciis
2473 1622 2713 1675 fortasse
2734 1622 2902 1692 longe
2933 1622 3274 1689 constitutis,
3306 1625 3615 1678 necessitas

78 1711 415 1782 presbyter,
470 1715 776 1782 postquam
808 1713 880 1766 ad
927 1712 1161 1766 missam
1209 1712 1519 1779 introierit,
1566 1718 1622 1767 et
1672 1730 1800 1767 ora-
1842 1760 1882 1813 Β
1917 1715 2170 1764 extrema
2213 1710 2539 1780 compellat.
2590 1710 2750 1774 Quod
2781 1715 2835 1763 et
2864 1710 3022 1764 laicis
3062 1710 3397 1765 Christianis
3430 1712 3614 1767 facere

77 1802 313 1855 tionem
348 1801 580 1863 dixerit,
616 1800 729 1854 nisi
760 1800 953 1870 aliqua
996 1800 1183 1871 passio
1227 1800 1590 1869 interveniat,
1641 1805 1801 1855 ante-
1842 1799 1882 1813 "
1913 1800 2259 1869 plerumque
2289 1799 2633 1853 conceditur.

76 1906 262 1960 quam
300 1890 601 1960 inceptum
634 1889 1023 1944 ministerium
1056 1890 1313 1961 impleat,
1348 1890 1419 1944 ab
1451 1890 1653 1945 altario
1701 1890 1802 1944 Dei
1982 1888 2055 1941 Ex
2114 1887 2354 1941 concilio
2408 1887 2845 1952 Tarraconensi,
2906 1903 3028 1957 cap.
3064 1890 3093 1941 6
3139 1904 3151 1941 :
3197 1888 3357 1958 Saepe
3415 1894 3614 1943 contra

74 1979 424 2033 nullatenus
454 1978 747 2033 discedere
777 1978 1005 2033 audeat.
1910 1974 2224 2029 secundum
2270 1974 2642 2029 conﬁrmatos
2686 1975 2980 2028 decretum
3030 1980 3115 2028 est
3143 1990 3155 2028 :
3186 1976 3467 2030 Saeculum
3520 1993 3614 2031 re-

152 2070 270 2133 (Ea:
314 2068 540 2121 concilio
574 2069 890 2131 Turonensz',
925 2069 1104 2135 capite
1151 2066 1262 2129 37.)
1304 2064 1612 2120 Sciendum
1644 2067 1799 2136 quod
1909 2063 2194 2133 linquere,
2226 2068 2281 2117 et
2306 2064 2413 2117 soli
2461 2064 2577 2117 Deo
2626 2063 2816 2118 vivere
2861 2064 2950 2117 vel
2983 2062 3214 2126 servire.
3253 2064 3400 2118 sicut
3438 2070 3494 2118 et
3524 2066 3613 2119 bis

78 2156 338 2226 exceptis
409 2154 719 2209 Dominicis
785 2154 1006 2220 diebus,
1049 2158 1106 2208 et
1161 2153 1273 2207 illis
1338 2154 1799 2209 solemnitatibus
1908 2151 2246 2221 baptizatos.

80 2245 301 2315 quibus
348 2248 549 2297 sancta
583 2243 829 2297 Ecclesia
868 2244 942 2297 ob
987 2242 1446 2296 recordationem
1490 2243 1799 2297 Dominicae
1980 2240 2059 2293 Ex
2106 2239 2357 2293 Decretis
2403 2238 2798 2292 Aurelianens.
2851 2255 2971 2310 cap.
3004 2244 3079 2293 5:
3116 2240 3183 2293 Ut
3230 2256 3430 2294 omnes
3479 2258 3609 2311 per-

82 2332 529 2387 resurrectionis
581 2333 725 2386 solet
789 2332 992 2386 stando
1039 2347 1221 2395 orare,
1283 2331 1411 2385 ﬁxis
1466 2332 1527 2385 in
1585 2330 1798 2386 terram
1907 2327 2070 2380 fectus
2126 2329 2309 2383 aetatis
2344 2327 2531 2397 jejuni
2583 2328 2651 2381 ad
2702 2328 3200 2382 conﬁrmationem
3256 2329 3505 2396 veniant,
3558 2336 3613 2383 et

82 2422 339 2491 genibus
390 2420 729 2491 suppliciter
785 2420 1060 2474 debemus
1106 2436 1290 2487 orare,
1357 2420 1426 2473 ad
1470 2422 1797 2492 exemplum
1911 2422 2256 2470 moneantur
2300 2415 2693 2469 confesaiones
2724 2416 2909 2470 facere
2956 2416 3138 2485 prius,
3174 2421 3235 2470 ut
3268 2418 3467 2472 mundi
3509 2420 3611 2473 do-

80 2512 235 2577 Jesu,
273 2514 333 2563 et
360 2509 415 2564 S.
445 2509 740 2579 Stephani,
774 2514 831 2562 et
861 2509 914 2563 S.
953 2508 1116 2562 Pauli
1139 2509 1401 2578 apostoli.
1908 2521 2048 2559 num
2080 2505 2261 2558 sancti
2305 2504 2549 2575 Spiritus
2581 2505 2806 2557 valeant
2855 2506 3127 2575 accipere.
3164 2506 3246 2572 Et,
3287 2506 3423 2576 quia
3452 2523 3609 2559 nun-

154 2600 235 2653 De
275 2601 638 2653 sacramento
669 2596 939 2667 baptismi
973 2613 1039 2650 ex
1092 2614 1143 2650 1v
1174 2597 1276 2651 lib.
1311 2597 1591 2666 ejusdem,
1635 2598 1800 2667 juxta
1909 2609 2083 2663 quam
2112 2592 2221 2646 erit
2262 2592 2638 2657 Christianus,
2671 2592 2783 2645 nisi
2814 2593 3120 2664 episcopali
3169 2594 3611 2650 conﬁrmatione

89 2688 389 2741 decretum
423 2686 626 2740 Leonis
653 2701 840 2755 papas,
877 2683 1119 2738 Victoris
1149 2700 1334 2754 papas,
1370 2685 1577 2739 Gelasii
1610 2702 1794 2755 papae,
1908 2681 2270 2735 chrismatus.

85 2774 289 2845 Syricii
340 2790 510 2845 papa:
545 2790 556 2827 :
595 2774 760 2827 Nullo
800 2780 1062 2843 tempore
1108 2772 1513 2843 baptizandum
1550 2779 1651 2839 est,
1690 2773 1797 2827 nisi
1980 2768 2321 2823 Melchiades
2376 2784 2522 2839 papa
2561 2768 2833 2838 Hispanis
2883 2768 3185 2840 episcOpis,
3238 2786 3361 2839 cap.
3396 2774 3427 2824 6
3459 2788 3471 2823 :
3503 2773 3608 2825 Ba-

80 2864 136 2917 in
186 2868 392 2917 saneto
454 2862 690 2917 sabbato
739 2862 971 2916 Paschas
1011 2866 1067 2915 et
1120 2864 1474 2929 Pentecoste,
1536 2862 1647 2915 nisi
1690 2878 1796 2932 pro
1907 2859 2151 2928 ptismus
2182 2863 2240 2911 et
2273 2856 2562 2927 impositio
2600 2873 2827 2924 manus,
2853 2862 3167 2928 utrumque
3213 2874 3514 2929 magnum,
3548 2860 3607 2914 id

79 2953 343 3023 periculo
380 2951 580 3006 mortis
605 2952 973 3022 anticipetur.
1906 2952 2010 3012 est,
2054 2950 2515 3011 sacramentum;
2563 2945 2663 2999 sed
2695 2962 2898 2998 manus
2928 2944 3222 3015 impositio
3272 2946 3479 3017 majori
3509 2964 3604 3001 ve-

150 3043 229 3096 Ex
284 3040 532 3095 decretis
589 3039 857 3093 Celestini
906 3056 1087 3111 papae,
1147 3056 1272 3110 cap.
1328 3043 1431 3093 l2:
1467 3040 1608 3095 Cum
1659 3057 1789 3111 par-
1829 3035 1867 3089 C
1904 3034 2200 3089 neraLione
2229 3038 2314 3087 est
2344 3033 2539 3103 digna,
2571 3033 2786 3104 quippe
2821 3050 2851 3086 a
2893 3033 3027 3087 solis
3058 3034 3428 3104 pontiﬁcibus
3459 3037 3604 3090 acci-

82 3130 195 3183 vuli
245 3129 368 3184 sive
417 3129 661 3199 juvenes
708 3129 781 3183 ad
828 3128 1282 3198 regenerationis
1328 3128 1567 3183 veniunt
1604 3144 1788 3183 sacra-
1902 3121 2133 3193 pienda.
2180 3122 2324 3176 Sunt
2371 3126 2566 3175 tamen
2614 3123 2735 3175 huic
2765 3121 2878 3174 duo
2925 3122 3065 3175 adeo
3116 3123 3417 3193 conjuncta
3446 3130 3506 3177 ut
3529 3125 3602 3179 ab

83 3224 367 3287 mentum,
407 3234 527 3272 non
558 3218 719 3288 prius
748 3217 967 3271 fontem
1002 3217 1129 3271 vitae
1160 3217 1391 3285 adeant,
1423 3234 1597 3287 quam
1632 3234 1791 3272 exor-
1901 3210 2172 3279 invicem,
2214 3209 2328 3264 nisi
2358 3215 2540 3264 morte
2571 3210 2978 3279 praeveniente,
3026 3210 3355 3265 nullatenus
3384 3213 3605 3282 possint

80 3307 267 3361 cismis
301 3311 362 3361 et
409 3305 909 3361 exsufﬂationibus
955 3304 1295 3360 clericorum
1328 3305 1563 3376 spiritus
1611 3306 1679 3359 ab
1707 3306 1788 3361 eis
1900 3299 2213 3370 segregari,
2282 3303 2339 3353 et
2395 3315 2578 3353 unum
2638 3299 2761 3352 Sine
2827 3299 3004 3352 δηθΓο
3073 3299 3182 3353 rite
3246 3300 3446 3370 PerﬁCi
3488 3318 3601 3355 non

80 3396 421 3451 immundus
455 3395 742 3465 abigatur.
1902 3393 2112 3459 potest.

152 3486 225 3538 Ex
284 3484 535 3539 concilio
587 3481 881 3548 Meldensi,
929 3498 1053 3551 cap.
1105 3488 1134 3537 7
1182 3498 1195 3536 :
1237 3481 1437 3535 Omnis
1496 3483 1790 3554 presbyter
1971 3478 2047 3530 Ex
2077 3475 2319 3530 concilio
2352 3475 2742 3545 Lugdunensi,
2779 3491 2909 3545 cap.
2951 3478 2981 3529 3
3014 3494 3029 3528 :
3067 3477 3134 3530 Ut
3163 3477 3354 3531 nullus
3385 3478 3454 3531 de
3486 3478 3599 3533 alio

84 3573 177 3643 qui
204 3574 437 3627 fontem
489 3571 783 3642 lapideum
812 3570 1022 3624 habere
1068 3570 1410 3641 nequiverit,
1450 3588 1547 3625 vas
1591 3587 1789 3626 conve-
1898 3564 2225 3631 Chrismete,
2278 3563 2390 3617 [ιίεὶ
2420 3564 2488 3617 de
2538 3579 2708 3629 DOVO.
2745 3564 2899 3633 quod
2947 3564 3166 3637 proprii
3198 3565 3452 3635 episcopi
3484 3567 3598 3620 lar-

84 3662 241 3716 nicns
268 3662 348 3716 ad
379 3662 491 3715 hoc
519 3659 880 3714 solummodo
909 3659 1239 3730 baptizandi
1270 3659 1520 3713 ofﬁcium
1554 3659 1782 3728 habeat,
1896 3653 2115 3723 gitione
2147 3652 2235 3705 vel
2282 3651 2649 3705 concessione
2679 3652 2914 3722 accepit,
2948 3651 3238 3722 baptizare
3270 3652 3380 3706 nisi
3413 3659 3597 3709 morte

82 3751 227 3820 quod
260 3755 429 3805 extra
455 3748 753 3803 ecclesiam
788 3764 907 3802 non
931 3748 1283 3818 deportetur.
1895 3744 2331 3811 praeoccupante
2364 3744 2692 3809 praesumat.

145 3842 252 3907 (Ea:
282 3841 504 3894 Decret.
552 3839 765 3908 Hygini
809 3853 988 3906 papa,
1032 3840 1210 3905 capite
1258 3839 1367 3902 10.)
1399 3835 1673 3891 Similiter
1714 3836 1785 3891 ad
1967 3829 2040 3883 Ex
2087 3828 2333 3883 concilio
2389 3829 2668 3893 Romano,
2715 3843 2838 3899 cap.
2898 3829 2968 3881 20
3002 3844 3014 3881 :
3052 3828 3127 3881 De
3184 3828 3462 3883 scrutinio
3510 3830 3593 3883 fa-

80 3928 379 3998 corporale
429 3926 741 3981 lavandum
770 3931 827 3980 et
856 3926 926 3980 ad
974 3925 1155 3994 pallas
1185 3923 1380 3979 altaris
1412 3925 1651 3995 propria
1682 3925 1782 3979 ha-
1894 3918 2096 3972 ciendo
2127 3917 2487 3973 decernimus
2517 3921 2580 3971 ut
2614 3915 2756 3988 [ubi]
2792 3916 3112 3986 episcopus,
3144 3922 3200 3969 et
3227 3917 3320 3971 ubi
3348 3934 3593 3971 conven-

82 4015 317 4070 beantur
352 4032 503 4083 vasa,
536 4015 597 4068 in
627 4015 835 4086 quibus
866 4014 1011 4068 nihil
1044 4013 1199 4067 aliud
1233 4013 1351 4067 ﬁat.
1896 4013 1985 4061 tus
2030 4012 2115 4061 est
2156 4007 2378 4078 populi,
2414 4011 2470 4061 et
2499 4007 2655 4074 cleri,
2699 4012 2757 4060 et
2800 4005 3151 4076 possibilitas
3182 4007 3481 4076 permittit,
3514 4008 3595 4062 ibi

147 4105 209 4159 In
256 4105 677 4159 catechumeno
736 4108 793 4157 et
842 4102 903 4156 in
944 4103 1233 4172 baptismo
1281 4107 1338 4156 et
1384 4101 1444 4155 in
1476 4102 1783 4158 conﬁrma-
1894 4096 2231 4150 celebretur.

87 4192 230 4248 tione
262 4210 419 4248 unus
449 4192 711 4262 patrinus
760 4196 947 4262 potest
977 4191 1121 4259 ﬁeri,
1155 4191 1202 4244 si
1251 4191 1560 4245 necessitas
1591 4196 1779 4262 cogat.
1967 4187 2044 4240 Ex
2093 4184 2336 4239 CODCiliO
2373 4183 2723 4251 Triburensi,
2779 4200 2902 4254 cap.
2938 4186 3007 4238 22
3037 4200 3050 4237 ε
3082 4185 3382 4239 Decretum
3422 4190 3507 4240 est
3535 4191 3598 4241 ut

86 4277 197 4330 Non
246 4284 333 4332 est
383 4282 580 4331 tamen
637 4276 991 4331 consuetudo
1045 4276 1356 4330 Romana:
1403 4292 1507 4347 per
1554 4276 1783 4347 singula
1826 4322 1866 4375 D
1895 4273 2164 4344 deinceps
2219 4290 2321 4328 nec
2364 4289 2469 4343 pro
2530 4273 2914 4341 ordinatione,
2966 4289 3071 4328 nec
3127 4290 3232 4343 pro
3264 4273 3587 4340 chrismate,

87 4364 289 4436 singuli
321 4366 629 4436 recipiunt.
1826 4361 1863 4375 ν
1895 4364 1981 4416 vel
2013 4363 2321 4434 baptismo,
2351 4363 2439 4415 vel
2468 4362 2749 4427 balsamo,
2771 4362 2859 4414 vel
2888 4361 3206 4431 sepultura,
3230 4362 3318 4415 vel
3341 4378 3596 4416 commu-

155 4456 224 4508 Ex
286 4455 544 4510 Decretis
589 4452 789 4508 Leonis
835 4468 999 4524 papa:
1032 4468 1044 4506 :
1084 4453 1150 4507 Ut
1180 4468 1297 4506 non
1338 4452 1533 4523 plures
1565 4454 1636 4508 ad
1667 4470 1786 4507 sus-
1893 4451 2069 4505 nione
2100 4451 2419 4522 quidquam
2452 4450 2737 4521 exigatur.

89 4542 415 4612 cipiendum
464 4543 535 4597 de
598 4542 883 4612 baptismo
948 4540 1230 4596 infantem
1270 4542 1544 4595 accedant
1609 4557 1784 4611 quam
1894 4540 1975 4593 EX
2027 4539 2236 4595 LIBRO
2276 4539 2321 4591 V
2378 4537 2784 4592 BUBCHARDI
2841 4536 3130 4590 DECRET.
3194 4536 3281 4589 DE
3334 4537 3591 4592 EUCHA-

90 4645 246 4701 unus,
312 4632 435 4686 sive
485 4630 595 4697 vir,
654 4630 771 4684 sive
828 4629 1066 4684 femina.
1136 4630 1199 4683 In
1248 4628 1785 4683 conﬁrmationibus
2619 4624 2865 4678 RISTIA.

88 4734 305 4791 quoque
337 4720 400 4775 id
430 4721 625 4792 ipsum
654 4719 774 4774 ﬁat.
1965 4717 2043 4770 Ex
2075 4713 2460 4770 DecretJulii
2490 4728 2655 4783 papas
2700 4711 2773 4765 ad
2818 4709 3116 4780 episcopos
3146 4711 3370 4782 IEgypti
3397 4728 3410 4765 :
3442 4713 3590 4768 Illud

151 4809 223 4862 Ex
269 4808 518 4865 concilio
566 4809 846 4879 Mogunt,
898 4823 1021 4878 cap.
1050 4808 1083 4859 2
1118 4820 1130 4862 :
1164 4807 1230 4860 In
1276 4806 1562 4876 baptismo
1590 4806 1678 4860 vel
1723 4805 1782 4859 in
1890 4819 2046 4871 vero,
2070 4803 2218 4874 quod
2244 4801 2476 4873 quidam
2496 4817 2599 4871 pro
2621 4800 3043 4869 complemento
3063 4798 3486 4853 communionis
3508 4798 3593 4852 iu-

88 4895 383 4953 chrismate
434 4912 549 4951 non
579 4900 769 4967 potest
800 4895 1085 4966 suscipere
1115 4895 1261 4948 alius
1292 4894 1467 4949 alium
1508 4894 1568 4948 in
1598 4895 1783 4949 ﬁlium
1891 4893 2128 4947 tinctam
2175 4891 2412 4946 tradunt
2439 4888 2845 4944 eucharistiam
2878 4887 3141 4958 populis;
3185 4904 3289 4942 nec
3319 4889 3425 4942 hoc
3456 4904 3590 4958 pro-

90 4983 200 5053 ipse
231 4988 331 5057 qui
359 5002 481 5041 non
512 4988 599 5040 est
624 4985 944 5055 baptizatus
973 4983 1058 5038 vel
1090 4984 1483 5037 conﬁrmatus.
1892 4982 2074 5035 latum
2129 4996 2198 5034 ex
2244 4978 2548 5050 Evangelio
2596 4977 2990 5032 testimonium
3041 4982 3384 5047 receperunt
3425 4993 3437 5030 :
3485 4977 3590 5032 Ubi

40 5059 43 5073 ’
154 5074 224 5127 Ex
270 5073 515 5130 concilio
550 5072 875 5139 Parisiensi,
934 5088 1058 5143 cap.
1109 5074 1181 5124 2:
1218 5072 1287 5125 Ut
1332 5086 1504 5126 nemo
1561 5087 1592 5124 a
1622 5086 1781 5126 sacro
1891 5069 2166 5139 apostolis
2215 5083 2419 5138 corpus
2454 5082 2644 5128 suum,
2680 5070 2735 5120 et
2761 5066 3103 5137 sanguinem
3134 5066 3414 5120 Dominus
3441 5081 3592 5119 com-

92 5159 232 5217 fonte
264 5165 519 5236 aliquem
564 5160 859 5232 suscipiat,
908 5160 1020 5214 nisi
1052 5159 1373 5214 orationem
1426 5158 1781 5214 Dominicam
1892 5156 2199 5211 mendavit.
2261 5156 2507 5211 Seorsim
2551 5155 2707 5209 enim
2759 5154 2942 5227 panis,
2990 5159 3045 5209 et
3089 5170 3347 5209 seorsum
3402 5152 3591 5207 calicis

94 5254 145 5302 et
194 5252 526 5323 Symbolum
559 5250 723 5321 juxta
778 5250 1040 5321 linguam
1094 5265 1278 5316 suam,
1330 5252 1388 5303 et
1426 5249 1781 5303 intellectum
1890 5244 2316 5300 commendatio
2378 5248 2750 5299 memoratur.
2816 5245 2960 5298 Nam
3013 5243 3321 5297 intinctum
3380 5258 3590 5312 panem

96 5342 288 5409 teneat,
323 5346 380 5396 et
410 5356 605 5396 coram
638 5339 973 5410 presbytero
998 5338 1281 5392 decantet.
1889 5334 2017 5389 aliis
2065 5334 2357 5389 Christum
2406 5349 2523 5388 non
2551 5332 2799 5404 legimus
2829 5331 3160 5403 praebuisse,
3215 5331 3324 5384 nisi
3356 5329 3438 5383 illi
3467 5333 3591 5384 tan-

159 5428 417 5501 Exempla
486 5428 767 5483 Zachariw
826 5443 992 5496 papas
1051 5426 1124 5480 ad
1182 5426 1537 5481 Bonifacium
1598 5426 1779 5479 archi-
1891 5427 2015 5477 tum
2066 5422 2371 5493 discipulo,
2419 5437 2590 5492 quem
2624 5421 2863 5475 intincta
2891 5420 3146 5473 buccella
3175 5418 3588 5489 Magistripro-

99 5516 413 5587 episcopum
446 5535 459 5571 :
493 5517 653 5581 Quod
683 5532 800 5569 non
831 5516 1107 5569 deberent
1136 5513 1475 5583 rebaptizari
1510 5514 1780 5584 baptizati
1890 5514 2135 5567 ditorem
2166 5512 2512 5578 ostenderet,
2544 5528 2658 5566 non
2699 5527 2827 5582 quae
2858 5510 3028 5580 hujus
3061 5509 3403 5564 sacramenti
3432 5509 3593 5563 insti-

40 5666 41 5671 η
100 5616 127 5651 a
163 5608 491 5678 presbytero
541 5604 980 5676 grammaticam
1013 5603 1340 5674 ignorante,
1373 5601 1630 5657 Latinam
1679 5603 1783 5657 lin-
1892 5602 2174 5657 tationem
2200 5601 2548 5673 designaret.
