3944 6388
377 350 514 404 1075

1625 343 1861 412 ΑΡΡΕΝ
1874 343 1993 399 DlX
2031 345 2122 398 AD
2164 341 2663 400 BURCHARDUM.

3763 337 3898 391 1076

451 469 531 523 Ex
560 466 804 521 concilio
854 463 1194 532 Turonensi,
1226 480 1350 534 cap.
1381 465 1416 518 4
1467 479 1480 517 :
1523 465 1592 519 Ut
1626 463 1814 518 omnis
1845 464 2078 535 presby-

2277 481 2459 536 ntium
2489 480 2733 534 fratrum
2782 493 2970 550 neque
3001 477 3060 531 in
3091 476 3370 532 sacriﬁcio
3416 493 3608 547 neque
3639 477 3698 532 in
3734 493 3904 549 gazo-

379 562 469 612 ter
493 557 705 611 habeat
755 571 850 608 vas
882 554 1184 620 mundum,
1221 553 1283 606 in
1316 569 1429 624 quo
1459 569 1666 624 corpus
1715 552 1940 607 Domini
1968 552 2093 608 dili-

384 650 588 716 genter
627 643 992 709 recondatur,
1052 647 1148 697 aut
1199 641 1271 696 ad
1318 642 1587 696 viaticum
1632 641 2028 696 recedentibus
2059 658 2092 696 a

385 732 595 787 saeculo
630 748 643 786 :
680 747 810 802 qua:
841 734 1036 785 tamen
1069 747 1229 785 sacra
1257 729 1467 785 oblatio
1498 730 1738 785 intincta
1769 730 1938 784 debet
1967 746 2090 785 esse

385 821 444 875 in
496 819 778 890 sanguine
829 818 1060 886 Christi,
1115 822 1180 872 ut
1234 818 1512 873 veraciter
1568 819 1869 890 presbyter
1914 820 2094 890 possit

387 908 572 963 dicere
617 905 849 961 inﬁrmo
885 923 897 960 :
934 907 1152 978 Corpus
1204 911 1261 960 et
1285 906 1520 977 sanguis
1569 906 1820 972 Domini,
1872 912 1929 960 et
1957 906 2088 960 reli-

387 1011 520 1067 qua.
575 995 928 1065 Semperque
973 995 1046 1048 sit
1103 1011 1277 1065 super
1308 995 1486 1049 altare
1546 995 1811 1050 obserata
1856 999 2094 1064 propter

392 1099 583 1138 mures
614 1087 669 1136 et
714 1083 960 1137 nefarios
1007 1082 1286 1137 homines.
1337 1084 1402 1136 Et
1430 1083 1500 1138 de
1548 1083 1792 1154 septimo
1822 1083 1883 1136 in
1916 1083 2091 1153 septi-

389 1187 551 1226 mum
603 1170 755 1226 diem
807 1187 1035 1242 semper
1072 1176 1350 1238 mutetur,
1400 1176 1456 1225 et
1521 1188 1554 1225 a
1596 1172 1930 1242 presbytero
1995 1171 2091 1225 illa

389 1265 668 1315 sumatur.
733 1261 798 1314 Et
844 1259 930 1313 illi
993 1260 1199 1314 eodem
1254 1259 1345 1314 die
1399 1263 1728 1314 consecrata
1795 1260 1855 1313 in
1900 1261 2090 1314 locum

391 1349 649 1418 ejusdem
679 1348 1042 1418 subrogatur,
1075 1364 1148 1402 ne
1173 1349 1322 1403 forte
1367 1348 1583 1403 diutius
1613 1352 1834 1403 servata
1865 1349 2093 1403 mucida

391 1439 489 1492 ﬁat
521 1452 534 1489 :
557 1435 716 1507 quod
745 1435 915 1490 absit.

465 1527 542 1579 Ex
609 1524 846 1578 concilio
908 1523 1323 1586 Aurelianensi,
1391 1539 1514 1594 cap.
1569 1525 1603 1578 4
1655 1539 1668 1577 :
1720 1523 1867 1577 Illud
1918 1523 2090 1577 etiam

393 1615 812 1669 adnectendum
867 1613 1099 1668 videtur
1155 1617 1222 1668 ut
1267 1613 1588 1667 oblationes
1637 1629 1768 1682 quae
1815 1613 1875 1666 in
1913 1613 2091 1666 altare

393 1704 734 1769 oﬁ'eruntur,
782 1703 852 1757 de
898 1701 1142 1757 Sabbato
1180 1701 1242 1755 in
1299 1701 1613 1757 Sabbatum
1662 1717 1888 1772 semper
1930 1701 2093 1754 inno~

396 1797 601 1847 ventur
627 1791 773 1846 sicut
801 1806 978 1862 panes
1007 1790 1438 1861 propositionis,
1471 1806 1544 1844 ne
1575 1790 1674 1845 diu
1721 1789 1930 1844 servati
1962 1805 2091 1842 mu-

397 1880 509 1936 cidi
543 1881 700 1945 ﬁant,
753 1885 816 1934 ut
865 1879 1100 1950 quidam
1146 1880 1417 1944 sentiunt,
1470 1880 1602 1950 igne
1633 1885 2089 1933 concrementur.

398 1969 559 2034 Quod
591 1969 638 2023 si
685 1969 830 2039 quis,
867 1968 1093 2022 diabolo
1125 1967 1454 2039 instigante,
1486 1969 1670 2022 facere
1713 1983 2092 2039 praesumpse-

399 2059 490 2123 rit,
526 2059 834 2112 anathema
863 2057 954 2111 sit.

464 2149 539 2201 Ex
585 2146 825 2200 concilio
875 2145 1142 2215 Carthag.
1192 2161 1313 2215 cap.
1370 2147 1480 2200 38:
1523 2147 1589 2199 Ut
1618 2145 1910 2211 diaconus,
1943 2161 2091 2214 prte-

395 2239 553 2288 sente
583 2235 917 2305 presbytero
941 2239 992 2287 et
1025 2233 1420 2304 praecipiente,
1442 2233 1845 2288 eucharistiam
1876 2233 2093 2304 populo

396 2323 716 2389 distribuat,
752 2322 798 2376 si
829 2323 1134 2376 necessitas
1167 2327 1350 2393 cogat.

467 2413 524 2466 S.
583 2411 848 2467 Ambros.
915 2412 984 2466 ad
1031 2412 1430 2483 quotidianam
1490 2410 1848 2465 eucharistiaa
1897 2425 2094 2481 perce-

396 2501 652 2572 ptionem
677 2501 954 2554 hortatur.

467 2588 708 2642 Sanctus
759 2588 1007 2642 Hilarius
1072 2588 1373 2660 episcopus
1434 2588 1570 2642 dicit
1625 2605 1637 2642 :
1693 2589 1817 2642 Non
1886 2588 2096 2641 debere

399 2674 652 2745 separari
718 2691 750 2728 a
819 2675 1102 2728 medicina
1154 2675 1408 2744 corporis
1469 2674 1695 2728 Domini
1744 2674 1855 2728 nisi
1921 2689 2097 2744 quem

398 2764 535 2818 talia
564 2768 928 2835 praegravant
958 2769 1207 2834 peccata,
1253 2780 1356 2835 pro
1383 2763 1590 2834 quibus
1637 2763 1842 2817 debeat
1875 2778 2097 2816 excom-

400 2851 696 2906 municari.

470 2940 548 2993 Ex
607 2939 854 2995 Decretis
919 2938 1171 2994 Silvestri
1219 2955 1402 3008 papae,
1460 2953 1582 3007 cap.
1626 2939 1660 2990 4
1709 2953 1721 2991 :
1766 2937 1989 3007 Singuli
2037 2936 2095 2990 in

401 3026 709 3081 Dominicis
754 3027 956 3083 diebus
1005 3027 1066 3080 in
1115 3027 1462 3096 Quadrages.
1523 3031 1730 3096 printer
1775 3040 2100 3079 excommu-

399 3117 616 3170 nicatos
648 3121 706 3168 et
733 3115 963 3184 publice
1013 3114 1360 3185 poenitentes
1407 3114 1813 3167 eucharistiam
1841 3119 2094 3167 sumant.

403 3206 469 3260 Et
496 3205 558 3257 in
601 3203 774 3258 Coena
815 3203 1063 3269 Domini,
1108 3203 1169 3256 in
1215 3203 1426 3273 vigiliis
1455 3203 1707 3268 Paschaa,
1760 3207 1815 3256 et
1861 3203 1919 3256 in
1951 3205 2096 3257 Pen-

402 3297 636 3359 tecoste,
685 3297 741 3344 et
790 3292 971 3345 Natali
1023 3290 1250 3346 Domini
1296 3291 1526 3362 penitus
1573 3291 1644 3345 ab
1701 3291 1966 3346 omnibus
2015 3295 2098 3344 est

403 3379 968 3435 communicandum.

476 3479 548 3532 Ex
579 3477 821 3532 concilio
864 3477 1230 3544 Eliberitano,
1265 3493 1388 3548 cap.
1421 3481 1451 3532 3
1486 3493 1499 3532 :
1533 3477 1731 3533 Omnis
1759 3477 1935 3530 homo
1969 3479 2100 3528 ante

404 3582 620 3621 sacram
687 3567 1156 3621 communionem
1203 3583 1235 3621 a
1285 3567 1520 3638 propria
1587 3581 1761 3620 uxore
1811 3565 2100 3619 abstinere

402 3655 572 3710 debet
597 3658 648 3722 3,
684 3661 782 3709 aut
814 3660 866 3723 5,
900 3660 1000 3709 aut
1026 3661 1057 3709 '7
1086 3655 1225 3709 dies.

473 3755 550 3808 Ex
581 3771 801 3809 canone
847 3755 1137 3825 Agatensi.
1181 3754 1489 3808 Saeculares
1519 3769 1652 3808 vero
1696 3752 1796 3822 qui
1827 3751 1885 3805 in
1918 3749 2102 3804 Natali

406 3842 654 3912 Domini,
700 3847 756 3897 et
788 3843 1019 3909 Pascha,
1065 3846 1121 3896 et
1165 3844 1494 3896 Pentecoste
1542 3857 1662 3896 non
1709 3839 2100 3894 communica-

405 3931 611 3998 verint,
646 3930 908 3985 catholici
944 3947 1055 3984 non
1081 3931 1422 3986 habeantur.

477 4036 781 4108 Presbyter
811 4037 906 4104 qui
942 4036 1107 4102 laico,
1141 4036 1225 4090 vel
1246 4035 1496 4097 feminas.
1530 4035 1632 4106 qui
1664 4051 1767 4089 nec
1789 4033 2102 4088 sacrarium

405 4124 635 4194 ingredi
679 4125 766 4179 vel
813 4125 1022 4178 sanctis
1071 4132 1398 4178 sanctorum
1449 4123 1916 4194 appropinquare
1965 4138 2100 4192 per-

405 4213 739 4280 mittuntur,
806 4213 1209 4267 eucharistiam
1276 4214 1347 4268 ad
1419 4213 1791 4267 deferendum
1866 4211 2100 4264 inﬁrmo

406 4301 779 4369 commiserit,
844 4302 1055 4374 gradus
1107 4302 1196 4356 sui
1250 4303 1504 4373 periculo
1560 4300 1894 4371 subjacebit.
1957 4300 2099 4353 Nam
2139 4297 2182 4350 D

405 4389 526 4460 ipse
577 4390 872 4462 presbyter
904 4406 1007 4461 per
1048 4390 1420 4460 semetipsum
1460 4390 1629 4445 debet
1675 4387 2100 4444 communicare

404 4477 725 4532 inﬁrmum.

479 4585 600 4651 (Ea:
629 4584 853 4639 concilio
900 4583 1239 4649 Laodicensi,
1284 4586 1463 4653 capite
1497 4585 1598 4654 19.)
1651 4583 1793 4638 Solis
1825 4582 2102 4637 ministris

405 4687 564 4726 sacro
595 4672 788 4726 ordini
833 4672 1042 4728 deditis
1071 4673 1141 4728 ad
1185 4674 1362 4727 altare
1394 4672 1660 4726 accedere
1698 4677 1756 4726 et
1782 4671 2104 4725 communi-

404 4778 532 4816 care
564 4763 750 4817 liceat.

477 4868 583 4935 (Ea:
617 4867 814 4921 decret.
867 4868 1121 4922 Silvestri
1146 4882 1326 4936 papae,
1357 4869 1536 4936 capite
1580 4871 1657 4932 7.)
1689 4866 1894 4922 Nullus
1922 4866 2105 4936 acoly-

404 4955 637 5009 thorum
684 4955 772 5008 vel
817 4954 1301 5009 subdiaconorum
1334 4971 1451 5008 rem
1494 4956 1611 5024 jam
1651 4958 2039 5009 consecratam
2071 4970 2103 5006 a

402 5042 740 5114 presbytero
803 5042 931 5096 aliis
997 5043 1273 5113 porrigat,
1339 5043 1450 5097 nisi
1517 5047 1740 5097 tantum
1804 5042 2104 5113 subportet

403 5131 554 5204 quod
583 5132 637 5186 ei
665 5131 929 5186 sacerdos
957 5131 1316 5202 imposuerit.

475 5237 772 5307 (Fabianus
806 5252 980 5307 papa,
1033 5239 1211 5307 capite
1279 5239 1391 5304 l0.)
1433 5235 1787 5291 Sacriﬁcium
1852 5251 1967 5289 non
2016 5240 2101 5290 est

402 5326 795 5398 accipiendum
829 5327 898 5381 de
948 5343 1123 5381 manu
1179 5325 1486 5380 sacerdotis
1525 5325 1624 5396 qui
1676 5324 1963 5378 orationes
2009 5325 2097 5378 vel

399 5415 674 5470 lectiones
721 5419 778 5469 et
819 5416 1068 5486 reliquas
1116 5413 1537 5469 observationes
1566 5413 1625 5466 in
1677 5412 1849 5466 missa
1898 5427 2099 5466 secun-

401 5507 540 5560 dum
575 5503 748 5558 ritum
777 5503 1017 5575 implere
1048 5519 1160 5557 non
1191 5505 1402 5574 potest.

473 5601 581 5670 (Ea:
622 5601 846 5655 concilio
889 5601 1174 5666 Carthag.,
1221 5601 1400 5670 capite
1430 5597 1541 5668 23.)
1574 5597 1904 5654 Oblationes
1932 5597 2097 5652 dissi-

2199 570 2461 641 phylacio
2491 568 2862 640 recipiantur.

2272 678 2380 748 (Em
2411 677 2634 744 eodem.)
2668 678 2880 731 Eorum
2921 674 3022 745 qui
3062 689 3346 745 pauperes
3379 672 3718 744 opprimunt
3749 672 3905 727 dona

2201 783 2234 819 a
2266 766 2655 820 sacerdotibus
2680 764 2998 818 refutanda.

2271 874 2380 938 (Ea:
2408 877 2677 941 responsis
2733 872 2786 924 S.
2823 871 3072 941 Gregorii
3100 869 3174 924 ad
3204 871 3508 934 Augustin.
3555 868 3909 938 archiepisc.)

2200 960 2392 1014 lllusio
2460 975 2563 1029 per
2601 958 2890 1012 somnium
2939 957 3250 1028 aliquando
3313 956 3378 1010 ﬁt
3431 972 3537 1027 per
3583 957 3908 1025 crapulam,

2199 1049 2511 1120 aliquando
2565 1064 2630 1102 ex
2673 1053 2894 1102 natura;
2942 1045 3359 1117 superﬂuitate,
3406 1046 3492 1099 vel
3543 1045 3910 1111 inﬁrmitate,

2200 1137 2511 1208 aliquando
2547 1153 2610 1190 ex
2659 1135 3024 1206 cogitatione.
3081 1135 3139 1190 Si
3170 1150 3307 1203 ergo
3357 1133 3550 1188 illusio
3582 1150 3646 1188 ex
3699 1137 3912 1186 natura

2200 1226 2478 1294 evenerit,
2511 1241 2624 1279 non
2655 1230 2740 1278 est
2760 1224 3038 1283 timenda,
3061 1223 3196 1294 quia
3225 1223 3374 1276 hanc
3397 1221 3621 1275 animus
3646 1221 3910 1274 nesciens

2201 1314 2503 1385 pertulisse
2527 1313 2710 1383 magis
2731 1313 3048 1367 dolendum
3071 1316 3155 1366 est
3184 1327 3357 1382 quam
3381 1310 3603 1365 fecisse.
3629 1309 3910 1364 Illusione

2199 1408 2393 1457 autem
2423 1418 2528 1472 per
2575 1402 2869 1471 crapulam
2900 1400 3128 1454 animus
3171 1399 3404 1470 quidem
3455 1399 3625 1453 habet
3651 1398 3911 1468 aliquem

2202 1496 2447 1556 reatum,
2502 1507 2618 1543 non
2651 1495 2846 1544 tamen
2893 1505 3074 1560 usque
3121 1488 3192 1543 ad
3235 1487 3681 1557 prohibitionem
3726 1485 3916 1556 perci-

2201 1580 2428 1651 piendae
2476 1579 2854 1648 eucharistiae,
2909 1579 2996 1632 vel
3038 1578 3391 1632 celebrandae
3443 1577 3650 1641 missze,
3691 1576 3741 1628 si
3785 1574 3915 1628 dies

2201 1668 2379 1722 festus
2442 1667 2639 1737 exigit,
2695 1683 2800 1722 nec
2860 1667 2984 1736 ipse
3022 1666 3320 1737 presbyter
3374 1664 3646 1718 vicarium
3696 1663 3920 1717 habere

2205 1756 2478 1828 potuerit.
2529 1757 2690 1810 Tunc
2736 1755 2972 1826 quidem
3020 1755 3257 1809 mutatis
3303 1753 3554 1807 vestibus
3601 1756 3816 1806 cantet.
3856 1749 3915 1805 Si

2205 1849 2398 1898 autem
2446 1843 2747 1914 presbyter
2788 1841 3063 1896 vicarium
3108 1841 3302 1909 habet,
3335 1840 3526 1893 illusio
3577 1856 3678 1910 per
3707 1854 3916 1908 crapu-

2203 1933 2315 1986 lam
2362 1948 2479 1985 non
2510 1948 2542 1986 a
2587 1930 2981 2002 perceptione,
3041 1930 3139 1984 sed
3185 1929 3254 1983 ab
3301 1927 3700 1982 immolatione
3765 1927 3917 1980 sacri

2204 2019 2461 2090 mysterii
2492 2019 2800 2090 prohibere
2833 2019 3022 2083 debet,
3057 2018 3102 2070 si
3130 2021 3328 2070 tamen
3362 2015 3704 2070 dormientis
3753 2031 3919 2068 men-

2203 2113 2319 2162 tem
2369 2107 2525 2178 turpi
2573 2106 2990 2176 imaginatione
3033 2122 3151 2160 non
3199 2103 3569 2159 concusserit.
3603 2105 3746 2157 Nam
3780 2108 3918 2158 sunt

2205 2194 2414 2265 quibus
2464 2195 2812 2265 plerumque
2865 2194 3058 2248 illusio
3121 2194 3394 2259 nascitur,
3449 2208 3554 2247 nec
3601 2197 3800 2246 tamen
3858 2191 3918 2245 in

2205 2299 2408 2337 somno
2439 2283 2668 2336 animus
2699 2297 2898 2337 eorum
2942 2283 3208 2352 turpibus
3248 2281 3598 2351 imaginibus
3641 2281 3915 2346 foedatur,

2204 2371 2305 2442 qui
2335 2377 2529 2425 tamen
2562 2388 2620 2424 se
2654 2371 2712 2424 in
2739 2369 3056 2440 ingluviem
3087 2369 3353 2424 cecidisse
3384 2369 3671 2438 vigilando
3703 2369 3918 2422 memi-

2207 2460 2308 2514 nit.
2342 2461 2400 2515 Si
2428 2476 2560 2513 vero
2591 2476 2656 2513 ex
2690 2461 2845 2530 turpi
2875 2458 3224 2529 cogitatione
3254 2459 3545 2528 vigilantis
3574 2457 3758 2510 oritur
3791 2457 3918 2510 illu-

2205 2548 2290 2601 sio
2322 2548 2683 2611 dormientis,
2729 2547 2866 2618 quia
2892 2547 3120 2600 animus
3166 2547 3319 2617 quod
3352 2546 3619 2615 cogitavit
3650 2547 3918 2599 nesciens

2207 2637 2463 2707 pertulit,
2522 2635 2722 2690 eadem
2770 2635 2861 2689 die
2916 2652 2946 2688 a
2977 2651 3136 2688 sacro
3171 2635 3438 2706 mysterio
3489 2640 3576 2688 est
3605 2634 3916 2688 abstinen-

2206 2725 2362 2778 dum.
2418 2724 2525 2779 Sed
2556 2723 2851 2794 pensanda
2905 2728 2991 2777 est
3044 2723 3168 2793 ipsa
3215 2722 3508 2793 cogitatio,
3553 2739 3624 2776 an
3669 2728 3827 2775 esset
3859 2722 3918 2774 in

2207 2812 2596 2882 suggestione,
2645 2828 2716 2865 an
2759 2813 2818 2865 in
2851 2811 3247 2876 delectatione,
3280 2827 3353 2864 an
3386 2812 3444 2864 in
3473 2825 3780 2864 consensu.
3833 2811 3920 2863 Fit

2206 2906 2398 2954 autem
2420 2900 2708 2970 suggestio
2730 2916 2835 2970 per
2863 2899 3177 2965 diabolum,
3204 2898 3503 2951 delectatio
3529 2915 3632 2968 per
3653 2914 3916 2963 carnem,

2206 3003 2517 3041 consensus
2549 3004 2652 3056 per
2699 2987 2986 3058 spiritum.
3034 2989 3174 3042 Cum
3216 2987 3393 3057 igitur
3423 2986 3763 3039 immundus
3806 2986 3918 3055 spi-

2209 3075 2354 3128 ritus
2408 3076 2663 3145 suggerit
2722 3080 3041 3144 peccatum,
3103 3075 3150 3127 si
3199 3091 3330 3128 caro
3393 3091 3509 3127 non
3573 3074 3914 3139 delectatur,

2207 3169 2505 3234 peccatum
2576 3164 2905 3218 nullatenus
2969 3167 3354 3234 perpetratur.
3420 3163 3476 3218 Si
3536 3167 3730 3216 autem
3783 3177 3917 3215 caro

2208 3252 2446 3322 coeperit
2492 3251 2782 3319 delectari,
2833 3251 3036 3320 incipit
3067 3257 3362 3321 peccatum
3413 3250 3585 3304 nasci.
3621 3249 3678 3306 Si
3719 3255 3916 3304 autem

2209 3355 2369 3392 mens
2399 3338 2756 3393 consenserit
2785 3338 3150 3393 delectationi
3178 3343 3315 3394 tunc
3346 3343 3643 3408 peccatum
3691 3342 3921 3392 constat

2207 3427 2426 3498 perﬁci,

2278 3533 2441 3602 Saepe
2476 3537 2670 3587 tamen
2717 3532 2999 3602 contingit
3041 3535 3103 3586 ut
3132 3548 3292 3586 mens
3323 3537 3610 3603 repugnet
3654 3531 3819 3586 carni
3851 3548 3917 3587 ex

2207 3621 2576 3691 suggestione
2607 3620 2888 3674 diabolica
2909 3621 3232 3674 delectanti.

2280 3727 2398 3793 (Ea:
2421 3726 2836 3796 Ptenitentiali.)
2867 3725 2976 3790 Qui
2997 3726 3339 3780 sacriﬁcium
3354 3726 3694 3794 evomuerit,
3711 3726 3916 3780 40dies

2206 3817 2503 3888 paeniteat.
2537 3815 2595 3870 Si
2626 3815 2979 3870 inﬁrmitatis
3012 3831 3201 3878 causa,
3231 3820 3261 3869 7
3294 3815 3533 3880 diebus;
3559 3815 3606 3868 si
3627 3815 3687 3868 in
3716 3815 3914 3884 ignem

2208 3904 2539 3976 projecerit,
2577 3907 2676 3958 tOO
2724 3905 2977 3974 psalmos
3019 3908 3232 3957 cantet.
3264 3903 3318 3957 Si
3352 3919 3486 3957 vero
3531 3918 3701 3956 canes
3739 3905 3914 3956 talem

2208 3993 2491 4047 vomitum
2521 3992 2852 4059 lamberint,
2901 3994 3002 4046 100
3033 3991 3154 4046 dies
3186 3991 3284 4062 qui
3327 4008 3464 4045 evor.
3496 3991 3583 4044 uit
3620 3991 3916 4061 paeniteat.

2210 4080 2320 4144 Qui
2355 4095 2489 4134 vero
2519 4095 2634 4134 non
2663 4079 2807 4133 bene
2835 4078 3170 4132 custodierit
3198 4078 3562 4145 sacriﬁcium,
3592 4083 3648 4131 et
3678 4078 3914 4148 aliquod

2211 4168 2424 4222 animal
2455 4167 2772 4220 comederit
2804 4167 2966 4234 illud,
3003 4169 3072 4220 40
3103 4166 3222 4220 dies
3253 4167 3543 4237 paeniteat.
3577 4166 3685 4230 Qui
3717 4172 3914 4220 autem

2211 4256 2526 4328 perdiderit
2555 4256 2696 4310 illud
2754 4256 2812 4309 in
2859 4255 3115 4320 ecclesia,
3161 4259 3259 4308 aut
3289 4271 3421 4325 pars
3469 4255 3592 4324 ejus
3621 4253 3910 4318 ceciderit,

2211 4349 2266 4398 et
2305 4361 2422 4398 non
2455 4344 2686 4398 inventa
2728 4344 2921 4409 fuerit,
2967 4345 3035 4397 20
3068 4344 3188 4399 dies
3226 4344 3517 4415 paeniteat.
3557 4343 3913 4397 Perfundens

2210 4432 2426 4503 aliquid
2459 4433 2528 4487 de
2556 4432 2731 4486 calice
2767 4447 2938 4503 super
2969 4432 3166 4498 altare,
3201 4435 3232 4485 6
3262 4432 3383 4486 dies
3414 4431 3711 4501 pceniteat,
3744 4432 3831 4484 vel
3860 4435 3910 4485 8.

2212 4522 2277 4576 Et
2313 4520 2414 4592 qui
2445 4521 2727 4591 acceperit
2756 4521 3100 4575 sacriﬁcium
3128 4521 3385 4592 pollutus
3423 4524 3706 4574 nocturno
3743 4518 3913 4590 [tem-

2211 4609 2376 4682 pore]
2411 4615 2443 4664 7
2471 4609 2613 4663 dies.

2283 4715 2397 4779 (Em
2443 4714 2810 4768 Paenitentiali
2869 4716 3126 4781 Romano,
3181 4717 3250 4768 De
3296 4717 3591 4784 sacriﬁcio;
3656 4717 3740 4769 Ea:
3805 4717 3915 4769 Po:-

2211 4803 2489 4857 nitentiali
2516 4799 2799 4872 quodam.)
2826 4801 2882 4856 Si
2913 4801 3179 4856 ceciderit
3208 4803 3550 4856 sacriﬁcium
3582 4803 3642 4856 in
3674 4813 3910 4867 terram,

2212 4906 2316 4944 nec
2353 4890 2650 4944 inventum
2706 4890 2896 4956 fuerit,
2931 4907 3102 4944 omne
3146 4891 3532 4961 quodcunque
3582 4890 3915 4943 inveniatur

2212 4979 2270 5033 in
2304 4979 2428 5033 loco
2457 4978 2518 5032 in
2579 4995 2688 5049 quo
2720 4978 2924 5034 cecidit
2979 4979 3368 5046 comburatur,
3422 4985 3479 5030 et
3517 4978 3682 5047 juxta
3732 4979 3912 5032 altare

2211 5067 2355 5120 cinis
2401 5067 2761 5122 recondatur.
2815 5066 2882 5120 Et
2909 5065 3001 5121 cui
3047 5065 3336 5133 acciderit,
3389 5064 3639 5118 medium
3690 5081 3910 5119 annum

2210 5155 2502 5225 pceniteat.
2536 5155 2594 5210 Si
2623 5172 2755 5210 vero
2804 5155 3105 5210 inventum
3152 5153 3326 5207 fuerit
3354 5153 3720 5219 sacriﬁcium,
3750 5154 3910 5208 locus

2209 5244 2392 5315 scopis
2444 5243 2779 5309 mundetur,
2830 5248 2887 5296 et
2915 5247 3164 5294 stramen
3198 5239 3317 5310 igni
3365 5240 3548 5304 detur,
3587 5244 3643 5294 et
3673 5240 3815 5293 cinis
3851 5246 3912 5294 ut

2209 5349 2382 5403 supra
2425 5332 2789 5399 recondatur,
2837 5336 2893 5384 et
2925 5329 3190 5383 sacerdos
3241 5332 3309 5383 2O
3340 5330 3458 5383 dies
3507 5328 3802 5399 pceuiteat.
3852 5330 3908 5384 Si

2206 5421 2268 5474 in
2332 5421 2645 5475 linteamen
2689 5420 2887 5475 altaris
2935 5419 3079 5473 calix
3131 5418 3525 5484 destinaverit,
3589 5418 3713 5487 ipsa
3758 5418 3908 5472 stilla

2207 5508 2526 5576 sorbeatur,
2555 5514 2611 5563 et
2642 5507 2956 5562 linteamen
2983 5507 3117 5561 inde
3149 5507 3529 5561 madefactum
3564 5520 3739 5575 super
3768 5505 3902 5558 cali-

2206 5612 2330 5653 cem
2362 5598 2605 5668 lavetur,
2631 5600 2692 5651 et
2727 5612 2876 5667 aqua
2917 5595 3225 5650 ablutionis
3244 5596 3408 5666 juxta
3449 5594 3626 5648 altare
3655 5592 3900 5659 bibatur,
