3944 6420
157 346 289 398 1077

1094 347 1396 402 STATUTA
1439 347 1770 406 CANONUM
1814 353 1904 407 DE
1945 354 2223 412 OFFILIO
2261 356 2746 412 SACERDOTUM.

3540 366 3673 418 1078

152 467 234 520 vel
284 466 650 519 recondatur.
711 467 768 519 Si
825 471 1016 521 autem
1073 468 1216 522 calix
1273 469 1411 522 alibi
1464 471 1851 540 distillaverit,
1893 477 1936 530 A
1967 477 2012 528 si
2062 477 2268 532 idonea
2325 479 2651 532 testimonia
2701 480 2968 534 habuerit
3007 482 3160 552 quod
3207 482 3328 553 ipse
3381 484 3670 553 poeniten-

149 555 267 626 ipse
326 555 489 608 locus
546 555 820 626 lingatur,
847 560 904 609 et
954 572 1214 610 corrasus
1272 558 1406 628 igne
1463 565 1853 622 consumetur,

148 642 293 695 cinis
315 648 513 698 autem
531 643 697 714 juxta
727 644 904 698 altare
933 646 1300 701 recondatur.

504 790 600 859 ,ΕΧ
643 791 849 844 LIBRO
893 792 1013 844 Vlll
1057 793 1486 848 BURCHARDI.

217 916 330 985 (Em
384 917 610 970 concilio
660 921 773 985 Ap.
821 919 1123 974 secundum
1163 920 1530 990 Medardum.)
1570 921 1765 976 Laicus
1795 923 1854 976 in

145 1005 380 1058 ecclesia
425 1021 544 1058 non
580 1005 748 1060 debet
796 1007 1038 1060 recitare
1088 1007 1416 1068 lectionem,
1474 1025 1577 1062 nec
1626 1010 1856 1062 alleluia

144 1092 352 1160 dicere,
415 1093 528 1146 nisi
571 1094 822 1163 psalmos
878 1099 1126 1157 tantum,
1187 1101 1244 1148 et
1291 1097 1678 1166 responsoria,
1728 1098 1851 1150 sine

145 1181 402 1235 alleluia.

214 1272 292 1324 Ex
326 1272 422 1324 lib.
453 1287 530 1324 xu
565 1272 822 1340 ejusdem
864 1273 932 1326 de
960 1273 1328 1342 juramento:
1373 1275 1629 1328 Decrevit
1659 1280 1852 1329 sancta

142 1361 394 1428 synodus
419 1366 480 1414 ut
509 1378 540 1413 a
570 1361 1006 1431 Septuagesima
1037 1379 1218 1433 usque
1250 1363 1311 1416 in
1341 1368 1565 1417 octavas
1599 1365 1847 1430 Paschzn,

140 1451 196 1500 et
245 1448 318 1502 ab
347 1449 612 1503 Adventu
649 1450 874 1502 Domini
909 1467 1085 1520 usque
1127 1457 1256 1520 post
1301 1458 1661 1506 consecratos
1705 1454 1848 1520 dies,

139 1552 244 1589 nec
279 1553 394 1589 non
444 1537 683 1607 jejuniis
729 1538 988 1601 Quatuor
1015 1541 1387 1609 Temporum,
1439 1546 1495 1594 et
1543 1541 1600 1594 in
1628 1541 1850 1595 Litania

139 1626 385 1695 majore,
423 1632 479 1680 et
510 1627 570 1680 in
609 1626 810 1680 diebus
843 1628 1152 1682 Dominicis
1187 1635 1242 1682 et
1291 1631 1700 1698 Rogationum,
1738 1632 1849 1685 nisi

138 1714 206 1768 de
258 1715 575 1769 concordia
631 1719 688 1769 et
736 1716 1150 1787 paciﬁcatione,
1217 1718 1408 1772 nullus
1460 1733 1632 1788 super
1690 1737 1844 1774 sacra
1887 1756 1927 1808 Β

131 1803 332 1872 jurare
372 1808 708 1874 praesumat.
740 1805 945 1858 Anima
981 1822 1109 1876 qua:
1141 1807 1481 1876 peccaverit,
1515 1813 1570 1860 et
1600 1810 1850 1863 audierit

135 1909 340 1946 vocem
395 1893 766 1963 perjurantis,
822 1898 921 1946 aut
974 1894 1094 1963 ipse
1150 1895 1374 1960 viderit,
1431 1901 1530 1949 aut
1588 1899 1849 1953 conscius

134 1981 335 2047 fuerit,
371 1981 481 2034 nisi
511 1981 906 2047 vindicaverit,
940 1983 1194 2052 portabit
1230 1984 1614 2054 iniquitatem.

205 2073 320 2139 (Ετ
385 2071 613 2124 concilio
689 2072 1015 2138 Aureliano,
1077 2076 1255 2140 capite
1317 2074 1421 2142 13.)
1481 2075 1558 2128 De
1624 2074 1847 2143 jejunio

1969 566 2102 619 tiam
2140 567 2387 637 petierit.

2039 657 2112 708 Ex
2144 656 2242 709 lib.
2278 673 2372 710 xIx
2427 656 2731 725 ejusdem:
2787 657 3001 726 Viginti
3056 659 3178 712 dies
3223 667 3354 714 ante
3412 662 3669 716 Natalem

1968 744 2217 812 Domini,
2251 749 2305 798 et
2335 761 2536 798 omnes
2557 745 2677 799 dies
2705 746 3050 812 Dominicos,
3083 753 3136 800 et
3183 749 3240 801 in
3271 750 3539 803 omnibus
3589 751 3668 804 le-

1966 832 2452 902 gitimisjejuniis,
2476 839 2530 886 et
2547 838 2601 886 et
2632 834 2689 886 in
2713 835 2987 888 natalitiis
3014 838 3428 905 apostolorum,
3455 843 3505 891 et
3528 855 3672 907 pra:-

1965 921 2148 991 cipuis
2183 922 2358 988 festis,
2389 927 2442 975 et
2475 922 2740 992 publicis,
2782 924 3101 977 castitatem
3126 926 3429 980 observare
3457 927 3670 981 debent

1964 1010 2274 1079 conjugati.
2310 1010 2471 1074 Quod
2509 1010 2555 1064 si
2597 1027 2706 1063 non
2752 1011 3012 1077 fecerint,
3063 1014 3131 1064 20
3184 1013 3303 1066 dies
3338 1014 3396 1066 in
3432 1031 3577 1084 pane
3613 1021 3670 1070 et

1965 1114 2112 1168 aqua
2139 1099 2424 1167 jejunent.

2035 1186 2444 1254 (Augusti-nus.)
2475 1186 2716 1250 Quidam
2750 1192 2879 1256 post
2908 1189 3213 1258 prandium
3248 1195 3304 1242 et
3333 1192 3592 1258 saturati,
3636 1210 3670 1246 a

1963 1276 2254 1328 sacerdote
2302 1277 2518 1345 populo
2570 1275 2847 1330 offerente
2915 1278 3145 1346 signum
3205 1280 3358 1348 pacis
3407 1281 3667 1349 accipere

1962 1369 2320 1433 praesumunt
2353 1381 2364 1416 :
2418 1365 2523 1417 hoc
2558 1364 2654 1434 qui
2705 1367 3154 1436 praesumpserit,
3189 1371 3218 1421 3
3261 1367 3382 1421 dies
3428 1369 3486 1422 in
3519 1386 3667 1440 pane

1963 1457 2017 1505 et
2049 1469 2198 1522 aqua
2225 1453 2519 1522 pmniteat.

2033 1540 2314 1593 lncestum
2366 1540 2650 1593 occultum
2683 1542 2979 1595 conﬁtenti
3049 1543 3367 1596 remedium
3429 1545 3662 1598 canoni-

1960 1644 2090 1680 cum
2143 1629 2448 1698 indicetur,
2489 1630 2641 1700 quod
2665 1629 2855 1683 subire
2909 1631 3214 1695 debuisset,
3271 1631 3316 1684 si
3350 1633 3470 1703 ejus
3526 1633 3662 1686 faci-

1961 1732 2068 1769 nus
2100 1717 2394 1786 publicum
2445 1729 2609 1771 esset.
2666 1719 2873 1772 Verum
2936 1719 3072 1790 quia
3118 1721 3252 1774 latet
3293 1720 3666 1776 commissum

1963 1805 2339 1861 admoneatur
2369 1806 2509 1877 ipse,
2547 1810 2608 1860 ut
2653 1808 2894 1875 occulte,
2921 1814 3203 1878 quantum
3262 1811 3446 1880 possit
3476 1811 3661 1881 pceni-

1961 1897 2095 1946 teat.

2033 1983 2142 2046 (Εεε
2172 1983 2537 2035 Pwnitentiali
2585 1983 2894 2053 Theodori.)
2939 1983 3181 2047 Quidam
3224 1985 3337 2039 Deo
3389 1986 3496 2039 soli
3531 2002 3663 2040 con-

1959 2069 2111 2122 ﬁteri
2160 2075 2387 2140 peccata
2433 2071 2640 2124 debere
2701 2071 2922 2136 dicunt,
2983 2077 3045 2125 ut
3104 2074 3326 2127 Graeci:
3388 2076 3544 2144 quod
3602 2080 3658 2128 et

133 2177 194 2212 ex
253 2160 364 2216 lib.
426 2176 518 2213 x1v
559 2160 865 2229 ejusdem:
921 2161 1243 2231 Presbyteri
1294 2162 1559 2231 plebibus
1615 2180 1848 2217 annun-
1951 2158 2242 2228 justorum
2266 2163 2369 2225 est,
2397 2159 2628 2229 quidam
2664 2176 2798 2212 vero
2835 2161 3242 2227 sacerdotibus,
3269 2167 3330 2215 ut
3378 2179 3526 2232 pene
3574 2166 3661 2217 to-

131 2249 302 2314 tient,
394 2254 458 2302 ut
540 2249 600 2301 in
676 2249 1128 2319 Quadragesima
1198 2255 1255 2304 et
1315 2251 1539 2321 jejunio
1592 2253 1852 2316 Quatuor

131 2339 510 2406 Temporum,
584 2337 651 2389 ad
734 2337 964 2390 missam
1037 2343 1263 2392 tantum
1334 2355 1519 2407 genua
1595 2341 1844 2394 ﬂectant.

135 2427 200 2479 In
244 2424 561 2478 Dominicis
606 2429 806 2478 contra
862 2425 1084 2490 diebus,
1151 2433 1208 2480 et
1255 2428 1382 2481 aliis
1439 2429 1600 2483 festis
1666 2446 1698 2482 a
1753 2447 1850 2484 ve—

137 2529 310 2582 spera
349 2513 409 2566 in
462 2528 758 2582 vesperam
810 2527 1000 2582 genua
1061 2529 1176 2567 non
1239 2511 1489 2583 ﬂectant,
1539 2517 1635 2570 sed
1693 2522 1847 2570 stan-

138 2609 224 2655 tes
256 2601 539 2655 incurvati
570 2606 754 2655 orent.
819 2603 928 2654 Nec
968 2602 1277 2673 quisquam
1307 2620 1423 2657 uno
1467 2621 1619 2673 genu
1678 2611 1847 2659 terra:

141 2691 422 2760 impresso
455 2706 619 2743 orare
654 2695 983 2760 praesumat,
1019 2697 1081 2745 ut
1109 2691 1291 2746 Judaei
1341 2693 1597 2746 fecerunt
1655 2694 1851 2747 Domi-

140 2796 280 2833 num
316 2779 644 2832 irridentes.

212 2871 322 2937 (Ea:
352 2870 579 2922 concilio
611 2869 949 2932 Laodicensi,
985 2872 1164 2936 capite
1198 2869 1311 2936 51.)
1340 2870 1500 2933 Quod
1533 2887 1648 2924 non
1677 2887 1844 2940 opor-

139 2963 257 3011 teat
291 2959 350 3010 in
376 2957 826 3027 Quadragesima
863 2964 1179 3027 martyrum
1213 2959 1473 3012 natalitia
1521 2960 1842 3014 celebrare:

1959 2251 2014 2300 ta
2046 2252 2241 2300 sancta
2277 2247 2539 2300 Ecclesia.
2591 2249 2732 2300 Nam
2764 2248 3052 2303 institutio
3084 2251 3340 2318 Apostoli
3372 2251 3536 2305 nobis
3567 2268 3660 2304 se-

1959 2336 2187 2405 quenda
2246 2341 2378 2389 est:
2444 2341 2524 2403 ut,
2589 2336 2969 2390 conﬁteamur
3022 2338 3366 2392 alterutrum
3431 2344 3663 2409 peccata

1961 2429 2174 2477 nostra.

2031 2513 2138 2581 (Ea:
2165 2514 2388 2567 concilio
2418 2512 2709 2578 Ilerdensi,
2743 2516 2920 2581 capite
2955 2513 3064 2585 lO.)
3101 2514 3363 2569 Ordinati
3408 2520 3536 2586 post
3569 2533 3660 2570 or-

1958 2601 2313 2654 dinationem
2371 2602 2456 2654 vel
2519 2607 2670 2669 ante,
2701 2603 3041 2672 capitalibus
3097 2603 3439 2657 criminibus
3491 2605 3659 2675 lapsi,

1959 2691 2016 2744 id
2046 2695 2128 2742 est
2184 2690 2336 2743 furto
2374 2690 2460 2742 vel
2521 2691 2922 2758 fornicatione,
2966 2692 3220 2760 perjurio
3272 2698 3328 2745 et
3373 2693 3500 2746 aliis
3553 2695 3661 2747 hu-

1949 2779 2230 2849 jusmodi,
2261 2779 2307 2831 si
2349 2779 2577 2848 publica
2617 2784 2749 2832 sunt
2779 2796 2979 2832 eorum
3012 2780 3277 2846 crimina,
3335 2781 3658 2850 degraden—

1957 2872 2068 2920 tur.
2105 2866 2162 2921 Si
2202 2883 2333 2920 vero
2363 2866 2577 2920 fuerint
2630 2867 2872 2935 occulta,
2913 2868 3155 2937 gradum
3189 2884 3357 2921 suum
3409 2870 3659 2923 retinere

1960 2960 2224 3025 possunt;
2258 2955 2324 3019 si,
2359 2961 2571 3008 secrete
2605 2955 2944 3008 conﬁtentes
2994 2956 3296 3019 sacerdoti,
3343 2956 3506 3026 juxta
3538 2958 3661 3028 ejus

139 3047 238 3100 sed
301 3063 504 3099 eorum
563 3051 759 3099 sancta
819 3047 1290 3100 commemoratio
1350 3048 1448 3101 ﬁat
1528 3048 1588 3101 in
1647 3049 1847 3102 diebus
1885 3032 2260 3097 Cconsilium
2298 3043 2470 3112 digne
2504 3043 2854 3096 contendant
2885 3044 3180 3113 paenitere.

138 3135 522 3189 Sabbatorum
570 3139 627 3187 et
659 3134 1112 3188 Dominicorum.
1150 3136 1260 3188 Nec
1303 3136 1589 3205 jejunium
1622 3138 1680 3190 in
1727 3139 1848 3201 Qua

139 3223 471 3293 dragesima
523 3229 656 3276 ante
719 3223 895 3276 ﬁnem
967 3223 1280 3293 vespertini
1331 3224 1506 3278 ofﬁcii
1565 3226 1838 3281 solvatur.

138 3312 483 3380 Quicunque
533 3310 592 3363 in
652 3310 742 3364 die
777 3311 1073 3365 Dominico
1120 3313 1286 3382 quasi
1335 3329 1439 3382 pro
1495 3313 1848 3367 continentia

133 3399 512 3470 jejunaverit,
545 3401 852 3453 anathema
883 3400 975 3453 sit.

211 3490 323 3552 (Ex
352 3487 555 3540 decret.
591 3487 783 3541 Calisti
805 3501 983 3555 papae,
1025 3489 1202 3554 capite
1233 3485 1341 3555 15.)
1375 3487 1843 3541 Excommunica-

136 3580 224 3629 tos
283 3592 316 3628 a
367 3574 784 3640 sacerdotibus,
839 3575 1029 3628 nullus
1083 3575 1323 3643 recipiat
1363 3581 1491 3628 ante
1547 3577 1846 3646 utriusque

136 3664 319 3735 partis
352 3664 569 3731 justam
603 3663 1114 3716 examinationem.
1157 3664 1268 3717 Nec
1322 3677 1451 3716 cum
1483 3665 1562 3717 eis
1593 3666 1652 3717 in
1712 3681 1844 3718 ora-

135 3755 317 3818 tione,
373 3757 473 3805 aut
505 3752 655 3818 cibo,
689 3755 788 3805 aut
838 3755 995 3822 potu,
1055 3753 1139 3805 vel
1196 3752 1388 3805 osculo
1440 3753 1843 3819 communicet,

138 3857 244 3895 nec
277 3857 380 3894 ave
404 3840 485 3893 eis
532 3839 713 3904 dicat;
751 3839 888 3910 quia
922 3839 1250 3910 quicunque
1282 3840 1343 3893 in
1372 3840 1460 3893 his
1490 3842 1578 3894 vel
1612 3841 1671 3894 in
1721 3843 1846 3894 aliis

137 3929 453 4000 prohibitis
511 3928 756 3982 scienter
813 3928 1318 3981 excommunicatis
1386 3929 1845 3982 communicave-

134 4020 232 4083 rit,
260 4019 431 4088 juxta
461 4017 862 4086 apostolorum
895 4017 1345 4081 institutionem,
1396 4023 1451 4071 et
1488 4018 1610 4087 ipse
1670 4018 1846 4072 simili

136 4105 724 4162 excommunicationi
746 4105 1020 4174 subjacet.

209 4198 316 4262 (Em
365 4195 462 4250 tib.
523 4210 632 4248 xvu
691 4195 960 4262 ejusdem;
1015 4210 1082 4247 ea:
1141 4194 1388 4248 Romano
1436 4197 1845 4263 Posnitentiali.)

136 4285 188 4340 Si
214 4283 481 4338 sacerdos
503 4297 606 4353 per
643 4281 1065 4353 turpiloquium
1098 4298 1196 4336 seu
1218 4283 1546 4353 {conspectu
1579 4284 1837 4338 libidino-
1880 4317 1923 4371 Β

137 4391 198 4426 so
231 4373 662 4443 coinquinatur,
698 4387 817 4426 non
864 4376 1057 4425 tamen
1088 4372 1360 4426 fornicari
1409 4373 1624 4438 volens,
1657 4375 1685 4424 5
1719 4373 1840 4427 dies

138 4463 433 4532 paeniteat.
479 4460 588 4524 Qui
615 4460 1058 4530 impugnatione
1097 4459 1275 4513 animi
1328 4460 1626 4530 polluitur,
1661 4465 1690 4512 '7
1724 4460 1844 4514 dies

139 4551 433 4622 pceniteat.
475 4549 584 4614 Qui
614 4548 671 4602 in
704 4549 920 4602 somnis
981 4548 1302 4601 voluntarie
1353 4548 1654 4617 polluitur,
1705 4565 1843 4602 con—

140 4645 358 4710 surgat,
430 4643 488 4692 et
517 4641 705 4691 cantet
756 4636 999 4707 genibus
1050 4635 1213 4690 ﬂexis
1271 4641 1301 4689 7
1364 4637 1611 4706 psalmos
1667 4636 1844 4706 pmni-

137 4729 353 4782 tentias.

209 4818 420 4871 Volens
453 4819 648 4869 autem
678 4819 901 4868 tantum
935 4813 994 4867 in
1025 4813 1242 4867 somnis
1271 4829 1530 4883 peccare,
1578 4813 1646 4866 2O
1694 4813 1844 4883 psal-

140 4923 262 4960 mos
290 4908 500 4958 cantet.
550 4903 606 4958 Si
653 4904 911 4973 pollutus
944 4907 1028 4956 est
1067 4902 1186 4955 sine
1237 4902 1547 4963 voluntate,
1591 4905 1654 4955 15
1685 4902 1844 4970 psal-

138 5012 264 5049 mos
315 4998 529 5060 cantet,
582 4996 640 5046 et
689 4992 748 5045 in
797 4992 912 5045 ﬁne
947 4991 1396 5061 uniuscujusque
1445 4989 1652 5060 psalmi
1694 4990 1842 5044 dicat

136 5090 221 5138 ter
255 5101 268 5138 :
303 5085 476 5148 Deus,
507 5081 567 5134 in
602 5080 952 5150 adjutorium
971 5095 1165 5133 meum
1195 5079 1450 5146 intende,
1479 5083 1582 5132 etc.
1616 5078 1720 5141 Qui
1757 5095 1843 5132 se-

137 5185 268 5223 men
301 5169 362 5220 in
396 5165 635 5220 ecclesia
666 5165 958 5219 dormiens
979 5163 1212 5228 fuderit,
1255 5165 1286 5217 3
1318 5163 1438 5217 dies
1461 5163 1713 5233 jujunet.

205 5256 313 5324 (Eat
370 5254 598 5307 concilio
660 5253 919 5319 Carthag.
976 5257 1026 5305 et
1073 5252 1315 5306 Dec-retis
1367 5253 1590 5306 Eusebii
1642 5253 1843 5322 papae.)

137 5344 210 5397 De
231 5342 555 5414 pcenitente
587 5345 716 5394 ante
756 5341 1066 5394 adventum
1098 5339 1418 5410 presbyteri
1455 5340 1846 5392 obmutescen-

133 5438 206 5497 te,
241 5449 306 5486 ex
343 5429 445 5484 lib.
480 5446 571 5483 nux
625 5429 930 5499 ejusdem:
988 5429 1046 5483 Si
1095 5429 1222 5498 quis
1277 5427 1676 5499 paenitentiam
1737 5443 1843 5496 pe-

132 5527 276 5586 tens,
332 5521 476 5573 dum
510 5518 772 5572 sacerdos
827 5518 1068 5583 venerit,
1102 5516 1290 5570 ofﬁcio
1340 5517 1550 5585 linguzr.
1591 5515 1846 5585 privatus

131 5610 330 5676 fuerit,
371 5605 812 5673 reconcilietur;
856 5612 915 5660 et
953 5605 1296 5660 eucharistia
1339 5605 1449 5659 sibi
1486 5604 1842 5670 infundatur,

2033 3133 2141 3199 (Ea:
2199 3134 2422 3185 concilio
2498 3131 2796 3202 Toletano.)
2845 3133 3100 3186 Ordinati
3148 3149 3398 3203 quorum
3439 3136 3662 3189 occulta

1959 3225 2092 3274 sunt
2120 3225 2370 3290 peccata,
2423 3219 2469 3272 si
2513 3220 2793 3274 sacerdoti
2837 3222 3052 3274 occulte
3093 3222 3510 3275 confessionem
3571 3225 3660 3278 fe—

1958 3314 2176 3376 cerunt,
2236 3309 2525 3379 digneque
2569 3309 2731 3378 juxta
2778 3310 3058 3379 judicium
3105 3311 3228 3380 ejus
3260 3311 3657 3381 poenituerint,

1958 3397 2256 3467 proprium
2289 3396 2532 3466 gradum
2567 3397 2810 3450 retinere
2840 3404 3097 3467 possunt.

2029 3484 2146 3554 (Ea:
2185 3487 2464 3538 Pcrnitent.
2514 3483 2795 3552 Romano.)
2847 3484 3002 3537 Sicut
3057 3485 3403 3539 sacriﬁcium
3455 3485 3661 3539 offerre

1957 3590 2071 3626 non
2099 3573 2331 3637 debent,
2364 3572 2473 3624 nisi
2507 3571 2760 3640 episcopi
2799 3573 2897 3642 [et]
2935 3573 3276 3642 presbyteri,
3302 3574 3514 3643 quibus
3545 3575 3658 3627 cla-

1955 3677 2050 3714 ves
2079 3660 2246 3730 regni
2298 3661 2573 3713 caelorum
2632 3660 2857 3713 tradita}
2881 3666 3040 3726 sunt;
3079 3662 3176 3726 sic,
3209 3678 3314 3715 nec
3371 3662 3657 3731 paeniten-

1954 3750 2098 3803 tium
2125 3747 2340 3817 judicia
2387 3747 2482 3800 alii
2517 3764 2796 3817 usurpare
2856 3748 3085 3803 debent.
3129 3749 3185 3802 Si
3218 3755 3410 3803 autem
3460 3766 3659 3804 neces-

1956 3839 2091 3890 sitas
2121 3836 2314 3904 fuerit,
2349 3841 2406 3889 et
2454 3837 2754 3906 presbyter
2785 3852 3037 3907 praesens
3067 3854 3181 3890 non
3210 3838 3406 3903 fuerit,
3463 3839 3655 3892 diaco-

1956 3943 2062 3979 nus
2082 3924 2477 3993 paanitentiam
2509 3925 2782 3994 suscipiat
2806 3925 2875 3978 ad
2910 3925 3338 3979 comuniouem.

2029 4016 2136 4082 (Ea:
2164 4014 2386 4067 concilio
2435 4013 2813 4084 Elibcritano.)
2865 4014 2927 4066 In
2978 4013 3161 4066 tribus
3191 4014 3658 4084 Quadragesimis

1957 4102 2112 4169 anni,
2140 4107 2195 4155 et
2233 4101 2324 4155 die
2363 4100 2686 4167 Dominico,
2723 4108 2778 4154 et
2811 4101 2869 4154 in
2920 4106 3125 4171 quarta
3174 4107 3229 4156 et
3283 4107 3438 4156 sexta
3493 4103 3656 4169 feria,

1957 4191 2249 4262 conjugati
2279 4207 2337 4244 se
2379 4191 2590 4244 debent
2610 4190 2941 4256 continere;
2976 4207 3080 4244 nec
3116 4191 3228 4244 illis
3259 4192 3461 4246 diebus
3490 4209 3658 4262 copu-

1957 4280 2082 4343 lari,
2118 4278 2374 4349 quandiu
2407 4278 2579 4332 fuerit
2608 4278 2842 4348 gravida
2877 4295 3037 4344 uxor,
3063 4283 3118 4333 et
3141 4296 3174 4332 a
3208 4297 3323 4351 quo
3358 4281 3448 4333 die
3474 4280 3661 4334 infans

1957 4368 2016 4421 in
2047 4372 2212 4421 utero
2244 4371 2465 4420 motum
2498 4366 2698 4419 fecerit
2746 4383 2926 4436 usque
2981 4367 3049 4420 ad
3106 4373 3359 4436 partum,
3393 4386 3425 4421 a
3465 4374 3656 4438 partu,

1953 4460 2082 4525 post
2115 4458 2181 4510 33
2212 4454 2352 4520 dies,
2379 4454 2424 4506 si
2450 4453 2604 4506 ﬁlius
2633 4459 2749 4520 est;
2789 4455 2836 4507 si
2867 4459 3057 4508 autem
3090 4455 3229 4520 ﬁlia,
3264 4458 3349 4509 56.

2025 4544 2146 4612 (Ea:
2176 4545 2334 4611 epist.
2379 4544 2568 4596 Leonis
2599 4558 2777 4610 papae,
2826 4545 3004 4610 capite
3061 4546 3146 4608 Η,
3192 4543 3266 4596 ad
3315 4559 3492 4598 omnes
3541 4547 3656 4613 epi-

1951 4632 2182 4700 scopos.)
2216 4631 2294 4684 Ne
2313 4629 2592 4683 confessio
2617 4630 3023 4698 [oenitentium
3057 4629 3406 4700 publicetur.
3437 4631 3656 4686 Sufﬁcit

1952 4720 2108 4773 enim
2141 4720 2237 4772 illa
2269 4717 2608 4788 poenitentia
2640 4734 2652 4771 :
2683 4734 2812 4788 quae
2835 4717 3090 4787 primum
3134 4719 3372 4772 Domino
3395 4719 3652 4786 offertur,

1953 4812 2089 4860 tunc
2118 4805 2289 4859 etiam
2338 4804 2641 4869 sacerdoti,
2675 4805 2775 4875 qui
2821 4820 2923 4874 pro
2955 4805 3175 4858 delictis
3247 4806 3654 4876 pmnitentium

1952 4900 2213 4966 precator
2245 4893 2482 4947 accedit.
2527 4895 2682 4947 Tunc
2711 4893 2865 4946 enim
2898 4894 3091 4963 plures
3125 4895 3194 4949 ad
3255 4895 3654 4966 penitentiam

1953 4987 2226 5056 poterunt
2264 4983 2578 5053 provocari,
2611 4982 2658 5036 si
2690 4982 3148 5053 populiauribus
3174 5001 3290 5038 non
3329 4975 3682 5055 publicetur'

1953 5071 2302 5127 conscientia
2321 5070 2662 5125 conﬁtentis.

2027 5162 2305 5231 (Callistus
2358 5175 2510 5229 papa
2592 5159 2844 5216 omnibus
2918 5162 3228 5230 episcopis.)
3282 5159 3653 5225 Criminosos,

1954 5266 2097 5321 quos
2161 5248 2352 5302 saeculi
2413 5249 2569 5318 leges
2641 5248 3017 5314 interﬁciunt,
3084 5265 3188 5302 nos
3261 5249 3660 5303 misericordia

1954 5343 2269 5409 praeeunte,
2302 5337 2406 5391 sub
2432 5335 2684 5390 infamiae
2718 5342 2874 5402 nota,
2905 5337 2972 5390 ad
3007 5337 3408 5405 paenitentiam
3451 5337 3657 5408 recipi-

1955 5443 2100 5481 mus.
2157 5427 2346 5495 Ipsam
2395 5441 2628 5495 quoque
2690 5424 3010 5492 infamiam,
3067 5441 3180 5494 qua
3236 5425 3452 5495 aspersi
3506 5430 3658 5494 sunt,

1956 5515 2146 5570 delere
2177 5530 2294 5566 non
2338 5529 2670 5583 possumus;
2709 5513 2807 5565 sed
2840 5528 3044 5566 eorum
3095 5513 3316 5566 animas
3343 5529 3444 5583 per
3483 5514 3660 5583 paeni-

1954 5602 2198 5657 tentiam
2229 5601 2520 5672 publicam
2577 5605 2632 5654 et
2666 5599 2927 5654 Ecclesiae
2961 5600 3404 5656 satisfactionem
3457 5617 3659 5656 sanare
