4592 6520
1021 486 1155 538 1079

1013 695 1366 752 correctione
1398 692 1718 766 purganda.

1084 785 1254 856 (Item
1306 785 1368 837 S.
1417 783 1644 850 Gregor.
1698 781 1873 835 Felici
1917 783 2079 850 episc.
2112 779 2354 849 Siciliae.)
2412 778 2705 835 Manifesta

1011 889 1246 946 quoque
1289 874 1522 943 peccata
1567 885 1686 923 non
1715 874 1852 923 sunt
1879 869 2100 923 occulta
2154 868 2504 923 correctione
2560 884 2703 938 pur-

1014 963 1203 1036 gauda
1230 981 1247 1018 :
1280 960 1380 1016 sed
1413 959 1604 1030 palam
1635 964 1771 1014 sunt
1800 957 2081 1030 arguendi
2106 959 2208 1029 qui
2257 959 2448 1029 palam
2477 963 2703 1023 nocent,

1014 1057 1081 1106 ut
1133 1052 1273 1106 dum
1318 1055 1519 1120 aperta
1571 1047 1974 1119 objurgatione
2019 1051 2316 1113 sanantur,
2349 1047 2407 1101 hi
2457 1047 2558 1118 qui
2610 1063 2707 1100 eos

1015 1139 1296 1196 imitando
1318 1136 1681 1207 deliquerant
1725 1136 2105 1206 corrigantur.
2143 1137 2286 1190 Dum
2316 1151 2467 1189 unus
2522 1135 2706 1190 corri-

1016 1230 1196 1302 pitur,
1251 1225 1487 1298 plurimi
1538 1227 1930 1280 emendantur.
1972 1226 2037 1279 Et
2092 1224 2298 1280 melius
2349 1231 2439 1280 est
2490 1230 2554 1280 ut
2602 1241 2706 1295 pro

1018 1317 1334 1371 multorum
1390 1311 1700 1365 salvatione
1759 1329 1904 1366 unus
1935 1312 2350 1366 condemnetur
2389 1327 2564 1382 quam
2601 1327 2708 1381 per

1019 1403 1190 1458 unius
1220 1401 1509 1458 licentiam
1531 1402 1697 1454 multi
1728 1401 2141 1472 periclitentur.
2178 1400 2372 1454 Melius
2411 1405 2495 1454 est
2550 1401 2705 1454 enim

1020 1496 1082 1545 ut
1109 1491 1246 1544 mali
1275 1492 1573 1547 manifeste
1603 1490 1986 1560 corrigantur,
2021 1505 2194 1560 quam
2238 1505 2342 1559 pro
2402 1487 2515 1541 illis
2569 1488 2705 1542 boui

1019 1583 1270 1650 pereant.

1087 1670 1201 1737 (Ea:
1256 1671 1458 1724 Decret.
1501 1667 1822 1723 Melchiadis
1865 1681 2026 1735 papa:
2071 1670 2121 1719 et
2157 1665 2490 1720 Triburiensi
2535 1681 2702 1730 conc.,

1018 1759 1194 1826 capite
1219 1757 1294 1821 4.)
1344 1757 1422 1810 De
1463 1756 1795 1827 pmnitentia
1835 1755 2068 1808 illorum
2109 1754 2206 1823 qui
2237 1758 2437 1823 sponte
2463 1754 2704 1807 homici-

1018 1845 1177 1898 dium
1227 1845 1626 1911 committunt;
1666 1843 1725 1898 in
1755 1842 1958 1914 primis
2013 1847 2075 1897 ut
2105 1843 2392 1896 licentiam
2445 1858 2562 1896 non
2601 1843 2700 1896 ha-

1021 1934 1195 1988 beant
1223 1934 1521 1988 ecclesiam
1550 1933 1821 1987 intrandi.
1865 1933 1993 1986 Illos
2042 1931 2330 2001 proximos
2361 1932 2428 1984 40
2457 1931 2576 1984 dies
2606 1947 2703 1984 nu-

1020 2022 1108 2077 dis
1135 2022 1378 2092 pedibus
1421 2022 1672 2090 incedat,
1701 2027 1758 2076 et
1789 2021 1948 2075 nullo
1979 2019 2238 2073 vehiculo
2287 2023 2498 2073 utatur.
2551 2020 2611 2072 In
2634 2019 2711 2072 la-

1020 2111 1142 2164 neis
1170 2110 1418 2164 vestibus
1447 2111 1517 2164 sit
1545 2111 1759 2182 absque
1812 2109 2202 2173 femoralibus,
2237 2124 2396 2161 arma
2451 2123 2568 2161 non
2621 2109 2709 2162 fe—

1021 2203 1128 2262 rat,
1156 2203 1213 2252 et
1239 2198 1385 2253 nihil
1442 2204 1630 2252 sumat
1671 2199 1758 2252 his
1813 2199 1881 2252 40
1927 2197 2128 2251 diebus
2181 2196 2288 2249 nisi
2333 2201 2555 2250 tantum
2607 2213 2707 2266 pa-

1019 2287 1395 2353 nem,"'salem
1428 2293 1485 2341 et
1518 2303 1722 2359 puram
1754 2287 1913 2340 bibat
1945 2300 2171 2356 aquam.
2211 2285 2274 2338 Et
2305 2285 2519 2338 nullam
2552 2300 2705 2338 com-

1021 2375 1356 2429 munionem
1388 2391 1518 2429 cum
1560 2375 1780 2429 caeteris
1836 2373 2173 2429 Christianis
2205 2388 2392 2441 neque
2435 2387 2563 2425 cum
2597 2373 2708 2425 alio

1021 2462 1333 2533 pcenitente
1362 2462 1566 2516 habeat
1589 2462 1649 2516 in
1703 2463 1862 2528 cibis,
1917 2461 2003 2514 vel
2047 2465 2213 2531 potu,
2275 2463 2581 2529 antequam
2642 2462 2709 2512 40

1024 2551 1145 2605 dies
1172 2550 1611 2620 adimpleantur.
1641 2552 1711 2604 Ex
1743 2551 1866 2604 cibo
1914 2565 2087 2620 quem
2119 2548 2295 2602 sumit
2324 2549 2515 2601 nullus
2564 2549 2709 2602 alius

1023 2639 1348 2694 manducet.
1381 2639 1747 2694 Considerata
1803 2655 1934 2692 vero
1981 2653 2238 2708 personae
2291 2637 2585 2707 qualitate,
2623 2638 2708 2690 vel

1024 2727 1377 2794 inﬁrmitate,
1408 2728 1476 2782 de
1515 2728 1719 2798 pomis,
1755 2728 1842 2780 vel
1874 2727 2143 2791 oleribus,
2172 2725 2258 2777 vel
2298 2724 2706 2793 leguminibus,

1018 2823 1190 2887 prout
1229 2817 1410 2870 visum
1461 2817 1652 2882 fuerit,
1703 2816 1920 2887 aliquid
1952 2831 2055 2886 pro
2095 2813 2487 2867 misericordia
2527 2815 2710 2868 indul-

1018 2910 1239 2977 geatur.
1271 2905 1507 2960 Maxime
1534 2905 1581 2959 si
1619 2911 1842 2959 coactus
1872 2909 1927 2958 et
1960 2920 2072 2957 non
2099 2907 2302 2971 sponte
2334 2902 2705 2956 homicidium

1014 2994 1229 3047 fecerit.
1299 2995 1361 3047 Et
1399 2993 1451 3046 ei
1499 2992 1848 3046 omnimodis
1906 3009 1969 3045 ex
2033 2990 2309 3044 canonica
2373 2994 2708 3048 auctoritate

1016 3079 1389 3134 interdicatur
1428 3087 1489 3135 ut
1526 3080 1583 3133 in
1617 3080 1706 3134 his
1736 3079 1937 3133 diebus
1965 3097 2095 3134 cum
2131 3078 2290 3132 nulla
2339 3079 2550 3137 femina
2609 3083 2710 3136 mi-

2244 478 2585 534 APPENDlX
2623 479 2712 532 Al)
2755 479 3231 535 BURCHARDUM
3251 519 3264 536 .

1013 608 1280 680 cupimus
1327 607 1464 678 quia
1505 605 1810 660 manifesta
1863 609 2096 676 peccata
2152 619 2268 658 non
2309 607 2442 657 sunt
2493 603 2712 657 occulta
2747 606 2792 659 Α
2823 603 3039 657 militer
3054 603 3299 674 jejunet,
3331 604 3444 658 nisi
3473 605 3624 675 quod
3653 605 3881 660 tertiam
3911 606 4141 668 feriam.
4176 611 4236 660 et
4268 606 4530 677 quintam

4405 483 4531 535 108“

2815 696 2872 745 et
2899 691 3220 759 sabbatum,
3253 696 3594 764 potestatem
3629 693 3839 748 habeat
3876 693 4205 748 redimendi
4250 700 4529 765 praetecta

2812 782 3021 851 pretio,
3075 781 3409 852 ubicunque
3448 787 3552 836 est.
3610 784 3825 836 Caatera
3855 783 4052 837 omnia
4085 783 4360 838 observet
4403 784 4525 838 dili-

2814 875 3034 939 genter,
3057 869 3140 922 uti
3164 869 3222 922 iu
3253 869 3441 938 primo
3475 887 3646 924 anno.

2886 959 2999 1024 (Ea:
3026 958 3242 1022 eisdem,
3280 962 3455 1024 capite
3480 958 3556 1028 7.)
3585 960 3844 1023 Quatuor
3873 959 4010 1013 anni
4033 959 4247 1014 deinde
4277 965 4525 1026 restant,

2814 1062 2915 1116 per
2945 1061 3089 1116 quos
3118 1046 3616 1116 singulos-jejunet
3647 1052 3762 1100 tres
3799 1047 4318 1118 quadragesimas:
4349 1065 4529 1102 unam

2813 1138 2945 1187 ante
2977 1133 3189 1187 Pascha
3217 1150 3348 1188 cum
3386 1135 3608 1188 caeteris
3658 1135 4014 1203 Christianis,
4059 1137 4438 1204 abstinendo,
4499 1155 4530 1190 a

2813 1223 2966 1288 vino,
3007 1227 3063 1276 et
3103 1222 3366 1289 medone,
3418 1223 3636 1277 mellita
3667 1224 3927 1291 cervisia,
3961 1241 3994 1278 a
4048 1241 4223 1279 carne
4274 1231 4338 1279 et
4393 1243 4526 1279 san-

2813 1312 3006 1379 guine,
3057 1313 3113 1364 et
3155 1309 3292 1371 ovis,
3333 1315 3391 1364 et
3436 1311 3750 1382 pinguibus
3799 1312 4075 1382 piscibus;
4125 1314 4377 1367 alteram
4413 1319 4526 1367 ter-

2815 1399 2951 1451 tiam
2979 1405 3110 1468 post
3149 1399 3546 1466 Pentecosten;
3598 1406 3732 1454 ante
3790 1401 4046 1454 Natalem
4079 1402 4312 1455 Domini
4368 1403 4524 1471 jeju-

2822 1491 2939 1552 net,
2970 1491 3035 1540 ut
3062 1502 3236 1556 supra
3256 1486 3470 1540 dictum
3497 1492 3600 1541 est.
3635 1488 3700 1542 Et
3728 1488 3786 1541 in
3814 1493 4064 1559 quatuor
4123 1507 4301 1560 supra
4361 1491 4528 1544 dictis

2814 1575 2978 1628 annis
3008 1576 3196 1642 tertia,
3230 1575 3432 1644 quinta
3461 1575 3603 1629 feria
3634 1580 3689 1630 et
3718 1577 3962 1631 Sabhato
3999 1577 4288 1649 quidquid
4357 1581 4483 1632 vult
4515 1597 4525 1632 :

2815 1671 2869 1720 et
2925 1666 3234 1719 secundam
3302 1671 3359 1718 et
3403 1671 3666 1736 quartam
3729 1667 3928 1720 feriam
3987 1669 4277 1722 redimere
4345 1675 4530 1739 potest

2812 1755 2998 1824 pretio
3023 1754 3142 1824 jam
3181 1769 3352 1824 supra
3383 1754 3559 1810 dicto.
3625 1754 3852 1809 Sextam
3904 1756 4105 1810 feriam
4167 1757 4532 1810 omnimodis

2744 1877 2785 1932 Β
2817 1843 3095 1909 observet,
3133 1843 3190 1896 in
3219 1858 3384 1914 pane,
3427 1848 3484 1897 et
3511 1859 3680 1915 aqua,
3714 1850 3770 1898 et
3809 1861 4181 1916 nequaquam
4247 1846 4526 1899 redimat.

2824 1932 2920 1988 llis
2950 1931 3188 2002 expletis
3219 1947 3437 1985 sacram
3475 1931 3942 1987 communionem
3973 1933 4236 2004 accipiat.
4285 1933 4532 2004 Semper

2818 2027 3031 2085 tamen,
3065 2020 3319 2090 quandiu
3343 2019 3512 2087 vivat,
3546 2021 3823 2090 paenitere
3855 2037 3969 2076 non
4002 2023 4261 2076 desistat.

2890 2112 3034 2179 (Item
3074 2111 3202 2163 Pius
3253 2124 3421 2177 papa,
3476 2112 3654 2178 capite
3704 2110 3811 2178 lO.)
3859 2111 4213 2164 Pmnitentes
4245 2127 4373 2164 non
4433 2112 4532 2164 de-

2819 2199 2956 2253 bent
3001 2197 3420 2252 communicare
3448 2202 3578 2252 ante
3619 2199 4178 2255 consummationem
4232 2200 4528 2270 paeniten-

2819 2288 2935 2340 tiae.

2893 2377 2969 2429 De
3029 2374 3346 2444 parricidis,
3395 2374 3510 2428 sive
3559 2374 3920 2442 incestuosis,
3976 2376 4318 2441 fratricidis,
4372 2378 4527 2432 Nico-

2821 2465 2942 2517 laus
2970 2477 3116 2534 papa
3145 2463 3342 2516 Carolo
3376 2461 3756 2532 Moguntiensi
3789 2463 4248 2535 archiepiscopo,
4287 2465 4525 2536 ejusque

2822 2550 3241 2620 sull‘raganeis:
3303 2550 3376 2602 De
3435 2550 3737 2620 parricidis
3795 2550 3958 2605 fratri
4015 2552 4210 2605 cidem
4259 2554 4524 2622 praecipi-

2823 2656 2948 2692 mus
2989 2644 3048 2692 ut
3078 2655 3180 2708 per
3207 2637 3377 2691 unius
3407 2638 3543 2691 anni
3583 2639 3859 2692 circulum
3892 2644 4022 2692 ante
4060 2640 4216 2693 fores
4279 2641 4522 2694 basilica:

2821 2732 3050 2781 orantes
3101 2726 3325 2780 Domini
3372 2727 3734 2780 clementiam
3785 2733 4176 2797 perseverent.
4222 2729 4524 2800 Completo

2823 2828 2955 2865 vero
3002 2813 3140 2866 anni
3193 2813 3405 2866 circulo
3460 2812 3904 2868 introducantur
3945 2816 4279 2881 ecclesiam,
4337 2825 4524 2870 tamen

2823 2901 2969 2953 inter
2994 2901 3310 2969 audientes,
3341 2917 3521 2971 usque
3566 2902 3703 2955 dum
3734 2903 3906 2956 unius
3937 2904 4073 2956 anni
4113 2905 4371 2958 ﬁniatur
4412 2923 4524 2976 spa-

2820 2989 2984 3055 tium,
3017 2994 3186 3042 stent.
3217 2990 3355 3044 Cum
3387 2990 3458 3042 ad
3491 2990 3796 3044 missarum
3828 2993 4130 3057 solemnia,
4173 2996 4266 3046 vel
4298 2995 4372 3047 ad
4434 2997 4529 3047 alia

2823 3093 2980 3130 sacra
3009 3078 3205 3130 audire
3229 3077 3414 3131 ofﬁcia
3443 3078 3720 3132 venerint.
3758 3079 3855 3134 His
3885 3079 3960 3133 ita
3991 3081 4267 3149 peractis,
4331 3084 4379 3135 si
4423 3100 4527 3152 pa?-

1016 3172 1259 3232 sceatur,
1310 3183 1415 3221 nec
1464 3167 1532 3221 ad
1586 3167 1879 3237 propriam
1932 3183 2170 3222 uxorem
2231 3171 2475 3237 accedat,
2522 3187 2707 3242 neque
2745 3158 2784 3209 C
2827 3165 3078 3220 nitentim
3110 3167 3326 3220 fructus
3356 3165 3415 3220 in
3473 3167 3553 3219 eis
3593 3167 3938 3238 conspicitis,
3974 3172 4236 3239 corporis
4295 3178 4357 3224 et
4414 3189 4525 3225 san-

1016 3271 1148 3309 cum
1193 3256 1390 3325 aliquo
1439 3255 1673 3309 homine
1721 3254 1986 3308 dormiat.
2036 3256 2202 3309 Juxta
2259 3258 2563 3311 Ecclesiam
2619 3260 2705 3324 sit,

1019 3347 1150 3397 ante
1175 3343 1339 3412 cujus
1362 3343 1569 3412 januas
1597 3346 1826 3412 peccata
1855 3358 1956 3396 sua
1983 3343 2188 3397 deﬂeat
2209 3345 2406 3399 diebus
2438 3363 2500 3399 ac
2531 3348 2707 3400 nocti-

1018 3431 1157 3498 bus;
1191 3436 1246 3484 et
1277 3447 1394 3484 non
1423 3431 1492 3484 de
1516 3431 1640 3484 loco
1680 3430 1738 3483 in
1772 3431 1955 3484 locum
1988 3438 2208 3501 pergat,
2249 3434 2345 3487 sed
2379 3435 2435 3486 in
2487 3451 2598 3488 uno
2633 3437 2708 3489 lo-

1017 3535 1083 3572 co
1131 3519 1220 3573 his
1254 3520 1323 3572 40
1352 3519 1553 3573 diebus
1581 3519 1674 3572 sit.
1719 3520 1784 3572 Et
1823 3519 1867 3571 si
1898 3519 2042 3573 forte
2090 3521 2359 3575 habuerit
2415 3523 2705 3577 insidiato-

1019 3621 1109 3660 res
1139 3606 1266 3660 vitaa
1309 3622 1446 3672 suae,
1499 3606 1732 3660 interim
1763 3607 2056 3660 dilferatur
2083 3608 2137 3661 ei
2191 3609 2543 3678 puznitentia,
2605 3612 2709 3666 do-

1020 3709 1122 3748 nec
1151 3693 1222 3748 ab
1253 3693 1520 3765 episcopo
1565 3709 1677 3763 pax
1707 3694 1760 3747 ei
1794 3694 1863 3748 ab
1915 3695 2166 3749 inimicis
2205 3699 2566 3752 concedatur.
2623 3701 2705 3766 Et,

1018 3782 1063 3836 si
1093 3782 1154 3835 in
1185 3782 1515 3836 inﬁrmitate
1537 3783 1800 3836 detentus
1829 3783 2022 3849 fuerit,
2055 3784 2133 3837 ita
2161 3790 2223 3838 ut
2252 3801 2369 3839 non
2391 3787 2570 3856 possit
2618 3788 2706 3841 di-

1015 3886 1127 3941 gne
1170 3871 1470 3940 paenitere,
1519 3871 1817 3925 differatur
1855 3872 2210 3941 poenitentia,
2261 3874 2439 3928 donec
2483 3875 2710 3930 sanitati

1016 3960 1369 4014 restituatur.
1402 3959 1461 4013 Si
1491 3965 1681 4013 autem
1716 3961 1886 4029 longa
1916 3961 2258 4030 aegritudine
2281 3962 2542 4016 detentus
2582 3966 2710 4017 fue-

1017 4048 1113 4113 rit,
1149 4048 1219 4101 ad
1252 4047 1594 4102 sententiam
1617 4047 1873 4118 episcopi
1903 4049 2222 4118 paenitebit,
2254 4056 2546 4120 quomodo
2599 4068 2713 4106 rea-

1014 4139 1140 4190 tum
1172 4141 1229 4189 et
1275 4135 1571 4189 inﬁrmum
1599 4152 1798 4189 sanare
1835 4136 2117 4206 disponat.
2173 4136 2288 4207 (Ea:
2343 4140 2580 4207 ejusdem
2613 4141 2706 4193 de-

1017 4225 1195 4290 cretis)
1219 4222 1528 4294 Completis
1553 4225 1622 4277 40
1643 4223 1864 4289 diebus,
1921 4240 2068 4294 aqua
2127 4225 2299 4291 lotus,
2374 4228 2712 4283 vestimenta

1017 4316 1074 4364 et
1094 4311 1477 4366 calceamenta
1499 4310 1760 4380 accipiat,
1790 4316 1844 4364 et
1875 4313 2110 4382 capillos
2139 4313 2372 4368 incidat.

2820 3255 3011 3325 guinis
3062 3254 3292 3307 Domini
3345 3254 3648 3324 participes
3682 3255 3841 3324 ﬁant,
3878 3261 3941 3309 ut
3968 3255 4380 3326 desperantiaa
4426 3277 4523 3312 non

2819 3343 3159 3395 indurentur
3189 3341 3452 3411 caligine.
3506 3343 3747 3395 Carnem
3780 3359 3899 3397 non
3947 3345 4320 3400 manducent
4361 3351 4524 3402 omni-

2816 3431 2920 3484 bus
2947 3430 3148 3485 diebus
3179 3430 3306 3485 vita:
3337 3446 3480 3483 suae.
3515 3431 3786 3497 Jejunent
3834 3435 4027 3485 autem
4076 3436 4390 3504 usquead
4436 3453 4522 3489 no-

2818 3535 2949 3571 nam
2977 3517 3088 3571 dici
3121 3518 3322 3575 horam
3364 3518 3644 3587 quotidie,
3677 3518 3924 3588 exceptis
3971 3519 4132 3573 festis
4185 3521 4411 3577 diebus
4463 3533 4523 3576 at-

2816 3623 2928 3677 que
2962 3605 3289 3660 Dominicis.
3321 3606 3526 3659 Vinum
3556 3611 3730 3676 atque
3751 3608 4120 3676 pulmentum
4146 3624 4398 3666 sumere
4427 3628 4524 3664 non

2817 3698 3187 3765 praesumant,
3212 3693 3320 3746 nisi
3359 3698 3557 3748 contra
3597 3711 3871 3765 paganos.
3919 3695 3982 3748 Et
4030 3711 4405 3769 quocunque
4458 3702 4521 3752 ire

2817 3782 3118 3849 voluerint,
3169 3781 3330 3836 nullo
3386 3783 3644 3836 vehiculo
3689 3783 4066 3850 deducantur,
4105 3786 4212 3839 sed
4288 3789 4521 3858 pedestri

2817 3886 2976 3925 more
3006 3871 3282 3941 proﬁcisci
3320 3871 3602 3924 studeant.
3631 3872 3881 3943 Tempus
3921 3878 4118 3926 autem
4181 3874 4336 3929 huic
4369 3894 4520 3946 prem-

2816 3959 3010 4012 tentia:
3041 3959 3103 4012 in
3145 3959 3547 4029 episcoporum
3598 3959 3838 4014 arbitrio
3884 3960 4182 4030 ponimus,
4218 3969 4295 4016 ut
4347 3981 4519 4018 secun-

2816 4048 2953 4101 dum
3004 4047 3494 4101 conversationem
3561 4047 3812 4113 illorum,
3882 4054 3982 4101 aut
4042 4053 4400 4117 extendere,
4453 4055 4516 4103 vei-

2817 4136 3079 4190 minuere
3129 4135 3382 4189 valeatis.
3445 4135 3530 4189 Ab
3580 4136 3870 4200 uxoribus,
3925 4137 3971 4189 si
4019 4136 4374 4205 habuerint,
4429 4158 4517 4193 nun

2818 4229 3189 4294 separentur;
3221 4223 3267 4276 si
3296 4228 3488 4277 autem
3539 4240 3655 4277 non
3685 4225 3996 4279 habuerint
4025 4230 4083 4279 et
4116 4243 4179 4280 se
4231 4231 4516 4282 continere

2820 4329 2931 4365 non
2963 4311 3266 4377 valuerint,
3299 4311 3585 4381 legitimas
3615 4313 3898 4384 accipiant
3916 4330 4148 4382 uxores,
4178 4331 4265 4370 ne
4299 4319 4519 4371 fornica-

1086 4398 1246 4462 Quod
1275 4398 1334 4451 in
1393 4398 1580 4468 primo
1611 4415 1761 4452 anno
1803 4399 2106 4454 observare
2138 4401 2358 4454 debeat.
2406 4403 2468 4456 In
2517 4404 2705 4472 primo
2746 4431 2786 4484 ι)
2821 4400 2990 4455 tionis
3022 4400 3355 4470 voraginem
3383 4400 3657 4454 incidant.
3691 4401 3748 4456 Si
3782 4407 3974 4456 autem
4008 4407 4346 4474 antequam
4394 4407 4515 4460 duo-

1014 4502 1167 4539 anno
1191 4490 1324 4556 post
1368 4487 1437 4540 40
1469 4486 1586 4540 dies
1614 4502 1718 4556 per
1763 4487 2131 4541 totumillum
2189 4505 2404 4543 annum
2464 4507 2494 4543 a
2552 4492 2702 4557 vino,

1015 4574 1258 4629 medone
1287 4579 1344 4628 et
1362 4575 1578 4628 mellita
1621 4575 1876 4642 cervisia,
1905 4592 1938 4629 a
1971 4592 2161 4641 carne,
2191 4581 2243 4630 et
2275 4593 2457 4644 caseo,
2492 4583 2547 4632 et
2576 4580 2704 4649 pin-

1011 4663 1220 4733 guibus
1251 4661 1498 4734 piscibus
1522 4663 1820 4731 abstineat,
1853 4663 1963 4718 nisi
1991 4664 2050 4718 in
2080 4665 2238 4719 festis
2271 4665 2490 4732 diebus,
2523 4669 2622 4738 qui
2647 4669 2704 4722 in

1014 4749 1113 4804 illo
1141 4751 1431 4821 episcopio
1491 4767 1523 4804 a
1575 4755 1777 4804 cuncto
1835 4751 2049 4822 populo
2105 4753 2488 4807 celebrantur.
2541 4755 2626 4814 Et,
2658 4754 2704 4808 si

1005 4838 1154 4893 forte
1181 4839 1242 4893 in
1273 4855 1480 4910 magno
1512 4838 1739 4908 itinere,
1765 4841 1852 4893 vel
1883 4839 1944 4893 in
1978 4840 2160 4907 hoste,
2191 4841 2276 4894 vel
2325 4841 2424 4896 diu
2481 4843 2553 4897 ad
2606 4844 2707 4896 Do-

1010 4927 1283 4982 minicam
1343 4933 1583 4994 curtem,
1636 4928 1718 4981 vel
1780 4928 1839 4982 in
1901 4928 2234 4983 inﬁrmitate
2290 4930 2553 4984 detentus
2609 4933 2700 4999 sit,

961 5076 977 5087 _
1007 5021 1148 5069 tunc
1173 5015 1381 5070 habeat
1422 5031 1536 5069 uno
1572 5015 1829 5084 denario,
1865 5019 1951 5070 vel
2006 5018 2188 5088 pretio
2231 5018 2403 5072 unius
2456 5019 2701 5088 denarii,

1010 5107 1113 5157 aut
1139 5107 1254 5156 tres
1300 5119 1580 5172 pauperes
1627 5105 1930 5175 pascendo,
1967 5107 2193 5160 tertiam
2236 5107 2438 5160 feriam
2471 5112 2527 5160 et
2575 5108 2700 5162 sab-

982 5183 984 5185 ’
1009 5191 1208 5246 batum
1229 5191 1533 5256 redimere,
1565 5191 1646 5246 ita
1673 5198 1868 5247 tamen
1897 5199 1962 5248 ut
1993 5211 2105 5248 una
2149 5211 2207 5248 re
2247 5195 2319 5249 de
2349 5195 2536 5249 tribus
2579 5203 2703 5250 uta-

1003 5286 1122 5336 tur.
1156 5281 1275 5346 Vel,
1316 5285 1417 5335 aut
1446 5280 1646 5334 vinum
1683 5281 1862 5348 bibat,
1895 5287 1992 5336 aut
2023 5284 2351 5351 medonem,
2387 5288 2484 5338 aut
2521 5284 2704 5338 melli-

1007 5374 1125 5423 tam
1147 5367 1462 5423 cervisiam.
1487 5370 1797 5440 Postquam
1847 5371 2083 5424 domum
2110 5372 2353 5438 venerit,
2405 5376 2504 5425 aut
2551 5372 2702 5425 sani-

1011 5457 1110 5512 tati
1153 5457 1469 5525 restitutus,
1526 5458 1743 5512 nullam
1775 5459 2064 5512 licentiam
2094 5458 2304 5512 habeat
2357 5459 2694 5514 redimendi.

1007 5544 1304 5614 Completo
1334 5545 1472 5600 anni
1517 5545 1749 5614 circulo,
1810 5545 1922 5617 [in]
1955 5546 2248 5601 ecclesiam
2283 5547 2694 5615 introducatur,

1007 5634 1063 5684 et
1098 5631 1251 5701 pacis
1282 5631 1336 5687 ei
1371 5632 1631 5686 osculum
1655 5634 2022 5687 concedatur.

975 5748 984 5754 -
1078 5718 1188 5772 (Ea:
1211 5720 1425 5784 iisdem,
1459 5722 1634 5787 capite
1670 5723 1750 5787 6.)
1783 5723 1843 5775 ln
1877 5721 2127 5775 secundo
2159 5726 2216 5776 et
2242 5721 2412 5776 tertio
2439 5737 2588 5776 anno
2617 5723 2694 5776 si-

2817 4505 2944 4543 rum
2994 4488 3398 4559 praadictorum
3455 4504 3738 4543 annorum
3791 4490 4074 4544 curricula
4119 4492 4435 4556 ﬁniantur,
4474 4505 4515 4545 u~

2815 4581 2902 4631 nis
2934 4578 3063 4631 vitte
3085 4577 3318 4631 illorum
3339 4577 3653 4645 advenerit,
3680 4578 3951 4633 viaticum
3969 4579 4084 4632 illis
4104 4596 4231 4634 non
4271 4590 4510 4652 negetur.

2883 4665 2939 4718 Si
2998 4665 3126 4736 quis
3165 4680 3295 4717 cum
3355 4664 3578 4718 duabus
3623 4666 3915 4719 sororibus
3967 4667 4145 4721 fuerit
4186 4668 4513 4731 fornicatus,

2813 4758 2911 4807 aut
2957 4769 3086 4806 cum
3147 4753 3238 4806 his
3269 4752 3549 4823 personis,
3617 4753 3687 4806 de
3745 4754 3955 4824 quibus
4009 4771 4174 4808 sacra
4233 4758 4516 4827 Scriptura

2813 4841 3093 4912 prohibet,
3128 4840 3175 4893 si
3205 4840 3438 4910 dignam
3469 4841 3652 4912 egerit
3682 4843 4102 4912 pwnitentiam,
4138 4849 4202 4897 et
4257 4848 4516 4900 castitatis

2813 4945 2929 4983 non
2980 4929 3222 4983 valuerit
3278 4929 3691 4983 continentiam
3735 4930 3967 4997 habere,
4002 4930 4181 4984 liceat
4243 4933 4300 4987 ei
4359 4935 4514 5003 legis-

2813 5033 2966 5072 mam
3005 5033 3239 5072 uxorem
3272 5018 3548 5088 accipere.
3586 5017 3865 5072 Similiter
3894 5026 3951 5072 et
3982 5020 4229 5086 mulier,
4268 5039 4408 5093 qua:
4439 5022 4513 5074 tali

2812 5107 3022 5160 scelere
3066 5105 3239 5160 fuerit
3289 5107 3466 5176 lapsa,
3502 5111 3568 5160 ut
3615 5121 3729 5160 non
3768 5106 3836 5160 ad
3898 5106 4316 5163 fornicationis
4371 5112 4511 5163 chaos
4557 5122 4561 5132 ν

2810 5195 3170 5265 perducatur.
3207 5194 3317 5248 Sed
3347 5194 3457 5248 hoc
3487 5193 3558 5248 de
3612 5193 3772 5247 laicis
3801 5195 3936 5248 viris
3987 5201 4045 5249 et
4070 5195 4143 5249 de
4182 5200 4509 5252 mulieribus
4557 5212 4559 5231 ι

2809 5283 3169 5338 solummodo
3191 5286 3471 5337 statuunt.

2879 5371 2935 5425 Si
2965 5371 3093 5440 quis
3140 5386 3271 5424 cum
3319 5374 3631 5423 commatre
3654 5369 3899 5440 spiritali
3945 5370 4128 5425 fuerit
4188 5373 4507 5430 fornicatus.

2807 5459 3208 5526 anathematis,
3240 5464 3304 5512 ut
3354 5459 3526 5523 scitis,
3572 5459 3776 5512 ictibus
3820 5461 4173 5529 percutitur.
4255 5465 4508 5518 Similiter

2807 5553 2998 5601 autem
3030 5553 3087 5601 et
3124 5547 3284 5600 illum
3311 5547 3530 5618 percuti
3562 5548 4022 5617 promulgamus,
4056 5551 4166 5620 qui
4221 5569 4361 5607 cum
4408 5554 4498 5604 illa.

2807 5651 2978 5704 quam
3036 5635 3104 5688 de
3155 5650 3313 5688 sacro
3366 5635 3523 5688 fonte
3579 5635 3938 5706 baptismatis
4005 5644 4377 5711 susceperit,
4435 5649 4502 5693 sui

2803 5739 2932 5777 cum
2964 5723 3076 5787 illa,
3100 5740 3272 5793 quam
3319 5728 3449 5777 ante
3505 5723 3839 5794 episcopum
3891 5728 4184 5794 tenuerit,
4210 5746 4346 5785 cum
4379 5744 4501 5782 sacra
4548 5723 4557 5764 ε

4548 5455 4560 5748 Ι

4545 5801 4557 5975 Ι
