4592 6434
510 351 632 401 1081

500 470 805 525 chrismate
906 474 1239 541 ungeretur,

501 562 703 613 scelus.
736 558 1075 629 Legitimam
1116 562 1329 626 tamen,
1362 559 1412 613 si
1440 559 1725 627 habuerit,
1782 577 1900 615 non
1948 561 2198 615 dimittat

503 663 761 703 uxorem.
800 649 954 701 Inter
992 647 1111 700 haec
1150 647 1417 701 sanctitas
1451 653 1639 701 vestra
1679 649 1889 703 addere
1957 651 2195 719 studuit,

504 737 551 791 si
583 736 746 807 cujus
773 752 915 789 uxor
962 735 1307 789 adulterium
1355 737 1789 806 perpetraverit,
1846 742 2041 791 utrum
2073 754 2193 792 ma-

504 825 616 880 rito
638 825 818 895 ipsius
854 824 1044 891 liceat,
1084 824 1395 878 secundum
1424 825 1775 879 mundanam
1825 826 2031 895 legem,
2067 843 2193 881 eam

506 915 849 969 interficere.
883 913 1086 967 Sancta
1121 912 1218 965 Dei
1250 912 1491 966 Ecclesia
1542 913 1850 967 mundanis
1898 931 2194 985 nunquam

507 1002 846 1072 astringitur
878 1001 1117 1069 legibus.
1151 1001 1413 1055 Gladium
1444 1018 1561 1055 non
1592 1002 1779 1056 habet.
1811 1003 1922 1056 nisi
1968 1003 2194 1073 spirita-

506 1092 620 1145 lem
643 1097 815 1161 atque
847 1090 1141 1156 divinum;
1169 1105 1287 1142 non
1317 1090 1539 1156 occidit,
1573 1092 1669 1144 sed
1697 1091 1960 1145 viviﬁcat.

579 1180 677 1249 (De
714 1180 947 1233 diversis
997 1179 1408 1233 homicidiorum
1452 1180 1672 1249 modis.)
1734 1181 1992 1234 Nicolaus
2049 1197 2194 1251 papa

507 1268 799 1336 Luitperto
841 1266 1220 1336 Moguntiensi
1277 1265 1705 1337 archiepiscopo
1743 1283 1756 1320 :
1788 1268 1843 1322 Si
1904 1269 2030 1339 quis
2079 1286 2195 1323 non

500 1356 562 1410 in
594 1356 766 1422 bello,
799 1356 885 1409 vel
917 1355 1034 1408 odii
1065 1353 1459 1421 meditatione,
1493 1356 1578 1409 vel
1610 1360 1850 1427 propter
1872 1357 2192 1424 avaritiam,

498 1460 792 1515 paganum
847 1442 1133 1510 occiderit,
1191 1443 1323 1513 quia
1357 1459 1472 1497 non
1521 1444 1627 1497 levi
1668 1444 1805 1498 vitio
1856 1445 2190 1514 connititur,

498 1531 849 1587 homicidam
899 1531 1164 1584 convenit
1212 1532 1508 1601 poenitere,
1571 1533 2038 1604 quandoquidem
2091 1552 2194 1590 nec

497 1620 711 1675 exteris
740 1619 1027 1690 gentibus,
1063 1619 1174 1673 nisi
1206 1620 1455 1673 oblatam
1486 1638 1681 1691 pacem
1712 1624 2051 1693 respuerint,
2082 1624 2196 1678 bel-

494 1710 623 1763 lum
657 1713 779 1763 erat
808 1708 1023 1779 populo
1053 1708 1289 1779 antiquo
1319 1710 1547 1780 penitus
1576 1710 1788 1765 inferre
1819 1718 2186 1782 praeceptum.

491 1797 553 1851 Si
573 1797 704 1868 quis
724 1813 920 1851 arcum
942 1797 1181 1850 tendens
1200 1813 1368 1851 causa
1383 1797 1695 1868 probandae
1713 1800 1962 1866 chordae,
1979 1800 2187 1870 sagitta

492 1900 659 1952 casu,
693 1901 811 1939 non
835 1890 987 1950 voto,
1038 1885 1390 1955 prosiliente,
1421 1886 1608 1941 ﬁlium
1627 1886 2192 1954 suum‘interemerit,

491 1973 577 2026 ita
612 1973 783 2027 debet
813 1972 1115 2042 paenitere,
1150 1977 1211 2026 ut
1234 1973 1586 2027 Anciranum
1637 1974 1943 2028 concilium
1974 1976 2190 2041 statuit,

494 2066 563 2115 ut
588 2061 660 2115 de
685 2060 994 2115 homicidio
1030 2066 1234 2130 sponte
1257 2060 1579 2115 commisso.
1614 2062 1772 2115 Esset
1809 2068 2001 2116 autem
2036 2080 2191 2117 seve-

490 2149 624 2204 rior
651 2149 956 2204 indicenda
985 2149 1342 2217 poenitentia,
1393 2150 1526 2220 quia
1565 2150 1717 2203 ﬁlius
1764 2152 1887 2221 ejus
1936 2152 2195 2219 exstitit;

492 2238 596 2293 sed
654 2243 870 2310 quanto
917 2254 1086 2291 carne
1139 2238 1451 2308 proximior
1505 2238 1656 2292 visus
1712 2244 1854 2300 erat,
1916 2244 2075 2293 tanto
2127 2240 2194 2295 de

491 2330 688 2380 morte
718 2326 871 2380 illius
900 2326 961 2380 in
986 2326 1153 2380 corde
1186 2342 1286 2379 suo
1340 2326 1527 2380 acrior
1584 2328 1747 2381 dolor
1801 2332 1886 2381 est
1938 2335 2191 2383 exortus.

496 2416 631 2469 Non
665 2415 820 2468 enim
848 2415 954 2469 hoc
987 2419 1189 2485 sponte
1222 2419 1508 2485 patratum
1540 2421 1644 2469 est.
1688 2416 1746 2470 Si
1772 2416 1901 2487 quis
1963 2417 2194 2471 insanus

1432 351 1741 406 STATUTA
1777 350 2108 407 CANONUM
2154 350 2242 405 DE
2283 350 2553 405 OFFlClO
2591 350 3070 405 SACERDOTUM.

1340 471 1716 525 forticationis
1781 472 2193 544 perpetraverit
2220 475 2263 528 Α
2301 488 2515 543 equum
2549 489 2661 527 non
2684 474 2984 543 ascendas;
3026 490 3256 529 causam
3286 480 3467 541 tuam,
3521 481 3577 530 et
3625 477 3878 543 alterius,
3930 477 3993 532 in

3858 356 3992 407 1082

2304 565 2588 613 conventu
2621 560 2879 614 fidelium
2910 577 3025 615 non
3055 578 3208 631 agas.
3236 564 3299 616 In
3346 562 3616 616 conviviis
3674 562 3993 617 laetantium

2304 663 2600 719 nunquam
2669 649 2895 715 sedeas;
2941 649 3001 703 in
3061 651 3298 704 ecclesia
3353 657 3685 721 segregatus
3736 652 3807 705 ab
3864 651 3993 705 aliis

2303 736 2638 791 Christianis
2667 745 2796 807 post
2856 738 3069 792 ostium
3109 738 3406 793 humiliter
3452 744 3602 793 stes:
3664 740 3993 809 ingredien-

2298 824 2445 878 tium
2498 830 2553 879 et
2624 825 3040 896 egredientium
3098 827 3457 881 orationibus
3538 828 3870 899 suppliciter
3935 833 3990 882 te

2302 914 3128 980 commendes;communione
3167 916 3312 969 sacri
3342 917 3595 985 corporis
3652 921 3709 969 et
3760 917 3988 986 sangui-

2302 1002 2389 1055 nis
2422 1002 2648 1055 Domini
2705 1002 2921 1056 cunctis
2970 1002 3100 1056 vitae.
3165 1009 3279 1057 tuas
3326 1005 3525 1059 diebus
3589 1004 3895 1075 indignum
3936 1009 3991 1058 te

2302 1089 2617 1143 existimes.
2650 1091 2713 1143 In
2742 1092 2942 1144 ultimo
2980 1092 3228 1145 termino
3256 1092 3386 1146 vita:
3440 1098 3553 1147 tua;
3599 1110 3703 1163 pro
3751 1093 3987 1164 jviatico,

2302 1177 2351 1231 si
2375 1178 2759 1232 observaveris
2780 1179 3106 1246 consilium,
3144 1180 3249 1234 tibi
3288 1182 3668 1236 concedimus.

2370 1266 2485 1337 (Ea:
2508 1283 2627 1336 cap.
2660 1269 2872 1325 Nicolai
2898 1285 3075 1338 papa,
3108 1272 3219 1323 sive
3260 1272 3667 1325 Wormaciensis
3707 1272 3993 1340 cpiscom'.)

2302 1356 2555 1419 Qualiter
2584 1356 2858 1426 paeniteat
2889 1356 2987 1428 qui
3047 1357 3398 1411 sacerdotem
3432 1358 3636 1411 occidit
3663 1374 3675 1412 :
3729 1358 3871 1422 Quia
3902 1375 3995 1412 sa-

2301 1444 2588 1498 cerdotem
2620 1444 2938 1498 voluntarie
2970 1445 3256 1511 occiderit,
3294 1462 3522 1499 carnem
3564 1462 3679 1499 non
3733 1447 3994 1500 comedat

2303 1537 2359 1586 et
2388 1532 2587 1586 vinum
2619 1549 2736 1586 non
2774 1533 2958 1599 bibat;
3024 1534 3240 1587 cunctis
3284 1534 3485 1587 diebus
3539 1534 3763 1603 jejunet
3810 1551 3991 1604 usque

2303 1621 2373 1674 ad
2404 1637 2721 1690 vesperam,
2754 1621 3000 1692 exceptis
3027 1622 3229 1676 diebus
3257 1623 3412 1676 festis
3444 1627 3613 1692 atque
3649 1622 3986 1687 Dominicis;

2300 1726 2459 1763 arma
2489 1725 2604 1763 non
2639 1720 2852 1775 sumat;
2912 1726 3126 1780 equum
3169 1726 3286 1763 non
3340 1710 3636 1775 ascendat;
3695 1710 3991 1764 ecclesiam

2303 1814 2405 1867 per
2442 1800 2504 1852 10
2532 1814 2710 1851 annos
2741 1814 2857 1851 non
2912 1798 3299 1868 ingrediatur;
3334 1804 3463 1869 post
3488 1801 3518 1850 5
3578 1815 3757 1852 annos
3805 1798 3989 1852 eccle-

2302 1886 2444 1938 siam
2470 1886 2842 1955 ingrediatur,
2876 1902 2996 1939 non
3025 1891 3216 1940 tamen
3257 1887 3663 1955 communicet,
3699 1886 3797 1940 sed
3841 1886 3992 1939 inter

2301 1973 2598 2028 audientes
2645 1979 2776 2029 stet.
2817 1975 2960 2029 Cum
3016 1980 3207 2028 autem
3261 1975 3432 2029 fuerit
3486 1978 3550 2029 l9
3597 1974 3735 2028 anni
3793 1974 3989 2028 ﬁnitus

2302 2078 2519 2129 cursus,
2553 2062 3013 2116 communicandi
3053 2062 3107 2116 ei
3135 2063 3365 2117 licentia
3407 2063 3708 2131 tribuatur,
3741 2068 3797 2116 et
3826 2062 3991 2132 equi-

2301 2150 2460 2204 tandi
2497 2150 2777 2205 remissio.
2838 2152 3058 2205 Maneat
3101 2156 3293 2205 antem
3334 2151 3395 2205 in
3450 2151 3685 2223 reliquis
3729 2151 3990 2205 observa-

2300 2238 2554 2292 tionibus
2611 2242 2640 2294 3
2708 2239 2827 2293 dies
2873 2256 2977 2309 per
3046 2240 3489 2306 hebdomadam,
3548 2245 3612 2294 ut
3686 2239 3992 2310 perfectius

2303 2326 2595 2398 purificari
2620 2331 2873 2381 mercatu
2885 2343 2930 2382 r.

2376 2418 2486 2483 (Ea:
2515 2431 2635 2486 cap,
2662 2418 2875 2474 Nicolai
2918 2432 3078 2486 papa:
3129 2418 3242 2471 sive
3296 2418 3689 2472 Wormacensis
3731 2414 3990 2485 concilii.)

2302 2504 2409 2568 Qui
2433 2504 2711 2558 infantem
2770 2520 2939 2559 suum
3001 2506 3385 2574 oppresserit:
3446 2505 3503 2559 Si
3535 2505 3663 2575 quis
3713 2504 3992 2557 infantem

2301 2608 2470 2645 suum
2502 2593 2850 2663 oppresserit
2892 2592 3138 2659 incaute,
3181 2600 3281 2646 aut
3322 2593 3793 2646 vestimentorum
3842 2607 3992 2663 pon-

2303 2679 2437 2734 dere
2458 2680 2815 2734 suﬂ‘ocavcrit
2860 2684 2987 2750 post
3029 2681 3398 2750 baptismum,
3432 2682 3500 2735 40
3541 2681 3660 2734 dies
3715 2680 3993 2749 paeniteat

2302 2768 2363 2822 in
2392 2785 2541 2838 pane
2575 2774 2630 2822 et
2685 2785 2854 2839 aqua,
2886 2774 2941 2822 et
2989 2768 3262 2835 oleribus,
3310 2774 3367 2823 et
3419 2768 3828 2839 leguminibus,
3879 2772 3987 2821 eta

486 2504 801 2558 hominem
841 2503 1131 2570 occiderit,
1185 2503 1317 2557 licet
1363 2503 1415 2557 ei
1472 2502 1811 2574 poenitentia
1869 2504 1944 2558 sit
2000 2505 2196 2575 injun-

485 2593 708 2664 genda,
766 2592 902 2663 quia
952 2592 1077 2661 ipsa
1136 2590 1443 2645 inﬁrmitas
1515 2607 1685 2645 causa
1740 2592 1957 2662 peccati
2024 2594 2194 2646 fuisse

483 2681 781 2739 creditur;
846 2683 1042 2733 tamen
1101 2684 1325 2734 tantum
1380 2679 1556 2733 levior
1605 2696 1778 2750 quam
1827 2680 1879 2733 ei
1928 2681 2028 2750 qui
2082 2682 2194 2735 tale

484 2768 637 2839 quid
673 2784 843 2822 sanus
872 2766 1199 2832 committit,
1246 2771 1525 2838 quantum
1571 2767 1720 2821 inter
1766 2784 1971 2821 sanum
2020 2774 2076 2822 et
2105 2768 2194 2822 in-

481 2873 729 2923 sanum,
806 2855 1145 2910 rationabile
1238 2860 1294 2910 et
1358 2854 1747 2910 irrationabile
1803 2860 2023 2911 constat
2073 2873 2193 2912 esse
2304 2856 2508 2911 merito
2531 2874 2590 2911 se
2623 2857 2923 2911 abstineat.
2948 2858 3146 2912 Postea
3184 2862 3298 2912 tres
3344 2874 3522 2912 annos
3582 2873 3686 2926 per
3733 2856 3992 2927 legitima

481 2945 872 3001 discriminis.
2302 2945 2472 2999 ferias
2492 2946 2776 3015 poeniteat.
2820 2946 2884 2999 In
2928 2946 2961 2999 4
3010 2962 3161 3000 anno
3191 2951 3306 3000 tres
3365 2945 3829 3017 quadragesimas
3881 2944 3989 2997 ob-

558 3035 623 3089 Si
657 3034 851 3104 aliquo
907 3033 1196 3087 incidente
1244 3033 1529 3099 arborem,
1571 3033 1672 3104 qui
1718 3032 1848 3087 licet
1901 3033 2004 3088 sub
2070 3034 2190 3103 ejus
2226 3034 2264 3088 C
2305 3040 2506 3087 servet.
2540 3034 2703 3097 Quod
2733 3033 2779 3087 si
2831 3038 2964 3087 ante
2994 3034 3364 3104 baptismum,
3420 3035 3487 3088 40
3534 3034 3652 3087 dies
3715 3031 3991 3104 pceniteat

476 3138 625 3176 casu
664 3121 1030 3191 opprimitur,
1057 3120 1271 3174 incisor
1296 3121 1534 3188 arboris,
1570 3127 1633 3175 ut
1673 3122 1960 3176 homicida
2008 3122 2193 3191 poeni-
2305 3126 2432 3192 post
2458 3121 2919 3192 quinquennium
2948 3122 3239 3187 jobservet.
3266 3148 3271 3153 -

480 3214 636 3275 teat,
671 3209 718 3262 si
777 3209 898 3279 ejus
926 3209 1221 3262 voluntate
1276 3209 1363 3262 vel
1418 3208 1773 3280 negligentia
1826 3210 2039 3264 factum
2086 3215 2189 3263 est.
2377 3212 2481 3280 (Ea:
2516 3211 3146 3281 DecretisaﬁEutg/chiani
3187 3214 3392 3280 papas.)
3444 3212 3521 3264 De
3552 3209 3642 3263 his
3689 3209 3788 3280 qui
3826 3213 3987 3262 trun-

482 3297 671 3363 Quod
700 3296 749 3351 si
778 3313 895 3351 non
942 3302 1097 3366 voto,
1130 3312 1245 3350 non
1286 3296 1499 3367 injuria
1547 3298 1720 3366 illius,
1773 3314 1890 3351 non
1948 3298 2193 3366 denique
2303 3303 2433 3351 cant
2460 3297 2741 3364 homines,
2786 3300 2873 3353 vel
2909 3298 3475 3353 comburuntdomus
3510 3299 3605 3352 :Si
3646 3298 3773 3368 quis
3819 3314 3987 3351 men-

474 3386 741 3441 scientia
780 3384 1085 3455 contingit,
1144 3384 1265 3453 sed,
1323 3386 1461 3439 dum
1518 3385 1615 3439 ille
1667 3385 1828 3455 operi
1877 3387 2193 3441 necessario
2304 3386 2539 3440 brorum
2566 3387 2977 3453 truncationes,
3008 3388 3093 3441 vel
3120 3387 3424 3440 domorum
3475 3385 3741 3439 incendia
3770 3385 3985 3451 fecerit,

472 3474 755 3529 fortassis
812 3473 1187 3539 incumberet,
1250 3473 1356 3527 iste
1407 3473 1728 3543 insperatus
1785 3473 2030 3528 occurrit
2088 3474 2191 3528 sub
2303 3474 2419 3528 sive
2473 3475 2657 3528 facere
2694 3476 2932 3545 jusserit
2975 3480 3074 3528 aut
3118 3474 3348 3528 facienti
3408 3474 3777 3537 consenserit,
3838 3489 3983 3543 quo-

472 3565 765 3618 arborem
798 3570 853 3617 et
883 3579 947 3617 ex
987 3561 1297 3632 improviso
1330 3565 1414 3616 est
1463 3578 1786 3632 oppressus,
1848 3561 2058 3616 incisor
2101 3579 2191 3616 ar-
2301 3578 2483 3632 usque
2540 3564 2610 3617 de
2639 3562 2728 3615 his
2782 3562 3090 3633 unicuique
3140 3562 3401 3631 legaliter
3455 3563 3540 3614 vel
3610 3561 3987 3615 amicabiliter

468 3653 652 3708 boris
683 3652 1128 3706 homicidas'non
1156 3654 1239 3704 est
1259 3650 1692 3720 comparandus.
2299 3665 2490 3703 coram
2513 3651 2774 3721 episcopo
2830 3650 3070 3705 civitatis
3117 3650 3358 3720 aliisque
3414 3650 3633 3703 civibus
3680 3665 3796 3702 non
3826 3664 3987 3702 com-

548 3742 676 3812 (Ea:
741 3741 968 3809 epistola
1047 3740 1270 3794 Paulini
1358 3739 1741 3793 Foroliviensis
1806 3741 2046 3807 episcopi
2118 3739 2193 3793 ad
2300 3738 2673 3804 mendaverit,
2718 3738 2787 3792 ab
2834 3738 3068 3792 ecclesia
3097 3755 3155 3791 se
3205 3738 3488 3808 privatum
3540 3740 3860 3807 cognoscat.
3910 3736 3985 3806 {Si

462 3828 893 3898 Aistolphum.)
926 3829 1003 3881 De
1034 3826 1135 3881 illo
1166 3826 1265 3897 qui
1295 3842 1535 3880 uxorem
1565 3842 1727 3881 suam
1759 3825 1966 3881 occidit
2003 3843 2015 3880 :
2070 3827 2190 3881 Duo
2297 3842 2430 3879 vero
2474 3827 2783 3880 secundam
2810 3832 2866 3880 et
2895 3826 3119 3881 tertiam
3169 3825 3631 3890 conventionem,
3682 3824 3741 3877 in
3773 3823 3987 3894 quibus

461 3917 735 3972 consilia
768 3916 873 3969 tibi
900 3906 1328 3986 proponimus:
1380 3919 1492 3969 Aut
1547 3915 1847 3985 ingredere
1896 3920 2191 3970 monaste-
2298 3914 2579 3983 arguitur,
2640 3932 2753 3969 non
2811 3914 3219 3981 emendaverit,
3276 3918 3548 3984 tanquam
3603 3912 3863 3967 ethnicus
3931 3917 3988 3966 et

457 4005 669 4069 rium,
706 4007 765 4056 et
794 4003 1100 4056 humiliare
1134 4001 1240 4056 sub
1298 4017 1536 4055 manum
1575 4002 1813 4070 abbatis,
1869 4006 1924 4055 et
1984 4003 2191 4057 multo—
2298 4003 2634 4073 publicanus
2685 4004 2756 4058 ab
2795 4004 2954 4058 omni
3011 4002 3467 4058 Christianorum
3522 4002 3761 4072 coliegio
3817 4016 3987 4071 sepa-

458 4109 615 4148 rum
656 4092 904 4147 fratrum
930 4090 1196 4162 precibus
1244 4090 1490 4160 adjutus,
1533 4090 1772 4145 observa
1815 4096 2018 4146 cuncta
2059 4091 2191 4146 sim-
2298 4097 2478 4146 retur.

457 4181 621 4254 plici
663 4180 861 4233 animo
890 4196 1019 4250 quia
1075 4178 1179 4233 tibi
1238 4178 1307 4232 ab
1370 4178 1572 4233 abbate
1616 4179 1831 4233 fuerint
1884 4179 2186 4251 imperata,
2371 4182 2479 4247 (Ea:
2506 4183 2710 4234 Decret.
2744 4181 2983 4249 ejusdem
3023 4196 3203 4249 papaz,
3245 4196 3366 4250 cap.
3409 4180 3521 4241 26.)
3577 4178 3735 4243 Quod
3791 4177 3984 4248 perju-

456 4271 514 4325 si
550 4270 832 4340 ignoscat
872 4267 1100 4321 inﬁnita
1132 4266 1233 4321 Dei
1282 4266 1505 4321 bonitas
1536 4267 1781 4337 peccatis
1841 4267 1971 4321 tuis.
2035 4267 2186 4321 Istud
2225 4309 2269 4362 Β
2299 4268 2451 4323 rium
2482 4270 2720 4340 reliquis
2739 4269 3077 4325 criminibus
3100 4274 3362 4340 aequetur
3392 4286 3403 4324 :
3433 4268 3862 4323 Praedicandum
3902 4271 3988 4320 est

453 4356 822 4421 consilium,
854 4360 919 4409 ut
970 4355 1287 4410 certissime
1326 4354 1490 4423 scias,
1552 4354 1733 4409 levius
1783 4359 1839 4409 et
1904 4355 2187 4410 salubrius
2226 4354 2263 4362 “’
2300 4362 2363 4411 ut
2393 4356 2594 4412 fideles
2623 4357 2943 4427 perjurium
2973 4362 3207 4411 caveant
3238 4373 3251 4411 :
3285 4361 3339 4411 et
3369 4358 3439 4410 ab
3466 4357 3574 4410 hoc
3620 4371 3985 4426 summopere

452 4453 559 4504 est
595 4450 673 4499 ut
706 4444 810 4498 sub
844 4445 1077 4498 alterius
1122 4443 1381 4497 custodia
1438 4444 1632 4514 lugeas
1677 4448 1925 4513 peccata.
1956 4444 2187 4510 ,Secun-
2298 4444 2645 4510 abstineant,
2679 4444 2921 4498 scientes
2949 4444 3059 4498 hoc
3104 4444 3319 4513 grande
3350 4444 3531 4498 scelus
3575 4459 3715 4511 esse,
3748 4444 3806 4497 in
3836 4444 3983 4512 lege,

450 4537 621 4592 dum
666 4538 864 4586 autem
892 4532 1195 4586 consilium
1239 4533 1349 4586 tale
1383 4536 1465 4585 est
1497 4550 1514 4585 :
1572 4534 1743 4586 Arma
1801 4532 2106 4601 deponere,
2136 4537 2190 4586 et
2297 4536 2353 4586 et
2374 4532 2689 4602 prophetis,
2719 4536 2777 4585 et
2818 4532 2878 4585 in
2904 4530 3209 4601 Evangelio
3235 4531 3608 4601 prohibitum.
3650 4529 3986 4584 Audivimus

447 4627 701 4679 cuncta
726 4620 1021 4674 saecularia
1048 4620 1281 4690 negotia
1311 4619 1625 4675 dimittere.
1678 4620 1919 4674 Carnem
1966 4631 2023 4674 et
2052 4637 2189 4674 san-
2297 4625 2490 4674 autem
2522 4620 2795 4690 quosdam
2820 4619 3233 4689 parvipendere
3266 4620 3375 4673 hoc
3430 4619 3631 4685 scelus,
3688 4624 3745 4673 et
3798 4619 3985 4672 levem

441 4713 728 4786 guinem
763 4724 1062 4779 nunquam
1114 4709 1407 4776 comedas,
1458 4711 1693 4779 excepto
1735 4706 1794 4761 in
1844 4707 1936 4763 die
1993 4712 2187 4763 sancto
2297 4708 2724 4778 quodammodo
2751 4708 3247 4779 perjurismodum
3279 4707 3631 4778 poenitentiae
3663 4707 3981 4777 imponere.

444 4801 856 4858 Pentecostes
882 4802 939 4851 et
976 4798 1037 4851 in
1071 4813 1184 4851 uno
1216 4797 1309 4851 die
1359 4795 1809 4851 Resurrectionis
1860 4794 2087 4850 Domini
2133 4800 2189 4850 et
2295 4796 2403 4861 Qui
2423 4797 2597 4851 etiam
2628 4796 2800 4850 talem
2828 4796 2897 4849 de
2919 4796 3173 4866 perjurio
3230 4796 3623 4866 paenitentiam
3683 4795 3983 4865 imponere

437 4886 674 4947 Natali
712 4885 963 4940 Domini.
1008 4886 1235 4941 Cmteris
1266 4885 1623 4955 temporibus
1654 4883 1714 4938 in
1754 4900 1900 4955 pane
1931 4888 1987 4938 et
2016 4901 2184 4954 aqua,
2296 4886 2588 4952 deberent,
2623 4886 2853 4955 qualem
2883 4889 2940 4938 et
2979 4885 3048 4937 de
3104 4884 3405 4951 adulterio,
3460 4884 3530 4937 de
3577 4884 3982 4949 fornicatione,

444 4985 516 5035 et
595 4974 913 5031 interdum
968 4989 1097 5027 cum
1157 4973 1546 5044 leguminibus
1594 4977 1652 5026 et
1697 4972 1945 5027 oleribus
2001 4972 2190 5043 poeni-
2294 4972 2603 5027 homicidio
2636 4976 2835 5042 sponte
2866 4972 3170 5026 commisso
3228 4977 3283 5026 et
3322 4972 3391 5028 de
3444 4972 3667 5027 caeteris
3714 4972 3984 5025 crimina-

433 5076 608 5124 teas.
2294 5060 2447 5115 libus
2470 5060 2639 5114 vitiis.
2665 5061 2723 5115 Si
2751 5060 2878 5131 quis
2920 5066 3246 5132 perpetrato
3290 5061 3546 5131 perjurio
3584 5064 3683 5114 aut
3731 5060 3985 5129 quolibet

520 5158 604 5210 In
633 5149 910 5223 jejuniis,
940 5148 1003 5203 in
1031 5148 1243 5219 vigiliis
1280 5152 1338 5203 et
1392 5149 1454 5202 in
1484 5148 1858 5215 orationibus,
1920 5152 1978 5202 et
2036 5149 2184 5202 elee-
2293 5149 2576 5203 criminali
2602 5154 2853 5220 peccato,
2912 5149 3121 5203 timens
3169 5148 3571 5220 paenitentiam
3633 5149 3883 5219 longam,
3913 5149 3984 5202 ad

431 5239 748 5313 mosynis
776 5254 1080 5309 persevera
1111 5236 1270 5291 omni
1301 5241 1582 5308 tempore.
1606 5238 1838 5305 Vinum,
1878 5238 2185 5291 medonem
2293 5238 2713 5292 confessionem
2742 5239 2936 5292 venire
2969 5238 3237 5305 noluerit,
3285 5237 3355 5292 ab
3409 5236 3645 5291 ecclesia
3692 5236 3984 5306 repellen-

424 5340 497 5391 et
527 5325 851 5387 mellitam
875 5326 1175 5381 cervisiam
1227 5342 1525 5397 nunquam
1574 5325 1756 5386 bibas,
1815 5325 1927 5379 nisi
1982 5325 2039 5378 in
2074 5325 2185 5379 illis
2293 5326 2399 5381 dus
2430 5330 2533 5393 est,
2574 5326 2688 5380 sive
2730 5343 2761 5379 a
2791 5326 3193 5380 communione
3225 5330 3281 5379 et
3333 5325 3620 5379 consortio
3676 5324 3979 5379 ﬁdelium:

422 5415 799 5497 praedictis“
838 5414 1074 5481 diebus;
1130 5430 1363 5468 uxorem
1422 5430 1493 5468 ne
1541 5414 1743 5480 ducas;
1807 5413 2182 5468 concubinam
2292 5419 2357 5469 ut
2381 5415 2575 5470 nullus
2600 5431 2729 5469 cum
2752 5431 2818 5469 eo
2855 5415 3133 5479 comedat,
3165 5429 3352 5484 neque
3380 5412 3558 5479 bibat,
3614 5429 3802 5484 neque
3833 5420 3977 5480 oret,

420 5528 571 5570 non
613 5503 879 5569 habeas;
912 5503 1260 5557 adulterium
1298 5518 1371 5557 ne
1401 5501 1595 5567 facias,
1649 5501 1865 5572 absque
1896 5518 1995 5572 spe
2050 5518 2182 5556 con-
2292 5518 2480 5573 neque
2511 5504 2571 5557 in
2596 5519 2699 5556 sua
2726 5503 2896 5558 domo
2927 5518 3059 5557 eum
3087 5501 3360 5572 (recipiat.

410 5597 608 5675 jugii
649 5596 946 5665 perpetuo
972 5606 1226 5645 maneas.
1263 5591 1567 5662 Nunquam
1599 5594 1653 5645 te
1685 5590 1835 5644 laves
1853 5590 1914 5643 in
1943 5590 2179 5655 balneo;
2362 5590 2471 5656 (Em
2532 5592 2773 5645 Decretis
2835 5592 3047 5657 Pelagii
3098 5605 3256 5659 papae
3307 5590 3429 5659 XI.)
3491 5591 3567 5644 De
3616 5590 3815 5645 eadem
3867 5605 3926 5642 re
3962 5604 3973 5642 :
