  <div class='ocr_page' id='page_1' title='image "/cluster/home/n/w/nwhite01/storage/ocr_20150623/140-141/uc1.31175018559917/549.png"; bbox 0 0 4944 6556; ppageno 0'>
   <div class='ocr_carea' id='block_1_1' title="bbox 475 0 3134 192">
    <p class='ocr_par' dir='ltr' id='par_1_1' title="bbox 475 60 1060 142">
     <span class='ocr_line' id='line_1_1' title="bbox 475 60 860 90; baseline 0 0"><span class='ocrx_word' id='word_1_1' title='bbox 475 60 626 87; x_wconf 42' lang='grc' dir='ltr'>ἱρῇ-Ρ·</span> <span class='ocrx_word' id='word_1_2' title='bbox 723 83 730 86; x_wconf 99' lang='grc'><strong>-</strong></span> <span class='ocrx_word' id='word_1_3' title='bbox 739 75 860 90; x_wconf 77' lang='lat'>_._._&#39;_-:</span> 
     </span>
     <span class='ocr_line' id='line_1_2' title="bbox 703 120 1060 142; baseline 0 -10"><span class='ocrx_word' id='word_1_4' title='bbox 703 120 828 138; x_wconf 46' lang='lat'>‘5</span> <span class='ocrx_word' id='word_1_5' title='bbox 1051 135 1060 142; x_wconf 44' lang='grc' dir='ltr'><strong>η</strong></span> 
     </span>
    </p>
   </div>
   <div class='ocr_carea' id='block_1_2' title="bbox 1149 520 1282 572">
    <p class='ocr_par' dir='ltr' id='par_1_2' title="bbox 1149 520 1282 572">
     <span class='ocr_line' id='line_1_3' title="bbox 1149 520 1282 572; baseline 0 0"><span class='ocrx_word' id='word_1_6' title='bbox 1149 520 1282 572; x_wconf 81' lang='grc'>1083</span> 
     </span>
    </p>
   </div>
   <div class='ocr_carea' id='block_1_3' title="bbox 1140 643 4647 716">
    <p class='ocr_par' dir='ltr' id='par_1_3' title="bbox 1140 643 4647 716">
     <span class='ocr_line' id='line_1_4' title="bbox 1140 643 4647 716; baseline -0.001 -15"><span class='ocrx_word' id='word_1_7' title='bbox 1140 645 1199 702; x_wconf 87' lang='lat' dir='ltr'>Si</span> <span class='ocrx_word' id='word_1_8' title='bbox 1231 645 1358 716; x_wconf 83' lang='lat' dir='ltr'>quis</span> <span class='ocrx_word' id='word_1_9' title='bbox 1384 649 1567 699; x_wconf 88' lang='lat' dir='ltr'><strong>semet</strong></span> <span class='ocrx_word' id='word_1_10' title='bbox 1609 645 2008 716; x_wconf 86' lang='lat' dir='ltr'>perjuraverit,</span> <span class='ocrx_word' id='word_1_11' title='bbox 2040 650 2098 700; x_wconf 89' lang='lat' dir='ltr'>et</span> <span class='ocrx_word' id='word_1_12' title='bbox 2150 647 2292 701; x_wconf 91' lang='lat' dir='ltr'>alios</span> <span class='ocrx_word' id='word_1_13' title='bbox 2322 646 2502 700; x_wconf 88' lang='lat' dir='ltr'>sciens</span> <span class='ocrx_word' id='word_1_14' title='bbox 2536 646 2594 699; x_wconf 92' lang='lat' dir='ltr'>in</span> <span class='ocrx_word' id='word_1_15' title='bbox 2635 646 2829 716; x_wconf 89' lang='lat' dir='ltr'>perju-</span> <span class='ocrx_word' id='word_1_16' title='bbox 2868 647 2914 699; x_wconf 79' lang='grc' dir='ltr'>Α</span> <span class='ocrx_word' id='word_1_17' title='bbox 2947 661 3103 709; x_wconf 90' lang='lat' dir='ltr'>meo;</span> <span class='ocrx_word' id='word_1_18' title='bbox 3167 661 3271 698; x_wconf 91' lang='lat' dir='ltr'>nec</span> <span class='ocrx_word' id='word_1_19' title='bbox 3339 643 3660 714; x_wconf 87' lang='lat' dir='ltr'>perjurabis</span> <span class='ocrx_word' id='word_1_20' title='bbox 3707 659 3918 697; x_wconf 86' lang='lat' dir='ltr'><strong>nomen</strong></span> <span class='ocrx_word' id='word_1_21' title='bbox 3988 644 4218 698; x_wconf 87' lang='lat' dir='ltr'>Domini</span> <span class='ocrx_word' id='word_1_22' title='bbox 4251 644 4353 699; x_wconf 95' lang='lat' dir='ltr'>Dei</span> <span class='ocrx_word' id='word_1_23' title='bbox 4385 645 4469 698; x_wconf 91' lang='lat' dir='ltr'>tui</span> <span class='ocrx_word' id='word_1_24' title='bbox 4501 662 4513 698; x_wconf 89' lang='lat'>:</span> <span class='ocrx_word' id='word_1_25' title='bbox 4546 661 4647 714; x_wconf 88' lang='lat' dir='ltr'>ego</span> 
     </span>
    </p>
   </div>
   <div class='ocr_carea' id='block_1_4' title="bbox 1143 734 2842 806">
    <p class='ocr_par' dir='ltr' id='par_1_4' title="bbox 1143 734 2842 806">
     <span class='ocr_line' id='line_1_5' title="bbox 1143 734 2842 806; baseline 0.001 -17"><span class='ocrx_word' id='word_1_26' title='bbox 1143 734 1297 789; x_wconf 87' lang='lat' dir='ltr'>rium</span> <span class='ocrx_word' id='word_1_27' title='bbox 1325 734 1570 802; x_wconf 87' lang='lat' dir='ltr'>duxerit,</span> <span class='ocrx_word' id='word_1_28' title='bbox 1603 735 1671 788; x_wconf 80' lang='grc'>40</span> <span class='ocrx_word' id='word_1_29' title='bbox 1717 735 1840 789; x_wconf 90' lang='lat' dir='ltr'>dies</span> <span class='ocrx_word' id='word_1_30' title='bbox 1897 734 1955 789; x_wconf 92' lang='lat' dir='ltr'>in</span> <span class='ocrx_word' id='word_1_31' title='bbox 1987 751 2134 805; x_wconf 89' lang='lat' dir='ltr'>pane</span> <span class='ocrx_word' id='word_1_32' title='bbox 2192 741 2248 789; x_wconf 92' lang='lat' dir='ltr'><strong>et</strong></span> <span class='ocrx_word' id='word_1_33' title='bbox 2297 751 2464 805; x_wconf 88' lang='lat' dir='ltr'>aqua,</span> <span class='ocrx_word' id='word_1_34' title='bbox 2523 739 2579 788; x_wconf 89' lang='lat' dir='ltr'>et</span> <span class='ocrx_word' id='word_1_35' title='bbox 2623 742 2842 806; x_wconf 82' lang='lat' dir='ltr'>septem</span> 
     </span>
    </p>
   </div>
   <div class='ocr_carea' id='block_1_5' title="bbox 1143 823 2843 895">
    <p class='ocr_par' dir='ltr' id='par_1_5' title="bbox 1143 823 2843 895">
     <span class='ocr_line' id='line_1_6' title="bbox 1143 823 2843 895; baseline 0.001 -19"><span class='ocrx_word' id='word_1_36' title='bbox 1143 826 1452 894; x_wconf 84' lang='lat' dir='ltr'>sequentes</span> <span class='ocrx_word' id='word_1_37' title='bbox 1482 839 1662 876; x_wconf 90' lang='lat' dir='ltr'>annos</span> <span class='ocrx_word' id='word_1_38' title='bbox 1695 823 1989 894; x_wconf 75' lang='lat' dir='ltr'>poeniteat,</span> <span class='ocrx_word' id='word_1_39' title='bbox 2036 826 2092 877; x_wconf 90' lang='lat' dir='ltr'>et</span> <span class='ocrx_word' id='word_1_40' title='bbox 2140 839 2437 894; x_wconf 84' lang='lat' dir='ltr'>nunquam</span> <span class='ocrx_word' id='word_1_41' title='bbox 2490 823 2614 877; x_wconf 86' lang='lat' dir='ltr'>sine</span> <span class='ocrx_word' id='word_1_42' title='bbox 2666 825 2843 895; x_wconf 64' lang='lat' dir='ltr'>paeni-</span> 
     </span>
    </p>
   </div>
   <div class='ocr_carea' id='block_1_6' title="bbox 1144 910 2842 983">
    <p class='ocr_par' dir='ltr' id='par_1_6' title="bbox 1144 910 2842 983">
     <span class='ocr_line' id='line_1_7' title="bbox 1144 910 2842 983; baseline 0.001 -17"><span class='ocrx_word' id='word_1_43' title='bbox 1144 910 1327 966; x_wconf 82' lang='lat' dir='ltr'>tentia</span> <span class='ocrx_word' id='word_1_44' title='bbox 1361 911 1452 965; x_wconf 85' lang='lat' dir='ltr'>sit.</span> <span class='ocrx_word' id='word_1_45' title='bbox 1485 913 1549 965; x_wconf 87' lang='lat' dir='ltr'>Et</span> <span class='ocrx_word' id='word_1_46' title='bbox 1587 911 1705 978; x_wconf 86' lang='lat' dir='ltr'>alii,</span> <span class='ocrx_word' id='word_1_47' title='bbox 1741 912 1788 964; x_wconf 91' lang='lat' dir='ltr'>si</span> <span class='ocrx_word' id='word_1_48' title='bbox 1820 911 2030 965; x_wconf 86' lang='lat' dir='ltr'>conscii</span> <span class='ocrx_word' id='word_1_49' title='bbox 2069 912 2313 978; x_wconf 82' lang='lat' dir='ltr'>fuerant,</span> <span class='ocrx_word' id='word_1_50' title='bbox 2368 912 2635 966; x_wconf 89' lang='lat' dir='ltr'>similiter</span> <span class='ocrx_word' id='word_1_51' title='bbox 2666 914 2842 983; x_wconf 83' lang='lat' dir='ltr'>pceni-</span> 
     </span>
    </p>
   </div>
   <div class='ocr_carea' id='block_1_7' title="bbox 1143 999 2841 1072">
    <p class='ocr_par' dir='ltr' id='par_1_7' title="bbox 1143 999 2841 1072">
     <span class='ocr_line' id='line_1_8' title="bbox 1143 999 2841 1072; baseline 0.001 -18"><span class='ocrx_word' id='word_1_52' title='bbox 1143 1003 1322 1054; x_wconf 89' lang='lat' dir='ltr'>teant.</span> <span class='ocrx_word' id='word_1_53' title='bbox 1357 999 1454 1054; x_wconf 90' lang='lat' dir='ltr'>Sin</span> <span class='ocrx_word' id='word_1_54' title='bbox 1483 1005 1676 1052; x_wconf 89' lang='lat' dir='ltr'>autem</span> <span class='ocrx_word' id='word_1_55' title='bbox 1719 999 1956 1070; x_wconf 80' lang='lat' dir='ltr'>singuli,</span> <span class='ocrx_word' id='word_1_56' title='bbox 1999 1004 2060 1052; x_wconf 91' lang='lat' dir='ltr'>ut</span> <span class='ocrx_word' id='word_1_57' title='bbox 2103 999 2422 1070; x_wconf 91' lang='lat' dir='ltr'>perjurium</span> <span class='ocrx_word' id='word_1_58' title='bbox 2473 1015 2586 1054; x_wconf 91' lang='lat' dir='ltr'>non</span> <span class='ocrx_word' id='word_1_59' title='bbox 2641 1007 2841 1072; x_wconf 89' lang='lat' dir='ltr'>sponte</span> 
     </span>
    </p>
   </div>
   <div class='ocr_carea' id='block_1_8' title="bbox 1149 1087 1924 1158">
    <p class='ocr_par' dir='ltr' id='par_1_8' title="bbox 1149 1087 1924 1158">
     <span class='ocr_line' id='line_1_9' title="bbox 1149 1087 1924 1158; baseline 0 -17"><span class='ocrx_word' id='word_1_60' title='bbox 1149 1087 1545 1153; x_wconf 90' lang='lat' dir='ltr'>commissum,</span> <span class='ocrx_word' id='word_1_61' title='bbox 1590 1089 1924 1158; x_wconf 72' lang='lat' dir='ltr'>poeuiteant.</span> 
     </span>
    </p>
   </div>
   <div class='ocr_carea' id='block_1_9' title="bbox 1223 1175 2842 1247">
    <p class='ocr_par' dir='ltr' id='par_1_9' title="bbox 1223 1175 2842 1247">
     <span class='ocr_line' id='line_1_10' title="bbox 1223 1175 2842 1247; baseline 0 -17"><span class='ocrx_word' id='word_1_62' title='bbox 1223 1177 1327 1243; x_wconf 77' lang='lat' dir='ltr'>(Ea:</span> <span class='ocrx_word' id='word_1_63' title='bbox 1356 1179 1594 1231; x_wconf 77' lang='lat' dir='ltr'>Decretis</span> <span class='ocrx_word' id='word_1_64' title='bbox 1631 1179 1720 1231; x_wconf 88' lang='lat' dir='ltr'>Pii</span> <span class='ocrx_word' id='word_1_65' title='bbox 1746 1192 1918 1246; x_wconf 58' lang='lat' dir='ltr'>papa,</span> <span class='ocrx_word' id='word_1_66' title='bbox 1975 1191 2096 1245; x_wconf 83' lang='lat' dir='ltr'>cap.</span> <span class='ocrx_word' id='word_1_67' title='bbox 2128 1177 2202 1246; x_wconf 81' lang='lat'>2.)</span> <span class='ocrx_word' id='word_1_68' title='bbox 2260 1175 2314 1230; x_wconf 95' lang='lat' dir='ltr'>Si</span> <span class='ocrx_word' id='word_1_69' title='bbox 2373 1176 2502 1247; x_wconf 88' lang='lat' dir='ltr'>quis</span> <span class='ocrx_word' id='word_1_70' title='bbox 2542 1193 2575 1230; x_wconf 90' lang='lat' dir='ltr'>a</span> <span class='ocrx_word' id='word_1_71' title='bbox 2609 1177 2842 1231; x_wconf 94' lang='lat' dir='ltr'>domino</span> 
     </span>
    </p>
   </div>
   <div class='ocr_carea' id='block_1_10' title="bbox 1150 1265 2843 1336">
    <p class='ocr_par' dir='ltr' id='par_1_10' title="bbox 1150 1265 2843 1336">
     <span class='ocr_line' id='line_1_11' title="bbox 1150 1265 2843 1336; baseline 0 -18"><span class='ocrx_word' id='word_1_72' title='bbox 1150 1281 1252 1318; x_wconf 91' lang='lat' dir='ltr'>suo</span> <span class='ocrx_word' id='word_1_73' title='bbox 1283 1270 1508 1318; x_wconf 90' lang='lat' dir='ltr'>coactus</span> <span class='ocrx_word' id='word_1_74' title='bbox 1539 1282 1597 1318; x_wconf 92' lang='lat' dir='ltr'>se</span> <span class='ocrx_word' id='word_1_75' title='bbox 1632 1266 1907 1336; x_wconf 89' lang='lat' dir='ltr'>perjurat,</span> <span class='ocrx_word' id='word_1_76' title='bbox 1963 1265 2194 1335; x_wconf 84' lang='lat' dir='ltr'>utrique</span> <span class='ocrx_word' id='word_1_77' title='bbox 2251 1269 2387 1318; x_wconf 89' lang='lat' dir='ltr'>sunt</span> <span class='ocrx_word' id='word_1_78' title='bbox 2444 1266 2680 1336; x_wconf 88' lang='lat' dir='ltr'>perjuri.</span> <span class='ocrx_word' id='word_1_79' title='bbox 2734 1265 2843 1330; x_wconf 92' lang='lat' dir='ltr'>Qui</span> 
     </span>
    </p>
   </div>
   <div class='ocr_carea' id='block_1_11' title="bbox 1151 1353 2843 1426">
    <p class='ocr_par' dir='ltr' id='par_1_11' title="bbox 1151 1353 2843 1426">
     <span class='ocr_line' id='line_1_12' title="bbox 1151 1353 2843 1426; baseline 0.001 -20"><span class='ocrx_word' id='word_1_80' title='bbox 1151 1354 1480 1424; x_wconf 90' lang='lat' dir='ltr'>compulsus</span> <span class='ocrx_word' id='word_1_81' title='bbox 1509 1369 1542 1407; x_wconf 91' lang='lat' dir='ltr'>a</span> <span class='ocrx_word' id='word_1_82' title='bbox 1572 1353 1803 1407; x_wconf 93' lang='lat' dir='ltr'>domino</span> <span class='ocrx_word' id='word_1_83' title='bbox 1835 1354 2092 1424; x_wconf 87' lang='lat' dir='ltr'>perjurat</span> <span class='ocrx_word' id='word_1_84' title='bbox 2121 1370 2179 1407; x_wconf 88' lang='lat' dir='ltr'>se</span> <span class='ocrx_word' id='word_1_85' title='bbox 2209 1354 2410 1421; x_wconf 87' lang='lat' dir='ltr'>sciens,</span> <span class='ocrx_word' id='word_1_86' title='bbox 2445 1355 2678 1426; x_wconf 84' lang='lat' dir='ltr'>utrique</span> <span class='ocrx_word' id='word_1_87' title='bbox 2710 1361 2843 1409; x_wconf 89' lang='lat' dir='ltr'>sunt</span> 
     </span>
    </p>
   </div>
   <div class='ocr_carea' id='block_1_12' title="bbox 1150 1441 2839 1514">
    <p class='ocr_par' dir='ltr' id='par_1_12' title="bbox 1150 1441 2839 1514">
     <span class='ocr_line' id='line_1_13' title="bbox 1150 1441 2839 1514; baseline 0.001 -19"><span class='ocrx_word' id='word_1_88' title='bbox 1150 1441 1392 1512; x_wconf 88' lang='lat' dir='ltr'>perjuri,</span> <span class='ocrx_word' id='word_1_89' title='bbox 1425 1447 1482 1496; x_wconf 91' lang='lat' dir='ltr'>et</span> <span class='ocrx_word' id='word_1_90' title='bbox 1521 1442 1809 1509; x_wconf 91' lang='lat' dir='ltr'>dominus,</span> <span class='ocrx_word' id='word_1_91' title='bbox 1846 1447 1901 1495; x_wconf 91' lang='lat' dir='ltr'>et</span> <span class='ocrx_word' id='word_1_92' title='bbox 1925 1443 2089 1495; x_wconf 86' lang='lat' dir='ltr'>miles</span> <span class='ocrx_word' id='word_1_93' title='bbox 2123 1459 2135 1496; x_wconf 95' lang='lat'>:</span> <span class='ocrx_word' id='word_1_94' title='bbox 2186 1443 2478 1508; x_wconf 89' lang='lat' dir='ltr'>dominus,</span> <span class='ocrx_word' id='word_1_95' title='bbox 2525 1445 2659 1514; x_wconf 87' lang='lat' dir='ltr'>quia</span> <span class='ocrx_word' id='word_1_96' title='bbox 2692 1460 2839 1514; x_wconf 66' lang='lat' dir='ltr'>prie-</span> 
     </span>
    </p>
   </div>
   <div class='ocr_carea' id='block_1_13' title="bbox 1148 1529 2840 1602">
    <p class='ocr_par' dir='ltr' id='par_1_13' title="bbox 1148 1529 2840 1602">
     <span class='ocr_line' id='line_1_14' title="bbox 1148 1529 2840 1602; baseline 0.002 -19"><span class='ocrx_word' id='word_1_97' title='bbox 1148 1530 1324 1600; x_wconf 86' lang='lat' dir='ltr'>cepit;</span> <span class='ocrx_word' id='word_1_98' title='bbox 1396 1529 1578 1596; x_wconf 88' lang='lat' dir='ltr'>miles,</span> <span class='ocrx_word' id='word_1_99' title='bbox 1636 1530 1769 1600; x_wconf 86' lang='lat' dir='ltr'>quia</span> <span class='ocrx_word' id='word_1_100' title='bbox 1819 1531 2120 1584; x_wconf 92' lang='lat' dir='ltr'>dominum</span> <span class='ocrx_word' id='word_1_101' title='bbox 2180 1532 2308 1602; x_wconf 90' lang='lat' dir='ltr'>plus</span> <span class='ocrx_word' id='word_1_102' title='bbox 2374 1548 2545 1602; x_wconf 90' lang='lat' dir='ltr'>quam</span> <span class='ocrx_word' id='word_1_103' title='bbox 2587 1532 2840 1586; x_wconf 90' lang='lat' dir='ltr'>animam</span> 
     </span>
    </p>
   </div>
   <div class='ocr_carea' id='block_1_14' title="bbox 1150 1618 2837 1692">
    <p class='ocr_par' dir='ltr' id='par_1_14' title="bbox 1150 1618 2837 1692">
     <span class='ocr_line' id='line_1_15' title="bbox 1150 1618 2837 1692; baseline 0.001 -20"><span class='ocrx_word' id='word_1_104' title='bbox 1150 1618 1363 1672; x_wconf 85' lang='lat' dir='ltr'><strong>dilexit.</strong></span> <span class='ocrx_word' id='word_1_105' title='bbox 1391 1618 1448 1672; x_wconf 91' lang='lat' dir='ltr'>Si</span> <span class='ocrx_word' id='word_1_106' title='bbox 1477 1618 1623 1672; x_wconf 90' lang='lat' dir='ltr'>liber</span> <span class='ocrx_word' id='word_1_107' title='bbox 1650 1623 1753 1686; x_wconf 88' lang='lat' dir='ltr'>est,</span> <span class='ocrx_word' id='word_1_108' title='bbox 1788 1621 1856 1673; x_wconf 80' lang='grc'>40</span> <span class='ocrx_word' id='word_1_109' title='bbox 1901 1619 2022 1673; x_wconf 87' lang='lat' dir='ltr'>dies</span> <span class='ocrx_word' id='word_1_110' title='bbox 2071 1619 2129 1672; x_wconf 90' lang='lat' dir='ltr'>in</span> <span class='ocrx_word' id='word_1_111' title='bbox 2181 1637 2327 1690; x_wconf 86' lang='lat' dir='ltr'>pane</span> <span class='ocrx_word' id='word_1_112' title='bbox 2373 1625 2429 1674; x_wconf 90' lang='lat' dir='ltr'>et</span> <span class='ocrx_word' id='word_1_113' title='bbox 2463 1637 2613 1692; x_wconf 88' lang='lat' dir='ltr'>aqua</span> <span class='ocrx_word' id='word_1_114' title='bbox 2660 1621 2837 1692; x_wconf 76' lang='grc' dir='ltr'>ι)ωηί-</span> 
     </span>
    </p>
   </div>
   <div class='ocr_carea' id='block_1_15' title="bbox 1148 1708 2843 1780">
    <p class='ocr_par' dir='ltr' id='par_1_15' title="bbox 1148 1708 2843 1780">
     <span class='ocr_line' id='line_1_16' title="bbox 1148 1708 2843 1780; baseline 0.001 -19"><span class='ocrx_word' id='word_1_115' title='bbox 1148 1711 1283 1773; x_wconf 89' lang='lat' dir='ltr'>teat,</span> <span class='ocrx_word' id='word_1_116' title='bbox 1317 1713 1372 1760; x_wconf 91' lang='lat' dir='ltr'><strong>et</strong></span> <span class='ocrx_word' id='word_1_117' title='bbox 1398 1711 1428 1760; x_wconf 87' lang='lat'><strong>7</strong></span> <span class='ocrx_word' id='word_1_118' title='bbox 1460 1712 1762 1778; x_wconf 78' lang='lat' dir='ltr'>sequentes</span> <span class='ocrx_word' id='word_1_119' title='bbox 1793 1723 1988 1761; x_wconf 89' lang='lat' dir='ltr'>annos.</span> <span class='ocrx_word' id='word_1_120' title='bbox 2038 1708 2093 1762; x_wconf 90' lang='lat' dir='ltr'>Si</span> <span class='ocrx_word' id='word_1_121' title='bbox 2147 1724 2341 1761; x_wconf 88' lang='lat' dir='ltr'>servus</span> <span class='ocrx_word' id='word_1_122' title='bbox 2372 1714 2473 1775; x_wconf 89' lang='lat' dir='ltr'>est,</span> <span class='ocrx_word' id='word_1_123' title='bbox 2535 1714 2648 1762; x_wconf 89' lang='lat' dir='ltr'>tres</span> <span class='ocrx_word' id='word_1_124' title='bbox 2707 1726 2843 1780; x_wconf 87' lang='lat' dir='ltr'>qua-</span> 
     </span>
    </p>
   </div>
   <div class='ocr_carea' id='block_1_16' title="bbox 1149 1794 2411 1866">
    <p class='ocr_par' dir='ltr' id='par_1_16' title="bbox 1149 1794 2411 1866">
     <span class='ocr_line' id='line_1_17' title="bbox 1149 1794 2411 1866; baseline 0 -17"><span class='ocrx_word' id='word_1_125' title='bbox 1149 1794 1500 1864; x_wconf 89' lang='lat' dir='ltr'>dragesimas</span> <span class='ocrx_word' id='word_1_126' title='bbox 1531 1803 1588 1849; x_wconf 90' lang='lat' dir='ltr'>et</span> <span class='ocrx_word' id='word_1_127' title='bbox 1609 1795 1891 1864; x_wconf 86' lang='lat' dir='ltr'>legitimas</span> <span class='ocrx_word' id='word_1_128' title='bbox 1923 1797 2090 1850; x_wconf 82' lang='lat' dir='ltr'>ferias</span> <span class='ocrx_word' id='word_1_129' title='bbox 2122 1797 2411 1866; x_wconf 72' lang='lat' dir='ltr'>pmniteat.</span> 
     </span>
    </p>
   </div>
   <div class='ocr_carea' id='block_1_17' title="bbox 1221 1881 2838 1953">
    <p class='ocr_par' dir='ltr' id='par_1_17' title="bbox 1221 1881 2838 1953">
     <span class='ocr_line' id='line_1_18' title="bbox 1221 1881 2838 1953; baseline 0.001 -17"><span class='ocrx_word' id='word_1_130' title='bbox 1221 1881 1328 1952; x_wconf 73' lang='lat' dir='ltr'>(Ea:</span> <span class='ocrx_word' id='word_1_131' title='bbox 1363 1883 1602 1936; x_wconf 79' lang='lat' dir='ltr'>Decretis</span> <span class='ocrx_word' id='word_1_132' title='bbox 1631 1885 1832 1938; x_wconf 84' lang='lat' dir='ltr'>Soteris</span> <span class='ocrx_word' id='word_1_133' title='bbox 1869 1885 2065 1952; x_wconf 77' lang='lat' dir='ltr'>papae.)</span> <span class='ocrx_word' id='word_1_134' title='bbox 2116 1885 2193 1938; x_wconf 94' lang='lat' dir='ltr'>De</span> <span class='ocrx_word' id='word_1_135' title='bbox 2244 1883 2484 1937; x_wconf 89' lang='lat' dir='ltr'>incautis</span> <span class='ocrx_word' id='word_1_136' title='bbox 2537 1885 2838 1953; x_wconf 87' lang='lat' dir='ltr'>juramen-</span> 
     </span>
    </p>
   </div>
   <div class='ocr_carea' id='block_1_18' title="bbox 1151 1971 2841 2042">
    <p class='ocr_par' dir='ltr' id='par_1_18' title="bbox 1151 1971 2841 2042">
     <span class='ocr_line' id='line_1_19' title="bbox 1151 1971 2841 2042; baseline 0.002 -18"><span class='ocrx_word' id='word_1_137' title='bbox 1151 1971 1226 2024; x_wconf 86' lang='lat' dir='ltr'>tis</span> <span class='ocrx_word' id='word_1_138' title='bbox 1255 1987 1372 2024; x_wconf 94' lang='lat' dir='ltr'>non</span> <span class='ocrx_word' id='word_1_139' title='bbox 1404 1971 1769 2026; x_wconf 84' lang='lat' dir='ltr'>observandis</span> <span class='ocrx_word' id='word_1_140' title='bbox 1806 1987 1818 2024; x_wconf 93' lang='lat'>:</span> <span class='ocrx_word' id='word_1_141' title='bbox 1848 1971 1905 2026; x_wconf 90' lang='lat' dir='ltr'>Si</span> <span class='ocrx_word' id='word_1_142' title='bbox 1935 1972 2149 2042; x_wconf 90' lang='lat' dir='ltr'>aliquid</span> <span class='ocrx_word' id='word_1_143' title='bbox 2209 1971 2354 2026; x_wconf 85' lang='lat' dir='ltr'>forte</span> <span class='ocrx_word' id='word_1_144' title='bbox 2396 1989 2500 2025; x_wconf 92' lang='lat' dir='ltr'>nos</span> <span class='ocrx_word' id='word_1_145' title='bbox 2558 1973 2841 2027; x_wconf 89' lang='lat' dir='ltr'>incautius</span> 
     </span>
    </p>
   </div>
   <div class='ocr_carea' id='block_1_19' title="bbox 1144 2059 2844 2132">
    <p class='ocr_par' dir='ltr' id='par_1_19' title="bbox 1144 2059 2844 2132">
     <span class='ocr_line' id='line_1_20' title="bbox 1144 2059 2844 2132; baseline 0.002 -20"><span class='ocrx_word' id='word_1_146' title='bbox 1144 2059 1366 2130; x_wconf 88' lang='lat' dir='ltr'>jurasse</span> <span class='ocrx_word' id='word_1_147' title='bbox 1397 2059 1725 2130; x_wconf 86' lang='lat' dir='ltr'>contigerit,</span> <span class='ocrx_word' id='word_1_148' title='bbox 1765 2061 1917 2131; x_wconf 90' lang='lat' dir='ltr'>quod</span> <span class='ocrx_word' id='word_1_149' title='bbox 1950 2061 2330 2130; x_wconf 80' lang='lat' dir='ltr'>observatum,</span> <span class='ocrx_word' id='word_1_150' title='bbox 2359 2062 2615 2131; x_wconf 89' lang='lat' dir='ltr'>pejorem</span> <span class='ocrx_word' id='word_1_151' title='bbox 2649 2069 2844 2132; x_wconf 80' lang='lat' dir='ltr'>vergat</span> 
     </span>
    </p>
   </div>
   <div class='ocr_carea' id='block_1_20' title="bbox 1149 2147 2840 2215">
    <p class='ocr_par' dir='ltr' id='par_1_20' title="bbox 1149 2147 2840 2215">
     <span class='ocr_line' id='line_1_21' title="bbox 1149 2147 2840 2215; baseline 0.002 -15"><span class='ocrx_word' id='word_1_152' title='bbox 1149 2147 1209 2201; x_wconf 93' lang='lat' dir='ltr'>in</span> <span class='ocrx_word' id='word_1_153' title='bbox 1241 2148 1452 2201; x_wconf 83' lang='lat' dir='ltr'>exitum</span> <span class='ocrx_word' id='word_1_154' title='bbox 1491 2164 1503 2202; x_wconf 91' lang='lat'><strong>:</strong></span> <span class='ocrx_word' id='word_1_155' title='bbox 1533 2148 1694 2215; x_wconf 88' lang='lat' dir='ltr'>illud,</span> <span class='ocrx_word' id='word_1_156' title='bbox 1724 2149 1961 2202; x_wconf 89' lang='lat' dir='ltr'>consilio</span> <span class='ocrx_word' id='word_1_157' title='bbox 1993 2148 2308 2202; x_wconf 88' lang='lat' dir='ltr'>salubriore</span> <span class='ocrx_word' id='word_1_158' title='bbox 2352 2149 2688 2203; x_wconf 89' lang='lat' dir='ltr'>mutandum</span> <span class='ocrx_word' id='word_1_159' title='bbox 2737 2167 2840 2204; x_wconf 90' lang='lat' dir='ltr'>no-</span> 
     </span>
    </p>
   </div>
   <div class='ocr_carea' id='block_1_21' title="bbox 1151 2236 2840 2309">
    <p class='ocr_par' dir='ltr' id='par_1_21' title="bbox 1151 2236 2840 2309">
     <span class='ocr_line' id='line_1_22' title="bbox 1151 2236 2840 2309; baseline 0.001 -20"><span class='ocrx_word' id='word_1_160' title='bbox 1151 2236 1424 2302; x_wconf 86' lang='lat' dir='ltr'>verimus,</span> <span class='ocrx_word' id='word_1_161' title='bbox 1487 2253 1550 2290; x_wconf 91' lang='lat' dir='ltr'>ac</span> <span class='ocrx_word' id='word_1_162' title='bbox 1605 2237 1787 2307; x_wconf 89' lang='lat' dir='ltr'>magis</span> <span class='ocrx_word' id='word_1_163' title='bbox 1857 2238 2102 2291; x_wconf 85' lang='lat' dir='ltr'>instante</span> <span class='ocrx_word' id='word_1_164' title='bbox 2153 2239 2487 2291; x_wconf 79' lang='lat' dir='ltr'>necessitate</span> <span class='ocrx_word' id='word_1_165' title='bbox 2545 2239 2840 2309; x_wconf 88' lang='lat' dir='ltr'>perjuran-</span> 
     </span>
    </p>
   </div>
   <div class='ocr_carea' id='block_1_22' title="bbox 1152 2325 2841 2396">
    <p class='ocr_par' dir='ltr' id='par_1_22' title="bbox 1152 2325 2841 2396">
     <span class='ocr_line' id='line_1_23' title="bbox 1152 2325 2841 2396; baseline 0.001 -17"><span class='ocrx_word' id='word_1_166' title='bbox 1152 2325 1290 2379; x_wconf 92' lang='lat' dir='ltr'>dum</span> <span class='ocrx_word' id='word_1_167' title='bbox 1317 2325 1484 2378; x_wconf 92' lang='lat' dir='ltr'>nobis</span> <span class='ocrx_word' id='word_1_168' title='bbox 1517 2341 1688 2395; x_wconf 90' lang='lat' dir='ltr'>quam</span> <span class='ocrx_word' id='word_1_169' title='bbox 1720 2330 1940 2379; x_wconf 82' lang='lat' dir='ltr'>servato</span> <span class='ocrx_word' id='word_1_170' title='bbox 1965 2326 2313 2396; x_wconf 89' lang='lat' dir='ltr'>jurameuto,</span> <span class='ocrx_word' id='word_1_171' title='bbox 2346 2327 2406 2380; x_wconf 94' lang='lat' dir='ltr'>in</span> <span class='ocrx_word' id='word_1_172' title='bbox 2437 2327 2594 2381; x_wconf 89' lang='lat' dir='ltr'>aliud</span> <span class='ocrx_word' id='word_1_173' title='bbox 2625 2328 2841 2382; x_wconf 84' lang='lat' dir='ltr'>crimen</span> 
     </span>
    </p>
   </div>
   <div class='ocr_carea' id='block_1_23' title="bbox 1150 2411 1817 2480">
    <p class='ocr_par' dir='ltr' id='par_1_23' title="bbox 1150 2411 1817 2480">
     <span class='ocr_line' id='line_1_24' title="bbox 1150 2411 1817 2480; baseline 0.003 -16"><span class='ocrx_word' id='word_1_174' title='bbox 1150 2411 1336 2480; x_wconf 88' lang='lat' dir='ltr'>majus</span> <span class='ocrx_word' id='word_1_175' title='bbox 1376 2412 1817 2466; x_wconf 71' lang='lat' dir='ltr'>divertendum.“</span> 
     </span>
    </p>
   </div>
   <div class='ocr_carea' id='block_1_24' title="bbox 1226 2499 2841 2574">
    <p class='ocr_par' dir='ltr' id='par_1_24' title="bbox 1226 2499 2841 2574">
     <span class='ocr_line' id='line_1_25' title="bbox 1226 2499 2841 2574; baseline 0.003 -21"><span class='ocrx_word' id='word_1_176' title='bbox 1226 2499 1303 2569; x_wconf 94' lang='lat' dir='ltr'>(S.</span> <span class='ocrx_word' id='word_1_177' title='bbox 1337 2501 1587 2554; x_wconf 85' lang='lat' dir='ltr'>Ambros.</span> <span class='ocrx_word' id='word_1_178' title='bbox 1619 2504 1678 2554; x_wconf 86' lang='lat' dir='ltr'>in</span> <span class='ocrx_word' id='word_1_179' title='bbox 1704 2502 1797 2555; x_wconf 83' lang='lat' dir='ltr'>lib.</span> <span class='ocrx_word' id='word_1_180' title='bbox 1836 2518 1896 2555; x_wconf 84' lang='lat' dir='ltr'>ui</span> <span class='ocrx_word' id='word_1_181' title='bbox 1933 2503 2012 2555; x_wconf 91' lang='lat' dir='ltr'>De</span> <span class='ocrx_word' id='word_1_182' title='bbox 2051 2502 2223 2572; x_wconf 76' lang='lat' dir='ltr'>ofﬁc.)</span> <span class='ocrx_word' id='word_1_183' title='bbox 2264 2504 2340 2557; x_wconf 89' lang='lat' dir='ltr'>De</span> <span class='ocrx_word' id='word_1_184' title='bbox 2392 2504 2590 2556; x_wconf 91' lang='lat' dir='ltr'>eodem</span> <span class='ocrx_word' id='word_1_185' title='bbox 2627 2519 2638 2556; x_wconf 94' lang='lat'>:</span> <span class='ocrx_word' id='word_1_186' title='bbox 2683 2505 2841 2574; x_wconf 66' lang='lat' dir='ltr'>Saepe</span> 
     </span>
    </p>
   </div>
   <div class='ocr_carea' id='block_1_25' title="bbox 1153 2587 2837 2663">
    <p class='ocr_par' dir='ltr' id='par_1_25' title="bbox 1153 2587 2837 2663">
     <span class='ocr_line' id='line_1_26' title="bbox 1153 2587 2837 2663; baseline 0.004 -23"><span class='ocrx_word' id='word_1_187' title='bbox 1153 2587 1414 2658; x_wconf 87' lang='lat' dir='ltr'>plerique</span> <span class='ocrx_word' id='word_1_188' title='bbox 1441 2589 1840 2659; x_wconf 91' lang='lat' dir='ltr'>constringunt</span> <span class='ocrx_word' id='word_1_189' title='bbox 1869 2607 1927 2643; x_wconf 89' lang='lat' dir='ltr'>se</span> <span class='ocrx_word' id='word_1_190' title='bbox 1978 2589 2358 2661; x_wconf 89' lang='lat' dir='ltr'>jurisjurandi</span> <span class='ocrx_word' id='word_1_191' title='bbox 2410 2593 2717 2663; x_wconf 80' lang='lat' dir='ltr'>religione;</span> <span class='ocrx_word' id='word_1_192' title='bbox 2763 2599 2837 2660; x_wconf 92' lang='lat' dir='ltr'>et,</span> 
     </span>
    </p>
   </div>
   <div class='ocr_carea' id='block_1_26' title="bbox 1154 2676 2844 2749">
    <p class='ocr_par' dir='ltr' id='par_1_26' title="bbox 1154 2676 2844 2749">
     <span class='ocr_line' id='line_1_27' title="bbox 1154 2676 2844 2749; baseline 0.004 -22"><span class='ocrx_word' id='word_1_193' title='bbox 1154 2689 1283 2728; x_wconf 90' lang='lat' dir='ltr'>cum</span> <span class='ocrx_word' id='word_1_194' title='bbox 1314 2676 1422 2744; x_wconf 90' lang='lat' dir='ltr'>ipsi</span> <span class='ocrx_word' id='word_1_195' title='bbox 1455 2678 1841 2747; x_wconf 84' lang='lat' dir='ltr'>cognoverint,</span> <span class='ocrx_word' id='word_1_196' title='bbox 1875 2679 2328 2749; x_wconf 87' lang='lat' dir='ltr'>promittendum</span> <span class='ocrx_word' id='word_1_197' title='bbox 2380 2697 2496 2734; x_wconf 93' lang='lat' dir='ltr'>non</span> <span class='ocrx_word' id='word_1_198' title='bbox 2542 2681 2714 2734; x_wconf 89' lang='lat' dir='ltr'>fuisse</span> <span class='ocrx_word' id='word_1_199' title='bbox 2762 2699 2844 2734; x_wconf 89' lang='lat' dir='ltr'>sa-</span> 
     </span>
    </p>
   </div>
   <div class='ocr_carea' id='block_1_27' title="bbox 1156 2765 2842 2839">
    <p class='ocr_par' dir='ltr' id='par_1_27' title="bbox 1156 2765 2842 2839">
     <span class='ocr_line' id='line_1_28' title="bbox 1156 2765 2842 2839; baseline 0.004 -24"><span class='ocrx_word' id='word_1_200' title='bbox 1156 2765 1433 2816; x_wconf 90' lang='lat' dir='ltr'>cramenti</span> <span class='ocrx_word' id='word_1_201' title='bbox 1458 2770 1648 2818; x_wconf 87' lang='lat' dir='ltr'>tamen</span> <span class='ocrx_word' id='word_1_202' title='bbox 1703 2768 2186 2837; x_wconf 84' lang='lat' dir='ltr'>contemplatione</span> <span class='ocrx_word' id='word_1_203' title='bbox 2241 2769 2448 2822; x_wconf 90' lang='lat' dir='ltr'>faciant</span> <span class='ocrx_word' id='word_1_204' title='bbox 2505 2770 2658 2839; x_wconf 91' lang='lat' dir='ltr'>quod</span> <span class='ocrx_word' id='word_1_205' title='bbox 2715 2786 2842 2839; x_wconf 89' lang='lat' dir='ltr'>spo-</span> 
     </span>
    </p>
   </div>
   <div class='ocr_carea' id='block_1_28' title="bbox 1154 2852 2842 2928">
    <p class='ocr_par' dir='ltr' id='par_1_28' title="bbox 1154 2852 2842 2928">
     <span class='ocr_line' id='line_1_29' title="bbox 1154 2852 2842 2928; baseline 0.004 -23"><span class='ocrx_word' id='word_1_206' title='bbox 1154 2852 1508 2922; x_wconf 89' lang='lat' dir='ltr'>ponderunt;</span> <span class='ocrx_word' id='word_1_207' title='bbox 1542 2853 1688 2908; x_wconf 90' lang='lat' dir='ltr'>sicut</span> <span class='ocrx_word' id='word_1_208' title='bbox 1735 2855 1802 2908; x_wconf 91' lang='lat' dir='ltr'>de</span> <span class='ocrx_word' id='word_1_209' title='bbox 1854 2856 2075 2910; x_wconf 84' lang='lat' dir='ltr'>Herode</span> <span class='ocrx_word' id='word_1_210' title='bbox 2107 2873 2277 2925; x_wconf 88' lang='lat' dir='ltr'>supra</span> <span class='ocrx_word' id='word_1_211' title='bbox 2338 2858 2687 2927; x_wconf 88' lang='lat' dir='ltr'>scripsimus,</span> <span class='ocrx_word' id='word_1_212' title='bbox 2743 2858 2842 2928; x_wconf 89' lang='lat' dir='ltr'>qui</span> 
     </span>
    </p>
   </div>
   <div class='ocr_carea' id='block_1_29' title="bbox 1154 2940 2839 3014">
    <p class='ocr_par' dir='ltr' id='par_1_29' title="bbox 1154 2940 2839 3014">
     <span class='ocr_line' id='line_1_30' title="bbox 1154 2940 2839 3014; baseline 0.004 -22"><span class='ocrx_word' id='word_1_213' title='bbox 1154 2940 1429 2994; x_wconf 89' lang='lat' dir='ltr'>saltatrici</span> <span class='ocrx_word' id='word_1_214' title='bbox 1457 2942 1759 3011; x_wconf 66' lang='lat' dir='ltr'>praemium</span> <span class='ocrx_word' id='word_1_215' title='bbox 1789 2943 2037 3013; x_wconf 89' lang='lat' dir='ltr'>turpiter</span> <span class='ocrx_word' id='word_1_216' title='bbox 2063 2945 2344 3014; x_wconf 81' lang='lat' dir='ltr'>promisit,</span> <span class='ocrx_word' id='word_1_217' title='bbox 2389 2946 2699 2999; x_wconf 91' lang='lat' dir='ltr'>crudeliter</span> <span class='ocrx_word' id='word_1_218' title='bbox 2730 2948 2839 2999; x_wconf 84' lang='lat' dir='ltr'>sol-</span> 
     </span>
    </p>
   </div>
   <div class='ocr_carea' id='block_1_30' title="bbox 1152 3028 2838 3103">
    <p class='ocr_par' dir='ltr' id='par_1_30' title="bbox 1152 3028 2838 3103">
     <span class='ocr_line' id='line_1_31' title="bbox 1152 3028 2838 3103; baseline 0.003 -22"><span class='ocrx_word' id='word_1_219' title='bbox 1152 3028 1231 3081; x_wconf 86' lang='lat' dir='ltr'>vit</span> <span class='ocrx_word' id='word_1_220' title='bbox 1258 3045 1270 3082; x_wconf 91' lang='lat'><strong>:</strong></span> <span class='ocrx_word' id='word_1_221' title='bbox 1302 3032 1489 3099; x_wconf 88' lang='lat' dir='ltr'>turpe,</span> <span class='ocrx_word' id='word_1_222' title='bbox 1524 3030 1678 3099; x_wconf 90' lang='lat' dir='ltr'>quod</span> <span class='ocrx_word' id='word_1_223' title='bbox 1713 3047 1956 3100; x_wconf 88' lang='lat' dir='ltr'>regnum</span> <span class='ocrx_word' id='word_1_224' title='bbox 1986 3048 2092 3101; x_wconf 92' lang='lat' dir='ltr'>pro</span> <span class='ocrx_word' id='word_1_225' title='bbox 2116 3033 2417 3086; x_wconf 88' lang='lat' dir='ltr'>saltatione</span> <span class='ocrx_word' id='word_1_226' title='bbox 2452 3034 2838 3103; x_wconf 90' lang='lat' dir='ltr'>promittitur;</span> 
     </span>
    </p>
   </div>
   <div class='ocr_carea' id='block_1_31' title="bbox 1152 3117 2841 3192">
    <p class='ocr_par' dir='ltr' id='par_1_31' title="bbox 1152 3117 2841 3192">
     <span class='ocr_line' id='line_1_32' title="bbox 1152 3117 2841 3192; baseline 0.002 -22"><span class='ocrx_word' id='word_1_227' title='bbox 1152 3117 1405 3183; x_wconf 91' lang='lat' dir='ltr'>crudele,</span> <span class='ocrx_word' id='word_1_228' title='bbox 1440 3119 1592 3188; x_wconf 89' lang='lat' dir='ltr'>quod</span> <span class='ocrx_word' id='word_1_229' title='bbox 1626 3135 1782 3172; x_wconf 89' lang='lat' dir='ltr'>mors</span> <span class='ocrx_word' id='word_1_230' title='bbox 1810 3120 2110 3189; x_wconf 49' lang='lat' dir='ltr'>propheta).</span> <span class='ocrx_word' id='word_1_231' title='bbox 2158 3137 2263 3190; x_wconf 91' lang='lat' dir='ltr'>pro</span> <span class='ocrx_word' id='word_1_232' title='bbox 2298 3122 2676 3192; x_wconf 84' lang='lat' dir='ltr'>jurisjurandi</span> <span class='ocrx_word' id='word_1_233' title='bbox 2715 3124 2841 3175; x_wconf 88' lang='lat' dir='ltr'>reli-</span> 
     </span>
    </p>
   </div>
   <div class='ocr_carea' id='block_1_32' title="bbox 1951 518 3822 576">
    <p class='ocr_par' dir='ltr' id='par_1_32' title="bbox 1951 518 3822 576">
     <span class='ocr_line' id='line_1_33' title="bbox 1951 518 3822 576; baseline 0.001 -2"><span class='ocrx_word' id='word_1_234' title='bbox 1951 518 2299 576; x_wconf 81' lang='lat' dir='ltr'>APPENDIX</span> <span class='ocrx_word' id='word_1_235' title='bbox 2338 522 2426 576; x_wconf 84' lang='lat' dir='ltr'>AD</span> <span class='ocrx_word' id='word_1_236' title='bbox 2465 520 2970 576; x_wconf 79' lang='lat' dir='ltr'>BURCHARDUM.</span> <span class='ocrx_word' id='word_1_237' title='bbox 3011 549 3078 561; x_wconf 90' lang='lat'><strong>—</strong></span> <span class='ocrx_word' id='word_1_238' title='bbox 3117 521 3428 576; x_wconf 77' lang='lat' dir='ltr'>STATUTA</span> <span class='ocrx_word' id='word_1_239' title='bbox 3467 518 3822 576; x_wconf 75' lang='lat' dir='ltr'>CANONUM.</span> 
     </span>
    </p>
   </div>
   <div class='ocr_carea' id='block_1_33' title="bbox 4513 523 4640 576">
    <p class='ocr_par' dir='ltr' id='par_1_33' title="bbox 4513 523 4640 576">
     <span class='ocr_line' id='line_1_34' title="bbox 4513 523 4640 576; baseline -0.016 0"><span class='ocrx_word' id='word_1_240' title='bbox 4513 523 4640 576; x_wconf 65' lang='grc'>1084</span> 
     </span>
    </p>
   </div>
   <div class='ocr_carea' id='block_1_34' title="bbox 2957 732 4647 802">
    <p class='ocr_par' dir='ltr' id='par_1_34' title="bbox 2957 732 4647 802">
     <span class='ocr_line' id='line_1_35' title="bbox 2957 732 4647 802; baseline -0.001 -13"><span class='ocrx_word' id='word_1_241' title='bbox 2957 734 3248 789; x_wconf 88' lang='lat' dir='ltr'>Dominus.</span> <span class='ocrx_word' id='word_1_242' title='bbox 3276 733 3483 787; x_wconf 80' lang='lat' dir='ltr'>Malum</span> <span class='ocrx_word' id='word_1_243' title='bbox 3515 737 3730 798; x_wconf 90' lang='lat' dir='ltr'>tamen,</span> <span class='ocrx_word' id='word_1_244' title='bbox 3787 732 3942 802; x_wconf 90' lang='lat' dir='ltr'>quod</span> <span class='ocrx_word' id='word_1_245' title='bbox 3997 732 4283 786; x_wconf 82' lang='lat' dir='ltr'>facturum</span> <span class='ocrx_word' id='word_1_246' title='bbox 4344 749 4404 786; x_wconf 90' lang='lat' dir='ltr'>se</span> <span class='ocrx_word' id='word_1_247' title='bbox 4470 749 4647 787; x_wconf 88' lang='lat' dir='ltr'>sacra-</span> 
     </span>
    </p>
   </div>
   <div class='ocr_carea' id='block_1_35' title="bbox 2951 820 4646 892">
    <p class='ocr_par' dir='ltr' id='par_1_35' title="bbox 2951 820 4646 892">
     <span class='ocr_line' id='line_1_36' title="bbox 2951 820 4646 892; baseline -0.001 -16"><span class='ocrx_word' id='word_1_248' title='bbox 2951 827 3144 876; x_wconf 90' lang='lat' dir='ltr'>mento</span> <span class='ocrx_word' id='word_1_249' title='bbox 3175 822 3498 886; x_wconf 87' lang='lat' dir='ltr'>devoverat,</span> <span class='ocrx_word' id='word_1_250' title='bbox 3561 820 3799 874; x_wconf 92' lang='lat' dir='ltr'>omnino</span> <span class='ocrx_word' id='word_1_251' title='bbox 3858 836 3976 875; x_wconf 92' lang='lat' dir='ltr'>non</span> <span class='ocrx_word' id='word_1_252' title='bbox 4029 820 4237 887; x_wconf 81' lang='lat' dir='ltr'>faciat;</span> <span class='ocrx_word' id='word_1_253' title='bbox 4290 822 4428 892; x_wconf 89' lang='lat' dir='ltr'>quia</span> <span class='ocrx_word' id='word_1_254' title='bbox 4481 821 4646 876; x_wconf 89' lang='lat' dir='ltr'>stulta</span> 
     </span>
    </p>
   </div>
   <div class='ocr_carea' id='block_1_36' title="bbox 2953 910 3608 980">
    <p class='ocr_par' dir='ltr' id='par_1_36' title="bbox 2953 910 3608 980">
     <span class='ocr_line' id='line_1_37' title="bbox 2953 910 3608 980; baseline -0.005 -15"><span class='ocrx_word' id='word_1_255' title='bbox 2953 917 3083 965; x_wconf 87' lang='lat' dir='ltr'>vota</span> <span class='ocrx_word' id='word_1_256' title='bbox 3113 916 3243 963; x_wconf 90' lang='lat' dir='ltr'>sunt</span> <span class='ocrx_word' id='word_1_257' title='bbox 3271 910 3608 980; x_wconf 89' lang='lat' dir='ltr'>frangenda.</span> 
     </span>
    </p>
   </div>
   <div class='ocr_carea' id='block_1_37' title="bbox 3023 997 4644 1068">
    <p class='ocr_par' dir='ltr' id='par_1_37' title="bbox 3023 997 4644 1068">
     <span class='ocr_line' id='line_1_38' title="bbox 3023 997 4644 1068; baseline -0.001 -14"><span class='ocrx_word' id='word_1_258' title='bbox 3023 1001 3096 1066; x_wconf 84' lang='lat' dir='ltr'>(S.</span> <span class='ocrx_word' id='word_1_259' title='bbox 3123 999 3406 1068; x_wconf 78' lang='lat' dir='ltr'>Isidorus.)</span> <span class='ocrx_word' id='word_1_260' title='bbox 3457 999 3614 1062; x_wconf 84' lang='lat' dir='ltr'>Quod</span> <span class='ocrx_word' id='word_1_261' title='bbox 3650 999 3796 1051; x_wconf 88' lang='lat' dir='ltr'>Deus</span> <span class='ocrx_word' id='word_1_262' title='bbox 3858 997 3937 1050; x_wconf 91' lang='lat' dir='ltr'>ita</span> <span class='ocrx_word' id='word_1_263' title='bbox 3983 997 4191 1051; x_wconf 89' lang='lat' dir='ltr'>habeat</span> <span class='ocrx_word' id='word_1_264' title='bbox 4232 998 4644 1067; x_wconf 89' lang='lat' dir='ltr'>juramentum,</span> 
     </span>
    </p>
   </div>
   <div class='ocr_carea' id='block_1_38' title="bbox 2949 1085 4644 1158">
    <p class='ocr_par' dir='ltr' id='par_1_38' title="bbox 2949 1085 4644 1158">
     <span class='ocr_line' id='line_1_39' title="bbox 2949 1085 4644 1158; baseline 0 -18"><span class='ocrx_word' id='word_1_265' title='bbox 2949 1092 3014 1141; x_wconf 89' lang='lat' dir='ltr'>ut</span> <span class='ocrx_word' id='word_1_266' title='bbox 3036 1088 3151 1148; x_wconf 89' lang='lat' dir='ltr'>ille,</span> <span class='ocrx_word' id='word_1_267' title='bbox 3184 1088 3275 1141; x_wconf 91' lang='lat' dir='ltr'>cui</span> <span class='ocrx_word' id='word_1_268' title='bbox 3299 1089 3530 1158; x_wconf 89' lang='lat' dir='ltr'>juratur</span> <span class='ocrx_word' id='word_1_269' title='bbox 3561 1103 3574 1140; x_wconf 90' lang='lat'>:</span> <span class='ocrx_word' id='word_1_270' title='bbox 3604 1086 3956 1156; x_wconf 91' lang='lat' dir='ltr'>Quacunque</span> <span class='ocrx_word' id='word_1_271' title='bbox 3980 1085 4121 1139; x_wconf 67' lang='lat' dir='ltr'>farto</span> <span class='ocrx_word' id='word_1_272' title='bbox 4178 1086 4484 1140; x_wconf 89' lang='lat' dir='ltr'>verborum</span> <span class='ocrx_word' id='word_1_273' title='bbox 4520 1087 4644 1157; x_wconf 88' lang='lat' dir='ltr'>quis</span> 
     </span>
    </p>
   </div>
   <div class='ocr_carea' id='block_1_39' title="bbox 2945 1173 4642 1246">
    <p class='ocr_par' dir='ltr' id='par_1_39' title="bbox 2945 1173 4642 1246">
     <span class='ocr_line' id='line_1_40' title="bbox 2945 1173 4642 1246; baseline 0 -18"><span class='ocrx_word' id='word_1_274' title='bbox 2945 1177 3118 1246; x_wconf 91' lang='lat' dir='ltr'>juret,</span> <span class='ocrx_word' id='word_1_275' title='bbox 3159 1177 3303 1229; x_wconf 88' lang='lat' dir='ltr'>Deus</span> <span class='ocrx_word' id='word_1_276' title='bbox 3354 1181 3568 1240; x_wconf 90' lang='lat' dir='ltr'>tamen,</span> <span class='ocrx_word' id='word_1_277' title='bbox 3629 1175 3728 1245; x_wconf 90' lang='lat' dir='ltr'>qui</span> <span class='ocrx_word' id='word_1_278' title='bbox 3794 1173 4159 1228; x_wconf 64' lang='lat' dir='ltr'>conscientias</span> <span class='ocrx_word' id='word_1_279' title='bbox 4216 1175 4378 1228; x_wconf 85' lang='lat' dir='ltr'>testis</span> <span class='ocrx_word' id='word_1_280' title='bbox 4427 1181 4532 1242; x_wconf 91' lang='lat' dir='ltr'>est,</span> <span class='ocrx_word' id='word_1_281' title='bbox 4573 1177 4642 1228; x_wconf 89' lang='lat' dir='ltr'>ita</span> 
     </span>
    </p>
   </div>
   <div class='ocr_carea' id='block_1_40' title="bbox 2949 1263 4644 1336">
    <p class='ocr_par' dir='ltr' id='par_1_40' title="bbox 2949 1263 4644 1336">
     <span class='ocr_line' id='line_1_41' title="bbox 2949 1263 4644 1336; baseline -0.001 -18"><span class='ocrx_word' id='word_1_282' title='bbox 2949 1266 3054 1318; x_wconf 89' lang='lat' dir='ltr'>hoc</span> <span class='ocrx_word' id='word_1_283' title='bbox 3085 1265 3305 1336; x_wconf 90' lang='lat' dir='ltr'>accipit,</span> <span class='ocrx_word' id='word_1_284' title='bbox 3335 1264 3480 1318; x_wconf 90' lang='lat' dir='ltr'>sicut</span> <span class='ocrx_word' id='word_1_285' title='bbox 3512 1265 3607 1317; x_wconf 94' lang='lat' dir='ltr'>ille</span> <span class='ocrx_word' id='word_1_286' title='bbox 3646 1263 3737 1316; x_wconf 93' lang='lat' dir='ltr'>cui</span> <span class='ocrx_word' id='word_1_287' title='bbox 3771 1263 4039 1333; x_wconf 88' lang='lat' dir='ltr'>juratur;</span> <span class='ocrx_word' id='word_1_288' title='bbox 4097 1263 4407 1334; x_wconf 89' lang='lat' dir='ltr'>dupliciter</span> <span class='ocrx_word' id='word_1_289' title='bbox 4458 1269 4644 1318; x_wconf 90' lang='lat' dir='ltr'>autem</span> 
     </span>
    </p>
   </div>
   <div class='ocr_carea' id='block_1_41' title="bbox 2953 1351 4648 1423">
    <p class='ocr_par' dir='ltr' id='par_1_41' title="bbox 2953 1351 4648 1423">
     <span class='ocr_line' id='line_1_42' title="bbox 2953 1351 4648 1423; baseline 0.001 -18"><span class='ocrx_word' id='word_1_290' title='bbox 2953 1368 3080 1407; x_wconf 89' lang='lat' dir='ltr'>reus</span> <span class='ocrx_word' id='word_1_291' title='bbox 3111 1354 3237 1418; x_wconf 92' lang='lat' dir='ltr'>erit,</span> <span class='ocrx_word' id='word_1_292' title='bbox 3274 1352 3408 1423; x_wconf 88' lang='lat' dir='ltr'>quia</span> <span class='ocrx_word' id='word_1_293' title='bbox 3439 1358 3495 1406; x_wconf 94' lang='lat' dir='ltr'>et</span> <span class='ocrx_word' id='word_1_294' title='bbox 3527 1352 3627 1405; x_wconf 89' lang='lat' dir='ltr'>Dei</span> <span class='ocrx_word' id='word_1_295' title='bbox 3658 1367 3872 1406; x_wconf 82' lang='lat' dir='ltr'>nomen</span> <span class='ocrx_word' id='word_1_296' title='bbox 3913 1351 3973 1404; x_wconf 92' lang='lat' dir='ltr'>in</span> <span class='ocrx_word' id='word_1_297' title='bbox 4028 1367 4240 1406; x_wconf 89' lang='lat' dir='ltr'>vanum</span> <span class='ocrx_word' id='word_1_298' title='bbox 4296 1353 4560 1420; x_wconf 84' lang='lat' dir='ltr'>assumit,</span> <span class='ocrx_word' id='word_1_299' title='bbox 4594 1360 4648 1406; x_wconf 90' lang='lat' dir='ltr'>et</span> 
     </span>
    </p>
   </div>
   <div class='ocr_carea' id='block_1_42' title="bbox 2949 1440 3641 1512">
    <p class='ocr_par' dir='ltr' id='par_1_42' title="bbox 2949 1440 3641 1512">
     <span class='ocr_line' id='line_1_43' title="bbox 2949 1440 3641 1512; baseline -0.001 -18"><span class='ocrx_word' id='word_1_300' title='bbox 2949 1442 3279 1512; x_wconf 89' lang='lat' dir='ltr'>proximum</span> <span class='ocrx_word' id='word_1_301' title='bbox 3310 1440 3441 1494; x_wconf 92' lang='lat' dir='ltr'>dolo</span> <span class='ocrx_word' id='word_1_302' title='bbox 3474 1440 3641 1509; x_wconf 89' lang='lat' dir='ltr'>capit.</span> 
     </span>
    </p>
   </div>
   <div class='ocr_carea' id='block_1_43' title="bbox 3022 1528 4644 1600">
    <p class='ocr_par' dir='ltr' id='par_1_43' title="bbox 3022 1528 4644 1600">
     <span class='ocr_line' id='line_1_44' title="bbox 3022 1528 4644 1600; baseline -0.001 -16"><span class='ocrx_word' id='word_1_303' title='bbox 3022 1531 3139 1600; x_wconf 78' lang='lat' dir='ltr'>(Er</span> <span class='ocrx_word' id='word_1_304' title='bbox 3171 1532 3359 1584; x_wconf 86' lang='lat' dir='ltr'>concil.</span> <span class='ocrx_word' id='word_1_305' title='bbox 3410 1531 3725 1596; x_wconf 63' lang='lat' dir='ltr'>Aureliam,</span> <span class='ocrx_word' id='word_1_306' title='bbox 3781 1545 3901 1598; x_wconf 84' lang='lat' dir='ltr'>cap.</span> <span class='ocrx_word' id='word_1_307' title='bbox 3967 1530 4072 1596; x_wconf 76' lang='lat'>10.)</span> <span class='ocrx_word' id='word_1_308' title='bbox 4121 1528 4237 1582; x_wconf 79' lang='lat' dir='ltr'>Nisi</span> <span class='ocrx_word' id='word_1_309' title='bbox 4296 1545 4403 1598; x_wconf 88' lang='lat' dir='ltr'>pro</span> <span class='ocrx_word' id='word_1_310' title='bbox 4468 1544 4644 1598; x_wconf 87' lang='lat' dir='ltr'>pace:</span> 
     </span>
    </p>
   </div>
   <div class='ocr_carea' id='block_1_44' title="bbox 2953 1617 4653 1688">
    <p class='ocr_par' dir='ltr' id='par_1_44' title="bbox 2953 1617 4653 1688">
     <span class='ocr_line' id='line_1_45' title="bbox 2953 1617 4653 1688; baseline -0.001 -16"><span class='ocrx_word' id='word_1_311' title='bbox 2953 1620 3015 1672; x_wconf 86' lang='lat' dir='ltr'>Et</span> <span class='ocrx_word' id='word_1_312' title='bbox 3043 1619 3148 1672; x_wconf 91' lang='lat' dir='ltr'>hoc</span> <span class='ocrx_word' id='word_1_313' title='bbox 3201 1623 3395 1672; x_wconf 91' lang='lat' dir='ltr'>sancta</span> <span class='ocrx_word' id='word_1_314' title='bbox 3451 1618 3702 1688; x_wconf 89' lang='lat' dir='ltr'>synodus</span> <span class='ocrx_word' id='word_1_315' title='bbox 3753 1617 4019 1683; x_wconf 85' lang='lat' dir='ltr'>decrevit,</span> <span class='ocrx_word' id='word_1_316' title='bbox 4087 1617 4196 1670; x_wconf 77' lang='lat' dir='ltr'>nisi</span> <span class='ocrx_word' id='word_1_317' title='bbox 4246 1634 4350 1688; x_wconf 92' lang='lat' dir='ltr'>pro</span> <span class='ocrx_word' id='word_1_318' title='bbox 4407 1633 4547 1688; x_wconf 89' lang='lat' dir='ltr'>pace</span> <span class='ocrx_word' id='word_1_319' title='bbox 4579 1618 4653 1670; x_wconf 87' lang='lat' dir='ltr'>fa-</span> 
     </span>
    </p>
   </div>
   <div class='ocr_carea' id='block_1_45' title="bbox 2949 1705 4652 1775">
    <p class='ocr_par' dir='ltr' id='par_1_45' title="bbox 2949 1705 4652 1775">
     <span class='ocr_line' id='line_1_46' title="bbox 2949 1705 4652 1775; baseline -0.002 -15"><span class='ocrx_word' id='word_1_320' title='bbox 2949 1709 3166 1772; x_wconf 92' lang='lat' dir='ltr'>cienda,</span> <span class='ocrx_word' id='word_1_321' title='bbox 3204 1712 3268 1760; x_wconf 91' lang='lat' dir='ltr'>ut</span> <span class='ocrx_word' id='word_1_322' title='bbox 3323 1723 3522 1760; x_wconf 90' lang='lat' dir='ltr'>omnes</span> <span class='ocrx_word' id='word_1_323' title='bbox 3566 1706 3760 1759; x_wconf 81' lang='lat' dir='ltr'>fideles</span> <span class='ocrx_word' id='word_1_324' title='bbox 3808 1705 3996 1775; x_wconf 84' lang='lat' dir='ltr'>jejuni</span> <span class='ocrx_word' id='word_1_325' title='bbox 4027 1705 4096 1759; x_wconf 91' lang='lat' dir='ltr'>ad</span> <span class='ocrx_word' id='word_1_326' title='bbox 4141 1711 4508 1760; x_wconf 88' lang='lat' dir='ltr'>sacramenta</span> <span class='ocrx_word' id='word_1_327' title='bbox 4564 1721 4652 1757; x_wconf 76' lang='lat' dir='ltr'>ac-</span> 
     </span>
    </p>
   </div>
   <div class='ocr_carea' id='block_1_46' title="bbox 2949 1797 3173 1850">
    <p class='ocr_par' dir='ltr' id='par_1_46' title="bbox 2949 1797 3173 1850">
     <span class='ocr_line' id='line_1_47' title="bbox 2949 1797 3173 1850; baseline 0.004 -1"><span class='ocrx_word' id='word_1_328' title='bbox 2949 1797 3173 1850; x_wconf 92' lang='lat' dir='ltr'>cedant.</span> 
     </span>
    </p>
   </div>
   <div class='ocr_carea' id='block_1_47' title="bbox 3024 1881 4658 1954">
    <p class='ocr_par' dir='ltr' id='par_1_47' title="bbox 3024 1881 4658 1954">
     <span class='ocr_line' id='line_1_48' title="bbox 3024 1881 4658 1954; baseline -0.002 -14"><span class='ocrx_word' id='word_1_329' title='bbox 3024 1887 3128 1954; x_wconf 81' lang='lat' dir='ltr'>(Ea.-</span> <span class='ocrx_word' id='word_1_330' title='bbox 3159 1885 3344 1938; x_wconf 83' lang='lat' dir='ltr'>concil.</span> <span class='ocrx_word' id='word_1_331' title='bbox 3377 1885 3698 1951; x_wconf 66' lang='lat' dir='ltr'>Aureliam,</span> <span class='ocrx_word' id='word_1_332' title='bbox 3734 1899 3854 1952; x_wconf 87' lang='lat' dir='ltr'>cap.</span> <span class='ocrx_word' id='word_1_333' title='bbox 3890 1882 3967 1951; x_wconf 81' lang='lat'>2.)</span> <span class='ocrx_word' id='word_1_334' title='bbox 4001 1881 4339 1936; x_wconf 84' lang='lat' dir='ltr'>Juramenta</span> <span class='ocrx_word' id='word_1_335' title='bbox 4401 1882 4512 1936; x_wconf 86' lang='lat' dir='ltr'>ﬁlii</span> <span class='ocrx_word' id='word_1_336' title='bbox 4563 1889 4658 1936; x_wconf 90' lang='lat' dir='ltr'>aut</span> 
     </span>
    </p>
   </div>
   <div class='ocr_carea' id='block_1_48' title="bbox 2953 1970 4658 2040">
    <p class='ocr_par' dir='ltr' id='par_1_48' title="bbox 2953 1970 4658 2040">
     <span class='ocr_line' id='line_1_49' title="bbox 2953 1970 4658 2040; baseline -0.002 -13"><span class='ocrx_word' id='word_1_337' title='bbox 2953 1974 3086 2028; x_wconf 71' lang='lat' dir='ltr'>tiliae</span> <span class='ocrx_word' id='word_1_338' title='bbox 3147 1972 3434 2026; x_wconf 84' lang='lat' dir='ltr'>nesciente</span> <span class='ocrx_word' id='word_1_339' title='bbox 3493 1977 3674 2040; x_wconf 90' lang='lat' dir='ltr'>patre,</span> <span class='ocrx_word' id='word_1_340' title='bbox 3732 1977 3789 2024; x_wconf 89' lang='lat' dir='ltr'>et</span> <span class='ocrx_word' id='word_1_341' title='bbox 3852 1975 3980 2024; x_wconf 84' lang='lat' dir='ltr'>vota</span> <span class='ocrx_word' id='word_1_342' title='bbox 4035 1970 4303 2024; x_wconf 86' lang='lat' dir='ltr'>monachi</span> <span class='ocrx_word' id='word_1_343' title='bbox 4359 1971 4658 2025; x_wconf 88' lang='lat' dir='ltr'>nesciente</span> 
     </span>
    </p>
   </div>
   <div class='ocr_carea' id='block_1_49' title="bbox 2951 2059 4200 2131">
    <p class='ocr_par' dir='ltr' id='par_1_49' title="bbox 2951 2059 4200 2131">
     <span class='ocr_line' id='line_1_50' title="bbox 2951 2059 4200 2131; baseline -0.003 -14"><span class='ocrx_word' id='word_1_344' title='bbox 2951 2064 3176 2124; x_wconf 87' lang='lat' dir='ltr'>abbate,</span> <span class='ocrx_word' id='word_1_345' title='bbox 3205 2068 3258 2115; x_wconf 91' lang='lat' dir='ltr'><strong>et</strong></span> <span class='ocrx_word' id='word_1_346' title='bbox 3284 2062 3610 2131; x_wconf 89' lang='lat' dir='ltr'>juramenta</span> <span class='ocrx_word' id='word_1_347' title='bbox 3639 2060 3826 2129; x_wconf 90' lang='lat' dir='ltr'>pueri,</span> <span class='ocrx_word' id='word_1_348' title='bbox 3860 2059 4020 2114; x_wconf 90' lang='lat' dir='ltr'>irrita</span> <span class='ocrx_word' id='word_1_349' title='bbox 4051 2064 4200 2113; x_wconf 91' lang='lat' dir='ltr'>sunt.</span> 
     </span>
    </p>
   </div>
   <div class='ocr_carea' id='block_1_50' title="bbox 3025 2148 4664 2219">
    <p class='ocr_par' dir='ltr' id='par_1_50' title="bbox 3025 2148 4664 2219">
     <span class='ocr_line' id='line_1_51' title="bbox 3025 2148 4664 2219; baseline -0.003 -14"><span class='ocrx_word' id='word_1_350' title='bbox 3025 2153 3101 2205; x_wconf 94' lang='lat' dir='ltr'>De</span> <span class='ocrx_word' id='word_1_351' title='bbox 3137 2150 3308 2203; x_wconf 89' lang='lat' dir='ltr'>irritis</span> <span class='ocrx_word' id='word_1_352' title='bbox 3334 2148 3692 2219; x_wconf 88' lang='lat' dir='ltr'>&#39;juramentis</span> <span class='ocrx_word' id='word_1_353' title='bbox 3727 2164 3740 2202; x_wconf 89' lang='lat'><strong>:</strong></span> <span class='ocrx_word' id='word_1_354' title='bbox 3800 2148 3868 2201; x_wconf 92' lang='lat' dir='ltr'>Ut</span> <span class='ocrx_word' id='word_1_355' title='bbox 3918 2148 4085 2218; x_wconf 91' lang='lat' dir='ltr'>pueri</span> <span class='ocrx_word' id='word_1_356' title='bbox 4121 2152 4254 2201; x_wconf 89' lang='lat' dir='ltr'>ante</span> <span class='ocrx_word' id='word_1_357' title='bbox 4298 2148 4664 2217; x_wconf 88' lang='lat' dir='ltr'>quatuorde-</span> 
     </span>
    </p>
   </div>
   <div class='ocr_carea' id='block_1_51' title="bbox 2951 2235 4663 2306">
    <p class='ocr_par' dir='ltr' id='par_1_51' title="bbox 2951 2235 4663 2306">
     <span class='ocr_line' id='line_1_52' title="bbox 2951 2235 4663 2306; baseline -0.001 -15"><span class='ocrx_word' id='word_1_358' title='bbox 2951 2240 3061 2291; x_wconf 91' lang='lat' dir='ltr'>cim</span> <span class='ocrx_word' id='word_1_359' title='bbox 3095 2254 3272 2290; x_wconf 90' lang='lat' dir='ltr'>annos</span> <span class='ocrx_word' id='word_1_360' title='bbox 3296 2253 3408 2290; x_wconf 84' lang='lat' dir='ltr'>non</span> <span class='ocrx_word' id='word_1_361' title='bbox 3437 2241 3712 2304; x_wconf 85' lang='lat' dir='ltr'>cogantur</span> <span class='ocrx_word' id='word_1_362' title='bbox 3735 2236 3950 2306; x_wconf 88' lang='lat' dir='ltr'>jurare.</span> <span class='ocrx_word' id='word_1_363' title='bbox 3990 2235 4096 2300; x_wconf 88' lang='lat' dir='ltr'>Qui</span> <span class='ocrx_word' id='word_1_364' title='bbox 4130 2236 4423 2306; x_wconf 89' lang='lat' dir='ltr'>acceperit</span> <span class='ocrx_word' id='word_1_365' title='bbox 4483 2237 4663 2290; x_wconf 88' lang='lat' dir='ltr'>sacri-</span> 
     </span>
    </p>
   </div>
   <div class='ocr_carea' id='block_1_52' title="bbox 2953 2321 4666 2391">
    <p class='ocr_par' dir='ltr' id='par_1_52' title="bbox 2953 2321 4666 2391">
     <span class='ocr_line' id='line_1_53' title="bbox 2953 2321 4666 2391; baseline -0.001 -16"><span class='ocrx_word' id='word_1_366' title='bbox 2953 2323 3145 2376; x_wconf 84' lang='lat' dir='ltr'>ficium</span> <span class='ocrx_word' id='word_1_367' title='bbox 3175 2328 3299 2390; x_wconf 91' lang='lat' dir='ltr'>post</span> <span class='ocrx_word' id='word_1_368' title='bbox 3345 2322 3534 2374; x_wconf 90' lang='lat' dir='ltr'>cibum</span> <span class='ocrx_word' id='word_1_369' title='bbox 3594 2325 3692 2374; x_wconf 90' lang='lat' dir='ltr'>aut</span> <span class='ocrx_word' id='word_1_370' title='bbox 3748 2326 3876 2390; x_wconf 88' lang='lat' dir='ltr'>post</span> <span class='ocrx_word' id='word_1_371' title='bbox 3933 2321 4186 2391; x_wconf 88' lang='lat' dir='ltr'>aliquam</span> <span class='ocrx_word' id='word_1_372' title='bbox 4252 2321 4666 2391; x_wconf 86' lang='lat' dir='ltr'>parvissimam</span> 
     </span>
    </p>
   </div>
   <div class='ocr_carea' id='block_1_53' title="bbox 2952 2409 4663 2480">
    <p class='ocr_par' dir='ltr' id='par_1_53' title="bbox 2952 2409 4663 2480">
     <span class='ocr_line' id='line_1_54' title="bbox 2952 2409 4663 2480; baseline 0 -18"><span class='ocrx_word' id='word_1_373' title='bbox 2952 2410 3432 2480; x_wconf 88' lang='lat' dir='ltr'>degustationem,</span> <span class='ocrx_word' id='word_1_374' title='bbox 3467 2410 3576 2462; x_wconf 90' lang='lat' dir='ltr'>nisi</span> <span class='ocrx_word' id='word_1_375' title='bbox 3609 2425 3713 2478; x_wconf 88' lang='lat' dir='ltr'>pro</span> <span class='ocrx_word' id='word_1_376' title='bbox 3743 2409 3945 2462; x_wconf 83' lang='lat' dir='ltr'>viatico</span> <span class='ocrx_word' id='word_1_377' title='bbox 3974 2426 3990 2462; x_wconf 91' lang='lat'><strong><em>:</em></strong></span> <span class='ocrx_word' id='word_1_378' title='bbox 4024 2409 4193 2478; x_wconf 90' lang='lat' dir='ltr'>pueri</span> <span class='ocrx_word' id='word_1_379' title='bbox 4231 2414 4350 2463; x_wconf 88' lang='lat' dir='ltr'>tres</span> <span class='ocrx_word' id='word_1_380' title='bbox 4384 2409 4516 2464; x_wconf 87' lang='lat' dir='ltr'>dies</span> <span class='ocrx_word' id='word_1_381' title='bbox 4549 2425 4663 2462; x_wconf 90' lang='lat' dir='ltr'>ma-</span> 
     </span>
    </p>
   </div>
   <div class='ocr_carea' id='block_1_54' title="bbox 2945 2497 4061 2569">
    <p class='ocr_par' dir='ltr' id='par_1_54' title="bbox 2945 2497 4061 2569">
     <span class='ocr_line' id='line_1_55' title="bbox 2945 2497 4061 2569; baseline -0.001 -17"><span class='ocrx_word' id='word_1_382' title='bbox 2945 2500 3101 2569; x_wconf 84' lang='lat' dir='ltr'>jores</span> <span class='ocrx_word' id='word_1_383' title='bbox 3135 2504 3184 2563; x_wconf 85' lang='lat'>7,</span> <span class='ocrx_word' id='word_1_384' title='bbox 3214 2498 3404 2551; x_wconf 86' lang='lat' dir='ltr'>clerici</span> <span class='ocrx_word' id='word_1_385' title='bbox 3444 2500 3532 2560; x_wconf 76' lang='lat'>20,</span> <span class='ocrx_word' id='word_1_386' title='bbox 3565 2498 3686 2550; x_wconf 90' lang='lat' dir='ltr'>dies</span> <span class='ocrx_word' id='word_1_387' title='bbox 3726 2497 4061 2566; x_wconf 74' lang='lat' dir='ltr'>pceniteant.</span> 
     </span>
    </p>
   </div>
   <div class='ocr_carea' id='block_1_55' title="bbox 3019 2585 4663 2656">
    <p class='ocr_par' dir='ltr' id='par_1_55' title="bbox 3019 2585 4663 2656">
     <span class='ocr_line' id='line_1_56' title="bbox 3019 2585 4663 2656; baseline -0.001 -15"><span class='ocrx_word' id='word_1_388' title='bbox 3019 2589 3143 2656; x_wconf 78' lang='lat' dir='ltr'>(Ea:</span> <span class='ocrx_word' id='word_1_389' title='bbox 3173 2589 3369 2640; x_wconf 78' lang='lat' dir='ltr'>decret.</span> <span class='ocrx_word' id='word_1_390' title='bbox 3397 2588 3628 2642; x_wconf 78' lang='lat' dir='ltr'>Cornelii</span> <span class='ocrx_word' id='word_1_391' title='bbox 3656 2601 3832 2654; x_wconf 59' lang='lat' dir='ltr'>papa,</span> <span class='ocrx_word' id='word_1_392' title='bbox 3860 2588 4036 2654; x_wconf 83' lang='lat' dir='ltr'>capite</span> <span class='ocrx_word' id='word_1_393' title='bbox 4065 2589 4140 2651; x_wconf 83' lang='grc'>5.)</span> <span class='ocrx_word' id='word_1_394' title='bbox 4174 2586 4233 2639; x_wconf 93' lang='lat' dir='ltr'>Si</span> <span class='ocrx_word' id='word_1_395' title='bbox 4285 2585 4422 2656; x_wconf 88' lang='lat' dir='ltr'>quis</span> <span class='ocrx_word' id='word_1_396' title='bbox 4468 2586 4663 2655; x_wconf 62' lang='lat' dir='ltr'>{dede-</span> 
     </span>
    </p>
   </div>
   <div class='ocr_carea' id='block_1_56' title="bbox 2952 2674 4666 2744">
    <p class='ocr_par' dir='ltr' id='par_1_56' title="bbox 2952 2674 4666 2744">
     <span class='ocr_line' id='line_1_57' title="bbox 2952 2674 4666 2744; baseline -0.001 -16"><span class='ocrx_word' id='word_1_397' title='bbox 2952 2675 3022 2728; x_wconf 88' lang='lat' dir='ltr'>rit</span> <span class='ocrx_word' id='word_1_398' title='bbox 3052 2677 3133 2728; x_wconf 89' lang='lat' dir='ltr'>vel</span> <span class='ocrx_word' id='word_1_399' title='bbox 3167 2676 3448 2744; x_wconf 87' lang='lat' dir='ltr'>acceperit</span> <span class='ocrx_word' id='word_1_400' title='bbox 3468 2674 3938 2727; x_wconf 89' lang='lat' dir='ltr'>communionem</span> <span class='ocrx_word' id='word_1_401' title='bbox 3968 2674 4036 2726; x_wconf 91' lang='lat' dir='ltr'>de</span> <span class='ocrx_word' id='word_1_402' title='bbox 4073 2690 4245 2727; x_wconf 91' lang='lat' dir='ltr'>manu</span> <span class='ocrx_word' id='word_1_403' title='bbox 4288 2674 4581 2737; x_wconf 63' lang='lat' dir='ltr'>heretici,</span> <span class='ocrx_word' id='word_1_404' title='bbox 4617 2681 4666 2727; x_wconf 90' lang='lat' dir='ltr'>et</span> 
     </span>
    </p>
   </div>
   <div class='ocr_carea' id='block_1_57' title="bbox 2953 2763 4665 2834">
    <p class='ocr_par' dir='ltr' id='par_1_57' title="bbox 2953 2763 4665 2834">
     <span class='ocr_line' id='line_1_58' title="bbox 2953 2763 4665 2834; baseline -0.001 -17"><span class='ocrx_word' id='word_1_405' title='bbox 2953 2765 3129 2817; x_wconf 88' lang='lat' dir='ltr'>nescit</span> <span class='ocrx_word' id='word_1_406' title='bbox 3159 2765 3307 2834; x_wconf 89' lang='lat' dir='ltr'>quad</span> <span class='ocrx_word' id='word_1_407' title='bbox 3333 2764 3611 2817; x_wconf 89' lang='lat' dir='ltr'>catholica</span> <span class='ocrx_word' id='word_1_408' title='bbox 3649 2763 3891 2816; x_wconf 86' lang='lat' dir='ltr'>Ecclesia</span> <span class='ocrx_word' id='word_1_409' title='bbox 3926 2763 4290 2828; x_wconf 87' lang='lat' dir='ltr'>contradicit,</span> <span class='ocrx_word' id='word_1_410' title='bbox 4315 2769 4531 2832; x_wconf 86' lang='lat' dir='ltr'>postea</span> <span class='ocrx_word' id='word_1_411' title='bbox 4562 2765 4665 2830; x_wconf 39' lang='lat' dir='ltr'>lin-</span> 
     </span>
    </p>
   </div>
   <div class='ocr_carea' id='block_1_58' title="bbox 2950 2851 4662 2921">
    <p class='ocr_par' dir='ltr' id='par_1_58' title="bbox 2950 2851 4662 2921">
     <span class='ocr_line' id='line_1_59' title="bbox 2950 2851 4662 2921; baseline -0.001 -15"><span class='ocrx_word' id='word_1_412' title='bbox 2950 2854 3232 2921; x_wconf 83' lang='lat' dir='ltr'>telligens,</span> <span class='ocrx_word' id='word_1_413' title='bbox 3263 2867 3476 2906; x_wconf 90' lang='lat' dir='ltr'>annum</span> <span class='ocrx_word' id='word_1_414' title='bbox 3497 2852 3787 2918; x_wconf 87' lang='lat' dir='ltr'>integrum</span> <span class='ocrx_word' id='word_1_415' title='bbox 3819 2851 4112 2920; x_wconf 77' lang='lat' dir='ltr'>poeniteat.</span> <span class='ocrx_word' id='word_1_416' title='bbox 4144 2851 4202 2905; x_wconf 91' lang='lat' dir='ltr'>Si</span> <span class='ocrx_word' id='word_1_417' title='bbox 4230 2858 4431 2905; x_wconf 88' lang='lat' dir='ltr'>autem</span> <span class='ocrx_word' id='word_1_418' title='bbox 4468 2852 4578 2905; x_wconf 87' lang='lat' dir='ltr'>scit</span> <span class='ocrx_word' id='word_1_419' title='bbox 4610 2861 4662 2904; x_wconf 92' lang='lat' dir='ltr'>et</span> 
     </span>
    </p>
   </div>
   <div class='ocr_carea' id='block_1_59' title="bbox 2952 2939 4667 3010">
    <p class='ocr_par' dir='ltr' id='par_1_59' title="bbox 2952 2939 4667 3010">
     <span class='ocr_line' id='line_1_60' title="bbox 2952 2939 4667 3010; baseline -0.002 -15"><span class='ocrx_word' id='word_1_420' title='bbox 2952 2942 3286 3010; x_wconf 79' lang='lat' dir='ltr'>neglexerit,</span> <span class='ocrx_word' id='word_1_421' title='bbox 3321 2945 3376 2994; x_wconf 94' lang='lat' dir='ltr'>et</span> <span class='ocrx_word' id='word_1_422' title='bbox 3405 2947 3604 3010; x_wconf 89' lang='lat' dir='ltr'>postea</span> <span class='ocrx_word' id='word_1_423' title='bbox 3634 2939 4030 3009; x_wconf 72' lang='lat' dir='ltr'>pmnitentiam</span> <span class='ocrx_word' id='word_1_424' title='bbox 4083 2941 4284 3009; x_wconf 84' lang='lat' dir='ltr'>egerit,</span> <span class='ocrx_word' id='word_1_425' title='bbox 4346 2944 4412 2995; x_wconf 87' lang='lat' dir='ltr'>l0</span> <span class='ocrx_word' id='word_1_426' title='bbox 4483 2957 4667 2994; x_wconf 88' lang='lat' dir='ltr'>annos</span> 
     </span>
    </p>
   </div>
   <div class='ocr_carea' id='block_1_60' title="bbox 2953 3027 4668 3100">
    <p class='ocr_par' dir='ltr' id='par_1_60' title="bbox 2953 3027 4668 3100">
     <span class='ocr_line' id='line_1_61' title="bbox 2953 3027 4668 3100; baseline -0.001 -17"><span class='ocrx_word' id='word_1_427' title='bbox 2953 3030 3240 3100; x_wconf 61' lang='lat' dir='ltr'>paeniteat.</span> <span class='ocrx_word' id='word_1_428' title='bbox 3276 3030 3385 3084; x_wconf 82' lang='lat' dir='ltr'>Alii</span> <span class='ocrx_word' id='word_1_429' title='bbox 3410 3030 3672 3097; x_wconf 87' lang='lat' dir='ltr'>judicant</span> <span class='ocrx_word' id='word_1_430' title='bbox 3700 3031 3752 3092; x_wconf 83' lang='lat'>7,</span> <span class='ocrx_word' id='word_1_431' title='bbox 3786 3033 3842 3080; x_wconf 93' lang='lat' dir='ltr'>et</span> <span class='ocrx_word' id='word_1_432' title='bbox 3875 3027 4184 3081; x_wconf 89' lang='lat' dir='ltr'>humanius</span> <span class='ocrx_word' id='word_1_433' title='bbox 4217 3033 4248 3081; x_wconf 83' lang='lat'><strong>5</strong></span> <span class='ocrx_word' id='word_1_434' title='bbox 4281 3044 4499 3082; x_wconf 86' lang='lat' dir='ltr'>annos.</span> <span class='ocrx_word' id='word_1_435' title='bbox 4553 3031 4668 3092; x_wconf 72' lang='lat' dir='ltr'>(Ex</span> 
     </span>
    </p>
   </div>
   <div class='ocr_carea' id='block_1_61' title="bbox 2957 3115 4668 3186">
    <p class='ocr_par' dir='ltr' id='par_1_61' title="bbox 2957 3115 4668 3186">
     <span class='ocr_line' id='line_1_62' title="bbox 2957 3115 4668 3186; baseline -0.002 -15"><span class='ocrx_word' id='word_1_436' title='bbox 2957 3121 3163 3171; x_wconf 79' lang='lat' dir='ltr'>Decret.</span> <span class='ocrx_word' id='word_1_437' title='bbox 3202 3120 3532 3185; x_wconf 79' lang='lat' dir='ltr'>Eutychiani</span> <span class='ocrx_word' id='word_1_438' title='bbox 3563 3132 3737 3184; x_wconf 79' lang='lat' dir='ltr'>papae,</span> <span class='ocrx_word' id='word_1_439' title='bbox 3761 3117 3939 3182; x_wconf 81' lang='lat' dir='ltr'>capite</span> <span class='ocrx_word' id='word_1_440' title='bbox 3970 3115 4048 3184; x_wconf 79' lang='lat'>2.)</span> <span class='ocrx_word' id='word_1_441' title='bbox 4101 3116 4157 3170; x_wconf 93' lang='lat' dir='ltr'>Si</span> <span class='ocrx_word' id='word_1_442' title='bbox 4201 3117 4334 3186; x_wconf 90' lang='lat' dir='ltr'>quis</span> <span class='ocrx_word' id='word_1_443' title='bbox 4380 3118 4668 3186; x_wconf 86' lang='lat' dir='ltr'>permise-</span> 
     </span>
    </p>
   </div>
   <div class='ocr_carea' id='block_1_62' title="bbox 1153 3204 4672 3280">
    <p class='ocr_par' dir='ltr' id='par_1_62' title="bbox 1153 3204 4672 3280">
     <span class='ocr_line' id='line_1_63' title="bbox 1153 3204 4672 3280; baseline 0 -22"><span class='ocrx_word' id='word_1_444' title='bbox 1153 3206 1324 3276; x_wconf 93' lang='lat' dir='ltr'>gione</span> <span class='ocrx_word' id='word_1_445' title='bbox 1373 3206 1639 3260; x_wconf 88' lang='lat' dir='ltr'>donatur.</span> <span class='ocrx_word' id='word_1_446' title='bbox 1696 3207 1919 3270; x_wconf 86' lang='lat' dir='ltr'>Quanto</span> <span class='ocrx_word' id='word_1_447' title='bbox 1977 3209 2330 3262; x_wconf 88' lang='lat' dir='ltr'>tolerabilius</span> <span class='ocrx_word' id='word_1_448' title='bbox 2379 3215 2529 3263; x_wconf 89' lang='lat' dir='ltr'>esset</span> <span class='ocrx_word' id='word_1_449' title='bbox 2580 3212 2691 3263; x_wconf 88' lang='lat' dir='ltr'>tale</span> <span class='ocrx_word' id='word_1_450' title='bbox 2722 3227 2845 3280; x_wconf 89' lang='lat' dir='ltr'>per-</span> <span class='ocrx_word' id='word_1_451' title='bbox 2882 3207 2920 3260; x_wconf 92' lang='lat' dir='ltr'><strong><em>C</em></strong></span> <span class='ocrx_word' id='word_1_452' title='bbox 2955 3207 3026 3259; x_wconf 91' lang='lat' dir='ltr'>rit</span> <span class='ocrx_word' id='word_1_453' title='bbox 3081 3208 3409 3260; x_wconf 75' lang='lat' dir='ltr'>haereticum</span> <span class='ocrx_word' id='word_1_454' title='bbox 3466 3206 3695 3258; x_wconf 88' lang='lat' dir='ltr'>missam</span> <span class='ocrx_word' id='word_1_455' title='bbox 3744 3219 3902 3256; x_wconf 85' lang='lat' dir='ltr'>suam</span> <span class='ocrx_word' id='word_1_456' title='bbox 3963 3204 4252 3258; x_wconf 89' lang='lat' dir='ltr'>celebrare</span> <span class='ocrx_word' id='word_1_457' title='bbox 4300 3205 4362 3258; x_wconf 94' lang='lat' dir='ltr'>in</span> <span class='ocrx_word' id='word_1_458' title='bbox 4424 3206 4672 3259; x_wconf 83' lang='lat' dir='ltr'>ecclesia</span> 
     </span>
    </p>
   </div>
   <div class='ocr_carea' id='block_1_63' title="bbox 1145 3292 2848 3368">
    <p class='ocr_par' dir='ltr' id='par_1_63' title="bbox 1145 3292 2848 3368">
     <span class='ocr_line' id='line_1_64' title="bbox 1145 3292 2848 3368; baseline 0.004 -24"><span class='ocrx_word' id='word_1_459' title='bbox 1145 3292 1367 3362; x_wconf 87' lang='lat' dir='ltr'>jurium</span> <span class='ocrx_word' id='word_1_460' title='bbox 1402 3299 1779 3348; x_wconf 89' lang='lat' dir='ltr'>sacramento.</span> <span class='ocrx_word' id='word_1_461' title='bbox 1811 3297 1876 3348; x_wconf 91' lang='lat' dir='ltr'>Et</span> <span class='ocrx_word' id='word_1_462' title='bbox 1907 3300 2037 3365; x_wconf 89' lang='lat' dir='ltr'>post</span> <span class='ocrx_word' id='word_1_463' title='bbox 2067 3312 2247 3365; x_wconf 87' lang='lat' dir='ltr'>pauca</span> <span class='ocrx_word' id='word_1_464' title='bbox 2279 3318 2290 3351; x_wconf 91' lang='lat'>:</span> <span class='ocrx_word' id='word_1_465' title='bbox 2330 3299 2454 3351; x_wconf 82' lang='lat' dir='ltr'>Non</span> <span class='ocrx_word' id='word_1_466' title='bbox 2507 3299 2681 3368; x_wconf 89' lang='lat' dir='ltr'>igitur</span> <span class='ocrx_word' id='word_1_467' title='bbox 2719 3315 2848 3351; x_wconf 91' lang='lat' dir='ltr'>om-</span> 
     </span>
    </p>
   </div>
   <div class='ocr_carea' id='block_1_64' title="bbox 1163 3379 2036 3448">
    <p class='ocr_par' dir='ltr' id='par_1_64' title="bbox 1163 3379 2036 3448">
     <span class='ocr_line' id='line_1_65' title="bbox 1163 3379 2036 3448; baseline 0.007 -16"><span class='ocrx_word' id='word_1_468' title='bbox 1163 3379 1261 3433; x_wconf 91' lang='lat' dir='ltr'>nia</span> <span class='ocrx_word' id='word_1_469' title='bbox 1289 3380 1570 3448; x_wconf 90' lang='lat' dir='ltr'>promissa</span> <span class='ocrx_word' id='word_1_470' title='bbox 1589 3382 1863 3436; x_wconf 84' lang='lat' dir='ltr'>solvenda</span> <span class='ocrx_word' id='word_1_471' title='bbox 1885 3388 2036 3438; x_wconf 89' lang='lat' dir='ltr'>sunt.</span> 
     </span>
    </p>
   </div>
   <div class='ocr_carea' id='block_1_65' title="bbox 1230 3467 2846 3540">
    <p class='ocr_par' dir='ltr' id='par_1_65' title="bbox 1230 3467 2846 3540">
     <span class='ocr_line' id='line_1_66' title="bbox 1230 3467 2846 3540; baseline 0.004 -18"><span class='ocrx_word' id='word_1_472' title='bbox 1230 3467 1342 3537; x_wconf 75' lang='lat' dir='ltr'>(Ea:</span> <span class='ocrx_word' id='word_1_473' title='bbox 1374 3471 1593 3523; x_wconf 77' lang='lat' dir='ltr'>concilio</span> <span class='ocrx_word' id='word_1_474' title='bbox 1626 3472 1988 3540; x_wconf 77' lang='lat' dir='ltr'>Nivernensi.)</span> <span class='ocrx_word' id='word_1_475' title='bbox 2031 3473 2108 3526; x_wconf 93' lang='lat' dir='ltr'>De</span> <span class='ocrx_word' id='word_1_476' title='bbox 2149 3489 2260 3526; x_wconf 93' lang='lat' dir='ltr'>non</span> <span class='ocrx_word' id='word_1_477' title='bbox 2310 3475 2599 3527; x_wconf 88' lang='lat' dir='ltr'>servandis</span> <span class='ocrx_word' id='word_1_478' title='bbox 2648 3474 2846 3528; x_wconf 85' lang='lat' dir='ltr'>incau-</span> 
     </span>
    </p>
   </div>
   <div class='ocr_carea' id='block_1_66' title="bbox 1157 3555 2845 3626">
    <p class='ocr_par' dir='ltr' id='par_1_66' title="bbox 1157 3555 2845 3626">
     <span class='ocr_line' id='line_1_67' title="bbox 1157 3555 2845 3626; baseline 0.005 -18"><span class='ocrx_word' id='word_1_479' title='bbox 1157 3555 1633 3626; x_wconf 81' lang='lat' dir='ltr'>tisjuramentis:</span> <span class='ocrx_word' id='word_1_480' title='bbox 1686 3559 1959 3612; x_wconf 81' lang='lat' dir='ltr'>Difﬁuitio</span> <span class='ocrx_word' id='word_1_481' title='bbox 2008 3559 2256 3625; x_wconf 89' lang='lat' dir='ltr'>incauta,</span> <span class='ocrx_word' id='word_1_482' title='bbox 2315 3561 2682 3616; x_wconf 88' lang='lat' dir='ltr'>laudabiliter</span> <span class='ocrx_word' id='word_1_483' title='bbox 2734 3564 2845 3616; x_wconf 92' lang='lat' dir='ltr'>sol-</span> 
     </span>
    </p>
   </div>
   <div class='ocr_carea' id='block_1_67' title="bbox 1154 3644 2844 3717">
    <p class='ocr_par' dir='ltr' id='par_1_67' title="bbox 1154 3644 2844 3717">
     <span class='ocr_line' id='line_1_68' title="bbox 1154 3644 2844 3717; baseline 0.005 -21"><span class='ocrx_word' id='word_1_484' title='bbox 1154 3644 1372 3711; x_wconf 89' lang='lat' dir='ltr'>venda;</span> <span class='ocrx_word' id='word_1_485' title='bbox 1405 3661 1506 3699; x_wconf 92' lang='lat' dir='ltr'>nec</span> <span class='ocrx_word' id='word_1_486' title='bbox 1536 3650 1621 3700; x_wconf 90' lang='lat' dir='ltr'>est</span> <span class='ocrx_word' id='word_1_487' title='bbox 1663 3647 2078 3717; x_wconf 71' lang='lat' dir='ltr'>praevaricatio,</span> <span class='ocrx_word' id='word_1_488' title='bbox 2121 3650 2219 3703; x_wconf 89' lang='lat' dir='ltr'>sed</span> <span class='ocrx_word' id='word_1_489' title='bbox 2259 3651 2600 3704; x_wconf 90' lang='lat' dir='ltr'>temeritatis</span> <span class='ocrx_word' id='word_1_490' title='bbox 2650 3667 2844 3704; x_wconf 84' lang='lat' dir='ltr'>emen-</span> 
     </span>
    </p>
   </div>
   <div class='ocr_carea' id='block_1_68' title="bbox 1161 3731 1336 3787">
    <p class='ocr_par' dir='ltr' id='par_1_68' title="bbox 1161 3731 1336 3787">
     <span class='ocr_line' id='line_1_69' title="bbox 1161 3731 1336 3787; baseline 0.006 -1"><span class='ocrx_word' id='word_1_491' title='bbox 1161 3731 1336 3787; x_wconf 71' lang='lat' dir='ltr'>daﬁo.</span> 
     </span>
    </p>
   </div>
   <div class='ocr_carea' id='block_1_69' title="bbox 1223 3822 2847 3897">
    <p class='ocr_par' dir='ltr' id='par_1_69' title="bbox 1223 3822 2847 3897">
     <span class='ocr_line' id='line_1_70' title="bbox 1223 3822 2847 3897; baseline 0.004 -22"><span class='ocrx_word' id='word_1_492' title='bbox 1223 3822 1335 3890; x_wconf 80' lang='lat' dir='ltr'>(Ea:</span> <span class='ocrx_word' id='word_1_493' title='bbox 1368 3824 1594 3890; x_wconf 78' lang='lat' dir='ltr'>Gregor.</span> <span class='ocrx_word' id='word_1_494' title='bbox 1620 3840 1790 3894; x_wconf 88' lang='lat' dir='ltr'>papa,</span> <span class='ocrx_word' id='word_1_495' title='bbox 1825 3827 1884 3879; x_wconf 85' lang='lat' dir='ltr'>in</span> <span class='ocrx_word' id='word_1_496' title='bbox 1909 3828 2024 3881; x_wconf 84' lang='lat' dir='ltr'>suis</span> <span class='ocrx_word' id='word_1_497' title='bbox 2063 3826 2410 3897; x_wconf 72' lang='lat' dir='ltr'>Moralibus.)</span> <span class='ocrx_word' id='word_1_498' title='bbox 2466 3827 2622 3891; x_wconf 89' lang='lat' dir='ltr'>Quod</span> <span class='ocrx_word' id='word_1_499' title='bbox 2669 3829 2847 3881; x_wconf 89' lang='lat' dir='ltr'>satius</span> 
     </span>
    </p>
   </div>
   <div class='ocr_carea' id='block_1_70' title="bbox 1153 3909 2844 3985">
    <p class='ocr_par' dir='ltr' id='par_1_70' title="bbox 1153 3909 2844 3985">
     <span class='ocr_line' id='line_1_71' title="bbox 1153 3909 2844 3985; baseline 0.004 -23"><span class='ocrx_word' id='word_1_500' title='bbox 1153 3909 1227 3963; x_wconf 90' lang='lat' dir='ltr'>sit</span> <span class='ocrx_word' id='word_1_501' title='bbox 1292 3912 1587 3981; x_wconf 89' lang='lat' dir='ltr'>perjurare</span> <span class='ocrx_word' id='word_1_502' title='bbox 1641 3929 1817 3983; x_wconf 91' lang='lat' dir='ltr'>quam</span> <span class='ocrx_word' id='word_1_503' title='bbox 1858 3915 2120 3984; x_wconf 90' lang='lat' dir='ltr'>juratum</span> <span class='ocrx_word' id='word_1_504' title='bbox 2171 3916 2328 3969; x_wconf 88' lang='lat' dir='ltr'>nefas</span> <span class='ocrx_word' id='word_1_505' title='bbox 2388 3915 2650 3985; x_wconf 91' lang='lat' dir='ltr'>implere,</span> <span class='ocrx_word' id='word_1_506' title='bbox 2715 3932 2844 3970; x_wconf 91' lang='lat' dir='ltr'>cum</span> 
     </span>
    </p>
   </div>
   <div class='ocr_carea' id='block_1_71' title="bbox 1155 3999 2844 4076">
    <p class='ocr_par' dir='ltr' id='par_1_71' title="bbox 1155 3999 2844 4076">
     <span class='ocr_line' id='line_1_72' title="bbox 1155 3999 2844 4076; baseline 0.004 -24"><span class='ocrx_word' id='word_1_507' title='bbox 1155 4014 1316 4053; x_wconf 87' lang='lat' dir='ltr'>mens</span> <span class='ocrx_word' id='word_1_508' title='bbox 1346 3999 1498 4054; x_wconf 91' lang='lat' dir='ltr'>inter</span> <span class='ocrx_word' id='word_1_509' title='bbox 1535 4000 1764 4056; x_wconf 91' lang='lat' dir='ltr'>minora</span> <span class='ocrx_word' id='word_1_510' title='bbox 1803 4008 1858 4056; x_wconf 90' lang='lat' dir='ltr'>et</span> <span class='ocrx_word' id='word_1_511' title='bbox 1911 4005 2157 4058; x_wconf 89' lang='lat' dir='ltr'>maxima</span> <span class='ocrx_word' id='word_1_512' title='bbox 2213 4009 2446 4074; x_wconf 89' lang='lat' dir='ltr'>peccata</span> <span class='ocrx_word' id='word_1_513' title='bbox 2500 4005 2844 4076; x_wconf 87' lang='lat' dir='ltr'>constringi-</span> 
     </span>
    </p>
   </div>
   <div class='ocr_carea' id='block_1_72' title="bbox 1157 4087 2846 4161">
    <p class='ocr_par' dir='ltr' id='par_1_72' title="bbox 1157 4087 2846 4161">
     <span class='ocr_line' id='line_1_73' title="bbox 1157 4087 2846 4161; baseline 0.004 -21"><span class='ocrx_word' id='word_1_514' title='bbox 1157 4090 1247 4140; x_wconf 87' lang='lat' dir='ltr'>tur</span> <span class='ocrx_word' id='word_1_515' title='bbox 1277 4103 1290 4141; x_wconf 91' lang='lat'>:</span> <span class='ocrx_word' id='word_1_516' title='bbox 1327 4087 1371 4140; x_wconf 89' lang='lat' dir='ltr'>si</span> <span class='ocrx_word' id='word_1_517' title='bbox 1407 4089 1643 4142; x_wconf 88' lang='lat' dir='ltr'>omnino</span> <span class='ocrx_word' id='word_1_518' title='bbox 1668 4091 1863 4143; x_wconf 91' lang='lat' dir='ltr'>nullus</span> <span class='ocrx_word' id='word_1_519' title='bbox 1897 4091 2021 4144; x_wconf 90' lang='lat' dir='ltr'>sine</span> <span class='ocrx_word' id='word_1_520' title='bbox 2050 4097 2279 4161; x_wconf 91' lang='lat' dir='ltr'>peccato</span> <span class='ocrx_word' id='word_1_521' title='bbox 2329 4092 2608 4147; x_wconf 89' lang='lat' dir='ltr'>evadendi</span> <span class='ocrx_word' id='word_1_522' title='bbox 2660 4095 2846 4147; x_wconf 90' lang='lat' dir='ltr'>aditus</span> 
     </span>
    </p>
   </div>
   <div class='ocr_carea' id='block_1_73' title="bbox 1157 4176 2845 4252">
    <p class='ocr_par' dir='ltr' id='par_1_73' title="bbox 1157 4176 2845 4252">
     <span class='ocr_line' id='line_1_74' title="bbox 1157 4176 2845 4252; baseline 0.004 -24"><span class='ocrx_word' id='word_1_523' title='bbox 1157 4180 1336 4246; x_wconf 89' lang='lat' dir='ltr'>patet,</span> <span class='ocrx_word' id='word_1_524' title='bbox 1372 4176 1595 4230; x_wconf 89' lang='lat' dir='ltr'>minora</span> <span class='ocrx_word' id='word_1_525' title='bbox 1624 4194 1851 4248; x_wconf 88' lang='lat' dir='ltr'>semper</span> <span class='ocrx_word' id='word_1_526' title='bbox 1880 4179 2193 4248; x_wconf 89' lang='lat' dir='ltr'>eligantur;</span> <span class='ocrx_word' id='word_1_527' title='bbox 2245 4181 2381 4252; x_wconf 87' lang='lat' dir='ltr'>quia</span> <span class='ocrx_word' id='word_1_528' title='bbox 2409 4186 2465 4234; x_wconf 91' lang='lat' dir='ltr'>et</span> <span class='ocrx_word' id='word_1_529' title='bbox 2493 4182 2590 4252; x_wconf 80' lang='lat' dir='ltr'>qui</span> <span class='ocrx_word' id='word_1_530' title='bbox 2651 4199 2845 4235; x_wconf 89' lang='lat' dir='ltr'>muro-</span> 
     </span>
    </p>
   </div>
   <div class='ocr_carea' id='block_1_74' title="bbox 1160 4265 2843 4340">
    <p class='ocr_par' dir='ltr' id='par_1_74' title="bbox 1160 4265 2843 4340">
     <span class='ocr_line' id='line_1_75' title="bbox 1160 4265 2843 4340; baseline 0.006 -24"><span class='ocrx_word' id='word_1_531' title='bbox 1160 4280 1287 4317; x_wconf 90' lang='lat' dir='ltr'>rum</span> <span class='ocrx_word' id='word_1_532' title='bbox 1321 4265 1561 4333; x_wconf 89' lang='lat' dir='ltr'>ambitu,</span> <span class='ocrx_word' id='word_1_533' title='bbox 1605 4282 1676 4319; x_wconf 88' lang='lat' dir='ltr'>ne</span> <span class='ocrx_word' id='word_1_534' title='bbox 1719 4267 1922 4336; x_wconf 84' lang='lat' dir='ltr'>fugiat,</span> <span class='ocrx_word' id='word_1_535' title='bbox 1969 4268 2267 4333; x_wconf 85' lang='lat' dir='ltr'>clauditur,</span> <span class='ocrx_word' id='word_1_536' title='bbox 2311 4269 2392 4322; x_wconf 90' lang='lat' dir='ltr'>ibi</span> <span class='ocrx_word' id='word_1_537' title='bbox 2444 4287 2501 4323; x_wconf 91' lang='lat' dir='ltr'>se</span> <span class='ocrx_word' id='word_1_538' title='bbox 2544 4270 2600 4323; x_wconf 90' lang='lat' dir='ltr'>in</span> <span class='ocrx_word' id='word_1_539' title='bbox 2648 4271 2843 4340; x_wconf 87' lang='lat' dir='ltr'>fugam</span> 
     </span>
    </p>
   </div>
   <div class='ocr_carea' id='block_1_75' title="bbox 1159 4351 2452 4421">
    <p class='ocr_par' dir='ltr' id='par_1_75' title="bbox 1159 4351 2452 4421">
     <span class='ocr_line' id='line_1_76' title="bbox 1159 4351 2452 4421; baseline 0.006 -18"><span class='ocrx_word' id='word_1_540' title='bbox 1159 4351 1499 4421; x_wconf 65' lang='lat' dir='ltr'>praecipitat,</span> <span class='ocrx_word' id='word_1_541' title='bbox 1533 4353 1632 4406; x_wconf 91' lang='lat' dir='ltr'>ubi</span> <span class='ocrx_word' id='word_1_542' title='bbox 1658 4353 1884 4408; x_wconf 86' lang='lat' dir='ltr'>brevior</span> <span class='ocrx_word' id='word_1_543' title='bbox 1914 4371 2113 4409; x_wconf 91' lang='lat' dir='ltr'>murus</span> <span class='ocrx_word' id='word_1_544' title='bbox 2144 4357 2452 4411; x_wconf 88' lang='lat' dir='ltr'>invenitur.</span> 
     </span>
    </p>
   </div>
   <div class='ocr_carea' id='block_1_76' title="bbox 1229 4439 2842 4512">
    <p class='ocr_par' dir='ltr' id='par_1_76' title="bbox 1229 4439 2842 4512">
     <span class='ocr_line' id='line_1_77' title="bbox 1229 4439 2842 4512; baseline 0.003 -17"><span class='ocrx_word' id='word_1_545' title='bbox 1229 4439 1307 4509; x_wconf 91' lang='lat' dir='ltr'>(S.</span> <span class='ocrx_word' id='word_1_546' title='bbox 1345 4441 1641 4512; x_wconf 81' lang='lat' dir='ltr'>Isidorus.)</span> <span class='ocrx_word' id='word_1_547' title='bbox 1676 4444 1752 4497; x_wconf 91' lang='lat' dir='ltr'>De</span> <span class='ocrx_word' id='word_1_548' title='bbox 1809 4445 2004 4498; x_wconf 89' lang='lat' dir='ltr'>eadem</span> <span class='ocrx_word' id='word_1_549' title='bbox 2027 4461 2129 4499; x_wconf 87' lang='lat' dir='ltr'>re:</span> <span class='ocrx_word' id='word_1_550' title='bbox 2194 4447 2317 4500; x_wconf 84' lang='lat' dir='ltr'>Non</span> <span class='ocrx_word' id='word_1_551' title='bbox 2371 4451 2456 4500; x_wconf 88' lang='lat' dir='ltr'>est</span> <span class='ocrx_word' id='word_1_552' title='bbox 2503 4462 2842 4500; x_wconf 85' lang='lat' dir='ltr'>conservan-</span> 
     </span>
    </p>
   </div>
   <div class='ocr_carea' id='block_1_77' title="bbox 1159 4527 2842 4605">
    <p class='ocr_par' dir='ltr' id='par_1_77' title="bbox 1159 4527 2842 4605">
     <span class='ocr_line' id='line_1_78' title="bbox 1159 4527 2842 4605; baseline 0.005 -23"><span class='ocrx_word' id='word_1_553' title='bbox 1159 4527 1296 4582; x_wconf 91' lang='lat' dir='ltr'>dum</span> <span class='ocrx_word' id='word_1_554' title='bbox 1330 4537 1774 4598; x_wconf 88' lang='lat' dir='ltr'>sacramentum,</span> <span class='ocrx_word' id='word_1_555' title='bbox 1813 4549 1928 4604; x_wconf 91' lang='lat' dir='ltr'>quo</span> <span class='ocrx_word' id='word_1_556' title='bbox 1958 4534 2174 4588; x_wconf 89' lang='lat' dir='ltr'>malum</span> <span class='ocrx_word' id='word_1_557' title='bbox 2213 4534 2438 4589; x_wconf 90' lang='lat' dir='ltr'>incaute</span> <span class='ocrx_word' id='word_1_558' title='bbox 2470 4535 2842 4605; x_wconf 88' lang='lat' dir='ltr'>promittitur.</span> 
     </span>
    </p>
   </div>
   <div class='ocr_carea' id='block_1_78' title="bbox 1159 4617 2847 4692">
    <p class='ocr_par' dir='ltr' id='par_1_78' title="bbox 1159 4617 2847 4692">
     <span class='ocr_line' id='line_1_79' title="bbox 1159 4617 2847 4692; baseline 0.005 -23"><span class='ocrx_word' id='word_1_559' title='bbox 1159 4617 1362 4682; x_wconf 89' lang='lat' dir='ltr'>Veluti,</span> <span class='ocrx_word' id='word_1_560' title='bbox 1411 4619 1459 4672; x_wconf 91' lang='lat' dir='ltr'>si</span> <span class='ocrx_word' id='word_1_561' title='bbox 1525 4620 1829 4689; x_wconf 90' lang='lat' dir='ltr'>quisquam</span> <span class='ocrx_word' id='word_1_562' title='bbox 1888 4623 2160 4676; x_wconf 62' lang='lat' dir='ltr'>adulterae</span> <span class='ocrx_word' id='word_1_563' title='bbox 2217 4628 2554 4692; x_wconf 88' lang='lat' dir='ltr'>perpetuam</span> <span class='ocrx_word' id='word_1_564' title='bbox 2611 4640 2739 4676; x_wconf 91' lang='lat' dir='ltr'>cum</span> <span class='ocrx_word' id='word_1_565' title='bbox 2782 4640 2847 4677; x_wconf 89' lang='lat' dir='ltr'>ea</span> 
     </span>
    </p>
   </div>
   <div class='ocr_carea' id='block_1_79' title="bbox 1154 4707 2845 4779">
    <p class='ocr_par' dir='ltr' id='par_1_79' title="bbox 1154 4707 2845 4779">
     <span class='ocr_line' id='line_1_80' title="bbox 1154 4707 2845 4779; baseline 0.005 -21"><span class='ocrx_word' id='word_1_566' title='bbox 1154 4707 1534 4774; x_wconf 86' lang='lat' dir='ltr'>permanendi</span> <span class='ocrx_word' id='word_1_567' title='bbox 1559 4707 1731 4761; x_wconf 83' lang='lat' dir='ltr'>ﬁdem</span> <span class='ocrx_word' id='word_1_568' title='bbox 1773 4709 2128 4779; x_wconf 89' lang='lat' dir='ltr'>polliceatur.</span> <span class='ocrx_word' id='word_1_569' title='bbox 2175 4711 2543 4764; x_wconf 87' lang='lat' dir='ltr'>Tolerabibus</span> <span class='ocrx_word' id='word_1_570' title='bbox 2578 4717 2662 4765; x_wconf 92' lang='lat' dir='ltr'>est</span> <span class='ocrx_word' id='word_1_571' title='bbox 2691 4712 2845 4766; x_wconf 93' lang='lat' dir='ltr'>enim</span> 
     </span>
    </p>
   </div>
   <div class='ocr_carea' id='block_1_80' title="bbox 1156 4793 2847 4870">
    <p class='ocr_par' dir='ltr' id='par_1_80' title="bbox 1156 4793 2847 4870">
     <span class='ocr_line' id='line_1_81' title="bbox 1156 4793 2847 4870; baseline 0.004 -22"><span class='ocrx_word' id='word_1_572' title='bbox 1156 4809 1274 4848; x_wconf 93' lang='lat' dir='ltr'>non</span> <span class='ocrx_word' id='word_1_573' title='bbox 1341 4793 1583 4865; x_wconf 90' lang='lat' dir='ltr'>implere</span> <span class='ocrx_word' id='word_1_574' title='bbox 1638 4804 2080 4866; x_wconf 88' lang='lat' dir='ltr'>sacramentum,</span> <span class='ocrx_word' id='word_1_575' title='bbox 2153 4815 2326 4870; x_wconf 91' lang='lat' dir='ltr'>quam</span> <span class='ocrx_word' id='word_1_576' title='bbox 2391 4816 2729 4868; x_wconf 87' lang='lat' dir='ltr'>permanere</span> <span class='ocrx_word' id='word_1_577' title='bbox 2787 4801 2847 4854; x_wconf 91' lang='lat' dir='ltr'>in</span> 
     </span>
    </p>
   </div>
   <div class='ocr_carea' id='block_1_81' title="bbox 1155 4882 1607 4954">
    <p class='ocr_par' dir='ltr' id='par_1_81' title="bbox 1155 4882 1607 4954">
     <span class='ocr_line' id='line_1_82' title="bbox 1155 4882 1607 4954; baseline 0 -18"><span class='ocrx_word' id='word_1_578' title='bbox 1155 4883 1340 4952; x_wconf 87' lang='lat' dir='ltr'>stupri</span> <span class='ocrx_word' id='word_1_579' title='bbox 1368 4882 1607 4954; x_wconf 88' lang='lat' dir='ltr'>ﬂagitio.</span> 
     </span>
    </p>
   </div>
   <div class='ocr_carea' id='block_1_82' title="bbox 1229 4970 2846 5044">
    <p class='ocr_par' dir='ltr' id='par_1_82' title="bbox 1229 4970 2846 5044">
     <span class='ocr_line' id='line_1_83' title="bbox 1229 4970 2846 5044; baseline 0.003 -22"><span class='ocrx_word' id='word_1_580' title='bbox 1229 4970 1388 5037; x_wconf 82' lang='lat' dir='ltr'>(Item</span> <span class='ocrx_word' id='word_1_581' title='bbox 1418 4971 1666 5027; x_wconf 76' lang='lat' dir='ltr'>Isidorus</span> <span class='ocrx_word' id='word_1_582' title='bbox 1705 4974 1766 5026; x_wconf 83' lang='lat' dir='ltr'>in</span> <span class='ocrx_word' id='word_1_583' title='bbox 1812 4974 2046 5029; x_wconf 80' lang='lat' dir='ltr'>Sentent.</span> <span class='ocrx_word' id='word_1_584' title='bbox 2101 4973 2261 5044; x_wconf 87' lang='lat' dir='ltr'>suis.)</span> <span class='ocrx_word' id='word_1_585' title='bbox 2317 4974 2505 5027; x_wconf 91' lang='lat' dir='ltr'>Item:</span> <span class='ocrx_word' id='word_1_586' title='bbox 2565 4975 2630 5028; x_wconf 86' lang='lat' dir='ltr'>In</span> <span class='ocrx_word' id='word_1_587' title='bbox 2679 4973 2846 5028; x_wconf 89' lang='lat' dir='ltr'>malis</span> 
     </span>
    </p>
   </div>
   <div class='ocr_carea' id='block_1_83' title="bbox 1156 5057 2849 5132">
    <p class='ocr_par' dir='ltr' id='par_1_83' title="bbox 1156 5057 2849 5132">
     <span class='ocr_line' id='line_1_84' title="bbox 1156 5057 2849 5132; baseline 0.004 -23"><span class='ocrx_word' id='word_1_588' title='bbox 1156 5057 1456 5126; x_wconf 88' lang='lat' dir='ltr'>promissis</span> <span class='ocrx_word' id='word_1_589' title='bbox 1513 5060 1768 5114; x_wconf 89' lang='lat' dir='ltr'>rescinde</span> <span class='ocrx_word' id='word_1_590' title='bbox 1827 5061 2019 5116; x_wconf 79' lang='lat' dir='ltr'>ﬁdem.</span> <span class='ocrx_word' id='word_1_591' title='bbox 2072 5063 2136 5116; x_wconf 88' lang='lat' dir='ltr'>In</span> <span class='ocrx_word' id='word_1_592' title='bbox 2188 5062 2341 5132; x_wconf 91' lang='lat' dir='ltr'>turpi</span> <span class='ocrx_word' id='word_1_593' title='bbox 2396 5068 2524 5115; x_wconf 86' lang='lat' dir='ltr'>voto</span> <span class='ocrx_word' id='word_1_594' title='bbox 2577 5079 2731 5129; x_wconf 89' lang='lat' dir='ltr'>cave,</span> <span class='ocrx_word' id='word_1_595' title='bbox 2789 5067 2849 5116; x_wconf 92' lang='lat' dir='ltr'>ut</span> 
     </span>
    </p>
   </div>
   <div class='ocr_carea' id='block_1_84' title="bbox 1159 5143 2845 5222">
    <p class='ocr_par' dir='ltr' id='par_1_84' title="bbox 1159 5143 2845 5222">
     <span class='ocr_line' id='line_1_85' title="bbox 1159 5143 2845 5222; baseline 0.005 -26"><span class='ocrx_word' id='word_1_596' title='bbox 1159 5143 1474 5214; x_wconf 89' lang='lat' dir='ltr'>decretum,</span> <span class='ocrx_word' id='word_1_597' title='bbox 1508 5147 1664 5216; x_wconf 90' lang='lat' dir='ltr'>quod</span> <span class='ocrx_word' id='word_1_598' title='bbox 1718 5148 1944 5203; x_wconf 84' lang='lat' dir='ltr'>incaute</span> <span class='ocrx_word' id='word_1_599' title='bbox 1986 5151 2205 5217; x_wconf 80' lang='lat' dir='ltr'>vovisti,</span> <span class='ocrx_word' id='word_1_600' title='bbox 2271 5167 2384 5204; x_wconf 90' lang='lat' dir='ltr'>non</span> <span class='ocrx_word' id='word_1_601' title='bbox 2433 5151 2624 5205; x_wconf 85' lang='lat' dir='ltr'>facias.</span> <span class='ocrx_word' id='word_1_602' title='bbox 2662 5151 2845 5222; x_wconf 92' lang='lat' dir='ltr'>lmpia</span> 
     </span>
    </p>
   </div>
   <div class='ocr_carea' id='block_1_85' title="bbox 1159 5234 2372 5307">
    <p class='ocr_par' dir='ltr' id='par_1_85' title="bbox 1159 5234 2372 5307">
     <span class='ocr_line' id='line_1_86' title="bbox 1159 5234 2372 5307; baseline 0.005 -21"><span class='ocrx_word' id='word_1_603' title='bbox 1159 5237 1244 5286; x_wconf 91' lang='lat' dir='ltr'>est</span> <span class='ocrx_word' id='word_1_604' title='bbox 1275 5234 1579 5302; x_wconf 88' lang='lat' dir='ltr'>promissio</span> <span class='ocrx_word' id='word_1_605' title='bbox 1611 5251 1740 5306; x_wconf 69' lang='lat' dir='ltr'>quae</span> <span class='ocrx_word' id='word_1_606' title='bbox 1771 5237 1978 5290; x_wconf 90' lang='lat' dir='ltr'>scelere</span> <span class='ocrx_word' id='word_1_607' title='bbox 2005 5237 2372 5307; x_wconf 89' lang='lat' dir='ltr'>adimpletur.</span> 
     </span>
    </p>
   </div>
   <div class='ocr_carea' id='block_1_86' title="bbox 1229 5321 2846 5397">
    <p class='ocr_par' dir='ltr' id='par_1_86' title="bbox 1229 5321 2846 5397">
     <span class='ocr_line' id='line_1_87' title="bbox 1229 5321 2846 5397; baseline 0.002 -21"><span class='ocrx_word' id='word_1_608' title='bbox 1229 5321 1338 5392; x_wconf 78' lang='lat' dir='ltr'>(Ea:</span> <span class='ocrx_word' id='word_1_609' title='bbox 1367 5325 1589 5378; x_wconf 81' lang='lat' dir='ltr'>concilio</span> <span class='ocrx_word' id='word_1_610' title='bbox 1624 5324 1918 5395; x_wconf 85' lang='lat' dir='ltr'>Toletano.)</span> <span class='ocrx_word' id='word_1_611' title='bbox 1959 5326 2192 5379; x_wconf 85' lang='lat' dir='ltr'><strong>Necesse</strong></span> <span class='ocrx_word' id='word_1_612' title='bbox 2232 5331 2318 5380; x_wconf 89' lang='lat' dir='ltr'>est</span> <span class='ocrx_word' id='word_1_613' title='bbox 2343 5332 2408 5380; x_wconf 89' lang='lat' dir='ltr'>ut</span> <span class='ocrx_word' id='word_1_614' title='bbox 2452 5329 2600 5381; x_wconf 89' lang='lat' dir='ltr'>male</span> <span class='ocrx_word' id='word_1_615' title='bbox 2641 5327 2846 5397; x_wconf 91' lang='lat' dir='ltr'>jurans</span> 
     </span>
    </p>
   </div>
   <div class='ocr_carea' id='block_1_87' title="bbox 1157 5408 2845 5482">
    <p class='ocr_par' dir='ltr' id='par_1_87' title="bbox 1157 5408 2845 5482">
     <span class='ocr_line' id='line_1_88' title="bbox 1157 5408 2845 5482; baseline 0.004 -21"><span class='ocrx_word' id='word_1_616' title='bbox 1157 5408 1396 5479; x_wconf 85' lang='lat' dir='ltr'>dignam</span> <span class='ocrx_word' id='word_1_617' title='bbox 1426 5413 1825 5482; x_wconf 68' lang='lat' dir='ltr'>paenitentiam</span> <span class='ocrx_word' id='word_1_618' title='bbox 1857 5418 2010 5482; x_wconf 86' lang='lat' dir='ltr'>agat,</span> <span class='ocrx_word' id='word_1_619' title='bbox 2042 5428 2110 5466; x_wconf 93' lang='lat' dir='ltr'>eo</span> <span class='ocrx_word' id='word_1_620' title='bbox 2139 5413 2288 5482; x_wconf 91' lang='lat' dir='ltr'>quod</span> <span class='ocrx_word' id='word_1_621' title='bbox 2323 5429 2534 5468; x_wconf 90' lang='lat' dir='ltr'>nomen</span> <span class='ocrx_word' id='word_1_622' title='bbox 2566 5415 2666 5468; x_wconf 93' lang='lat' dir='ltr'>Dei</span> <span class='ocrx_word' id='word_1_623' title='bbox 2707 5431 2845 5468; x_wconf 88' lang='lat' dir='ltr'>con-</span> 
     </span>
    </p>
   </div>
   <div class='ocr_carea' id='block_1_88' title="bbox 1155 5501 2844 5573">
    <p class='ocr_par' dir='ltr' id='par_1_88' title="bbox 1155 5501 2844 5573">
     <span class='ocr_line' id='line_1_89' title="bbox 1155 5501 2844 5573; baseline 0.004 -24"><span class='ocrx_word' id='word_1_624' title='bbox 1155 5501 1246 5550; x_wconf 89' lang='lat' dir='ltr'>tra</span> <span class='ocrx_word' id='word_1_625' title='bbox 1296 5505 1642 5570; x_wconf 65' lang='lat' dir='ltr'>praeceptum</span> <span class='ocrx_word' id='word_1_626' title='bbox 1721 5501 1846 5570; x_wconf 88' lang='lat' dir='ltr'>ejus</span> <span class='ocrx_word' id='word_1_627' title='bbox 1898 5501 1958 5554; x_wconf 93' lang='lat' dir='ltr'>in</span> <span class='ocrx_word' id='word_1_628' title='bbox 2015 5516 2224 5554; x_wconf 88' lang='lat' dir='ltr'>vanum</span> <span class='ocrx_word' id='word_1_629' title='bbox 2269 5503 2542 5572; x_wconf 90' lang='lat' dir='ltr'>sumpsit;</span> <span class='ocrx_word' id='word_1_630' title='bbox 2595 5503 2731 5573; x_wconf 90' lang='lat' dir='ltr'>quia</span> <span class='ocrx_word' id='word_1_631' title='bbox 2787 5503 2844 5556; x_wconf 92' lang='lat' dir='ltr'>in</span> 
     </span>
    </p>
   </div>
   <div class='ocr_carea' id='block_1_89' title="bbox 1157 5586 2848 5660">
    <p class='ocr_par' dir='ltr' id='par_1_89' title="bbox 1157 5586 2848 5660">
     <span class='ocr_line' id='line_1_90' title="bbox 1157 5586 2848 5660; baseline 0.005 -22"><span class='ocrx_word' id='word_1_632' title='bbox 1157 5586 1346 5640; x_wconf 86' lang='lat' dir='ltr'>Exodo</span> <span class='ocrx_word' id='word_1_633' title='bbox 1376 5591 1648 5660; x_wconf 87' lang='lat' dir='ltr'>scriptum</span> <span class='ocrx_word' id='word_1_634' title='bbox 1679 5595 1766 5644; x_wconf 92' lang='lat' dir='ltr'>est</span> <span class='ocrx_word' id='word_1_635' title='bbox 1798 5607 1811 5644; x_wconf 87' lang='lat'><strong>:</strong></span> <span class='ocrx_word' id='word_1_636' title='bbox 1844 5591 2037 5660; x_wconf 86' lang='lat' dir='ltr'>Neque</span> <span class='ocrx_word' id='word_1_637' title='bbox 2066 5590 2223 5644; x_wconf 90' lang='lat' dir='ltr'>enim</span> <span class='ocrx_word' id='word_1_638' title='bbox 2266 5590 2550 5644; x_wconf 87' lang='lat' dir='ltr'>insontem</span> <span class='ocrx_word' id='word_1_639' title='bbox 2611 5592 2848 5646; x_wconf 86' lang='lat' dir='ltr'>habebit</span> 
     </span>
    </p>
   </div>
   <div class='ocr_carea' id='block_1_90' title="bbox 1163 5674 2846 5749">
    <p class='ocr_par' dir='ltr' id='par_1_90' title="bbox 1163 5674 2846 5749">
     <span class='ocr_line' id='line_1_91' title="bbox 1163 5674 2846 5749; baseline 0.005 -23"><span class='ocrx_word' id='word_1_640' title='bbox 1163 5674 1437 5729; x_wconf 90' lang='lat' dir='ltr'>Dominus</span> <span class='ocrx_word' id='word_1_641' title='bbox 1464 5694 1595 5730; x_wconf 90' lang='lat' dir='ltr'>eum</span> <span class='ocrx_word' id='word_1_642' title='bbox 1627 5678 1728 5748; x_wconf 87' lang='lat' dir='ltr'>qui</span> <span class='ocrx_word' id='word_1_643' title='bbox 1789 5679 2158 5749; x_wconf 87' lang='lat' dir='ltr'>assumpserit</span> <span class='ocrx_word' id='word_1_644' title='bbox 2217 5693 2428 5732; x_wconf 91' lang='lat' dir='ltr'>nomen</span> <span class='ocrx_word' id='word_1_645' title='bbox 2485 5679 2583 5732; x_wconf 92' lang='lat' dir='ltr'>Dei</span> <span class='ocrx_word' id='word_1_646' title='bbox 2639 5680 2725 5733; x_wconf 92' lang='lat' dir='ltr'>sui</span> <span class='ocrx_word' id='word_1_647' title='bbox 2787 5680 2846 5734; x_wconf 90' lang='lat' dir='ltr'>in</span> 
     </span>
    </p>
   </div>
   <div class='ocr_carea' id='block_1_91' title="bbox 1159 5765 2847 5838">
    <p class='ocr_par' dir='ltr' id='par_1_91' title="bbox 1159 5765 2847 5838">
     <span class='ocr_line' id='line_1_92' title="bbox 1159 5765 2847 5838; baseline 0.005 -26"><span class='ocrx_word' id='word_1_648' title='bbox 1159 5775 1404 5829; x_wconf 85' lang='lat' dir='ltr'>vanum;</span> <span class='ocrx_word' id='word_1_649' title='bbox 1436 5765 1582 5818; x_wconf 91' lang='lat' dir='ltr'><strong>etin</strong></span> <span class='ocrx_word' id='word_1_650' title='bbox 1629 5765 1874 5820; x_wconf 85' lang='lat' dir='ltr'>Levitico</span> <span class='ocrx_word' id='word_1_651' title='bbox 1907 5767 2070 5821; x_wconf 83' lang='lat' dir='ltr'>:Nou</span> <span class='ocrx_word' id='word_1_652' title='bbox 2117 5766 2437 5838; x_wconf 86' lang='lat' dir='ltr'>perjurabis</span> <span class='ocrx_word' id='word_1_653' title='bbox 2494 5766 2554 5821; x_wconf 92' lang='lat' dir='ltr'>in</span> <span class='ocrx_word' id='word_1_654' title='bbox 2610 5766 2847 5822; x_wconf 91' lang='lat' dir='ltr'>nomine</span> 
     </span>
    </p>
   </div>
   <div class='ocr_carea' id='block_1_92' title="bbox 2955 3291 4670 3364">
    <p class='ocr_par' dir='ltr' id='par_1_92' title="bbox 2955 3291 4670 3364">
     <span class='ocr_line' id='line_1_93' title="bbox 2955 3291 4670 3364; baseline -0.001 -16"><span class='ocrx_word' id='word_1_655' title='bbox 2955 3296 3229 3349; x_wconf 89' lang='lat' dir='ltr'>catholica</span> <span class='ocrx_word' id='word_1_656' title='bbox 3261 3301 3315 3348; x_wconf 91' lang='lat' dir='ltr'>et</span> <span class='ocrx_word' id='word_1_657' title='bbox 3346 3295 3544 3359; x_wconf 86' lang='lat' dir='ltr'>nescit,</span> <span class='ocrx_word' id='word_1_658' title='bbox 3595 3293 3663 3346; x_wconf 77' lang='grc'>40</span> <span class='ocrx_word' id='word_1_659' title='bbox 3692 3292 3813 3346; x_wconf 90' lang='lat' dir='ltr'>dies</span> <span class='ocrx_word' id='word_1_660' title='bbox 3847 3291 4150 3360; x_wconf 82' lang='lat' dir='ltr'>pceniteat;</span> <span class='ocrx_word' id='word_1_661' title='bbox 4202 3294 4269 3360; x_wconf 91' lang='lat' dir='ltr'>si,</span> <span class='ocrx_word' id='word_1_662' title='bbox 4332 3311 4449 3364; x_wconf 89' lang='lat' dir='ltr'>pro</span> <span class='ocrx_word' id='word_1_663' title='bbox 4525 3311 4670 3348; x_wconf 83' lang='lat' dir='ltr'>reve-</span> 
     </span>
    </p>
   </div>
   <div class='ocr_carea' id='block_1_93' title="bbox 2954 3381 4672 3454">
    <p class='ocr_par' dir='ltr' id='par_1_93' title="bbox 2954 3381 4672 3454">
     <span class='ocr_line' id='line_1_94' title="bbox 2954 3381 4672 3454; baseline -0.001 -17"><span class='ocrx_word' id='word_1_664' title='bbox 2954 3385 3136 3437; x_wconf 90' lang='lat' dir='ltr'>rentia</span> <span class='ocrx_word' id='word_1_665' title='bbox 3165 3385 3307 3454; x_wconf 89' lang='lat' dir='ltr'>ejus,</span> <span class='ocrx_word' id='word_1_666' title='bbox 3343 3397 3557 3437; x_wconf 91' lang='lat' dir='ltr'>annum</span> <span class='ocrx_word' id='word_1_667' title='bbox 3583 3382 3873 3450; x_wconf 90' lang='lat' dir='ltr'>integrum</span> <span class='ocrx_word' id='word_1_668' title='bbox 3906 3381 4210 3450; x_wconf 74' lang='lat' dir='ltr'>pmniteat:</span> <span class='ocrx_word' id='word_1_669' title='bbox 4268 3383 4314 3436; x_wconf 89' lang='lat' dir='ltr'>si</span> <span class='ocrx_word' id='word_1_670' title='bbox 4357 3399 4476 3452; x_wconf 89' lang='lat' dir='ltr'>pro</span> <span class='ocrx_word' id='word_1_671' title='bbox 4509 3383 4672 3436; x_wconf 87' lang='lat' dir='ltr'>dam-</span> 
     </span>
    </p>
   </div>
   <div class='ocr_carea' id='block_1_94' title="bbox 2954 3469 4672 3525">
    <p class='ocr_par' dir='ltr' id='par_1_94' title="bbox 2954 3469 4672 3525">
     <span class='ocr_line' id='line_1_95' title="bbox 2954 3469 4672 3525; baseline -0.001 -1"><span class='ocrx_word' id='word_1_672' title='bbox 2954 3473 3183 3525; x_wconf 88' lang='lat' dir='ltr'>natione</span> <span class='ocrx_word' id='word_1_673' title='bbox 3211 3472 3470 3525; x_wconf 75' lang='lat' dir='ltr'>Ecclesiae</span> <span class='ocrx_word' id='word_1_674' title='bbox 3519 3469 3813 3524; x_wconf 71' lang='lat' dir='ltr'>catholica:</span> <span class='ocrx_word' id='word_1_675' title='bbox 3862 3474 3916 3522; x_wconf 89' lang='lat' dir='ltr'>et</span> <span class='ocrx_word' id='word_1_676' title='bbox 3965 3471 4387 3525; x_wconf 87' lang='lat' dir='ltr'>consuetudine</span> <span class='ocrx_word' id='word_1_677' title='bbox 4460 3472 4672 3525; x_wconf 81' lang='lat' dir='ltr'>Roma-</span> 
     </span>
    </p>
   </div>
   <div class='ocr_carea' id='block_1_95' title="bbox 2953 3556 4669 3630">
    <p class='ocr_par' dir='ltr' id='par_1_95' title="bbox 2953 3556 4669 3630">
     <span class='ocr_line' id='line_1_96' title="bbox 2953 3556 4669 3630; baseline -0.002 -16"><span class='ocrx_word' id='word_1_678' title='bbox 2953 3577 3182 3614; x_wconf 90' lang='lat' dir='ltr'>norum.</span> <span class='ocrx_word' id='word_1_679' title='bbox 3218 3561 3548 3630; x_wconf 89' lang='lat' dir='ltr'>projiciatur</span> <span class='ocrx_word' id='word_1_680' title='bbox 3579 3559 3648 3612; x_wconf 89' lang='lat' dir='ltr'>ab</span> <span class='ocrx_word' id='word_1_681' title='bbox 3675 3556 3916 3612; x_wconf 88' lang='lat' dir='ltr'>Ecclesia</span> <span class='ocrx_word' id='word_1_682' title='bbox 3945 3557 4094 3612; x_wconf 91' lang='lat' dir='ltr'>sicut</span> <span class='ocrx_word' id='word_1_683' title='bbox 4135 3559 4478 3624; x_wconf 54' lang='lat' dir='ltr'>haereticus,</span> <span class='ocrx_word' id='word_1_684' title='bbox 4534 3559 4669 3622; x_wconf 89' lang='lat' dir='ltr'>nisi,</span> 
     </span>
    </p>
   </div>
   <div class='ocr_carea' id='block_1_96' title="bbox 2952 3646 4672 3718">
    <p class='ocr_par' dir='ltr' id='par_1_96' title="bbox 2952 3646 4672 3718">
     <span class='ocr_line' id='line_1_97' title="bbox 2952 3646 4672 3718; baseline -0.001 -17"><span class='ocrx_word' id='word_1_685' title='bbox 2952 3648 3157 3701; x_wconf 90' lang='lat' dir='ltr'>habeat</span> <span class='ocrx_word' id='word_1_686' title='bbox 3181 3648 3595 3718; x_wconf 61' lang='lat' dir='ltr'>paenitentiam.</span> <span class='ocrx_word' id='word_1_687' title='bbox 3629 3647 3686 3700; x_wconf 90' lang='lat' dir='ltr'>Si</span> <span class='ocrx_word' id='word_1_688' title='bbox 3730 3646 4025 3699; x_wconf 89' lang='lat' dir='ltr'>recesserit</span> <span class='ocrx_word' id='word_1_689' title='bbox 4055 3647 4125 3701; x_wconf 90' lang='lat' dir='ltr'>ab</span> <span class='ocrx_word' id='word_1_690' title='bbox 4171 3648 4428 3701; x_wconf 84' lang='lat' dir='ltr'>Ecclesia</span> <span class='ocrx_word' id='word_1_691' title='bbox 4472 3649 4672 3700; x_wconf 83' lang='lat' dir='ltr'>catho-</span> 
     </span>
    </p>
   </div>
   <div class='ocr_carea' id='block_1_97' title="bbox 2954 3734 4671 3806">
    <p class='ocr_par' dir='ltr' id='par_1_97' title="bbox 2954 3734 4671 3806">
     <span class='ocr_line' id='line_1_98' title="bbox 2954 3734 4671 3806; baseline -0.001 -17"><span class='ocrx_word' id='word_1_692' title='bbox 2954 3736 3059 3789; x_wconf 89' lang='lat' dir='ltr'>lica</span> <span class='ocrx_word' id='word_1_693' title='bbox 3088 3737 3145 3789; x_wconf 93' lang='lat' dir='ltr'>in</span> <span class='ocrx_word' id='word_1_694' title='bbox 3179 3737 3682 3806; x_wconf 84' lang='lat' dir='ltr'>congregationem</span> <span class='ocrx_word' id='word_1_695' title='bbox 3706 3734 4127 3794; x_wconf 63' lang='lat' dir='ltr'>haereticorum.</span> <span class='ocrx_word' id='word_1_696' title='bbox 4161 3740 4218 3788; x_wconf 89' lang='lat' dir='ltr'>et</span> <span class='ocrx_word' id='word_1_697' title='bbox 4249 3736 4398 3789; x_wconf 89' lang='lat' dir='ltr'>alios</span> <span class='ocrx_word' id='word_1_698' title='bbox 4423 3751 4671 3806; x_wconf 84' lang='lat' dir='ltr'>persua-</span> 
     </span>
    </p>
   </div>
   <div class='ocr_carea' id='block_1_98' title="bbox 2954 3822 4674 3895">
    <p class='ocr_par' dir='ltr' id='par_1_98' title="bbox 2954 3822 4674 3895">
     <span class='ocr_line' id='line_1_99' title="bbox 2954 3822 4674 3895; baseline -0.002 -18"><span class='ocrx_word' id='word_1_699' title='bbox 2954 3825 3110 3886; x_wconf 85' lang='lat' dir='ltr'>serit,</span> <span class='ocrx_word' id='word_1_700' title='bbox 3144 3831 3342 3895; x_wconf 90' lang='lat' dir='ltr'>postea</span> <span class='ocrx_word' id='word_1_701' title='bbox 3373 3825 3769 3894; x_wconf 68' lang='lat' dir='ltr'>paenitentiam</span> <span class='ocrx_word' id='word_1_702' title='bbox 3792 3822 3994 3891; x_wconf 92' lang='lat' dir='ltr'>egerit,</span> <span class='ocrx_word' id='word_1_703' title='bbox 4035 3827 4098 3878; x_wconf 79' lang='lat' dir='ltr'>l2</span> <span class='ocrx_word' id='word_1_704' title='bbox 4122 3840 4305 3877; x_wconf 87' lang='lat' dir='ltr'>annos</span> <span class='ocrx_word' id='word_1_705' title='bbox 4358 3825 4674 3894; x_wconf 67' lang='lat' dir='ltr'>paeniteat,</span> 
     </span>
    </p>
   </div>
   <div class='ocr_carea' id='block_1_99' title="bbox 2953 3913 4676 3982">
    <p class='ocr_par' dir='ltr' id='par_1_99' title="bbox 2953 3913 4676 3982">
     <span class='ocr_line' id='line_1_100' title="bbox 2953 3913 4676 3982; baseline -0.002 -14"><span class='ocrx_word' id='word_1_706' title='bbox 2953 3917 3188 3968; x_wconf 90' lang='lat' dir='ltr'>3annos</span> <span class='ocrx_word' id='word_1_707' title='bbox 3239 3919 3398 3968; x_wconf 86' lang='lat' dir='ltr'>extra</span> <span class='ocrx_word' id='word_1_708' title='bbox 3448 3914 3767 3982; x_wconf 88' lang='lat' dir='ltr'>ecclesiam,</span> <span class='ocrx_word' id='word_1_709' title='bbox 3799 3919 3856 3966; x_wconf 92' lang='lat' dir='ltr'>et</span> <span class='ocrx_word' id='word_1_710' title='bbox 3908 3913 3940 3962; x_wconf 86' lang='grc'>6</span> <span class='ocrx_word' id='word_1_711' title='bbox 4014 3913 4164 3966; x_wconf 92' lang='lat' dir='ltr'>inter</span> <span class='ocrx_word' id='word_1_712' title='bbox 4220 3913 4567 3978; x_wconf 89' lang='lat' dir='ltr'>audientes,</span> <span class='ocrx_word' id='word_1_713' title='bbox 4625 3918 4676 3964; x_wconf 88' lang='lat' dir='ltr'>et</span> 
     </span>
    </p>
   </div>
   <div class='ocr_carea' id='block_1_100' title="bbox 2953 4001 4674 4067">
    <p class='ocr_par' dir='ltr' id='par_1_100' title="bbox 2953 4001 4674 4067">
     <span class='ocr_line' id='line_1_101' title="bbox 2953 4001 4674 4067; baseline -0.001 -13"><span class='ocrx_word' id='word_1_714' title='bbox 2953 4002 3094 4055; x_wconf 90' lang='lat' dir='ltr'>duos</span> <span class='ocrx_word' id='word_1_715' title='bbox 3128 4003 3312 4056; x_wconf 88' lang='lat' dir='ltr'>adhuc</span> <span class='ocrx_word' id='word_1_716' title='bbox 3341 4007 3500 4055; x_wconf 85' lang='lat' dir='ltr'>extra</span> <span class='ocrx_word' id='word_1_717' title='bbox 3523 4003 4009 4057; x_wconf 91' lang='lat' dir='ltr'>communionem.</span> <span class='ocrx_word' id='word_1_718' title='bbox 4049 4003 4123 4056; x_wconf 93' lang='lat' dir='ltr'>De</span> <span class='ocrx_word' id='word_1_719' title='bbox 4155 4001 4262 4067; x_wconf 90' lang='lat' dir='ltr'>his,</span> <span class='ocrx_word' id='word_1_720' title='bbox 4313 4001 4380 4054; x_wconf 89' lang='lat' dir='ltr'>in</span> <span class='ocrx_word' id='word_1_721' title='bbox 4449 4016 4674 4054; x_wconf 82' lang='lat' dir='ltr'>canone</span> 
     </span>
    </p>
   </div>
   <div class='ocr_carea' id='block_1_101' title="bbox 2953 4089 4675 4156">
    <p class='ocr_par' dir='ltr' id='par_1_101' title="bbox 2953 4089 4675 4156">
     <span class='ocr_line' id='line_1_102' title="bbox 2953 4089 4675 4156; baseline -0.002 -12"><span class='ocrx_word' id='word_1_722' title='bbox 2953 4091 3177 4156; x_wconf 92' lang='lat' dir='ltr'>dicitur,</span> <span class='ocrx_word' id='word_1_723' title='bbox 3230 4096 3289 4144; x_wconf 92' lang='lat' dir='ltr'>ut</span> <span class='ocrx_word' id='word_1_724' title='bbox 3345 4091 3566 4144; x_wconf 88' lang='lat' dir='ltr'>decimo</span> <span class='ocrx_word' id='word_1_725' title='bbox 3615 4107 3767 4144; x_wconf 91' lang='lat' dir='ltr'>anno</span> <span class='ocrx_word' id='word_1_726' title='bbox 3812 4089 4284 4146; x_wconf 88' lang='lat' dir='ltr'>communionem</span> <span class='ocrx_word' id='word_1_727' title='bbox 4344 4090 4481 4142; x_wconf 90' lang='lat' dir='ltr'>sine</span> <span class='ocrx_word' id='word_1_728' title='bbox 4516 4089 4675 4142; x_wconf 86' lang='lat' dir='ltr'>obla-</span> 
     </span>
    </p>
   </div>
   <div class='ocr_carea' id='block_1_102' title="bbox 2951 4177 4676 4250">
    <p class='ocr_par' dir='ltr' id='par_1_102' title="bbox 2951 4177 4676 4250">
     <span class='ocr_line' id='line_1_103' title="bbox 2951 4177 4676 4250; baseline -0.002 -19"><span class='ocrx_word' id='word_1_729' title='bbox 2951 4179 3104 4232; x_wconf 89' lang='lat' dir='ltr'>tione</span> <span class='ocrx_word' id='word_1_730' title='bbox 3145 4179 3441 4248; x_wconf 90' lang='lat' dir='ltr'>recipiant.</span> <span class='ocrx_word' id='word_1_731' title='bbox 3493 4177 3548 4232; x_wconf 93' lang='lat' dir='ltr'>Si</span> <span class='ocrx_word' id='word_1_732' title='bbox 3601 4179 3928 4250; x_wconf 88' lang='lat' dir='ltr'>episeopus,</span> <span class='ocrx_word' id='word_1_733' title='bbox 3992 4184 4091 4233; x_wconf 91' lang='lat' dir='ltr'>aut</span> <span class='ocrx_word' id='word_1_734' title='bbox 4141 4177 4319 4231; x_wconf 88' lang='lat' dir='ltr'>abbas</span> <span class='ocrx_word' id='word_1_735' title='bbox 4375 4177 4676 4231; x_wconf 87' lang='lat' dir='ltr'>monacho</span> 
     </span>
    </p>
   </div>
   <div class='ocr_carea' id='block_1_103' title="bbox 2952 4266 4671 4338">
    <p class='ocr_par' dir='ltr' id='par_1_103' title="bbox 2952 4266 4671 4338">
     <span class='ocr_line' id='line_1_104' title="bbox 2952 4266 4671 4338; baseline -0.002 -17"><span class='ocrx_word' id='word_1_736' title='bbox 2952 4284 3054 4321; x_wconf 93' lang='lat' dir='ltr'>suo</span> <span class='ocrx_word' id='word_1_737' title='bbox 3078 4268 3246 4338; x_wconf 84' lang='lat' dir='ltr'>jubet</span> <span class='ocrx_word' id='word_1_738' title='bbox 3285 4273 3340 4321; x_wconf 91' lang='lat' dir='ltr'>et</span> <span class='ocrx_word' id='word_1_739' title='bbox 3376 4283 3480 4337; x_wconf 91' lang='lat' dir='ltr'>pro</span> <span class='ocrx_word' id='word_1_740' title='bbox 3533 4267 3817 4322; x_wconf 63' lang='lat' dir='ltr'>haereticis</span> <span class='ocrx_word' id='word_1_741' title='bbox 3875 4268 4121 4322; x_wconf 88' lang='lat' dir='ltr'>mortuis</span> <span class='ocrx_word' id='word_1_742' title='bbox 4178 4267 4391 4320; x_wconf 87' lang='lat' dir='ltr'>missas</span> <span class='ocrx_word' id='word_1_743' title='bbox 4457 4266 4671 4326; x_wconf 84' lang='lat' dir='ltr'>facere,</span> 
     </span>
    </p>
   </div>
   <div class='ocr_carea' id='block_1_104' title="bbox 2951 4354 4676 4426">
    <p class='ocr_par' dir='ltr' id='par_1_104' title="bbox 2951 4354 4676 4426">
     <span class='ocr_line' id='line_1_105' title="bbox 2951 4354 4676 4426; baseline -0.003 -16"><span class='ocrx_word' id='word_1_744' title='bbox 2951 4373 3066 4410; x_wconf 93' lang='lat' dir='ltr'>non</span> <span class='ocrx_word' id='word_1_745' title='bbox 3101 4357 3230 4409; x_wconf 89' lang='lat' dir='ltr'>licet</span> <span class='ocrx_word' id='word_1_746' title='bbox 3287 4361 3344 4408; x_wconf 92' lang='lat' dir='ltr'>et</span> <span class='ocrx_word' id='word_1_747' title='bbox 3397 4372 3515 4409; x_wconf 92' lang='lat' dir='ltr'>non</span> <span class='ocrx_word' id='word_1_748' title='bbox 3563 4357 3793 4426; x_wconf 92' lang='lat' dir='ltr'>expedit</span> <span class='ocrx_word' id='word_1_749' title='bbox 3823 4357 4056 4411; x_wconf 90' lang='lat' dir='ltr'>obedire</span> <span class='ocrx_word' id='word_1_750' title='bbox 4087 4356 4188 4409; x_wconf 92' lang='lat' dir='ltr'>eis.</span> <span class='ocrx_word' id='word_1_751' title='bbox 4225 4354 4286 4409; x_wconf 91' lang='lat' dir='ltr'>Si</span> <span class='ocrx_word' id='word_1_752' title='bbox 4317 4355 4676 4424; x_wconf 79' lang='lat' dir='ltr'>presbytero</span> 
     </span>
    </p>
   </div>
   <div class='ocr_carea' id='block_1_105' title="bbox 2886 4442 4680 4535">
    <p class='ocr_par' dir='ltr' id='par_1_105' title="bbox 2886 4442 4680 4535">
     <span class='ocr_line' id='line_1_106' title="bbox 2886 4442 4680 4535; baseline -0.002 -37"><span class='ocrx_word' id='word_1_753' title='bbox 2886 4483 2926 4535; x_wconf 66' lang='grc' dir='ltr'><strong>Β</strong></span> <span class='ocrx_word' id='word_1_754' title='bbox 2956 4445 3258 4513; x_wconf 87' lang='lat' dir='ltr'>contigerit</span> <span class='ocrx_word' id='word_1_755' title='bbox 3281 4445 3380 4498; x_wconf 90' lang='lat' dir='ltr'>ubi</span> <span class='ocrx_word' id='word_1_756' title='bbox 3421 4445 3651 4498; x_wconf 88' lang='lat' dir='ltr'>missam</span> <span class='ocrx_word' id='word_1_757' title='bbox 3691 4446 4026 4510; x_wconf 75' lang='lat' dir='ltr'>cantavcrit,</span> <span class='ocrx_word' id='word_1_758' title='bbox 4075 4449 4134 4498; x_wconf 92' lang='lat' dir='ltr'>et</span> <span class='ocrx_word' id='word_1_759' title='bbox 4171 4442 4319 4496; x_wconf 91' lang='lat' dir='ltr'>alius</span> <span class='ocrx_word' id='word_1_760' title='bbox 4382 4442 4680 4495; x_wconf 77' lang='lat' dir='ltr'>recitave-</span> 
     </span>
    </p>
   </div>
   <div class='ocr_carea' id='block_1_106' title="bbox 2958 4531 4680 4599">
    <p class='ocr_par' dir='ltr' id='par_1_106' title="bbox 2958 4531 4680 4599">
     <span class='ocr_line' id='line_1_107' title="bbox 2958 4531 4680 4599; baseline -0.003 -12"><span class='ocrx_word' id='word_1_761' title='bbox 2958 4535 3033 4587; x_wconf 90' lang='lat' dir='ltr'>rit</span> <span class='ocrx_word' id='word_1_762' title='bbox 3057 4534 3290 4587; x_wconf 91' lang='lat' dir='ltr'>nomina</span> <span class='ocrx_word' id='word_1_763' title='bbox 3321 4538 3706 4599; x_wconf 91' lang='lat' dir='ltr'>mortuorum,</span> <span class='ocrx_word' id='word_1_764' title='bbox 3736 4539 3793 4587; x_wconf 91' lang='lat' dir='ltr'>et</span> <span class='ocrx_word' id='word_1_765' title='bbox 3820 4533 3864 4587; x_wconf 91' lang='lat' dir='ltr'>si</span> <span class='ocrx_word' id='word_1_766' title='bbox 3895 4533 4067 4587; x_wconf 89' lang='lat' dir='ltr'>simul</span> <span class='ocrx_word' id='word_1_767' title='bbox 4097 4531 4504 4585; x_wconf 86' lang='lat' dir='ltr'>nominaverit</span> <span class='ocrx_word' id='word_1_768' title='bbox 4563 4531 4680 4584; x_wconf 60' lang='lat' dir='ltr'>hee.-</span> 
     </span>
    </p>
   </div>
   <div class='ocr_carea' id='block_1_107' title="bbox 2957 4619 4677 4691">
    <p class='ocr_par' dir='ltr' id='par_1_107' title="bbox 2957 4619 4677 4691">
     <span class='ocr_line' id='line_1_108' title="bbox 2957 4619 4677 4691; baseline -0.003 -16"><span class='ocrx_word' id='word_1_769' title='bbox 2957 4622 3157 4675; x_wconf 90' lang='lat' dir='ltr'>reticos</span> <span class='ocrx_word' id='word_1_770' title='bbox 3190 4637 3316 4674; x_wconf 91' lang='lat' dir='ltr'>cum</span> <span class='ocrx_word' id='word_1_771' title='bbox 3349 4621 3658 4685; x_wconf 87' lang='lat' dir='ltr'>catholicis,</span> <span class='ocrx_word' id='word_1_772' title='bbox 3695 4622 3740 4674; x_wconf 90' lang='lat' dir='ltr'>si</span> <span class='ocrx_word' id='word_1_773' title='bbox 3794 4627 3922 4691; x_wconf 91' lang='lat' dir='ltr'>post</span> <span class='ocrx_word' id='word_1_774' title='bbox 3989 4621 4223 4674; x_wconf 90' lang='lat' dir='ltr'>missam</span> <span class='ocrx_word' id='word_1_775' title='bbox 4284 4619 4677 4678; x_wconf 80' lang='lat' dir='ltr'>intellexerit,</span> 
     </span>
    </p>
   </div>
   <div class='ocr_carea' id='block_1_108' title="bbox 2956 4707 4680 4778">
    <p class='ocr_par' dir='ltr' id='par_1_108' title="bbox 2956 4707 4680 4778">
     <span class='ocr_line' id='line_1_109' title="bbox 2956 4707 4680 4778; baseline -0.003 -15"><span class='ocrx_word' id='word_1_776' title='bbox 2956 4709 3372 4763; x_wconf 87' lang='lat' dir='ltr'>hebdomadam</span> <span class='ocrx_word' id='word_1_777' title='bbox 3413 4709 3704 4778; x_wconf 78' lang='lat' dir='ltr'>paeniteat.</span> <span class='ocrx_word' id='word_1_778' title='bbox 3737 4710 3795 4762; x_wconf 94' lang='lat' dir='ltr'>Si</span> <span class='ocrx_word' id='word_1_779' title='bbox 3849 4713 4226 4778; x_wconf 85' lang='lat' dir='ltr'>exsequenter</span> <span class='ocrx_word' id='word_1_780' title='bbox 4276 4707 4521 4772; x_wconf 87' lang='lat' dir='ltr'>fecerit,</span> <span class='ocrx_word' id='word_1_781' title='bbox 4578 4723 4680 4758; x_wconf 86' lang='lat' dir='ltr'>an-</span> 
     </span>
    </p>
   </div>
   <div class='ocr_carea' id='block_1_109' title="bbox 2959 4795 4682 4868">
    <p class='ocr_par' dir='ltr' id='par_1_109' title="bbox 2959 4795 4682 4868">
     <span class='ocr_line' id='line_1_110' title="bbox 2959 4795 4682 4868; baseline -0.003 -17"><span class='ocrx_word' id='word_1_782' title='bbox 2959 4814 3096 4851; x_wconf 90' lang='lat' dir='ltr'>num</span> <span class='ocrx_word' id='word_1_783' title='bbox 3118 4798 3405 4866; x_wconf 89' lang='lat' dir='ltr'>integrum</span> <span class='ocrx_word' id='word_1_784' title='bbox 3438 4797 3729 4867; x_wconf 74' lang='lat' dir='ltr'>poeniteat.</span> <span class='ocrx_word' id='word_1_785' title='bbox 3762 4797 3816 4851; x_wconf 90' lang='lat' dir='ltr'>Si</span> <span class='ocrx_word' id='word_1_786' title='bbox 3841 4797 3971 4868; x_wconf 89' lang='lat' dir='ltr'>quis</span> <span class='ocrx_word' id='word_1_787' title='bbox 4011 4812 4115 4866; x_wconf 91' lang='lat' dir='ltr'>pro</span> <span class='ocrx_word' id='word_1_788' title='bbox 4147 4800 4336 4849; x_wconf 85' lang='lat' dir='ltr'>morte</span> <span class='ocrx_word' id='word_1_789' title='bbox 4412 4795 4682 4848; x_wconf 65' lang='lat' dir='ltr'>haeretici</span> 
     </span>
    </p>
   </div>
   <div class='ocr_carea' id='block_1_110' title="bbox 2957 4883 4682 4955">
    <p class='ocr_par' dir='ltr' id='par_1_110' title="bbox 2957 4883 4682 4955">
     <span class='ocr_line' id='line_1_111' title="bbox 2957 4883 4682 4955; baseline -0.004 -15"><span class='ocrx_word' id='word_1_790' title='bbox 2957 4886 3191 4940; x_wconf 89' lang='lat' dir='ltr'>missam</span> <span class='ocrx_word' id='word_1_791' title='bbox 3224 4885 3590 4952; x_wconf 89' lang='lat' dir='ltr'>ordinaverit,</span> <span class='ocrx_word' id='word_1_792' title='bbox 3630 4890 3687 4939; x_wconf 89' lang='lat' dir='ltr'>et</span> <span class='ocrx_word' id='word_1_793' title='bbox 3732 4901 3839 4955; x_wconf 90' lang='lat' dir='ltr'>pro</span> <span class='ocrx_word' id='word_1_794' title='bbox 3887 4885 4166 4954; x_wconf 84' lang='lat' dir='ltr'>religione</span> <span class='ocrx_word' id='word_1_795' title='bbox 4206 4898 4313 4936; x_wconf 86' lang='lat' dir='ltr'>sua</span> <span class='ocrx_word' id='word_1_796' title='bbox 4375 4883 4517 4952; x_wconf 86' lang='lat' dir='ltr'>ejus</span> <span class='ocrx_word' id='word_1_797' title='bbox 4551 4885 4682 4935; x_wconf 83' lang='lat' dir='ltr'>reli-</span> 
     </span>
    </p>
   </div>
   <div class='ocr_carea' id='block_1_111' title="bbox 2957 4970 4680 5044">
    <p class='ocr_par' dir='ltr' id='par_1_111' title="bbox 2957 4970 4680 5044">
     <span class='ocr_line' id='line_1_112' title="bbox 2957 4970 4680 5044; baseline -0.003 -17"><span class='ocrx_word' id='word_1_798' title='bbox 2957 4974 3120 5044; x_wconf 89' lang='lat' dir='ltr'>quias</span> <span class='ocrx_word' id='word_1_799' title='bbox 3150 4973 3228 5027; x_wconf 92' lang='lat' dir='ltr'>ibi</span> <span class='ocrx_word' id='word_1_800' title='bbox 3269 4975 3534 5037; x_wconf 89' lang='lat' dir='ltr'>tenuerit,</span> <span class='ocrx_word' id='word_1_801' title='bbox 3586 4980 3644 5027; x_wconf 92' lang='lat' dir='ltr'>et</span> <span class='ocrx_word' id='word_1_802' title='bbox 3688 4974 3866 5028; x_wconf 91' lang='lat' dir='ltr'>nescit</span> <span class='ocrx_word' id='word_1_803' title='bbox 3923 4970 4306 5026; x_wconf 78' lang='lat' dir='ltr'>ditferentiam</span> <span class='ocrx_word' id='word_1_804' title='bbox 4370 4972 4680 5025; x_wconf 65' lang='lat' dir='ltr'>catholica?</span> 
     </span>
    </p>
   </div>
   <div class='ocr_carea' id='block_1_112' title="bbox 2957 5060 4682 5131">
    <p class='ocr_par' dir='ltr' id='par_1_112' title="bbox 2957 5060 4682 5131">
     <span class='ocr_line' id='line_1_113' title="bbox 2957 5060 4682 5131; baseline -0.003 -15"><span class='ocrx_word' id='word_1_805' title='bbox 2957 5063 3110 5126; x_wconf 89' lang='lat' dir='ltr'>tidei,</span> <span class='ocrx_word' id='word_1_806' title='bbox 3145 5067 3202 5114; x_wconf 89' lang='lat' dir='ltr'>et</span> <span class='ocrx_word' id='word_1_807' title='bbox 3241 5067 3435 5130; x_wconf 90' lang='lat' dir='ltr'>postea</span> <span class='ocrx_word' id='word_1_808' title='bbox 3464 5062 3809 5115; x_wconf 81' lang='lat' dir='ltr'>intellexerit</span> <span class='ocrx_word' id='word_1_809' title='bbox 3839 5062 4071 5130; x_wconf 88' lang='lat' dir='ltr'>penitus</span> <span class='ocrx_word' id='word_1_810' title='bbox 4100 5076 4230 5131; x_wconf 65' lang='lat' dir='ltr'>qum</span> <span class='ocrx_word' id='word_1_811' title='bbox 4261 5060 4491 5129; x_wconf 85' lang='lat' dir='ltr'>egerit,</span> <span class='ocrx_word' id='word_1_812' title='bbox 4561 5060 4682 5112; x_wconf 69' lang='lat' dir='ltr'>reli-</span> 
     </span>
    </p>
   </div>
   <div class='ocr_carea' id='block_1_113' title="bbox 2957 5148 4679 5219">
    <p class='ocr_par' dir='ltr' id='par_1_113' title="bbox 2957 5148 4679 5219">
     <span class='ocr_line' id='line_1_114' title="bbox 2957 5148 4679 5219; baseline -0.003 -17"><span class='ocrx_word' id='word_1_813' title='bbox 2957 5149 3120 5219; x_wconf 89' lang='lat' dir='ltr'>quias</span> <span class='ocrx_word' id='word_1_814' title='bbox 3147 5148 3227 5201; x_wconf 91' lang='lat' dir='ltr'>ibi</span> <span class='ocrx_word' id='word_1_815' title='bbox 3257 5149 3428 5202; x_wconf 91' lang='lat' dir='ltr'>debet</span> <span class='ocrx_word' id='word_1_816' title='bbox 3459 5148 3590 5218; x_wconf 92' lang='lat' dir='ltr'>igne</span> <span class='ocrx_word' id='word_1_817' title='bbox 3643 5163 3917 5215; x_wconf 90' lang='lat' dir='ltr'>cremare,</span> <span class='ocrx_word' id='word_1_818' title='bbox 3975 5154 4030 5201; x_wconf 90' lang='lat' dir='ltr'>et</span> <span class='ocrx_word' id='word_1_819' title='bbox 4077 5162 4298 5200; x_wconf 89' lang='lat' dir='ltr'>annum</span> <span class='ocrx_word' id='word_1_820' title='bbox 4365 5149 4679 5217; x_wconf 70' lang='lat' dir='ltr'>paeniteat.</span> 
     </span>
    </p>
   </div>
   <div class='ocr_carea' id='block_1_114' title="bbox 2955 5235 4680 5306">
    <p class='ocr_par' dir='ltr' id='par_1_114' title="bbox 2955 5235 4680 5306">
     <span class='ocr_line' id='line_1_115' title="bbox 2955 5235 4680 5306; baseline -0.003 -15"><span class='ocrx_word' id='word_1_821' title='bbox 2955 5237 3012 5292; x_wconf 94' lang='lat' dir='ltr'>Si</span> <span class='ocrx_word' id='word_1_822' title='bbox 3043 5243 3235 5291; x_wconf 89' lang='lat' dir='ltr'>autem</span> <span class='ocrx_word' id='word_1_823' title='bbox 3266 5238 3368 5290; x_wconf 90' lang='lat' dir='ltr'>scit</span> <span class='ocrx_word' id='word_1_824' title='bbox 3418 5241 3475 5290; x_wconf 93' lang='lat' dir='ltr'>et</span> <span class='ocrx_word' id='word_1_825' title='bbox 3513 5237 3852 5304; x_wconf 85' lang='lat' dir='ltr'>neglexerit,</span> <span class='ocrx_word' id='word_1_826' title='bbox 3899 5235 4133 5306; x_wconf 88' lang='lat' dir='ltr'>penitus</span> <span class='ocrx_word' id='word_1_827' title='bbox 4180 5243 4563 5301; x_wconf 85' lang='lat' dir='ltr'>commotus,</span> <span class='ocrx_word' id='word_1_828' title='bbox 4627 5237 4680 5287; x_wconf 68' lang='lat' dir='ltr'>te</span> 
     </span>
    </p>
   </div>
   <div class='ocr_carea' id='block_1_115' title="bbox 2957 5323 4682 5396">
    <p class='ocr_par' dir='ltr' id='par_1_115' title="bbox 2957 5323 4682 5396">
     <span class='ocr_line' id='line_1_116' title="bbox 2957 5323 4682 5396; baseline -0.005 -16"><span class='ocrx_word' id='word_1_829' title='bbox 2957 5343 3136 5380; x_wconf 92' lang='lat' dir='ltr'>annos</span> <span class='ocrx_word' id='word_1_830' title='bbox 3168 5326 3455 5396; x_wconf 68' lang='lat' dir='ltr'>paeniteat.</span> <span class='ocrx_word' id='word_1_831' title='bbox 3492 5326 3547 5378; x_wconf 93' lang='lat' dir='ltr'>Si</span> <span class='ocrx_word' id='word_1_832' title='bbox 3581 5326 3708 5396; x_wconf 86' lang='lat' dir='ltr'>quis</span> <span class='ocrx_word' id='word_1_833' title='bbox 3738 5341 3771 5378; x_wconf 91' lang='lat' dir='ltr'>a</span> <span class='ocrx_word' id='word_1_834' title='bbox 3830 5325 3941 5379; x_wconf 83' lang='lat' dir='ltr'>ﬁde</span> <span class='ocrx_word' id='word_1_835' title='bbox 4002 5324 4286 5378; x_wconf 86' lang='lat' dir='ltr'>catholica</span> <span class='ocrx_word' id='word_1_836' title='bbox 4345 5323 4682 5378; x_wconf 75' lang='lat' dir='ltr'>discesserit</span> 
     </span>
    </p>
   </div>
   <div class='ocr_carea' id='block_1_116' title="bbox 2956 5414 4678 5483">
    <p class='ocr_par' dir='ltr' id='par_1_116' title="bbox 2956 5414 4678 5483">
     <span class='ocr_line' id='line_1_117' title="bbox 2956 5414 4678 5483; baseline -0.003 -15"><span class='ocrx_word' id='word_1_837' title='bbox 2956 5416 3077 5468; x_wconf 91' lang='lat' dir='ltr'>sine</span> <span class='ocrx_word' id='word_1_838' title='bbox 3109 5416 3225 5467; x_wconf 87' lang='lat' dir='ltr'>ulla</span> <span class='ocrx_word' id='word_1_839' title='bbox 3257 5415 3612 5476; x_wconf 87' lang='lat' dir='ltr'>necessitate,</span> <span class='ocrx_word' id='word_1_840' title='bbox 3661 5419 3857 5482; x_wconf 88' lang='lat' dir='ltr'>postea</span> <span class='ocrx_word' id='word_1_841' title='bbox 3905 5429 3971 5466; x_wconf 92' lang='lat' dir='ltr'>ex</span> <span class='ocrx_word' id='word_1_842' title='bbox 4037 5417 4160 5466; x_wconf 91' lang='lat' dir='ltr'>toto</span> <span class='ocrx_word' id='word_1_843' title='bbox 4221 5414 4434 5465; x_wconf 87' lang='lat' dir='ltr'>animo</span> <span class='ocrx_word' id='word_1_844' title='bbox 4501 5414 4678 5483; x_wconf 71' lang='lat' dir='ltr'>poeni-</span> 
     </span>
    </p>
   </div>
   <div class='ocr_carea' id='block_1_117' title="bbox 2956 5499 4761 5571">
    <p class='ocr_par' dir='ltr' id='par_1_117' title="bbox 2956 5499 4761 5571">
     <span class='ocr_line' id='line_1_118' title="bbox 2956 5499 4761 5571; baseline -0.003 -15"><span class='ocrx_word' id='word_1_845' title='bbox 2956 5503 3195 5556; x_wconf 88' lang='lat' dir='ltr'>tentiam</span> <span class='ocrx_word' id='word_1_846' title='bbox 3229 5503 3526 5571; x_wconf 88' lang='lat' dir='ltr'>acceperit,</span> <span class='ocrx_word' id='word_1_847' title='bbox 3563 5504 3592 5555; x_wconf 89' lang='lat'>3</span> <span class='ocrx_word' id='word_1_848' title='bbox 3624 5517 3806 5554; x_wconf 89' lang='lat' dir='ltr'>annos</span> <span class='ocrx_word' id='word_1_849' title='bbox 3837 5506 3995 5554; x_wconf 90' lang='lat' dir='ltr'>extra</span> <span class='ocrx_word' id='word_1_850' title='bbox 4025 5499 4334 5554; x_wconf 86' lang='lat' dir='ltr'>ecclesiam</span> <span class='ocrx_word' id='word_1_851' title='bbox 4379 5502 4550 5556; x_wconf 85' lang='lat' dir='ltr'>inter</span> <span class='ocrx_word' id='word_1_852' title='bbox 4589 5517 4682 5552; x_wconf 55' lang='grc' dir='ltr'>διλ-</span> <span class='ocrx_word' id='word_1_853' title='bbox 4759 5512 4761 5529; x_wconf 56' lang='grc' dir='ltr'>ι</span> 
     </span>
    </p>
   </div>
   <div class='ocr_carea' id='block_1_118' title="bbox 2955 5588 4761 5660">
    <p class='ocr_par' dir='ltr' id='par_1_118' title="bbox 2955 5588 4761 5660">
     <span class='ocr_line' id='line_1_119' title="bbox 2955 5588 4761 5660; baseline -0.002 -16"><span class='ocrx_word' id='word_1_854' title='bbox 2955 5591 3194 5653; x_wconf 89' lang='lat' dir='ltr'>dientes,</span> <span class='ocrx_word' id='word_1_855' title='bbox 3248 5591 3410 5660; x_wconf 83' lang='lat' dir='ltr'>juxta</span> <span class='ocrx_word' id='word_1_856' title='bbox 3458 5591 3751 5643; x_wconf 71' lang='lat' dir='ltr'>Nicasnum</span> <span class='ocrx_word' id='word_1_857' title='bbox 3802 5588 4196 5652; x_wconf 77' lang='lat' dir='ltr'>concilium,7</span> <span class='ocrx_word' id='word_1_858' title='bbox 4263 5604 4469 5644; x_wconf 85' lang='lat' dir='ltr'>annos</span> <span class='ocrx_word' id='word_1_859' title='bbox 4503 5591 4568 5644; x_wconf 85' lang='lat' dir='ltr'>in</span> <span class='ocrx_word' id='word_1_860' title='bbox 4601 5605 4682 5641; x_wconf 62' lang='lat' dir='ltr'>ec»</span> <span class='ocrx_word' id='word_1_861' title='bbox 4759 5602 4761 5619; x_wconf 85' lang='lat'>&#39;</span> 
     </span>
    </p>
   </div>
   <div class='ocr_carea' id='block_1_119' title="bbox 2956 5678 4762 5748">
    <p class='ocr_par' dir='ltr' id='par_1_119' title="bbox 2956 5678 4762 5748">
     <span class='ocr_line' id='line_1_120' title="bbox 2956 5678 4762 5748; baseline -0.002 -15"><span class='ocrx_word' id='word_1_862' title='bbox 2956 5679 3138 5733; x_wconf 89' lang='lat' dir='ltr'>clesiis</span> <span class='ocrx_word' id='word_1_863' title='bbox 3167 5679 3318 5732; x_wconf 90' lang='lat' dir='ltr'>inter</span> <span class='ocrx_word' id='word_1_864' title='bbox 3371 5682 3739 5748; x_wconf 71' lang='lat' dir='ltr'>pmnitentes,</span> <span class='ocrx_word' id='word_1_865' title='bbox 3793 5683 3850 5731; x_wconf 90' lang='lat' dir='ltr'>et</span> <span class='ocrx_word' id='word_1_866' title='bbox 3900 5680 3935 5731; x_wconf 82' lang='lat'><strong>2</strong></span> <span class='ocrx_word' id='word_1_867' title='bbox 3992 5692 4182 5730; x_wconf 88' lang='lat' dir='ltr'>annos</span> <span class='ocrx_word' id='word_1_868' title='bbox 4236 5678 4450 5734; x_wconf 86' lang='lat' dir='ltr'>adhuc</span> <span class='ocrx_word' id='word_1_869' title='bbox 4535 5685 4683 5733; x_wconf 73' lang='lat' dir='ltr'>extra</span> <span class='ocrx_word' id='word_1_870' title='bbox 4758 5694 4762 5730; x_wconf 63' lang='grc' dir='ltr'>π</span> 
     </span>
    </p>
   </div>
   <div class='ocr_carea' id='block_1_120' title="bbox 2956 5767 3756 5837">
    <p class='ocr_par' dir='ltr' id='par_1_120' title="bbox 2956 5767 3756 5837">
     <span class='ocr_line' id='line_1_121' title="bbox 2956 5767 3756 5837; baseline -0.001 -15"><span class='ocrx_word' id='word_1_871' title='bbox 2956 5768 3424 5822; x_wconf 89' lang='lat' dir='ltr'>communionem</span> <span class='ocrx_word' id='word_1_872' title='bbox 3461 5767 3756 5837; x_wconf 73' lang='lat' dir='ltr'>pmniteat.</span> 
     </span>
    </p>
   </div>
  </div>
