4944 6500
711 377 846 429 1085

1633 374 2086 431 ADELBOLDUS
2114 375 2440 431 TRAJECT.
2478 405 2520 414 —
2583 374 2861 430 NOTITIA
2896 372 3287 429 HISTORICA.

4074 381 4207 434 1086

2142 702 2288 740 ANNO
2328 703 2519 741 DOMINI
2560 702 2768 741 MXXVII.

1373 949 1389 963 -
1550 866 3343 1040 ADELBOLDUS

1820 1148 2507 1215 TRAJECTENSIS
2556 1150 3094 1215 EPISCOPUS.

1389 1462 1828 1537 NOTITIA
1904 1458 2497 1536 HISTORI‘CA
2573 1463 2679 1535 IN
2762 1463 3530 1537 ADELBOLDUM.

891 1610 1077 1681 (Apud
1110 1612 1174 1666 Β.
1209 1613 1269 1667 Ρ.
1306 1612 1573 1666 Bernard.
1610 1610 1862 1677 Pezium,
1898 1613 2216 1665 Dissertatio
2243 1613 2559 1678 insagogica
2590 1613 2649 1665 in
2681 1616 2805 1666 tom.
2840 1614 2921 1667 III
2953 1613 3216 1666 Thesauri
3246 1612 3448 1667 Anecd.
3492 1616 3713 1679 uoviss.,
3752 1628 3881 1684 pag.
3915 1613 4029 1684 ιιι.)

774 1837 1148 1904 Adelboldus,
1179 1837 1360 1892 nobili
1389 1853 1599 1907 genere
1628 1842 1810 1906 ortus,
1869 1837 2107 1891 Henrico
2152 1838 2200 1893 II
2229 1838 2391 1909 imp.,
2435 1844 2475 1895 A
2505 1839 2655 1908 apud
2688 1839 3007 1895 Vedastinos
3037 1846 3086 1894 et
3117 1841 3481 1906 Amandinos,
3527 1857 3633 1896 non
3673 1843 3843 1898 solum
3893 1845 4199 1912 monachos,

698 1932 1095 1995 cognomento
1126 1926 1349 1993 Sancto,
1378 1942 1412 1979 a
1442 1926 1693 1980 consiliis
1721 1926 1975 1996 primum
2024 1926 2151 1981 fuit.
2188 1927 2401 1981 Deinde

699 2015 958 2069 ludibria
988 2015 1233 2070 fortunas
1264 2033 1326 2069 ac
1359 2016 1558 2070 mundi
1588 2016 1899 2070 vanitatem
1958 2017 2108 2087 apud
2140 2016 2401 2069 animum

696 2103 855 2158 serio
878 2109 1175 2174 reputans,
1208 2104 1481 2159 abdicatis
1525 2105 1896 2175 dignitatibus
1924 2105 1983 2158 in
2034 2105 2402 2159 Benedictino

693 2192 1054 2245 monasterio
1089 2192 1354 2246 Lobiensi
1402 2194 1747 2246 monachum
1806 2192 2108 2263 professus.
2161 2192 2241 2247 Ibi
2273 2208 2401 2247 cum

694 2280 1042 2350 aliquandiu
1082 2280 1271 2334 studia
1299 2279 1527 2349 pietatis
1576 2285 1632 2334 et
1678 2280 2033 2350 optimarum
2079 2280 2403 2334 litterarum

690 2368 995 2433 coluisset,
1030 2369 1262 2422 tandem
1296 2384 1444 2422 anno
1480 2370 1613 2424 l008
1651 2369 1914 2423 Ausfrido
1959 2369 2018 2423 in
2075 2370 2403 2440 episcopatu

693 2456 1103 2526 Ultrajecteusi
1160 2456 1447 2524 suffectus,
1481 2472 1606 2510 eam
1632 2457 1987 2527 provinciam
2022 2473 2229 2527 magna
2275 2473 2404 2511 cum

688 2544 871 2598 laude
903 2545 1078 2613 gessit
1108 2560 1287 2615 usque
1321 2546 1391 2599 ad
1427 2560 1644 2598 annum
1690 2548 1843 2610 1027,
1886 2560 2004 2615 quo
2053 2544 2144 2598 die
2169 2548 2237 2599 27
2297 2547 2403 2599 No-

688 2632 955 2686 vembris
985 2633 1055 2687 ad
1093 2635 1288 2703 plures
1339 2632 1501 2687 abiit.
1548 2634 1678 2687 Haec
1720 2648 1785 2685 ex
1838 2634 2051 2687 Chron.
2116 2632 2398 2702 Ultraject.

682 2718 1023 2774 Joannisde
1055 2720 1205 2774 Beka
1227 2735 1349 2790 cap,
1379 2723 1440 2774 l7
1458 2719 1795 2785 Trithemio,
1830 2720 2152 2787 Possevino,
2175 2720 2401 2774 Oudino

685 2807 943 2877 aliisque
1004 2808 1063 2861 in
1104 2824 1287 2878 pauca
1333 2807 1736 2875 contraximus,
1791 2824 1906 2861 non
1943 2808 2118 2861 nescii
2176 2809 2403 2878 quantis

682 2895 1130 2951 difﬁcultatibus
1155 2895 1405 2950 narratio
1436 2897 1557 2951 hinc
1585 2896 1772 2951 omnis
1817 2896 2063 2950 obnoxia
2092 2896 2186 2950 sit.
2240 2896 2401 2951 Certe

681 2985 1033 3054 Sigebertus
1086 2986 1163 3038 De
1216 2985 1583 3055 scriptoribus
1645 2985 1868 3051 eccles.,
1916 3000 2040 3055 cap.
2099 2987 2220 3051 138,
2279 2985 2400 3039 haec

680 3077 927 3127 tantum
954 3073 1022 3126 de
1060 3072 1373 3126 Adelboldo
1422 3071 1639 3126 habet:
1690 3071 2042 3137 Adelboldus,
2092 3089 2158 3127 ea:
2210 3074 2398 3127 clerico

678 3161 956 3214 Lobiensi
1011 3163 1290 3229 episcopus
1333 3160 1756 3228 Ultrajectensis,
1814 3163 2036 3229 scripsit
2090 3162 2271 3216 Vitam
2312 3176 2395 3215 se-

679 3248 870 3304 cundi
910 3250 1131 3302 Henrici
1184 3249 1548 3317 imperatoris,
1590 3253 1640 3302 et
1686 3250 1742 3302 in
1796 3253 2026 3317 utraque
2081 3250 2396 3303 litteratura

676 3338 869 3407 plura
913 3339 1004 3392 sui
1056 3342 1398 3391 monumenta
1442 3338 1667 3405 reliquit
1710 3340 1959 3405 posteris.
2016 3337 2121 3391 Ubi
2168 3338 2238 3391 ad
2298 3337 2398 3392 illa

685 3425 873 3479 verba
908 3441 922 3479 :
961 3442 1029 3479 eo:
1057 3426 1245 3479 clerico
1264 3425 1516 3479 Lobiensi
1534 3426 1643 3478 hoc
1681 3428 1861 3478 exstat
1900 3424 2158 3479 scholion
2189 3425 2397 3479 eruditi

681 3512 939 3567 Auberti
972 3512 1146 3566 Μίνωι
1178 3528 1190 3567 :
1223 3511 1555 3566 Adelboldus
1606 3514 1790 3581 itaque
1846 3518 1971 3566 ante
2023 3515 2397 3581 episcopatum

683 3618 805 3657 non
836 3602 1125 3655 monachus
1152 3600 1246 3655 sed
1265 3602 1488 3655 clericus
1507 3600 1783 3655 Lobiensis
1828 3603 1961 3667 fuit.
1986 3602 2185 3655 Natant
2216 3608 2397 3655 autem

682 3692 1055 3758 antiquitatis
1111 3691 1483 3744 ecclesiasticae
1530 3689 1784 3756 studiosi,
1844 3690 1974 3744 olim
2030 3690 2209 3756 Lobii,
2253 3695 2314 3744 ut
2344 3694 2394 3744 et

2513 1928 2607 1982 sed
2639 1932 2688 1982 et
2717 1930 2932 1983 clericos
2952 1930 3228 1984 resedisse.
3256 1932 3589 1984 Clericorum
3617 1937 3753 1986 certe
3781 1947 3873 1987 seu
3924 1937 4203 1989 canonico-

2511 2033 2632 2071 rum
2658 2018 2998 2072 Lobiensium
3029 2020 3309 2087 collegium
3336 2022 3395 2073 in
3451 2022 3514 2076 S.
3553 2022 3766 2075 Usmari
3797 2023 4010 2091 templo,
4059 2024 4204 2092 quod

2512 2121 2652 2160 nunc
2708 2111 2784 2160 est
2844 2107 3182 2175 Parochiale,
3229 2108 3405 2161 sedem
3462 2123 3614 2162 suam
3674 2109 3863 2163 habuit
3918 2125 4084 2179 usque
4130 2111 4205 2164 ad

2512 2210 2714 2248 annum
2743 2195 2960 2249 Christi
2986 2197 3327 2249 millesimum
3360 2196 3947 2264 quadringentesimum
3984 2214 4199 2266 nonum,

2512 2283 2656 2350 quod
2684 2283 2809 2337 inde
2844 2286 3106 2351 migravit
3143 2285 3448 2353 Binchium,
3491 2286 3635 2353 quod
3664 2290 3740 2339 est
3793 2287 4086 2341 Hannoniae
4115 2302 4205 2356 op—

2505 2373 2701 2442 pidum
2732 2375 2962 2428 secundo
2988 2375 3221 2429 milliari
3245 2392 3278 2428 a
3320 2377 3484 2430 Lobio
3522 2376 3753 2430 distans.
3804 2377 4012 2430 Verum
4047 2377 4203 2447 quid-

2510 2462 2647 2531 quid
2697 2461 2769 2515 sit
2825 2463 2893 2517 de
2943 2463 3230 2516 canonicis
3276 2480 3377 2518 seu
3419 2464 3639 2518 clericis
3688 2464 4077 2529 Lobiensibus,
4131 2466 4201 2520 de

2510 2550 2825 2604 Adelboldo
2857 2555 3051 2605 tamen
3084 2552 3262 2605 multo
3297 2569 3430 2606 vero
3487 2556 3571 2606 est
3614 2552 3879 2619 similius,
3936 2569 4066 2606 eum
4098 2569 4207 2609 mo-

2508 2637 2740 2690 nachum
2796 2637 3106 2691 Lobiensem
3193 2653 3365 2707 quam
3436 2639 3622 2691 solum
3688 2640 3939 2693 clericum
4004 2639 4198 2694 fuisse.

2509 2724 2652 2778 Sane
2717 2725 2777 2777 in
2828 2726 3072 2795 prologo
3135 2725 3395 2795 opusculi
3436 2727 3516 2779 De
3563 2727 3924 2781 crassitudine
3979 2728 4204 2796 sphera:

2509 2812 2905 2879 scholasticam,
2936 2814 3131 2884 utique
3166 2813 3340 2881 Lobii,
3388 2830 3445 2868 se
3475 2813 3647 2868 fuisse
3681 2815 3803 2884 ipse
3850 2815 4078 2869 fatetur.
4132 2819 4204 2870 At

2510 2901 2639 2971 quis
2682 2902 2909 2971 ignorat
2938 2902 3129 2955 studia
3162 2902 3479 2956 litterarum
3539 2903 3689 2972 apud
3735 2904 4046 2957 monachos
4096 2905 4199 2958 Lo-

2510 2990 2731 3044 bienses
2796 2990 2900 3043 sub
2948 2990 3127 3044 finem
3175 2991 3371 3044 saeculi
3426 2991 3713 3045 undecimi
3762 2992 4050 3062 praecipue
4104 2992 4202 3047 ﬂo-

2437 3110 2478 3164 B
2508 3079 2709 3145 ruisse,
2740 3078 2997 3149 nihilque
3050 3078 3411 3150 frequentius
3464 3080 3716 3133 evenisse
3761 3081 3932 3150 qua’m
3982 3085 4041 3133 ut
4081 3082 4201 3135 cle-

2508 3167 2612 3220 rici
2643 3167 2861 3220 scholas
2891 3168 3324 3234 monachorum,
3382 3168 3703 3238 praesertim
3762 3168 3902 3222 adeo
3952 3168 4199 3223 celebres

2503 3261 2559 3308 et
2610 3255 2983 3326 propinquas,
3040 3256 3156 3308 imo
3224 3271 3405 3325 prope
3462 3256 3811 3325 conjunctae,
3864 3272 4200 3310 communes

2504 3341 2823 3395 haberent?
2875 3340 3055 3411 Igitur
3109 3341 3452 3396 Adelboldus
3502 3342 3815 3395 monachus
3864 3347 3920 3396 et
3949 3342 4200 3396 Lobien-

2505 3428 2578 3482 sis
2610 3429 2939 3483 monasterii
2971 3429 3358 3496 scholasticus,
3393 3434 3509 3483 tam
3544 3430 3954 3483 monachorum
4005 3447 4197 3500 quam,

2505 3517 2552 3568 si
2584 3517 2682 3586 qui
2707 3516 2960 3581 fuerunt,
2985 3517 3341 3582 clericorum,
3371 3517 3694 3571 communis
3726 3517 4019 3588 magister,
4050 3522 4111 3572 ut
4134 3519 4194 3572 in

2506 3605 2633 3658 aliis
2664 3603 2938 3659 coenobiis
2978 3603 3186 3658 nostris
3216 3620 3471 3674 persaepe
3506 3621 3611 3659 usu
3637 3605 3812 3670 venit,
3844 3605 3970 3659 fuit.

1439 3966 1882 4039 NOTITIA
1940 3966 2531 4040 HISTORICA
2588 3967 2714 4039 ET
2770 3967 3456 4042 LITTERARIA.

679 4120 884 4194 (Apud
908 4121 1085 4185 Pertz,
1120 4122 1468 4176 Monumenta
1507 4122 1815 4176 Germaniae
1836 4122 2120 4187 historica,
2154 4121 2357 4192 Script.
2395 4126 2534 4176 tom.
2570 4122 2657 4187 IV,
2691 4137 2823 4193 pag.
2857 4126 2983 4189 679,
3014 4123 3075 4177 in
3102 4123 3360 4195 praemiis
3411 4124 3483 4179 ad
3539 4124 3722 4179 Vitam
3772 4124 3826 4180 S.
3891 4125 4115 4180 Henrici
4146 4127 4195 4181 II

1852 4199 2238 4272 imperatoris,
2270 4201 2473 4256 edente
2503 4202 2564 4257 G.
2602 4201 2777 4256 Waitz
2809 4203 2911 4257 Ph.
2950 4204 3038 4271 D.)

766 4429 1119 4496 Adelbodus,
1217 4428 1640 4498 Ultrajectensis
1733 4428 2057 4500 episcopus,

678 4522 842 4574 teste
877 4517 974 4587 (l),
1003 4533 1093 4571 res
1122 4516 1191 4571 ab
1243 4516 1488 4571 Henrico
1520 4517 1589 4581 II,
1640 4517 1984 4589 imperatore
2041 4524 2226 4589 gestas
2276 4534 2392 4572 uno

673 4606 990 4661 volumine
1058 4606 1345 4659 luculento
1419 4620 1684 4660 sermone
1757 4606 2215 4676 comprehendit.
2267 4608 2395 4660 Haec

670 4710 832 4749 vero
863 4694 1105 4748 historia
1134 4709 1237 4764 per
1266 4693 1520 4747 medium
1554 4709 1742 4749 aevum
1802 4695 2107 4765 plerosque
2165 4694 2393 4749 latuisse

669 4782 917 4838 videtur
947 4782 1054 4848 (2);
1086 4786 1142 4835 et
1167 4781 1265 4852 qui
1298 4786 1491 4851 postea
1524 4781 1707 4836 Vitam
1758 4781 1986 4836 Henrici
2042 4798 2074 4834 a
2133 4783 2393 4836 Bamber—

667 4870 857 4944 gensi
885 4870 1134 4940 quodam
1167 4870 1548 4939 conscriptam
1607 4870 1921 4924 Adelboldo
1951 4870 2299 4938 tribuerunt,
2361 4887 2391 4925 a

669 4972 824 5012 vero
851 4958 1021 5026 longe
1065 4957 1407 5011 aberrarunt
1463 4956 1559 5028 (3).
1620 4956 1787 5011 Aliud
1827 4957 1957 5010 vitae
2006 4958 2392 5028 fragmentum

666 5049 918 5102 Gretser
966 5044 1149 5099 edidit
1202 5044 1281 5115 (4)
1335 5061 1402 5099 ex
1466 5045 1658 5099 codice
1724 5045 2161 5110 Vindobonensi,
2232 5047 2393 5116 cujus

666 5138 830 5191 nota
899 5131 1241 5202 marginalis
1315 5132 1435 5188 haec
1482 5133 1860 5190 continebat:
1950 5136 2083 5190 Vita
2164 5135 2393 5189 Henrici

764 5258 847 5324 (1)
879 5257 955 5311 De
989 5256 1106 5327 div.
1139 5261 1469 5327 temporum
1503 5273 1543 5322 ι,
1574 5259 1625 5311 5.

762 5326 842 5396 (2)
873 5328 1013 5389 Quae
1042 5326 1372 5395 Sigebertus
1403 5327 1473 5380 de
1502 5327 1598 5381 SS.
1652 5328 1784 5381 eccl.
1820 5344 1868 5381 c.
1916 5330 2037 5393 138,
2068 5332 2124 5381 et
2179 5327 2384 5383 Chron.

663 5415 736 5454 a.
779 5397 945 5468 1024,
970 5398 1147 5450 refert
1217 5413 1283 5452 ex
1317 5398 1547 5467 Alperto
1580 5397 1799 5451 hausit:
1832 5398 2191 5468 Sigebertum
2250 5414 2384 5452 vero

664 5478 809 5539 tam
864 5467 1160 5539 Albericus
1210 5469 1423 5538 aliique
1474 5467 2118 5539 caronographi’quam
2168 5469 2386 5522 Trithe-

660 5538 840 5596 mins
870 5537 1049 5591 secuti
1082 5543 1232 5592 sunt.
1265 5537 1344 5592 De
1369 5537 1662 5591 Anualista
1691 5537 1911 5592 SaxOne
1939 5537 1990 5592 ἤ.
2026 5539 2194 5593 infra.

756 5609 839 5678 (3)
897 5608 1127 5662 Vossius
1182 5608 1258 5661 De
1320 5607 1452 5662 hist.
1505 5607 1543 5661 l.
1595 5624 1655 5672 ιι,
1722 5609 1810 5675 42,
1860 5624 1919 5678 p.
1978 5611 2103 5677 359,
2168 5608 2385 5679 aliique

2159 4430 2391 4501 Alperto
2429 4432 2467 4486 C
2494 4433 2666 4499 primi
2695 4433 3042 4500 imperatoris
3087 4432 3155 4486 ab
3202 4432 3501 4487 Adelboldo
3546 4434 3797 4501 episcopo
3830 4434 4193 4501 Trajectensi,

2506 4524 2564 4571 ut
2590 4519 2845 4579 creditur,
2892 4521 3217 4587 conscripta.
3268 4519 3390 4583 Qua
3442 4520 3780 4587 auctoritate
3824 4520 4005 4574 fretus
4035 4522 4195 4576 Gret-

2506 4621 2596 4658 ser
2615 4621 2733 4658 nou
2780 4605 2902 4658 sine
2945 4605 3301 4660 haesitatione
3344 4608 3617 4678 quadam,
3671 4607 3772 4678 qui
3820 4624 3950 4661 vero
3997 4613 4197 4679 postea

2506 4695 2609 4748 hac
2635 4695 2705 4748 de
2731 4710 2790 4747 re
2823 4694 3093 4763 disputati
3137 4701 3292 4761 sunt,
3343 4700 3617 4766 tanquam
3660 4712 3718 4749 re
3750 4702 3907 4751 extra
3955 4698 4195 4753 dubium

2502 4781 2713 4852 posita,
2759 4783 2909 4835 hunc
2964 4782 3275 4837 Adelboldo
3363 4786 3752 4854 ascripserunt
3824 4785 3901 4855 (5)
3955 4785 4188 4853 librum,

2503 4885 2676 4939 quem
2701 4886 2899 4923 omnes
2931 4870 3170 4924 summis
3217 4872 3483 4926 laudibus
3536 4873 3866 4927 extulerunt
3914 4878 3967 4928 et
4020 4890 4193 4945 quam

2501 4958 2982 5029 pretiosissimum
3058 4960 3416 5032 antiquitatis
3489 4968 3929 5017 monumentum
3978 4964 4191 5018 habue-

2503 5053 2657 5100 runt.

2570 5134 2781 5188 Verum
2830 5135 3144 5199 enimvero,
3195 5152 3255 5190 re
3314 5138 3633 5192 accuratius
3688 5143 4004 5208 perspecta,
4048 5138 4192 5193 inte-

2505 5260 2689 5313 multi.

2574 5330 2651 5395 (4)
2677 5332 2737 5384 V.
2771 5330 2829 5384 in
2858 5332 2908 5386 S.
2936 5332 3180 5386 Henrico
3203 5333 3270 5386 ΙΙ.

2571 5391 2648 5471 (5)
2685 5402 2933 5455 Leibnitz
2966 5403 3059 5457 SS.
3103 5404 3164 5457 Β.
3218 5404 3306 5456 Br.
3341 5403 3382 5455 Ι.
3448 5401 3611 5455 Praef.
3646 5417 3705 5455 n.
3764 5404 3865 5469 20;
3919 5402 4191 5458 Sollerius

2496 5473 2637 5524 Acta
2692 5472 2784 5526 SS.
2837 5473 2973 5527 Julii
3030 5474 3102 5542 II,
3146 5490 3203 5543 p.
3262 5475 3384 5527 723.
3438 5473 3601 5527 Bivet
3650 5473 3789 5527 Hist.
3844 5472 4013 5528 litter.
4072 5474 4188 5539 VII,

2496 5555 2553 5609 p.
2579 5544 2703 5608 252,
2727 5542 2843 5597 alii.
