4944 6546
569 9 3912 225 Μ

1289 558 1424 609 1087

1284 766 1346 820 id
1393 767 1546 836 quod
1606 765 1846 836 primus,
1910 764 2020 817 nisi
2086 765 2273 832 fallor,
2334 765 2558 818 Steuzel
2601 764 2826 818 monuit
2877 764 2973 832 (6.)

1284 853 1599 908 Thietmari
1655 851 2047 906 narrationem
2109 852 2233 905 dico
2299 852 2661 923 descriptam,
2727 869 2840 906 non
2895 853 2977 907 ita

1283 941 1539 1012 quidem,
1596 945 1660 995 ut
1710 940 1945 994 verbum
1991 940 2228 994 verbum
2277 941 2574 1010 exprimat,
2633 941 2733 995 sed
2781 946 2842 994 ut
2887 957 2976 994 res

1284 1034 1512 1084 tantum
1543 1045 1656 1083 non
1687 1045 1887 1082 omnes
1918 1045 1982 1083 ex
2015 1029 2114 1083 illo
2142 1028 2255 1083 sint
2285 1028 2521 1095 haustas,
2554 1030 2752 1084 eodem
2786 1031 2976 1098 modo,

1188 1114 1191 1115 ⁷
1287 1118 1490 1172 ordine
1518 1123 1576 1172 et
1601 1134 1771 1171 sensu
1799 1118 2012 1172 relatae.
2047 1117 2320 1182 Quasdam
2353 1117 2492 1170 Vitm
2521 1122 2718 1172 auctor
2761 1118 2974 1185 omisit,

1287 1207 1384 1260 sed
1411 1223 1484 1261 ne
1513 1222 1690 1260 unam
1745 1205 1981 1277 quidem
2028 1223 2147 1260 rem
2207 1207 2525 1275 graviorem
2576 1206 2646 1260 de
2699 1223 2802 1260 suo
2830 1207 2977 1277 adje-

1287 1294 1365 1348 cit
1425 1295 1526 1364 (7);
1582 1295 1778 1348 multis
1835 1294 1973 1348 locis
2025 1311 2158 1347 vero
2215 1294 2528 1348 Thietmari
2583 1295 2975 1350 narrationem

1285 1382 1604 1451 ampliavit,
1642 1383 1886 1449 ornavit,
1914 1389 1969 1436 et
2016 1388 2076 1436 ut
2121 1382 2229 1436 sibi
2279 1383 2575 1436 videbatur
2638 1385 2973 1450 illustravit;

1284 1471 1382 1524 sed
1432 1472 1538 1525 hoc
1581 1471 1769 1525 studio
1820 1471 2043 1525 illectus
2091 1487 2312 1525 errores
2364 1488 2481 1526 non
2524 1473 2674 1526 leves
2717 1479 2770 1528 et
2809 1474 2978 1528 inter-

1285 1559 1422 1612 dum
1449 1558 1584 1612 satis
1614 1558 1883 1612 ridiculos
1914 1559 2218 1622 commisit,
2246 1561 2442 1622 multa,
2495 1561 2606 1613 nisi
2661 1562 2822 1616 valde
2870 1562 2973 1616 fal-

1283 1647 1391 1715 lor,
1445 1652 1506 1700 ut
1576 1647 1877 1701 historiam
1958 1649 2220 1702 redderet
2278 1650 2688 1718 elegantiorem
2747 1656 2803 1703 et
2853 1655 2974 1704 arte

1285 1735 1531 1805 quadam
1565 1740 1953 1805 componeret,
1987 1753 2054 1789 ex
2077 1736 2307 1806 ingenio
2340 1738 2518 1791 ﬁnxit.
2557 1740 2694 1792 Nam
2745 1739 2974 1793 dicendi

1285 1839 1493 1892 genere
1527 1839 1660 1876 usus
1690 1827 1774 1876 est
1801 1823 1955 1877 culto
1991 1829 2159 1894 atque
2195 1830 2418 1890 ornato,
2448 1827 2762 1891 antithetis,
2811 1827 2973 1881 dictis

1285 1911 1600 1965 moralibus
1631 1916 1688 1965 et
1721 1912 2132 1982 philosophicis
2186 1915 2574 1968 narrationem
2613 1917 2868 1983 variavit,
2914 1922 2970 1970 et
3009 1953 3049 2006 Β

1282 2016 1412 2054 cum
1442 2016 1532 2054 res
1560 2001 1897 2071 negligeret,
1931 2003 2250 2057 orationem
2301 2019 2475 2074 quam
2530 2006 2772 2058 maxime
2805 2022 2968 2059 cura-

1284 2089 1383 2143 vit.
1418 2091 1480 2142 ln
1513 2090 1842 2160 praefatione
1873 2091 2110 2161 quidem
2158 2093 2462 2146 utilitatem
2508 2098 2562 2146 et
2591 2094 2890 2148 veritatem
2939 2111 2972 2147 a

1282 2193 1476 2232 rerum
1503 2178 1777 2248 scriptore
1818 2196 1937 2233 esse
1995 2180 2306 2250 poscendas
2355 2185 2546 2235 noster
2588 2182 2728 2237 dixit
2762 2199 2774 2236 :
2822 2183 2972 2236 utili-

1282 2270 1479 2333 tatem,
1508 2271 1572 2320 ut
1602 2269 1838 2320 lectores
1888 2268 2056 2321 rebus
2113 2269 2476 2335 erudiantur;
2531 2271 2852 2337 veritatem,
2901 2288 2971 2324 ne

1282 2358 1484 2408 auctor
1534 2355 1822 2409 adulando
1881 2372 2012 2409 vera
2089 2361 2292 2423 taceat,
2355 2358 2493 2411 falsa
2550 2360 2818 2427 proferat.
2867 2361 2972 2414 Sed

1281 2441 1470 2512 ipsum
1525 2443 1708 2513 magis
1764 2443 1923 2497 illam
1962 2448 2240 2500 sectatum
2290 2461 2408 2500 esse
2449 2446 2609 2500 facile
2666 2454 2750 2501 est
2804 2448 2972 2502 intel-

1283 2530 1436 2584 lectu
1465 2570 1479 2584 .
1515 2531 1844 2585 Heinricum
1878 2531 2091 2603 ubique
2112 2533 2376 2587 laudibus
2401 2534 2572 2588 nimis
2589 2537 2824 2601 extollit,
2851 2538 2972 2604 ejus

1284 2619 1624 2673 electionem
1658 2636 1772 2673 non
1817 2620 1939 2674 sine
1981 2621 2234 2691 partium
2284 2624 2471 2677 studio
2511 2630 2723 2691 narrat,
2777 2633 2972 2696 postea

1285 2723 1516 2777 quoque
1561 2709 1741 2761 multa
1798 2708 1857 2762 in
1911 2709 2031 2777 ejus
2076 2715 2313 2764 exornat
2372 2712 2624 2766 favorem
2669 2716 2766 2781 (8).
2843 2715 2970 2767 Ideo

1283 2796 1458 2850 etiam
1492 2812 1620 2866 qua:
1652 2797 1742 2849 hic
1766 2796 1883 2850 illic
1937 2803 2213 2868 tanquam
2259 2800 2326 2853 de
2371 2816 2496 2865 suo,
2549 2803 2808 2872 quamvis
2858 2819 2972 2856 non

1283 2883 1477 2952 magni
1508 2885 1805 2951 momenti,
1853 2885 2056 2955 adjecit
2107 2887 2203 2957 (9),
2265 2889 2617 2943 sublestioris
2665 2907 2785 2943 esse
2837 2891 2973 2944 fidei

1283 2971 1426 3025 mihi
1457 2971 1744 3026 videntur.

1349 3062 1484 3126 Qum
1513 3078 1644 3116 cum
1692 3063 1768 3116 ita
1820 3063 1951 3130 sint,
2003 3081 2075 3119 an
2125 3064 2216 3119 hic
2267 3067 2414 3120 liber
2458 3068 2793 3137 Adelboldo,
2856 3070 2973 3122 viro

1283 3149 1371 3203 sui
1414 3151 1689 3220 temporis
1719 3167 1966 3219 summo,
2018 3153 2118 3223 qui
2163 3154 2235 3208 ab
2280 3155 2509 3209 l-len.ico
2550 3156 2609 3209 in
2651 3158 2818 3209 rebus
2869 3174 2971 3227 pu-

1281 3238 1441 3292 blicis
1473 3255 1597 3293 non
1625 3254 1752 3294 raro
1799 3246 1883 3294 est
1919 3241 2213 3296 adhibitus
2242 3243 2373 3311 (l0),
2404 3243 2577 3297 tribui
2614 3245 2806 3313 possit,
2859 3261 2972 3298 non
3013 3230 3050 3282 Ο

1283 3326 1404 3381 sine
1451 3345 1624 3382 causa
1684 3328 1936 3382 dubitari
1988 3345 2156 3399 posse
2220 3330 2466 3384 videtur.
2535 3332 2766 3385 Accedit
2822 3335 2976 3403 quod

1357 3481 1438 3556 (6)
1469 3483 1625 3556 Quae
1648 3482 1708 3536 in
1758 3483 2102 3556 contrariam
2141 3487 2482 3541 sententiam
2512 3489 2767 3542 Gontzen
2817 3491 2972 3556 (Ges-

1283 3551 1716 3624 chichtsc-reiber,
1751 3571 1806 3624 p.
1846 3555 1987 3621 145),
2013 3557 2202 3610 attulit
2250 3557 2464 3610 nullius
2521 3575 2640 3612 esse
2699 3551 2976 3613 momenti

1277 3622 1396 3692 jam
1431 3622 1572 3676 alibi
1601 3623 1736 3676 dixi.

1352 3692 1435 3763 (7)
1468 3693 1545 3746 Ea
1575 3699 1800 3748 tantum
1826 3712 1954 3766 quae
1985 3697 2055 3751 de
2089 3697 2307 3752 Ottonis
2338 3700 2412 3752 ΙΙΙ
2443 3715 2679 3769 corpore
2728 3701 2789 3753 in
2839 3703 2974 3755 Ger-

1282 3769 1556 3840 maniam
1584 3771 1872 3840 reportato
1929 3773 2238 3840 narrantur
2302 3775 2358 3823 et
2423 3771 2687 3840 quadam
2732 3771 2973 3826 minoris

1282 3835 1560 3912 momenti
1589 3837 1743 3905 apud
1771 3837 2168 3912 Thietmarum
2198 3839 2409 3894 frustra
2439 3835 2752 3912 quasieris.

1351 3906 1445 3981 (8)
1475 3907 1533 3959 Ε.
1577 3923 1688 3981 gr.,
1732 3923 1798 3981 c._
1834 3913 1886 3974 7,
1927 3909 2098 3981 verba
2146 3926 2274 3980 qua:
2329 3906 2475 3981 regi'
2498 3913 2719 3976 tribuit,
2774 3930 2822 3966 c.
2887 3917 2968 3980 13,

1281 3976 1349 4030 de
1384 3977 1693 4050 Hegmanni
1717 3978 2068 4048 subjectione
2098 3997 2111 4047 ;
2136 3976 2182 4034 c'.
2206 3984 2291 4048 38,
2337 3976 2586 4050 de'regis
2627 3984 2838 4036 animo.

1351 4049 1429 4122 (0)
1464 4048 1521 4100 Ε.
1584 4064 1694 4122 διε,
1745 4065 1793 4122 ς.
1828 4050 1942 4122 17,
1988 4067 2264 4104 numerus
2314 4048 2612 4122 utriusque
2670 4055 2969 4120 exercitus,

1279 4133 1328 4172 c.
1360 4118 1454 4192 34,
1485 4133 1613 4192 qlia}
1643 4119 1712 4172 de
1744 4120 2066 4191 Helmigero
2097 4123 2394 4192 capellano
2422 4118 2770 4178 inseruntur.

1351 4188 1466 4261 (10)
1488 4189 1866 4261 _T_hiatmarus
1895 4188 1971 4256 vi,
2004 4194 2091 4245 50.
2142 4188 2409 4261 Ᾱιρθινῑιιε
2467 4211 2524 4259 ιι,
2566 4199 2615 4261 3,
2654 4198 2737 4258 10,
2771 4199 2855 4261 13,
2879 4199 2967 4248 21.

1284 4257 1558 4336 Baldarici
1621 4260 1876 4336 Chron.
1937 4263 2092 4336 Cam.
2178 4257 2256 4336 ui,
2327 4265 2411 4330 14,
2495 4257 2611 4336 l7,-
2647 4257 2970 4336 Sigehe'rtus

1283 4345 1334 4381 a.
1394 4330 1546 4404 l_004_.
1576 4330 1983 4404 AAdelboldum
2010 4333 2257 4404 Henrici
2317 4330 2737 4390 cancellarium'
2773 4337 2966 4404 fuisse,

1283 4400 1436 4476 quod
1495 4399 1865 4476 ’l‘i'ithemius
1910 4402 2074 4476 dicit,
2110 4405 2340 4472 (Chron.
2420 4407 2548 4460 Hirs
2600 4423 2635 4472 ι,
2699 4424 2755 4476 p.
2825 4399 2966 4474 150),

1281 4471 2227 4560 aper‘t'efals‘umiest'zlieltaChron.
2255 4477 2449 4545 Ultraj.
2487 4477 2592 4560 (ecl.
2623 4471 2790 4560 Ultr.“
2801 4471 2962 4560 ¹1643,
3006 4507 3048 4560 υ

1279 4555 1339 4609 p.
1397 4543 1484 4607 37)
1553 4541 1742 4616 ipsum
1800 4544 2026 4616 Henrici
2083 4546 2222 4599 dicit
2278 4541 2701 4616 proconsulem,
2753 4541 2962 4603 Chron.

1281 4626 1552 4694 magnum
1586 4613 1746 4694 Belg.
1797 4615 2025 4694 (Pistor.
2080 4617 2175 4684 Ill,
2209 4613 2429 4688 p.105)
2459 4619 2734 4672 eximium
2779 4620 2969 4689 impe-

1280 4685 1486 4735 ratoris
1517 4685 1932 4739 conciliarium.
2210 4685 2226 4688 ”
2416 4685 2419 4686 ⁷
2863 4685 2878 4689 ⁷

1352 4753 1464 4834 (At
1494 4755 1814 4834 Gestaepp.
1849 4757 2014 4834 Leod_.
2044 4758 2123 4834 ll,_
2138 4760 2233 4834 _26,
2268 4775 2394 4834 app.
2428 4759 2675 4834 Martene
2706 4759 2854 4834 Col.__
2875 4759 2964 4834 IV,

1277 4839 1334 4906 ρ.
1365 4825 1494 4906 865..
1518 4855 1588 4906 -ς
1617 4825 1942 4906 Sigebertus
1972 4828 2043 4882 de
2092 4828 2212 4906 SSL
2232 4825 2386 4906 eccll.
2418 4827 2466 4884 c'.
2529 4833 2647 4897 138,
2698 4825 2970 4884 Αάειὺοιὲ

1279 4894 1419 4948 dum
1449 4894 1719 4951 clericum
1752 4899 2127 4953 Laubiensem
2159 4900 2317 4954 dicit.

1342 4964 1452 5036 (12)
1481 4967 1673 5037 Sigeb.
1702 4968 1739 5022 l.
1768 4970 1808 5033 l,
1845 4986 1874 5023 c
1929 4972 2044 5024 137.

1349 5039 1460 5111 (13)
1492 5040 1598 5092 Pez
1631 5039 1793 5111 Thes.
1825 5041 1918 5106 lll,
1953 5057 2012 5108 ιι,
2047 5057 2104 5111 p.
2139 5045 2226 5096 87.

1349 5107 1459 5176 (14)
1497 5109 1770 5181 Bernonis
1815 5107 2000 5181 epist.
2031 5107 2101 5166 ad
2156 5111 2467 5166 Aribonem
2509 5111 2780 5181 (Martene
2834 5113 2963 5168 Coll.

1277 5177 1322 5244 ι,
1401 5220 1411 5229 .
1449 5179 1592 5248 387).

1351 5194 1825 5317 δδ)Αηη.Ηυά.

1350 5322 1462 5387 (16)
1496 5321 1628 5376 Hinc
1671 5321 1941 5392 Alpertus
1987 5321 2166 5376 fusius
2196 5325 2473 5392 narravit;
2529 5325 2600 5378 cf.
2655 5325 2964 5379 Thietmar.

1275 5406 1388 5454 vui,
1425 5394 1510 5460 l3,
1551 5394 1646 5457 l5;
1688 5391 1964 5446 Balderici
2026 5393 2235 5447 Chron.
2295 5391 2466 5449 Cam.
2514 5412 2595 5459 ιιι,
2655 5401 2706 5461 7,
2757 5397 2963 5462 14,15.

1348 5462 1464 5532 (17)
1515 5463 1888 5517 Luculentum
1934 5463 2056 5532 ejus
2106 5464 2189 5517 rei
2241 5465 2637 5518 testimonium
2687 5471 2868 5519 exstat
2907 5466 2968 5519 in

1274 5531 1542 5606 epistola;
1563 5534 1831 5587 monachi
1863 5531 2160 5606 iTielensis
2193 5535 2278 5606 ad
2340 5535 2717 5589 Adelboldum
2757 5537 2968 5606 scripta

1278 5601 1450 5670 (Ὰοια
1475 5603 1570 5658 SS.
1620 5606 1774 5676 Febr.
1829 5605 1922 5670 ΙΙΙ,
1977 5621 2035 5675 p.
2084 5605 2207 5674 546)
2243 5621 2316 5676 τίς
2351 5606 2490 5660 Cum
2523 5606 2770 5658 scribere
2817 5601 2966 5676 cogi-

1274 5676 1457 5746 t_arem
1486 5675 1774 5746 quaedam
1855 5676 2129 5729 miracula
2196 5675 2404 5746 quibus
2463 5677 2736 5728 Dominus
2776 5675 2969 5730 noster

1279 5743 1441 5822 Iesus
1475 5743 1730 5797 Christus
1759 5747 2098 5823 per_mer_i_ta
2144 5743 2356 5823 sanctae
2404 5746 2728 5823 Walburgaa
2785 5747 2966 5823 Eccle-

1281 5812 1426 5865 siam
1483 5829 1644 5886 suam
1700 5812 2147 5868 misericorditer
2172 5817 2384 5869 nostris
2426 5812 2788 5886 temporibus
2835 5818 2966 5871 illu-

1286 5886 1466 5934 strare
1525 5883 1792 5952 dignatus
1857 5889 1961 5946 est,
2027 5888 2107 5949 tu,
2183 5887 2493 5954 praesulum
2552 5883 2972 5956 spectatissime

2312 551 2766 608 ADELBOLDUS
2803 553 2966 608 ΤΚΛ]
2977 552 3305 608 ECTENSIS
3348 551 3743 608 EPISCOPUS.

1283 694 1455 749 grum
1483 678 1602 733 fere
1632 692 1774 747 opus
1805 691 1872 729 ex
1901 675 2226 730 Thietmaro
2249 676 2596 745 descriptum
2624 675 2973 745 reperimus;
3015 679 3056 731 A
3087 676 3378 746 qu'omodo
3433 675 3799 742 Adelboldus,
3876 674 4039 745 cujus
4085 690 4229 745 opus
4282 676 4403 744 jam
4446 676 4682 746 Alperto
4730 692 4776 729 c.

4656 556 4778 606 l088

3087 781 3142 818 a.
3203 768 3329 818 1021
3386 770 3589 818 notum
3643 768 3785 828 erat,
3836 763 4150 817 Thietmari
4210 763 4507 818 historiam
4549 781 4601 818 a.
4654 765 4781 817 1018

3086 852 3400 906 absolutam
3431 857 3488 906 et
3517 869 3586 906 ne
3642 857 3780 906 tunc
3826 851 4063 922 quidem
4109 855 4173 906 ut
4200 852 4426 906 videtur
4463 852 4537 905 ad
4567 857 4782 905 exteros

3083 942 3438 1009 translatam,
3469 941 3771 1011 acceperit,
3793 955 3907 993 non
3937 939 4100 994 facile
4131 946 4217 994 est
4249 941 4580 994 'intellectu.
4643 940 4783 993 Nota

3084 1048 3153 1086 ex
3181 1031 3375 1085 codice
3408 1047 3579 1101 supra
3609 1031 3779 1084 allata
3811 1029 4114 1085 recentiori
4169 1045 4340 1083 manu
4399 1030 4612 1100 scripta
4662 1045 4770 1083 non

3083 1135 3353 1189 magnam
3427 1118 3659 1173 habebit
3732 1119 4150 1185 auctoritatem,
4233 1118 4342 1171 nisi
4403 1118 4580 1186 dicas,
4650 1133 4776 1170 cum

3082 1207 3433 1261 Adelboldus
3465 1206 3714 1260 Heinrici
3751 1206 3930 1260 Vitam
3962 1206 4273 1276 scripserit,
4308 1207 4476 1271 hanc,
4510 1222 4640 1276 quae
4665 1207 4781 1258 sola

3083 1301 3292 1367 praeter
3325 1296 3802 1365 Bambergensem
3834 1295 3990 1347 illam
4023 1300 4222 1360 exstat,
4273 1293 4383 1364 ipsi
4413 1293 4778 1363 potissimum

3082 1400 3203 1437 esse
3249 1383 3633 1437 tribuendam.
3681 1383 3804 1447 Cui,
3837 1383 3885 1436 si
3937 1389 4141 1436 caetera
4181 1387 4527 1452 repugnant,
4581 1382 4779 1435 saltem

3084 1472 3311 1526 dicendi
3339 1488 3519 1542 genus
3553 1473 3769 1541 optime
3797 1473 4104 1525 convenire
4137 1472 4378 1524 videtur.

3151 1561 3495 1614 Adelboldus
3545 1561 3697 1614 enim
3747 1561 3806 1614 in
3877 1560 4245 1613 monasterio‘
4283 1558 4568 1624 Lobiensi,
4629 1570 4783 1630 quod

3080 1653 3217 1702 tunc
3269 1648 3556 1718 prazcipuo
3628 1648 3948 1701 litterarum
4026 1647 4215 1700 studio
4278 1648 4621 1713 excellebat,
4678 1648 4783 1700 sub

3081 1738 3328 1807 Notgero
3359 1738 3627 1806 episcopo
3662 1736 3959 1790 Leodiensi
4012 1739 4126 1803 (11)
4162 1741 4334 1806 atque
4382 1736 4588 1789 abbate
4639 1737 4781 1788 rele-

3080 1825 3329 1877 berrimo
3369 1823 3659 1893 Herigero,
3691 1825 3788 1893 qui
3815 1845 3835 1870 ι
3873 1823 3976 1876 sub
4017 1841 4118 1876 sua
4147 1828 4205 1876 et
4234 1823 4509 1877 Adelbodi
4531 1839 4781 1894 persona

3081 1914 3369 1982 dialogum
3400 1913 3467 1966 de
3501 1913 3852 1966 dissonantia
3882 1913 4131 1966 ecclesiae
4163 1913 4232 1966 de
4266 1912 4516 1966 adventu
4551 1912 4786 1966 Domini

3083 2001 3308 2071 scripsit
3337 2001 3481 2069 (12),
3534 2021 3560 2051 ››
3594 2002 3883 2066 educatus,
3935 2001 4192 2066 scientia,
4247 2000 4510 2054 doctrina
4549 1999 4785 2054 litteris-

3081 2105 3213 2160 que,
3248 2105 3374 2159 quae
3405 2095 3539 2142 tunc
3569 2091 3629 2142 in
3673 2089 4038 2159 Lotliaringia
4069 2089 4372 2154 florebant,
4430 2089 4781 2158 grammati-

3079 2179 3178 2242 cis,
3247 2177 3673 2246 philosophicis,
3750 2177 4186 2242 mathematicis,
4256 2176 4419 2230 valde
4481 2176 4782 2230 excelluit.

3079 2267 3452 2321 Scholasticas
3487 2267 3725 2320 Romam
3756 2266 4042 2334 profectus
4097 2271 4204 2331 est,
4234 2265 4448 2337 ibique,
4502 2270 4567 2319 ut
4613 2265 4777 2318 vide-

3081 2361 3192 2421 tur,
3236 2355 3504 2409 Gerberto
3528 2356 3648 2423 jam
3681 2371 3840 2424 papa:
3873 2355 4050 2408 electo
4081 2355 4384 2425 epistolam
4449 2354 4518 2408 de
4570 2355 4788 2408 crassi-

3080 2444 3278 2498 tudine
3305 2444 3543 2512 sphazraa
3572 2443 3776 2497 direxit
3808 2444 3943 2513 (t3),
3989 2449 4044 2498 et
4077 2443 4299 2514 scriptis
4343 2443 4619 2497 Bernonis
4669 2447 4788 2497 Au-

3081 2533 3292 2602 giensis
3323 2532 3611 2595 excitatus,
3647 2549 3760 2602 quo
3793 2538 4050 2601 tempore
4083 2533 4288 2585 festum
4348 2532 4627 2585 adventus
4669 2533 4786 2585 Do-

3083 2621 3223 2674 mini
3278 2621 3683 2674 celebrandum
3753 2621 3845 2687 sit,
3893 2620 4190 2690 inquisivit
4237 2621 4371 2686 (14).
4419 2622 4586 2674 Anno
4645 2623 4789 2673 1010

3082 2710 3381 2779 episcopus
3414 2709 3837 2778 Ultrajectensis
3869 2709 4079 2762 electus
4134 2709 4263 2778 (15),
4298 2709 4468 2762 rebus
4527 2708 4786 2778 publicis

3082 2799 3364 2863 incubuit,
3422 2798 3570 2851 bella
3623 2798 3871 2868 plurima
3923 2802 3980 2851 et
4033 2797 4370 2868 gravissima
4419 2797 4596 2866 gessit
4648 2798 4787 2865 (16),

3083 2887 3343 2941 ecclesias
3373 2891 3428 2939 et
3458 2887 3804 2939 monasteria
3863 2886 4221 2951 restauravit,
4283 2892 4339 2939 et
4369 2901 4646 2954 magnam
4680 2887 4791 2938 sibi

3083 2976 3293 3028 famam
3328 2991 3430 3045 per
3482 2980 3670 3028 totum
3720 2990 3961 3044 regnum
4007 2974 4328 3028 conciliavit
4381 2978 4511 3039 (17).
4557 2974 4792 3028 Ultimis

3083 3064 3211 3116 vitae
3241 3063 3402 3116 annis
3435 3063 3831 3116 monachicum
3893 3063 4151 3116 habitum
4180 3062 4390 3127 induit,
4423 3067 4482 3115 et
4538 3078 4644 3132 per
4685 3064 4792 3116 ali-

3083 3152 3239 3222 quod
3280 3157 3505 3222 tempus
3581 3153 3752 3204 etiam
3803 3151 4107 3205 dioeceseos
4165 3149 4672 3204 administratione
4734 3169 4793 3204 se

3084 3241 3384 3305 abdicavit,
3442 3256 3614 3310 quam
3673 3245 3867 3292 tamen
3944 3244 4142 3309 postea
4203 3238 4414 3309 recepit
4462 3240 4562 3306 (8).
4635 3239 4802 3293 Obiit

3086 3347 3135 3384 a.
3173 3332 3327 3394 1027,
3359 3328 3451 3382 die
3482 3332 3545 3381 27
3580 3328 3905 3381 novembris
3937 3329 4065 3396 (l9).

3085 3485 3414 3550 Adelboltle,
3457 3485 3637 3538 menti
3690 3501 3832 3538 meae
3870 3483 4231 3542 occurrebas,
4265 3483 4476 3553 dignus
4527 3500 4599 3536 eo
4651 3499 4799 3537 mu—

3084 3573 3220 3610 nere
3243 3562 3303 3609 ut
3332 3561 3431 3608 tuo
3459 3556 3682 3609 nomini
3713 3556 3920 3625 scripta
3953 3571 4250 3616 sacrarem,
4285 3555 4422 3624 quia
4479 3571 4799 3623 nunquam

3083 3628 3398 3697 quidquam
3431 3631 3544 3678 tam
3605 3627 3907 3679 commode
3945 3627 4144 3697 facere
4174 3631 4304 3697 qaut
4349 3625 4581 3697 dicirvel
4614 3627 4799 3678 scribi

3084 3695 3288 3768 potest,
3323 3697 3462 3766 quin
3496 3697 3595 3763 ted.
3657 3698 3903 3766 quando}
3940 3696 3994 3750 id
4028 3695 4290 3750 omnium
4321 3696 4603 3768 opinione
4648 3713 4802 3765 pro-

3083 3767 3208 3838 pria
3258 3769 3465 3821 virtute
3499 3785 3780 3838 superes.
3860 3768 4003 3821 Nota
4067 3773 4160 3838 est
4199 3768 4352 3838 enim
4408 3767 4638 3838 cunctis
4697 3773 4802 3820 tua

3083 3837 3363 3893 excellens
3389 3837 3689 3907 sapientia,
3727 3854 4082 3907 summasque
4114 3837 4199 3890 vir
4253 3837 4479 3890 virtutis
4530 3843 4589 3890 et
4646 3853 4800 3890 cou-

3083 3910 3193 3962 silii
3227 3909 3440 3978 ubique
3467 3909 3812 3977 prazdicaris.
3849 3909 4384 3977 Omniumquoque
4407 3907 4642 3976 judicio
4679 3924 4802 3960 non

3083 3981 3270 4033 solum
3341 3981 3516 4044 domi,
3585 3980 3685 4033 sed
3754 3981 3926 4032 etiam
4005 3979 4062 4031 iu
4130 3979 4329 4030 castris
4381 3979 4800 4046 imperialibus

3083 4050 3539 4121 priestantissimi
3579 4056 3634 4103 et
3685 4049 4042 4103 solertissimi
4093 4049 4345 4121 hominis
4396 4050 4590 4102 ofﬁcia
4627 4065 4802 4121 exer-

3081 4119 3207 4174 cere
3253 4121 3669 4188 comprobaris.
3725 4121 3782 4174 Si
3841 4121 3933 4173 cui
3989 4126 4179 4172 tamen
4241 4119 4363 4172 haec
4415 4135 4551 4189 quas
4619 4119 4700 4172 de
4748 4127 4801 4173 te

3082 4192 3322 4245 dicimus
3377 4191 3551 4244 dubia
3606 4192 3844 4244 fortasse
3915 4191 4200 4251 videntur.
4270 4189 4542 4258 rescipiat
4586 4191 4802 4259 Traje-

3080 4270 3234 4315 ctum
3291 4261 3528 4314 diversis
3584 4263 3852 4331 operibus
3908 4278 3942 4314 a
4007 4265 4060 4313 te
4120 4268 4313 4313 tamen
4371 4267 4427 4312 et
4487 4266 4799 4324 ornatam,

3080 4333 3406 4401 ibidemque
3438 4349 3645 4385 novum
3699 4332 4110 4385 monasterium
4141 4331 4331 4384 Sancti
4363 4331 4599 4383 Martini
4643 4335 4801 4384 miro

3079 4404 3312 4473 ingenio
3373 4418 3405 4454 a
3471 4409 3525 4456 te
3591 4403 3892 4456 fundatum
3972 4407 4054 4473 et,
4108 4402 4439 4454 ordinatum
4519 4407 4578 4455 et
4647 4403 4803 4455 mira

3079 4472 3364 4528 celeritate
3393 4474 3587 4540 paucis
3619 4474 3783 4526 annis
3815 4489 3960 4541 pene
3990 4472 4061 4526 ad
4091 4473 4511 4541 perfectionem
4563 4473 4806 4540 perdu-

3077 4551 3340 4609 ctum,ut
3364 4542 3482 4596 haec
3536 4560 3650 4597 non
3713 4544 4013 4596 videantur
4061 4543 4396 4596 aedificando
4449 4549 4805 4596 constructa

3078 4634 3222 4684 esse,
3254 4616 3349 4667 sed
3378 4615 3539 4685 quasi
3598 4615 3848 4683 optando
3882 4613 4068 4666 subito
4093 4613 4173 4685 ibi
4213 4612 4579 4685 constitisse;
4623 4615 4803 4666 sciat-

3079 4703 3188 4753 que
3243 4689 3311 4742 de
3359 4683 3413 4743 te
3445 4686 3587 4738 nihil
3620 4684 3857 4738 omnino
3891 4683 4288 4738 assentationis
4312 4684 4562 4753 proferri
4603 4700 4804 4754 posse.

3083 4759 3256 4824 Unde,
3287 4759 3332 4811 si
3365 4757 3501 4828 quid
3527 4755 3802 4828 imperite
3833 4754 4088 4828 dilatavi,
4130 4755 4234 4807 sub
4265 4761 4423 4828 tuam
4457 4757 4810 4828 correctio:

3080 4845 3211 4883 nem
3235 4835 3291 4882 et
3321 4824 3715 4884 defensionem
3747 4826 4005 4878 conferre
4058 4824 4304 4889 decrevi,
4343 4825 4594 4878 credens
4649 4826 4804 4878 illud

3076 4905 3176 4953 tua
3217 4901 3551 4955 auctoritate
3593 4896 3823 4951 defendi
3862 4902 3919 4950 et
3965 4895 4278 4948 nobilitari.
4327 4894 4436 4948 Sed
4492 4895 4541 4948 si
4605 4896 4806 4949 adhuc

3078 4971 3384 5041 quisquam
3416 4973 3500 5023 est
3527 4968 3627 5041 qui
3657 4973 3769 5021 tum
3797 4966 4164 5041 amplissimae
4221 4965 4550 5041 prudentiae
4583 4967 4806 5041 _de_ro—

3078 5035 3212 5110 gare
3227 5035 3502 5103 'conetur,
3531 5035 3722 5092 videat
3752 5035 3924 5090 etiam
3957 5037 4433 5110 locum_uostrum
4487 5035 4755 5110 in_Tiele
4793 5055 4804 5090 :

3072 5107 3192 5181 j'am
3225 5112 3434 5166 divinis
3463 5109 3633 5162 rebus
3664 5111 3991 5181 florentem,
4039 5113 4094 5160 et
4135 5107 4206 5181 de
4257 5123 4373 5181 quo
4420 5122 4513 5159 me
4537 5108 4811 5181 locutu—

3076 5177 3206 5236 rum
3255 5181 3514 5253 promisi,
3567 5197 3598 5232 a
3645 5179 4035 5253 superioribus
4056 5177 4341 5253 episcopis
4389 5178 4680 5253 omnibus
4718 5196 4811 5231 so-

3078 5253 3228 5306 latiis
3255 5248 3621 5317 destitutum,
3654 5257 3766 5302 ate
3797 5265 3911 5302 uno
3961 5249 4056 5319 pia
4112 5248 4588 5319 consideratione
4648 5266 4811 5318 pene

3077 5324 3146 5378 ad
3187 5324 3497 5394 pristinum
3530 5326 3742 5373 statum
3774 5317 4386 5394 restitutum._Prtedia
4413 5317 4679 5394 quoque
4741 5322 4814 5394 ab

3076 5389 3433 5447 invaseribus
3464 5393 3557 5446 diu
3609 5396 3847 5454 retenta,
3909 5405 4036 5459 qua:
4068 5389 4323 5456 religiosi
4373 5389 4482 5440 viri
4540 5392 4617 5442 ad
4671 5393 4812 5443 cui-

3077 5470 3200 5518 tum
3270 5467 3367 5518 Dei
3434 5465 3550 5516 illic
3609 5463 3983 5524 tradiderant,
4049 5459 4374 5512 restituisti.
4445 5461 4524 5513 Ex
4583 5463 4813 5531 quibus

3078 5536 3246 5588 rebus
3280 5536 3445 5589 facile
3475 5532 3787 5597 colligitur,
3843 5531 3979 5600 quia
4027 5535 4257 5583 terrena
4305 5533 4635 5585 commoda
4685 5549 4812 5586 non

3077 5606 3443 5681 quaeris,_sed
3477 5604 3580 5681 sqli
3615 5604 3727 5656 Deo
3757 5603 3983 5681 piahcere
4013 5601 4326 5681 studeasl‘n

3148 5677 3254 5745 (t8)
3319 5677 3445 5729 Vita
3515 5672 3802 5742 Popponis
3842 5672 4058 5726 Stabul.
4126 5687 4174 5724 c.
4248 5673 4336 5737 33,
4406 5687 4507 5740 ap.
4585 5674 4811 5728 Alabiil.

3076 5750 3213 5801 Acta
3232 5747 3318 5811 Vl,
3350 5763 3385 5808 ι,
3412 5763 3467 5815 p.
3500 5747 3621 5797 585.

3149 5818 3265 5885 (19)
3321 5812 3531 5873 Chron.
3599 5813 4038 5884 Egmundanum
4089 5827 4176 5881 ap.
4222 5812 4383 5865 Kluit
4441 5814 4598 5869 Hist.
4651 5834 4811 5870 cum.

3082 5888 3227 5942 Holl.
3265 5889 3302 5951 1,
3340 5904 3377 5950 ι,
3408 5903 3464 5957 p.
3499 5888 3586 5939 45.
