4944 6528
734 422 876 473 10811

2138 421 2412 478 ΝΟΤΙΤΙΑ
2462 422 2850 479 HISTORICA.

4102 432 4237 484 1090

808 546 1026 599 Praater
1052 544 1236 599 Vitam
1269 544 1517 599 Heinrici
1557 561 1686 598 eum
1722 563 1750 596 α
1799 545 1859 599 in
1909 550 2151 616 utraque
2200 546 2425 600 littera-
2462 548 2506 602 Α
2540 550 2597 600 et
2627 562 2660 599 a
2693 547 2862 600 rebus
2886 545 3135 617 publicis
3164 548 3361 617 procul
3394 553 3640 603 amotus.
3676 550 3869 620 Neque
3899 551 4229 609 mirandum

724 636 865 686 tura
897 634 1062 702 plura
1106 638 1483 687 monumenta
1530 632 1830 704 reliquisse
1882 652 1908 683 ι)
1957 634 2130 687 tradit
2172 634 2435 703 Sigeber-

728 723 829 772 tus
862 720 991 789 (20);
1025 736 1089 773 ex
1123 720 1333 788 quibus
1382 726 1615 774 cantum
1658 723 2049 774 nocturnalem
2100 722 2160 774 in
2208 722 2434 775 laudem

729 808 792 862 S.
830 808 1072 874 Martini,
1118 808 1208 861 cui
1256 808 1585 879 principalis
1630 809 1867 863 ecclesia
1919 810 2283 880 Ultrajectina
2329 810 2439 864 fuit

730 896 1020 965 dedicata,
1052 902 1108 950 et
1138 897 1349 951 librum
1377 897 1446 952 de
1475 898 1769 967 triumpho
1801 899 1870 952 ab
1909 899 2111 952 eodem
2145 904 2337 952 sancto
2368 900 2436 953 de

732 985 912 1039 Danis
942 990 1233 1055 reportato
1264 986 1566 1040 Guibertus
1617 987 2035 1041 Gemblacensis
2078 987 2253 1042 refert
2300 987 2434 1057 (21),

726 1074 914 1127 libros
943 1074 1011 1128 de
1044 1074 1308 1128 laudibus
1341 1076 1394 1129 S.
1429 1076 1609 1128 crucis
1656 1081 1710 1129 et
1740 1077 1809 1129 de
1843 1076 2107 1130 laudibus
2153 1077 2202 1130 S.
2250 1077 2437 1131 Maria:

727 1162 1086 1217 Trithemius
1126 1168 1385 1217 recenset
1435 1164 1574 1233 (22).
1628 1163 1978 1233 Opusculum
2018 1164 2172 1235 quod
2217 1166 2440 1235 scripsit

729 1252 1209 1304 mathematicum
1250 1252 1366 1321 jam
1401 1253 1567 1305 attuli
1600 1254 1729 1322 (23),
1778 1253 1931 1307 aliud
1975 1254 2435 1323 philosophicum

729 1341 800 1392 in
874 1339 1217 1394 bibliotheca
1305 1340 1605 1394 Parisiensi
1696 1341 1978 1395 ineditum
2053 1345 2236 1395 exstat
2311 1343 2434 1411 (24).

730 1427 928 1481 Vitam
1002 1444 1135 1481 vero
1212 1434 1419 1482 sanctae
1493 1429 1812 1499 Walburgis
1905 1429 2223 1483 breviorem
2316 1429 2437 1482 sine

729 1533 908 1570 causa
959 1518 1067 1586 (25)
1110 1516 1219 1586 ipsi
1266 1517 1468 1571 tribuit
1524 1517 1678 1572 Heda
1722 1516 1858 1587 (26),
1909 1518 2009 1588 qui
2060 1518 2232 1571 etiam
2282 1518 2440 1571 char-

731 1609 882 1668 tam,
983 1620 1097 1673 qua
1170 1604 1514 1658 Adelboldus
1589 1605 1862 1675 episcopii
1936 1606 2175 1659 vasallos
2242 1621 2436 1660 recen-

734 1708 867 1745 sere
901 1692 1127 1758 dicitur,
1182 1693 1281 1746 sed
1331 1698 1525 1762 aperte
1578 1693 1799 1759 falsam,
1833 1708 1900 1746 ex
1927 1693 2272 1746 chartulario
2303 1694 2437 1747 Tra-

724 1780 982 1849 jectensi
1010 1780 1187 1834 edidit
1219 1781 1346 1850 (27).

814 1868 874 1922 Si
900 1884 1031 1921 vero
1063 1870 1316 1938 genuina
1343 1885 1517 1939 opera
1547 1885 1676 1923 cum
1719 1870 1841 1922 Vita
1888 1886 2058 1939 quam
2091 1886 2267 1922 manu
2298 1870 2432 1922 teri-

736 1974 875 2011 mus
915 1958 1165 2012 Heinrici
1206 1974 1631 2028 comparamus,
1688 1959 1839 2012 idem
1886 1974 2021 2011 sane
2068 1958 2293 2012 dicendi
2343 1974 2440 2027 ge-

738 2062 874 2114 nus,
941 2048 1202 2101 eamdem
1265 2046 1680 2101 sententiarum
1740 2047 2045 2100 artiﬁciose
2101 2052 2442 2099 connecten-

738 2136 951 2188 darum
992 2136 1293 2203 rationem,
1344 2136 1492 2189 idem
1543 2152 1775 2205 prorsus
1820 2134 2067 2188 auctoris
2124 2136 2439 2205 ingenium,

736 2224 865 2277 imo
898 2239 1011 2276 non
1042 2224 1214 2276 semel
1235 2223 1433 2277 eadem
1458 2223 1575 2276 fere
1596 2223 1769 2276 verba
1795 2223 2288 2293 deprehendamus
2310 2225 2439 2292 (28),

735 2327 979 2365 necesse
1012 2316 1095 2365 est
1130 2312 1263 2378 (29).
1298 2310 1455 2374 Quod
1483 2327 1629 2381 pene
1670 2327 1760 2364 me
1808 2316 1998 2364 movet
2036 2318 2098 2364 ut
2127 2311 2444 2363 rationibus

735 2416 923 2468 supra
988 2399 1223 2470 prolatis
1287 2400 1409 2469 ipse
1468 2401 1736 2469 derogem
1791 2405 1848 2453 et
1896 2399 2272 2453 Adelboldum
2316 2399 2442 2452 vitae

735 2504 873 2542 esse
906 2493 1197 2542 auctorem
1226 2488 1484 2557 quamvis
1528 2504 1645 2541 non
1694 2493 1848 2541 certo
1894 2489 2306 2552 contenderim,
2340 2504 2445 2540 nec

734 2583 945 2631 tamen
974 2578 1320 2646 negaverim.
1376 2576 1683 2646 Episcopus
1728 2576 2101 2645 Trajectensis
2148 2577 2234 2629 his
2279 2578 2444 2629 annis

736 2665 1055 2720 Saxoniam
1121 2665 1322 2734 saepius
1380 2665 1518 2718 adiit
1582 2666 1686 2733 (30)
1738 2665 1835 2718 ubi
1886 2665 2195 2718 Thietmari
2255 2666 2442 2718 Histo-

737 2755 897 2807 riam
933 2753 1041 2806 sibi
1073 2769 1435 2824 comparasse
1468 2753 1620 2806 credi
1666 2759 1870 2823 potest.
1919 2753 2079 2816 Quod
2114 2768 2244 2806 vero
2296 2754 2445 2806 hunc

735 2842 985 2907 librum,
1017 2841 1131 2893 sive
1177 2841 1244 2893 ab
1276 2840 1399 2909 ipso
1430 2840 1755 2893 Thietmaro
1800 2840 1908 2909 (31)
1959 2839 2073 2893 sive
2118 2840 2187 2893 ab
2218 2840 2329 2893 alio
2358 2856 2442 2893 se-

738 2946 885 2984 cum
949 2928 1455 2987 communicatum,
1516 2933 1809 2994 tamquam
1872 2949 1893 2975 ι
1953 2933 2169 2981 certum
2234 2929 2443 2981 relato-

742 3034 873 3072 rem
914 3040 933 3065 ι
965 3018 1075 3088 (32)
1122 3021 1345 3070 secutus
1390 3017 1482 3081 sit,
1528 3022 1586 3070 et
1631 3016 1833 3086 primis
1880 3016 2124 3070 Heinrici
2170 3016 2442 3087 tempori-

738 3108 858 3162 bus
891 3107 959 3161 de
990 3122 1091 3159 suo
1121 3105 1262 3159 nihil
1296 3105 1411 3159 fere
1453 3105 1754 3170 addiderit,
1805 3105 1936 3158 inde
1972 3105 2138 3158 debet
2171 3104 2442 3174 explicari

737 3195 907 3266 quod
937 3195 1051 3249 illis
1095 3194 1258 3248 annis
1300 3194 1359 3247 in
1406 3194 1757 3248 monasterio
1806 3193 1945 3247 vixit
1990 3193 2177 3247 studio
2218 3194 2443 3247 deditus

826 3370 941 3438 (20)
976 3370 1052 3423 De
1086 3369 1178 3424 SS.
1210 3368 1343 3422 eccl.
1375 3386 1419 3422 c.
1454 3372 1570 3423 138.

824 3440 935 3505 (21)
971 3442 1098 3509 Ejus
1149 3440 1319 3493 verba
1367 3440 1528 3493 atfert
1575 3439 1729 3494 Heda
1776 3439 1918 3493 Hist.
1971 3440 2168 3509 Uttraj.
2218 3456 2275 3508 p.
2324 3442 2439 3493 109.

826 3512 935 3582 (22)
968 3512 1057 3564 SS.
1090 3512 1247 3575 eccl.,
1293 3528 1340 3582 c7.
1394 3514 1523 3575 312;
1578 3512 1651 3564 De
1700 3510 1851 3564 viris.
1894 3510 1974 3563 ill.
2022 3510 2144 3563 ord.
2198 3510 2253 3564 S.
2307 3512 2439 3565 Ben.

741 3584 821 3641 II.
864 3583 991 3647 Hii»;
1022 3581 1228 3634 Chron.
1266 3581 1527 3648 Hirsaug.
1562 3598 1595 3645 ι,
1631 3598 1686 3650 p.
1729 3584 1843 3634 150.

825 3653 941 3721 (23)
976 3654 1046 3705 Ex
1088 3653 1287 3705 eodem
1338 3668 1450 3720 quo
1498 3654 1599 3704 Pez
1646 3668 1782 3703 usus
1830 3656 1915 3703 est
1963 3650 2153 3704 codice
2196 3652 2443 3719 Tegern-

744 3723 943 3777 seensi
1000 3724 1303 3777 Gerbertus
1358 3737 1505 3791 opus
1561 3722 1847 3791 quoddam
1922 3722 1990 3774 de
2066 3721 2278 3774 musica
2343 3722 2446 3774 sub

747 3793 1056 3848 Adelboldi
1087 3793 1319 3846 nomine
1350 3792 1531 3846 edidit
1561 3792 1677 3861 (SS.
1712 3793 1777 3845 de
1799 3795 2022 3853 musica,
2058 3808 2111 3861 p.
2164 3793 2443 3858 304-312),

744 3863 911 3936 quod
944 3879 1015 3916 an
1046 3864 1156 3933 ipsi
1188 3863 1363 3936 tribui
1395 3862 1573 3931 possit
1601 3863 1929 3936 dubitarim.
1982 3864 2040 3915 In
2087 3863 2275 3915 codice
2325 3864 2448 3932 ejus

744 3933 970 3990 nomen
1003 3933 1308 3987 recentiori
1335 3949 1507 3986 manu
1544 3933 1851 4001 ascriptum
1885 3937 1987 3985 est.

828 4004 944 4073 (24)
998 4006 1060 4057 Ν.
1136 4006 1291 4057 7361.
1360 4006 1566 4071 Incipit
1630 4004 1941 4072 opusculum
1991 4003 2281 4057 Adelboldi
2335 4005 2450 4072 epi-

742 4079 906 4144 scopi
940 4076 1295 4140 Trajectensis
1343 4089 1507 4142 super
1552 4075 1692 4127 illud
1737 4076 1909 4127 Boetii
1943 4091 1954 4126 :
1997 4096 2016 4121 α
2052 4075 2093 4129 0
2123 4076 2220 4142 qui
2267 4090 2451 4141 perpe-

746 4152 855 4201 tua
896 4146 1157 4199 mundum
1206 4146 1416 4199 ratione
1465 4144 1769 4211 gubernas:
1826 4165 1847 4191 ι
1905 4144 2048 4211 quod
2096 4160 2188 4197 nec
2235 4147 2451 4199 Hermes

742 4232 853 4272 nec
904 4218 1051 4269 Plato
1105 4216 1393 4269 dissolvere
1450 4217 1646 4284 quivit,
1703 4217 1799 4282 qui
1861 4217 2091 4267 nimium
2146 4216 2452 4283 philosophi

743 4291 932 4341 erant.
971 4288 1083 4340 Hoc
1115 4303 1277 4355 opus,
1329 4286 1479 4356 quod
1510 4301 1542 4338 a
1590 4285 1943 4356 Bethmanno
1996 4289 2190 4338 nostro
2236 4286 2451 4338 exscri-

744 4364 928 4429 ptum
967 4372 1145 4426 penes
1188 4372 1279 4409 me
1307 4355 1421 4429 est,
1454 4355 1792 4429 praefatione
1821 4360 2034 4429 caret.‘
2062 4385 2141 4429 —_
2176 4356 2331 4429 Idem
2362 4356 2449 4429 vel

748 4424 1316 4491 similis—argumenti
1360 4427 1503 4480 liber
1548 4427 1607 4480 in
1651 4426 1776 4479 aliis
1820 4424 2173 4479 bibliothecis
2221 4426 2453 4480 inveni—

748 4506 886 4559 tur;
921 4495 990 4551 cf.
1025 4498 1188 4551 Rivet
1218 4497 1356 4551 Hist.
1393 4498 1557 4550 litter.
1591 4496 1705 4561 VII,
1738 4513 1792 4566 p.
1825 4499 1948 4562 257,
1972 4500 2096 4549 258.

834 4572 942 4635 (25)
973 4570 1083 4621 Hoc
1116 4584 1300 4637 neque
1340 4568 1537 4637 stylus,
1588 4583 1775 4637 neque
1819 4582 1909 4619 res
1956 4566 2218 4631 suadent,
2266 4581 2452 4636 neque

749 4640 984 4693 codices
1016 4639 1229 4692 dicunt.

836 4711 947 4776 (26)
1000 4710 1057 4762 P.
1118 4711 1235 4761 110.
1282 4707 1533 4778 Epistula
1572 4706 1640 4760 ad
1694 4706 2067 4760 Adelboldnm
2109 4704 2178 4759 de
2209 4705 2264 4759 S.
2297 4705 2453 4778 Wal-

748 4782 942 4849 burge
973 4779 1181 4848 scripta
1212 4779 1291 4849 (n.
1328 4776 1429 4848 ‘18)
1475 4778 1534 4831 in
1582 4793 1834 4849 errorem
1883 4778 2087 4849 ductus
2130 4792 2251 4829 esse
2295 4776 2451 4829 vide-

748 4847 896 4904 turf
938 4851 1058 4913 Qua
1089 4847 1265 4903 ’male
1316 4847 1623 4907 intellecta,
1675 4848 1927 4918 episcopi
1990 4847 2223 4899 frztfrem
2272 4861 2452 4918 prope

750 4921 977 4976 Tielam
1034 4921 1316 4973 habitasse
1378 4920 1531 4973 dicit.
1592 4920 1905 4988 Utrumque
1973 4933 2226 4971 errorem
2292 4917 2453 4971 Rivet

753 4991 904 5047 Hist.
938 4991 1112 5044 litter.
1147 4992 1260 5052 VII,
1293 5006 1348 5059 p.
1383 4993 1506 5055 253,
1535 4992 1658 5053 256,
1687 4989 1918 5058 recepit.

831 5062 945 5132 (27)
1013 5062 1206 5130 Neque
1264 5056 1513 5130 episcopi
1571 5059 1668 5132 qui
1708 5056 2104 5132 Asubscripisse
2158 5056 2448 5132 dicuntur,

750 5128 935 5187 Anno
995 5128 1370 5193 Coloniensis,
1437 5128 1796 5184 Eberhardus
1855 5128 2222 5191 'l‘revirensis,
2288 5128 2453 5181 Adel-

747 5205 955 5258 bertus
1002 5202 1465 5271 Hamburgensis,
1519 5199 1817 5254 Adelboldi
1859 5206 2129 5271 tempore,
2159 5199 2448 5264 sederunt,

746 5289 947 5343 neque
978 5276 1077 5343 qui
1106 5269 1432 5326 scribuntur
1466 5271 1662 5324 vasalli
1709 5271 1820 5325 dux
1872 5269 2209 5334 Brabantite,
2258 5284 2450 5323 comes

750 5344 984 5398 Gelrize.
1042 5358 1232 5396 comes
1284 5342 1575 5398 Clivensis.
1623 5357 1813 5395 comes
1858 5341 1928 5396 de
1976 5341 2270 5398 Beuthem.
2317 5343 2448 5398 etc..

772 5374 984 5408 1ῠιιιατ,
1042 5374 1232 5396 υυιυῠῦ
1284 5374 1575 5409 υιινῠυθιῠ,
1623 5374 1813 5395 υυωΰδ
1858 5374 1928 5396 UO
1976 5374 2270 5407 υΰυῠυυιιι,
2317 5374 2448 5404 υκαι,

748 5415 969 5469 saeculo
999 5430 1053 5467 xi
1084 5413 1394 5483 incipiente
1416 5413 1668 5467 fuerunt.

2477 1819 2513 1872 Β

2548 640 2632 688 est
2687 635 2979 689 hominem
3041 636 3456 707 philosophicis
3514 642 3571 691 et
3622 640 3858 708 poeticis
3922 640 4239 712 disciplinis

2548 722 2891 778 instructum
2945 723 3005 777 in
3054 723 3293 778 historia
3350 726 3650 780 scribenda
3700 727 3882 797 magis
3936 730 4239 785 verborum

2549 812 2777 865 ornatui
2842 816 2899 867 et
2952 813 3228 867 lectorum
3287 813 3567 868 studuisse
3635 815 4001 870 oblectationi
4067 834 4239 887 quam

2548 900 2718 954 nudae
2750 905 2808 955 et
2837 900 3081 972 simplici
3130 902 3375 968 veritati,
3434 918 3564 957 cum
3609 903 3763 957 idem
3810 904 3979 957 etiam
4034 906 4242 959 nostris

2547 989 2903 1060 temporibus
2963 989 3218 1060 quotidie
3284 991 3497 1044 factum
3567 992 3882 1047 videamus.
3954 995 4111 1048 Certe
4172 996 4240 1049 de

2550 1077 2718 1130 rebus
2765 1082 2959 1147 postea
2995 1077 3053 1131 in
3104 1078 3412 1148 provinciis
3463 1079 3752 1134 Rhenanis
3795 1080 3989 1150 gestis,
4034 1083 4240 1151 quibus

2548 1164 2668 1235 ipse
2698 1181 2967 1235 magnam
2996 1172 3215 1235 partem
3251 1166 3534 1232 interfuit,
3566 1168 3888 1221 accuratius
3922 1173 3978 1223 et
4007 1186 4071 1223 ex
4104 1187 4239 1240 pro-

2549 1254 2672 1325 pria
2731 1254 3057 1323 cognitione
3116 1255 3404 1324 scripsisse
3459 1257 3748 1325 putandus
3806 1263 3918 1337 est;
3974 1258 4031 1312 id
4090 1260 4239 1329 quod

2549 1342 2720 1396 etiam
2774 1344 3039 1411 Alpertus
3097 1343 3337 1397 innuere
3388 1345 3629 1409 videtur,
3687 1362 3816 1399 cum
3875 1347 4033 1400 Metis
4083 1347 4240 1401 urbis

2550 1430 2929 1493 obsidionem,
2975 1447 3008 1484 a
3056 1431 3379 1486 Thietmaro
3425 1434 3891 1502 praetermissam,
3949 1436 4019 1488 ab
4064 1436 4238 1489 Adel-

2549 1518 2720 1572 boldo
2749 1519 2931 1572 fusius
2979 1519 3321 1590 descriptam
3375 1521 3523 1574 dicat
3572 1522 3703 1591 (33).
3754 1522 3890 1586 Quae
3942 1523 4239 1593 deperdita

2550 1622 2669 1659 esse
2702 1607 2809 1675 (34)
2842 1622 2955 1660 non
2987 1623 3292 1675 possumus
3318 1608 3456 1678 quin
3483 1608 3796 1662 doleamus.

2618 1695 2914 1748 Annalista
2981 1696 3149 1760 Saxo,
3208 1695 3307 1765 qui
3358 1697 3529 1759 solus,
3589 1698 3739 1766 quod
3798 1698 3991 1764 sciam,
4048 1698 4239 1753 medio

2551 1800 2669 1837 aevo
2698 1783 2803 1837 hac
2834 1783 2958 1837 Vita
2988 1799 3124 1837 usus
3163 1790 3265 1849 est,
3311 1789 3504 1837 utrum
3555 1785 3925 1854 integriorem
3973 1787 4241 1841 habuerit

2550 1876 2766 1925 textum
2822 1888 2893 1924 an
2952 1872 3178 1925 nonnisi
3231 1872 3414 1925 simile
3484 1873 3888 1943 fragmentum.
3947 1891 4064 1927 non
4121 1880 4236 1929 tam

2550 1960 2712 2014 facile
2743 1966 2825 2014 est
2856 1966 3180 2031 perspectu,
3225 1962 3354 2014 cum
3404 1960 3552 2014 inter
3594 1962 3901 2015 Thietmari
3950 1963 4122 2016 verba
4168 1964 4239 2017 ab

2551 2050 2648 2103 illo
2678 2049 2956 2119 exscripta
2986 2050 3078 2103 vix
3106 2050 3274 2103 aliam
3316 2050 3698 2104 narrationem
3747 2068 3807 2104 ex
3845 2051 4047 2105 eodem
4082 2052 4238 2106 fonte

2554 2137 2813 2190 haustam
2861 2153 3166 2205 agnoscere
3214 2138 3395 2191 liceat.
3448 2140 3710 2191 Attamen
3770 2138 3911 2193 nihil
3960 2140 4241 2209 ejusmodi

2553 2224 2815 2291 inveniri,
2856 2225 3164 2279 Annalists;
3213 2226 3359 2279 libro
3411 2226 3715 2295 diligenter
3759 2228 4028 2296 perlecto,
4079 2228 4241 2281 afﬁr-

2554 2314 2859 2380 maverim;
2920 2320 3071 2369 certe
3114 2330 3300 2385 neque
3356 2314 3425 2368 de
3483 2316 3713 2368 Metensi
3768 2316 3865 2368 illa
3920 2316 4236 2383 obsidione,

2553 2418 2739 2472 neque
2787 2403 2856 2457 de
2906 2403 3076 2457 rebus
3124 2408 3324 2473 postea
3374 2402 3431 2455 in
3487 2403 3854 2472 Lotharingia
3884 2404 3969 2456 vel
4002 2405 4240 2457 a'l‘heo-

2553 2490 2742 2544 derico
2773 2489 3034 2560 episcopo
3066 2490 3150 2544 vel
3199 2490 3269 2544 ab
3312 2488 3434 2559 ipso
3481 2491 3795 2545 Adelboldo
3858 2492 4030 2562 gestis
4076 2493 4241 2562 quid-

2553 2593 2724 2647 quam
2756 2578 2906 2646 apud
2939 2577 3100 2630 illum
3133 2576 3344 2646 legitur
3385 2577 3536 2647 quod
3590 2593 3654 2630 ex
3703 2578 4015 2632 Adelboldo
4062 2580 4243 2649 repeti

2555 2668 2762 2731 posset.
2799 2662 2970 2731 Cujus
2998 2662 3207 2716 librum
3257 2661 3358 2715 has
3402 2678 3488 2714 res
3534 2667 3871 2716 tractantem
3920 2663 3967 2715 si
4012 2662 4243 2716 habuis-

2554 2756 2657 2818 set,
2699 2750 2943 2820 diligens
2990 2756 3045 2803 et
3090 2750 3353 2819 copiosus
3406 2750 3500 2802 ille
3566 2767 3757 2803 rerum
3817 2750 4058 2820 scriptor
4105 2768 4241 2805 sane

2556 2855 2669 2892 non
2728 2838 3089 2908 neglexisset.
3147 2840 3298 2891 Hanc
3358 2838 3532 2906 igitur
3585 2838 3831 2891 Heinrici
3886 2839 4067 2891 Vitam
4122 2841 4241 2908 jam

2554 2933 2689 2980 tunc
2753 2926 3030 2996 temporis
3084 2926 3196 2979 fine
3266 2926 3597 2979 destitutam
3660 2926 3923 2980 habuisse
3982 2927 4236 2995 videtur;

2557 3032 2729 3086 quam
2758 3032 2830 3069 an
2868 3015 3184 3083 Adelboldi,
3228 3016 3389 3085 cujus
3427 3031 3500 3069 ne
3549 3021 3792 3068 mortem
3826 3015 4056 3086 quidem
4090 3016 4238 3069 indi-

2556 3106 2664 3169 cat,
2696 3102 2927 3156 nomine
2955 3101 3284 3172 inscriptam
3315 3102 3537 3171 legerit,
3572 3101 3700 3156 licet
3727 3100 4007 3155 dubitare.

2626 3364 2740 3433 (28)
2800 3363 2880 3419 Cf.
2937 3379 2983 3417 c.
3034 3366 3067 3417 2
3111 3378 3124 3416 :
3179 3365 3281 3418 Nec
3330 3364 3467 3417 mihi
3510 3362 3863 3429 fastidiosum
3920 3368 3998 3417 est
4050 3364 4245 3429 dicere,

2553 3452 2645 3489 nec
2695 3438 2899 3487 ceteris
2954 3436 3285 3503 superﬂuum
3333 3435 3553 3499 audire;
3607 3435 3674 3487 ad
3726 3434 4122 3498 Gerbertum§
4162 3436 4241 3489 4:

2556 3507 2617 3561 Si
2657 3506 2806 3559 vobis
2856 3520 2961 3557 non
3006 3507 3079 3559 sit
3122 3504 3475 3570 fastidiosum
3520 3505 3731 3565 audire,
3787 3506 3926 3558 mihi
3984 3521 4089 3559 non
4144 3509 4245 3558 erit

2555 3590 2829 3629 onerosum
2863 3576 3055 3627 dicere.

2626 3645 2739 3715 (29)
2780 3646 2961 3699 Etiam
3011 3646 3069 3698 in
3115 3644 3271 3698 brevi
3316 3644 3635 3713 fragmento
3683 3661 3712 3698 a
3761 3644 4030 3698 Guiberto
4081 3647 4244 3700 Gem-

2555 3716 2804 3770 blacensi
2862 3716 3030 3768 allato
3086 3715 3190 3767 hoc
3245 3715 3546 3784 agnoveris
3600 3731 3612 3767 :
3671 3737 3690 3761 ε
3752 3717 3985 3768 Gemma
4040 3718 4130 3781 (de
4190 3717 4245 3770 S.

2558 3787 2797 3841 Martino
2830 3786 3104 3856 loquitur)
3132 3786 3238 3838 ista
3267 3787 3445 3853 fulget
3489 3786 3547 3837 in
3587 3786 3744 3851 coelo,
3784 3786 3843 3837 in
3894 3790 4042 3839 terra
4083 3803 4247 3839 coru-

2558 3861 2693 3923 scat,
2752 3856 2964 3926 ubique
3015 3858 3351 3919 honoratur,
3414 3856 3624 3925 ubique
3672 3856 3947 3926 diligitur.
4014 3858 4093 3909 En
4147 3858 4247 3926 qui

2559 3944 2683 3981 eam
2717 3932 3000 3980 mercatus
3033 3927 3225 3989 fuerit,
3272 3926 3507 3995 perenni
3552 3927 3823 3993 gaudebit
3868 3928 4155 3980 thesauro.
4191 3928 4248 3981 Si

2560 3998 2690 4069 quis
2720 3998 3054 4067 possederit,
3088 4014 3203 4069 non
3233 3997 3455 4051 deficiet
3478 3997 3639 4069 omni
3688 3998 3858 4050 bono.
3911 3997 3953 4051 Ο
3994 3998 4097 4051 filii
4136 3998 4247 4051 ho-

2560 4068 2803 4134 minum,
2848 4070 2994 4122 hanc
3042 4068 3203 4121 vobis
3252 4068 3553 4121 lucramini
3606 4073 3660 4121 et
3708 4070 3891 4121 lucem
3936 4084 4248 4138 perennem

2562 4141 2708 4194 hanc
2738 4139 3042 4209 possidete,
3077 4145 3134 4192 et
3157 4137 3300 4192 nihil
3330 4139 3486 4191 vobis
3518 4139 3713 4192 deerit.
3751 4160 3777 4186 λ

2634 4208 2757 4279 (30)
2803 4213 2946 4264 Tunc
2991 4212 3244 4278 temporis
3290 4225 3411 4263 vero
3461 4209 3730 4263 Albuldus
3777 4211 4054 4278 episcopus
4101 4208 4252 4275 apud

2562 4284 2939 4349 imperatorem
2988 4283 3295 4334 Heim'icum
3342 4282 3397 4333 in
3449 4281 3695 4332 Samonia
3744 4281 4079 4343 morabatur,
4132 4280 4251 4332 Bal-

2492 4336 2733 4405 Ddei'ic.
2805 4368 2887 4418 111,
2953 4355 3038 4403 17.
3105 4380 3173 4390 ~—
3231 4354 3395 4403 Anno
3454 4352 3588 4404 1013
3640 4353 3881 4404 Gruonaa
3934 4336 4252 4415 fuit'(Vita

2564 4424 2890 4481 Meinwerci.
2948 4437 2996 4474 c.
3043 4422 3151 4487 21);
3202 4436 3253 4473 a.
3310 4422 3465 4485 1016,
3520 4422 3907 4473 Dortmannize
3967 4421 4152 4489 (ibid.,
4199 4437 4245 4472 c.

2568 4493 2688 4558 134,
2757 4492 2895 4561 dipl.
2963 4507 3053 4559 ap.
3121 4491 3361 4561 Schaten
3408 4493 3557 4543 Ann.
3623 4490 3851 4543 Paderb.
3915 4491 3961 4557 Ι,
4014 4507 4071 4559 p.
4125 4492 4249 4554 417,

2563 4565 2701 4626 418;
2768 4560 2831 4614 a.’
2885 4562 3042 4626 1018,
3111 4560 3491 4613 Paderborum
3561 4561 3637 4624 (V.
3701 4561 3941 4624 Meinw.,
4009 4577 4055 4613 c.
4136 4562 4249 4625 164,

2562 4632 2801 4687 Schaten
2833 4632 2876 4695 I,
2918 4647 2974 4699 p.
3029 4631 3174 4699 429);
3225 4648 3275 4682 a.
3330 4632 3486 4696 1019,
3547 4631 3810 4684 Goslariaa
3866 4631 3952 4697 (V.
4003 4631 4249 4696 Meinw.,

2564 4719 2611 4755 c.
2670 4706 2788 4763 165,
2847 4699 3087 4755 Schaten
3154 4717 3209 4769 p.
3270 4699 3415 4769 432),
3475 4706 3672 4771 postea
3731 4702 4250 4755 Ermeneswerethe

2565 4774 2719 4842 (Vita
2749 4774 2961 4826 Meinw.
2996 4787 3044 4824 c.
3080 4774 3219 4838 173).

2636 4844 2737 4907 (31)
2798 4843 2911 4914 Qui
2966 4857 3159 4895 secum
3219 4839 3532 4895 Adelboldo
3588 4841 3918 4896 convenisse
3964 4858 4250 4914 nusquam

2562 4913 2852 4968 indicavit.

2632 4986 2747 5046 (32)
2774 4981 3071 5037 Adelboldi
3100 4982 3258 5053 praef.

2633 5056 2742 5125 (33)
2773 5055 2813 5108 Ι.
2848 5056 2898 5106 5.
2932 5052 3169 5107 Econtra
3201 5068 3330 5123 quae
3378 5052 3449 5107 de
3497 5052 4252 5125 expeditionerBurgundica

2563 5143 2615 5179 a.
2654 5129 2787 5179 1016
2826 5125 3108 5194 Alpertus,
3142 5141 3200 5190 ll,
3237 5125 3320 5190 14,
3361 5131 3575 5190 narrat,
3627 5125 3697 5178 ab
3740 5124 4053 5178 Adelboldo
4102 5140 4249 5195 pra:-

2562 5197 2819 5251 termissa
2852 5196 3027 5249 fuisse
3057 5196 3237 5249 videri
3268 5199 3522 5265 possunt.

2634 5267 2743 5337 (34)
2770 5266 2851 5321 Cf.
2886 5265 3137 5321 Leibnitz
3165 5264 3365 5320 SS.’R.
3403 5266 3494 5320 Br.
3525 5265 3592 5331 1ῐ,
3623 5264 3785 5328 praef.
3819 5280 3877 5334 p.
3916 5267 3999 5319 19.
