4944 6556
1077 552 1206 608 1091

2155 535 2544 593 ADELBOLDI
2588 530 3106 590 TRAJECTENSIS
3144 528 3476 587 EPISCOPI.

535 96 546 100 τ
553 96 586 112 :2
947 93 956 95 “
965 93 976 95 “
1115 93 1120 95 “

1005 113 1014 120 ..

693 155 786 170 ’τι-υς
793 156 806 168 -'u
1015 159 1024 164 -
1049 157 1082 166 ··¹-
1089 157 1192 174 ._"'-..:"':..

4439 527 4459 578 1
4470 525 4571 578 092

1071 698 4572 739 ___________________________________

2371 835 3268 942 ADELBOLDI

1516 1080 1907 1211 VITA
1984 1077 2100 1210 S.
2215 1074 2880 1204 HENRICI
2984 1065 4111 1202 IMPERATORIS.

1706 1332 1797 1402 (V.
1833 1334 1891 1385 in
1918 1331 1973 1386 S.
2008 1330 2234 1384 Henrico
2265 1330 2397 1397 imp.
2441 1326 2516 1381 ad
2543 1341 2744 1380 annum
2779 1326 2933 1391 1024,
2961 1339 3150 1394 supra,
3183 1323 3347 1392 hujus
3375 1323 3666 1378 voluminis
3694 1321 3792 1376 col.
3824 1323 3939 1384 87.)

2286 1627 3353 1735 ADELBOLDUS

1631 1870 2047 2001 VITA
2167 1864 2858 1998 SANCTIE
2977 1846 4137 2000 WALBURGIS.”

1100 2127 1262 2200 Apud
1295 2125 1546 2180 Bolland.
1580 2124 1721 2200 Acta
1749 2126 2072 2200 sanctorum.
2105 2120 2404 2200 Februarii
2426 2125 2572 2200 tom.
2625 2117 2862 2200 [IL-die
2894 2120 2982 2180 25,
3034 2134 3278 2200 ef-‘mss.
3332 2117 3641 2200 Ultraj'ect.‘
3675 2121 3732 2200 et
3776 2113 3956 2195 tribus
4003 2113 4150 2200 aliis.
4199 2113 4412 2167 collata
4451 2127 4586 2165 cum

1627 2195 1965 2263 Capgravio,
2000 2193 2243 2245 Historia
2271 2192 2629 2255 Sanctorum,
2661 2196 2792 2242 ante
2821 2205 3000 2242 annos
3038 2192 3134 2242 173
3168 2204 3369 2242 excusa
3400 2188 3564 2241 Surio
3595 2191 3650 2240 et
3675 2186 4022 2252 Breviariis.)

2627 2355 3031 2365 .—

1639 2462 1864 2517 CAPUT
1907 2460 2194 2514 PRIMUM.

1183 2555 1344 2610 Gesta
1371 2553 1430 2606 S.
1471 2552 1807 2618 Walburgis,
1839 2550 2037 2612 obitus,
2069 2549 2305 2616 corporis
2347 2547 2659 2601 translatio.

1151 2647 1195 2697 l.
1236 2644 1537 2712 Postquam
1569 2641 1682 2692 Deo
1711 2639 1879 2691 chara
1904 2637 2216 2703 Anglorum
2239 2634 2394 2687 natio
2425 2649 2528 2703 per
2557 2649 2770 2686 memo-

1074 2725 1242 2780 randi
1273 2723 1526 2794 Gregorii
1547 2736 1710 2791 papae
1738 2721 2120 2790 apostolatum
2151 2735 2183 2770 a
2214 2717 2550 2787 gentilitatis
2577 2731 2769 2769 errore

1077 2816 1144 2870 ad
1177 2810 1622 2868 Christianitatis
1672 2810 1969 2862 veritatem
2021 2822 2291 2860 conversa
2337 2810 2440 2865 est,
2489 2805 2652 2857 multi
2700 2805 2770 2859 ob

1077 2902 1314 2958 cmlestis
1343 2900 1463 2970 spei
1491 2897 2014 2953 remunerationem
2038 2911 2100 2947 ex
2130 2908 2327 2946 eorum
2353 2907 2596 2944 numero
2621 2893 2772 2942 ultra

1077 2991 1424 3046 maritimam
1452 2986 1696 3058 patriam
1729 3001 1908 3055 usque
1941 2985 2012 3036 ad
2043 2983 2152 3051 (36)
2189 2983 2536 3034 Francorum
2569 2995 2769 3048 perve-

1075 3085 1287 3135 nerunt
1309 3077 1640 3148 imperium.
1676 3075 1745 3128 Ex
1781 3073 1992 3143 quibus
2023 3071 2342 3124 Bonifacius
2360 3074 2606 3134 sanctus,
2633 3067 2770 3120 dum

1077 3168 1185 3239 (37)
1218 3169 1330 3222 huc
1359 3167 1419 3219 in
1445 3164 1810 3235 peregrinam
1842 3160 2194 3230 pervenisset
2227 3157 2575 3226 provinciam
2609 3155 2772 3224 quasi

1078 3257 1329 3312 nativam
1357 3255 1595 3324 adeptus
1627 3255 1711 3305 est
1736 3250 1844 3304 sibi
1875 3247 2143 3318 patriam,
2169 3247 2304 3300 dum
2331 3246 2443 3313 (38)
2462 3245 2774 3313 Moguntin-

1077 3345 1260 3400 censis
1299 3343 1636 3414 praasulatus
1669 3338 1739 3392 ob
1770 3355 1872 3390 sua
1925 3336 2130 3389 merita
2173 3337 2411 3403 adeptus
2455 3338 2538 3384 est
2581 3332 2770 3384 cathe-

1080 3435 1262 3488 dram.
1298 3432 1375 3484 Ex
1402 3429 1656 3499 ejusdem
1679 3442 1909 3497 quoque
1938 3423 2387 3493 (39)Angliensis
2413 3421 2614 3473 insulae
2637 3420 2773 3472 silva

1076 3525 1469 3594 proruperunt
1497 3517 1608 3570 huc
1621 3515 1688 3569 ad
1705 3531 1808 3568 nos
1827 3511 2370 3567 tresfecundissiina:
2395 3509 2644 3567 arbores,
2661 3509 2772 3561 duo

1079 3610 1340 3664 videlicet
1380 3605 1594 3660 uterini
1641 3604 1845 3657 fratres
1880 3599 2234 3654 Williboldus
2265 3604 2323 3651 «ιι
2353 3597 2771 3662 Winniboldus,

1079 3714 1209 3754 cum
1243 3698 1357 3750 Deo
1388 3699 1442 3748 et
1471 3692 1800 3748 hominibus
1830 3706 2024 3743 sorore
2064 3687 2397 3741 charissima
2432 3686 2766 3753 Walburga:

1080 3801 1327 3858 quorum
1374 3783 1552 3854 prior,
1586 3779 1940 3834 Williboldus
1991 3778 2227 3843 scilicet,
2259 3775 2561 3828 ordinante
2606 3775 2768 3827 illum

1079 3874 1412 3948 praescripto
1448 3869 1754 3936 Bonifacio,
1798 3867 1869 3921 ad
1918 3865 2296 3936 Heystatensis
2343 3865 2598 3916 Ecclesiae
2633 3879 2764 3933 pro-

1079 3970 1265 4019 motus
1299 3966 1383 4017 est
1412 3958 1771 4032 pontificium
1805 3973 1818 4010 :
1852 3955 2048 4025 ibique
2079 3953 2395 4022 angelicam
2438 3953 2610 4004 vitam
2642 3968 2770 4020 per-

1079 4055 1311 4119 ducens,
1363 4049 1597 4103 tandem
1644 4045 1968 4100 beatissime
2017 4043 2177 4108 abiit,
2229 4057 2342 4094 non
2397 4041 2560 4094 obiit.
2616 4040 2772 4093 Alter

1078 4158 1211 4196 vero
1242 4145 1426 4193 totum
1461 4153 1519 4190 se
1550 4134 1758 4190 Christi
1791 4131 2018 4185 servitio
2063 4130 2418 4198 mancipans,
2452 4127 2770 4180 mundana-

1081 4245 1194 4303 que
1253 4226 1449 4281 omnia
1507 4223 1764 4278 funditus
1816 4235 2112 4288 respuens,
2171 4219 2373 4283 locum,
2417 4217 2517 4286 qui
2567 4215 2774 4268 dicitur

1083 4316 1475 4389 Heydanhem,
1506 4311 1612 4365 sibi
1641 4311 1714 4364 ad
1745 4307 2105 4362 incolendum
2137 4306 2326 4374 elegit.
2364 4305 2560 4374 Ibique
2588 4303 2773 4356 conti-

1081 4407 1214 4461 nuis
1246 4401 1599 4458 orationibus
1628 4397 1905 4457 munitus,
1937 4411 2034 4466 spe
2067 4394 2391 4460 roboratus,
2437 4393 2544 4446 fide
2587 4407 2772 4444 arma-

1081 4500 1196 4559 tus,
1229 4491 1510 4556 eamdem,
1545 4503 1717 4559 quam
1749 4501 1878 4539 cum
1917 4485 2110 4546 fratre,
2145 4481 2536 4536 monachicam
2588 4496 2774 4532 susce-

1082 4587 1248 4654 perat
1279 4577 1788 4642 conversationem,
1821 4572 2210 4628 strenuissime
2244 4586 2423 4640 usque
2453 4569 2526 4622 ad
2558 4569 2774 4622 exitum

1081 4671 1292 4726 animas
1324 4668 1528 4722 finiens
1557 4665 1768 4719 multos
1797 4668 1924 4734 post
1975 4677 2033 4715 se
2079 4660 2186 4730 (40)
2235 4659 2304 4713 ad
2356 4658 2501 4711 bene
2550 4656 2775 4711 vivendi

1081 4759 1343 4829 regulam
1368 4757 1611 4828 praevius
1641 4754 1970 4807 exhortatus
1996 4754 2100 4803 est.

1155 4915 1264 4986 (35)
1301 4913 1541 4986 Titulusi
1563 4911 1622 4965 in
1666 4925 1771 4986 ms:
1823 4911 2018 4986 nostro
2069 4903 2388 4975 prmﬁgitur
2416 4919 2434 4986 ξ
2474 4901 2776 4986 νίιεεηρρᾳο

1085 4973 1309 5070 tissime
1371 4999 1434 5038 ac
1503 4985 1613 5037 Deo
1687 4973 2085 5034 dilectissimae'
2112 4991 2176 5029 ac
2247 4973 2549 5044 paradoxa
2620 4973 2771 5028 Wal-
2813 5015 2851 5070 Ο

1088 5058 1621 5195 ὁυῖζξὲοιῖγαηοονωη
1649 5121 1936 5195 imperium
1974 5117 2109 5195 μειιῖ
2138 5115 2386 5195 sumitur
2431 5130 2536 5195 pro
2575 5113 2773 5195 omni-

1084 5186 1194 5252 bus
1234 5186 1549 5251 ditionibus
1596 5186 1740 5262 quae
1772 5188 2026 5262 dominio
2073 5187 2260 5262 Caroli
2300 5186 2775 5262 _M_agni_eju_sque

1087 5273 1446 5339 posterorum
1498 5256 1743 5317 subditae
1795 5261 2020 5315 fuerant
2064 5273 2169 5328 per
2217 5258 2442 5322 Gallias,
2493 5256 2775 5326 Belgium,

1090 5337 1474 5394 Germaniam.
1854 5400 1864 5405 _
2001 5399 2010 5405 _
2091 5399 2126 5405 _
2164 5397 2174 5405 ,
2214 5398 2224 5405 ,
2525 5397 2556 5405 ..

1160 5410 1268 5479 (37)
1303 5411 1364 5464 S.
1417 5405 1732 5479 Bonifacius
1776 5400 1966 5479 primo
1997 5399 2054 5452 in
2091 5397 2345 5479 Frisiam_
2371 5397 2626 5479 appulit,_
2655 5401 2777 5475 tum

1092 5467 1316 5534 Francis
1343 5467 1678 5546 subjectam,
1704 5467 2022 5547 atqii_e__t_re_s
2051 5486 2250 5547 annos.
2287 5468 2461 5547 (Beka
2507 5467 2780 5547 tredecim

1088 5550 1323 5617 scribit),
1376 5538 1712 5616 cooperator
1737 5538 1802 5598 Ξῖ
1843 5540 2188 5617 Willibrordi
2230 5539 2297 5617 _in_
2339 5538 2564 5617 dioecesi
2596 5538 2778 5617 Ultra-

1085 5609 1320 5690 jectina”
1345 5624 1402 5672 et
1458 5609 1766 5671 Frisiorum
1811 5611 2181 5666 conversione
2230 5609 2502 5662 laboravit
2535 5623 2548 5660 :
2581 5609 2784 5660 colitur

1096 5689 1126 5740 ὅ
1156 5689 1329 5743 Junii.

1167 5762 1275 5828 (38)
1322 5759 1527 5828 Fuerat
1574 5753 1850 5828 plurimis
1881 5749 2393 5828 annis‘epi-scopus
2419 5747 2511 5828 _ad
2551 5761 2783 5828 conver-

1098 5818 1317 5882 sionem
1348 5818 1609 5896 gentium
1654 5821 2015 5884 constitutus,
2063 5818 2302 5872 tandem
2338 5820 2472 5872 data
2519 5818 2571 5870 ei
2625 5818 2787 5870 sedes

2807 2463 2847 2514 A
2952 2462 3002 2512 2.
3039 2460 3168 2512 Post
3212 2459 3316 2522 (41)
3368 2457 3578 2511 horum
3611 2472 3743 2510 vero
3789 2457 4099 2510 discessum
4149 2472 4312 2510 soror
4342 2472 4585 2510 eorum-

2880 2548 3032 2611 dem,
3076 2548 3248 2600 totius
3312 2546 3544 2599 feminei
3607 2561 3770 2598 sexus
3818 2546 3990 2598 decus
4041 2549 4170 2615 post
4216 2545 4270 2599 S.
4321 2545 4585 2609 Mariam,

2881 2635 3248 2703 “'aldburga,
3300 2634 3758 2704 quibuscumque
3806 2635 3994 2704 potuit
4024 2649 4082 2685 se
4113 2633 4397 2687 imitabile
4430 2650 4588 2704 pras-

2880 2723 3018 2776 bens
3051 2724 3400 2792 exemplum,
3435 2722 3619 2775 eidem
3652 2723 3925 2792 puellaris
3957 2728 4195 2774 catervas
4226 2723 4589 2775 monasterio

2880 2811 2937 2864 in
2972 2813 3206 2880 praefato
3238 2811 3358 2864 loco
3390 2810 3760 2878 Heydenhem
3812 2809 4129 2877 prmstituta
4179 2814 4267 2862 est
4309 2809 4590 2862 materfa-

2881 2900 3088 2964 milias,
3123 2901 3191 2952 ad
3217 2899 3410 2952 omnia
3437 2916 3562 2967 qum
3597 2916 3626 2950 a
3661 2898 3882 2951 Christo
3913 2903 4175 2968 posceret
4200 2913 4433 2968 semper
4462 2898 4591 2951 efﬁ-

2881 2989 3190 3041 cacissima.
3230 2988 3476 3057 Contigit
3508 2987 3715 3040 ibidem
3744 2987 4037 3056 quondam
4079 2987 4409 3054 vespertina
4440 2987 4593 3040 hora

2880 3083 3130 3145 peracta,
3192 3081 3507 3130 revertente
3557 3075 3660 3128 hac
3711 3075 3835 3145 ipsa
3882 3075 3952 3128 de
4003 3074 4243 3128 ecclesia
4291 3074 4365 3128 ad
4415 3091 4591 3128 suum

2882 3165 3292 3229 habitaculum,
3329 3167 3387 3215 ut
3420 3163 3655 3232 quidam
3688 3161 3935 3215 ecclesias
3957 3163 4214 3230 ejusdem
4241 3167 4433 3215 custos
4457 3163 4593 3230 (42},

2883 3251 3315 3304 Gnomerandus
3345 3251 3600 3314 nomine,
3642 3250 4046 3319 ingruentibus
4096 3251 4280 3303 noctis
4327 3251 4600 3304 tenebris

2882 3339 3096 3407 petenti
3133 3338 3455 3407 Walburgaa
3488 3339 3685 3391 lumen
3707 3337 3814 3391 sibi
3848 3337 4124 3408 praevium
4156 3337 4372 3391 stultus
4404 3337 4599 3392 dene-

2883 3433 3062 3496 garet.
3125 3427 3208 3480 Ad
3263 3442 3434 3496 quam
3486 3425 3757 3495 injuriam
3819 3425 4268 3495 insuperabilem
4328 3427 4601 3480 retinens

2882 3516 3236 3584 patientiam,
3281 3521 3498 3567 coenata
3536 3514 4060 3567 sanctimonialium
4107 3515 4422 3581 catervula,
4461 3530 4601 3585 per-

2883 3605 3135 3674 actisque
3168 3603 3376 3657 divinis
3420 3603 3703 3667 laudibus,
3759 3603 4164 3656 dormitorium
4212 3603 4380 3656 adiit.
4432 3604 4602 3657 Tunc

2885 3710 3011 3746 mox
3041 3693 3250 3744 mirum
3281 3693 3336 3744 in
3366 3691 3596 3744 modum
3624 3690 3835 3744 ibidem
3870 3696 4028 3744 tanta
4062 3691 4298 3744 luminis
4332 3690 4600 3765 ﬂagran-

2884 3783 2961 3835 tia
2993 3781 3218 3840 enituit.
3254 3786 3316 3832 ut
3345 3779 3601 3849 ejusdem
3645 3779 3923 3832 domicilii
3962 3778 4358 3847 pavimentum
4411 3795 4600 3849 pene-

2884 3875 3033 3922 trare
3065 3869 3374 3932 videretur,
3409 3874 3465 3920 et
3494 3867 3571 3920 sic
3604 3883 3786 3937 usque
3838 3867 3908 3920 ad
3956 3867 4240 3920 matutina
4266 3870 4605 3936 permansit

2885 3957 3183 4026 praiconia.
3246 3956 3618 4026 Stupentibus
3658 3955 3791 4008 hinc
3839 3955 4108 4008 omnibus
4179 3955 4292 4008 Deo
4350 3958 4603 4010 sacratis

2885 4044 3221 4112 virginibus,
3247 4050 3303 4096 et
3326 4042 3741 4096 exsultantibus
3772 4043 3842 4096 ad
3874 4043 4328 4112 religiosissima
4363 4045 4606 4097 matris-

2883 4133 3122 4186 families
3188 4133 3455 4185 lectulum
3523 4130 4012 4194 concurrentibus,
4074 4132 4276 4196 illique
4343 4134 4608 4186 caelestis

2882 4220 3121 4289 fulgoris
3167 4220 3613 4273 immensitatem
3671 4219 4116 4284 insinuantibus,
4167 4219 4262 4272 illa
4309 4235 4604 4289 prorum-

2883 4326 3024 4381 pens
3066 4309 3124 4362 in
3170 4309 3466 4378 lacrymas,
3496 4307 3804 4361 sublevatis
3833 4307 3904 4360 ad
3938 4308 4118 4360 Deum
4150 4307 4333 4360 oculis
4365 4314 4428 4362 et
4478 4326 4606 4363 ma-

2884 4399 3054 4451 nibus
3083 4397 3226 4451 dixit
3259 4413 3270 4450 :
3303 4397 3444 4463 Tibi,
3485 4396 3724 4450 Domine
3753 4397 3879 4450 Iesu
3915 4396 4155 4462 Christe,
4204 4397 4298 4450 cui
4349 4398 4608 4454 humilis

2886 4485 3089 4538 ancilla
3136 4501 3170 4536 a
3215 4484 3515 4538 cunabulis
3558 4483 3767 4537 servire
3807 4483 4052 4549 decrevi,
4105 4484 4175 4538 de
4226 4485 4338 4538 hoc
4381 4487 4608 4540 collato

2886 4588 3124 4626 munere
3154 4572 3364 4641 gratias
3412 4587 3542 4641 ago,
3583 4571 3684 4641 qui
3732 4571 3797 4624 ad
3848 4570 4192 4624 exercendas
4242 4572 4609 4626 ancillarum

2886 4666 3114 4713 tuarum
3159 4659 3299 4712 mihi
3342 4658 3751 4712 cohaerentium
3784 4663 4006 4712 mentes
4037 4674 4128 4712 me
4160 4658 4480 4729 indignam
4516 4661 4612 4714 ln-

2888 4748 3060 4802 minis
3087 4748 3171 4802 tui
3197 4747 3558 4818 adjuvamine
3593 4746 3872 4801 consolari
3904 4746 4174 4817 dignatus
4212 4763 4296 4814 es,
4341 4750 4614 4819 tetrique

2887 4905 3247 4975 Moguntina:
3290 4921 3470 4976 eaque
3521 4905 3658 4959 urbs
3715 4909 3836 4958 tum
3889 4905 4216 4976 metropolis
4251 4903 4618 4976 Francorum

2889 4974 3301 5047 appellabatur.
3359 4974 3600 5031 Consule
3651 4981 3829 5047 notat.
3883 4977 3953 5030 23
4013 4974 4223 5029 Serarii
4283 4974 4359 5028 ad
4415 4975 4617 5030 Vitam

2884 5046 2942 5102 SI
2977 5047 3246 5100 Bonifacii
3283 5049 3316 5101 Ι.
3350 5063 3411 5100 In
3440 5047 3650 5100 Rerum
3679 5046 4189 5115 Moguntiacarum.

2924 5163 2933 5169 .
2958 5121 3066 5186 (39)
3103 5120 3229 5171 Mss.
3257 5118 3470 5188 aliqua,
3500 5117 3820 5188 Anglensis.

2958 5191 3071 5256 (40)
3103 5189 3166 5242 ιη
3209 5205 3312 5240 ms.
3356 5186 3508 5241 'Ultr.
3557 5197 3615 5240 et
3669 5193 3722 5241 ‘2.
3781 5187 3968 5246 Trev..
4014 5186 4089 5241 ad
4136 5187 4265 5240 bene
4302 5187 4622 5241 vivendum

2884 5261 3125 5328 praemiis
3157 5262 3493 5324 exhortatus,
3546 5266 3603 5311 at
3644 5273 3879 5326 praevius
3938 5259 3997 5310 in
4057 5257 4325 5324 Legenda
4383 5260 4618 5312 Lovan.

2890 5331 3086 5383 Surius
3120 5336 3334 5382 mutato
3367 5332 3510 5397 style
3545 5330 3623 5381 ita
3653 5330 3848 5381 scribit
3882 5344 3895 5379 :
3930 5329 4231 5396 multosque
4259 5330 4384 5382 suis
4428 5347 4623 5382 exem-

2884 5402 2994 5469 plis
3025 5401 3098 5452 ad
3126 5403 3250 5452 bene
3278 5401 3494 5452 vivendi
3518 5399 3761 5452 studium
3789 5397 4072 5467 perduxit.

2961 5472 3063 5539 (λεδ)
3097 5471 3173 5523 Ita
3204 5471 3398 5523 omnia
3452 5486 3584 5522 mss.
3636 5485 3766 5522 cum
3807 5469 4124 5538 Capgravio
4168 5473 4226 5520 et
4278 5469 4622 5524 Lectionib.

2893 5541 3051 5594 Brev.
3101 5542 3297 5594 Morin.
3345 5540 3409 5593 Al
3458 5540 3654 5593 Surius
3694 5541 3772 5592 ita
3813 5541 4102 5592 correxit:
4141 5541 4244 5592 ι’ὺὶ
4273 5555 4410 5594 vero
4459 5543 4627 5595 Win-

2890 5611 3141 5664 niboldus
3195 5614 3422 5664 excessit
3471 5628 3496 5663 e
3552 5613 3714 5675 vivis,
3769 5612 3995 5674 feminei
4047 5625 4233 5676 sexus,
4291 5617 4405 5665 etc.
4474 5615 4630 5667 Con-

2895 5685 3069 5735 sentit
3100 5682 3157 5734 in
3192 5683 3380 5750 priore
3415 5681 3538 5734 Vita
3567 5681 3955 5734 Wolt’hardus.

2965 5754 3082 5875 (4122i
3107 5749 3267 5818 Aliis,
3302 5750 3673 5807 Gaumeradus
3701 5757 3760 5804 et
3788 5749 4192 5818 Goumeradus,
4234 5751 4441 5821 Surio,
4480 5757 4631 5810 Gon-

2965 5839 3042 5875 rra
3084 5838 3168 5875 us.

2898 5838 3146 5876 meraaus
3157 5865 3168 5878 .
