4944 6518
683 398 820 451 1093

2053 401 2252 456 VITAS
2290 401 2344 456 S.
2386 399 2811 455 WALBURGIS.

4046 410 4181 464 1094

677 520 936 574 horroris
965 520 1208 591 caligine
1264 521 1581 575 clementiae
1637 526 1751 575 tuas
1800 522 1973 577 radiis
2036 524 2366 578 evacuasti:
2410 526 2453 579 Α
2483 523 2820 594 religionem
2852 523 3144 578 imitabilis
3183 524 3347 592 facta,
3382 526 3613 581 tandem
3672 544 3738 581 ex
3789 529 3895 583 hoc
3954 533 4172 585 mundo

676 614 733 662 et
764 609 819 662 id
857 626 1218 680 nequaquam
1240 610 1399 677 meis,
1427 611 1523 664 sed
1540 610 1650 679 (43)
1676 611 2222 681 fratrumjmeorum,
2251 620 2374 667 tuo-

675 713 813 751 rum
843 698 1102 751 videlicet
1130 698 1500 765 famulorum,
1532 699 1751 751 ascribo
1799 699 2047 754 meritis.

754 789 808 851 3,
836 787 970 840 Post
989 785 1209 840 obitum
1257 787 1571 841 beatissimi
1604 787 1732 857 ,(M)
1764 788 2018 857 episcopi
2067 787 2378 843 Williboldi

676 874 875 928 fratris
899 875 955 929 S.
987 875 1332 945 Walburgaa,
1390 876 1647 946 contigit,
1696 877 1876 942 illam,
1922 876 2066 931 sicut
2141 877 2378 931 feminei

679 978 852 1015 sexus
907 968 1111 1017 natura
1197 979 1317 1017 esse
1383 965 1743 1034 cognoscitur
1808 964 1938 1032 (45),
2002 964 2377 1020 intolerabilis

680 1050 887 1105 exinde
925 1050 1098 1105 fuisse
1127 1051 1523 1121 impatientim.
1553 1052 1708 1106 Tunc
1738 1052 2017 1122 quosdam
2055 1052 2379 1122 vespertino

680 1144 967 1209 tempore,
997 1140 1156 1193 nullo
1194 1156 1262 1193 ex
1296 1140 1392 1192 illa
1432 1146 1808 1210 cognoscente
1868 1140 2104 1209 familia,
2160 1141 2229 1195 de
2261 1157 2382 1193 mo-

680 1228 934 1281 nasterio
966 1244 1211 1299 egressa,
1244 1228 1398 1281 venit
1424 1229 1494 1282 ad
1522 1228 1819 1298 cujusdam
1845 1229 2082 1283 domum
2140 1229 2328 1283 divitis
2363 1246 2375 1282 :

685 1321 747 1369 et
771 1321 901 1369 ante
934 1316 1083 1369 fores
1131 1315 1384 1384 ejusdem
1442 1316 1606 1385 quasi
1656 1318 1922 1387 quaedam
1983 1319 2287 1389 peregrina
2327 1324 2382 1371 et

681 1403 910 1474 ignota,
942 1406 1062 1457 sola
1084 1404 1352 1457 constitit.
1402 1403 1583 1467 Quam
1614 1405 1812 1459 videns
1843 1407 2108 1459 dominus
2152 1408 2378 1471 domus,

679 1492 921 1561 ignarus
948 1494 1295 1562 quze'esset,
1372 1508 1502 1546 cum
1556 1494 1837 1546 universis
1885 1494 2207 1548 domesticis
2266 1495 2381 1547 suis

682 1580 987 1645 aestuabat,
1029 1596 1099 1633 ne
1152 1576 1369 1650 rapida
1409 1597 1645 1634 suorum
1687 1598 1893 1635 canum
1967 1583 2203 1637 audacia
2255 1599 2380 1637 eam

684 1668 964 1722 laniando
1045 1668 1411 1737 decerperet:
1466 1669 1636 1738 jussit
1694 1676 1772 1736 ut,
1831 1687 1955 1741 quas
2002 1678 2168 1737 esset,
2225 1671 2383 1724 ocius

681 1756 987 1809 indicaret.
1022 1757 1167 1810 Tum
1198 1757 1340 1810 illa:
1381 1779 1401 1806 ι
1454 1758 1849 1827 Nequaquam,
1902 1758 2110 1829 inquit,
2167 1764 2378 1825 metuo,

682 1845 845 1914 quod
872 1849 935 1897 tu
965 1845 1177 1898 vereris
1206 1861 1375 1898 canes
1400 1861 1492 1899 me
1519 1862 1682 1916 posse
1710 1848 1927 1901 crudeli
1952 1850 2119 1901 dente
2151 1848 2381 1901 contin-

683 1949 974 2003 gere,nec
1020 1933 1383 2003 Walburgam
1433 1934 1534 2005 (sic
1564 1936 1718 1988 enim
1770 1936 2087 2006 nuncupor)
2122 1937 2382 1991 mordere

682 2021 983 2075 valebunt.
1012 2021 1136 2091 Ipse
1166 2021 1320 2075 enim
1366 2022 1463 2092 qui
1512 2038 1602 2075 me
1650 2022 1760 2076 huc
1812 2023 1883 2075 ad
1948 2029 2105 2077 tuam
2146 2024 2383 2077 domum

680 2110 955 2179 perducit
981 2109 1356 2179 incolumem,
1403 2110 1474 2164 ad
1520 2111 1709 2164 locum
1767 2111 1919 2164 unde
1971 2111 2098 2165 veni
2144 2112 2381 2165 illaasam

680 2198 903 2267 poterit
942 2214 1033 2252 me
1078 2198 1424 2268 perducere;
1460 2204 1515 2252 et
1570 2198 1690 2269 ipse
1737 2200 1934 2254 domui
1967 2205 2079 2254 tua:
2134 2200 2386 2253 conferet

684 2286 997 2339 medicina:
1039 2288 1316 2353 solamen,
1350 2288 1395 2340 si
1438 2293 1557 2341 tota
1604 2288 1716 2342 ﬁde
1764 2289 2030 2342 eumdem
2067 2289 2385 2358 {credideris

682 2390 815 2428 esse
848 2375 1132 2429 medicum
1188 2376 1621 2429 medicorum.»
1686 2376 1808 2440 Quo
1861 2377 2076 2443 audito,
2109 2382 2193 2430 vir
2248 2378 2384 2431 illu-

681 2463 820 2516 stris
852 2480 882 2516 a
915 2464 1036 2515 loco
1075 2479 1188 2533 quo
1238 2463 1463 2517 sederat
1519 2464 1669 2517 illico
1721 2465 2004 2534 prosiluit,
2076 2466 2385 2536 animoque

680 2557 1104 2618 consternatus,
1138 2569 1313 2622 quare
1355 2560 1471 2607 tam
1523 2554 1732 2607 nobilis
1782 2556 1971 2623 puella
2002 2560 2057 2608 et
2120 2556 2385 2623 omnipo-

681 2640 867 2693 tentis
900 2641 998 2695 Dei
1039 2641 1252 2694 famula
1307 2642 1379 2695 ad
1437 2641 1645 2695 ostium
1707 2643 2043 2708 constiterit,
2071 2643 2380 2712 requisivit.

681 2730 850 2782 Tunc
881 2728 1037 2781 illam
1059 2745 1185 2782 cum
1214 2729 1371 2782 omni
1404 2730 1768 2783 veneratione
1800 2730 2382 2799 suscipiens,omnem

684 2816 777 2869 illi
807 2816 1013 2869 debitas
1041 2816 1324 2870 servitutis
1352 2817 1697 2870 famularum
1733 2817 2002 2871 exhibuit.
2064 2820 2210 2872 Hora
2252 2835 2384 2872 vero

684 2909 993 2957 nocturnas
1020 2904 1421 2973 requiestionis
1451 2904 1797 2974 interrogata
1829 2905 1927 2959 ubi
1957 2906 2124 2959 vellet
2161 2907 2384 2977 requie-

683 3008 874 3058 scere,
907 2992 1205 3062 respondit
1231 3010 1288 3046 se
1321 3009 1604 3063 nusquam
1634 2993 1770 3047 alibi
1800 2994 1944 3047 velle
1999 3010 2238 3063 pausare
2263 2994 2387 3065 [nisi

684 3081 754 3134 in
790 3079 1075 3149 cubiculo,
1106 3080 1166 3133 in
1198 3096 1312 3150 quo
1336 3080 1452 3134 ﬁlia
1485 3081 1607 3150 ejus
1637 3097 1817 3151 usque
1848 3081 1913 3135 ad
1943 3088 2185 3136 mortem
2208 3084 2391 3137 valida

685 3167 1043 3238 aegritudine
1091 3169 1364 3237 perducta
1417 3169 1646 3239 jaceret,
1708 3170 1870 3238 cujus
1910 3169 2185 3238 :funebria
2237 3172 2393 3241 jama

682 3260 861 3327 patre
906 3261 962 3311 et
1010 3261 1193 3310 matre
1232 3258 1718 3327 praeparabantur.
1777 3257 1993 3321 Quibus
2044 3274 2164 3327 prae
2210 3260 2392 3314 nimio

684 3346 900 3400 dolore
974 3345 1340 3414 ejulantibus,
1417 3346 1651 3399 intravit
1705 3345 2051 3410 cubiculum,
2114 3353 2170 3401 et
2215 3352 2392 3401 totam

683 3439 929 3488 noctem
960 3434 1583 3503 educensinsommem,
1610 3433 1963 3487 orationibus
1982 3434 2050 3487 ad
2088 3435 2392 3490 Dominum

684 3537 804 3593 par
830 3527 1175 3574 transactam
1215 3527 1442 3575 noctem
1482 3521 1746 3591 profusis,
1800 3522 1859 3575 in
1908 3522 2152 3575 crastino
2204 3526 2395 3593 puella

686 3610 1096 3666 incolumitate
1127 3609 1499 3680 integerrima
1533 3610 1838 3663 convaluit.
1872 3609 1994 3672 Quo
2041 3610 2160 3663 viso
2199 3627 2395 3681 paren-

683 3707 783 3754 tes
814 3699 1111 3765 miraculo,
1147 3699 1262 3752 Deo
1298 3698 1680 3767 omnipotenti
1711 3698 1810 3767 qui
1846 3698 2053 3751 occidit
2105 3704 2161 3751 et
2206 3698 2393 3753 vivere

692 3788 858 3849 facit,
916 3787 1166 3856 percutit
1224 3792 1277 3840 et
1335 3792 1520 3853 sanat,
1580 3786 1951 3839 multimodas
2008 3788 2393 3856 persolventes

686 3875 933 3947 gratias,
967 3874 1377 3927 amantissimas
1423 3876 1534 3926 Deo
1566 3878 1621 3926 et
1647 3872 1975 3925 hominibus
2010 3873 2222 3941 virgini
2260 3873 2392 3941 plu-

688 3964 850 4018 rima
883 3964 1251 4032 protulerunt
1296 3961 1483 4029 xenia,
1535 3977 1773 4031 seseque
1823 3962 1944 4029 ejus
2001 3960 2396 4014 sacratissimis

690 4052 969 4125 precibus
1000 4051 1559 4104 commendaverunt.
1600 4052 1700 4103 llla
1731 4055 1919 4104 autem
1950 4050 2234 4103 donorum
2266 4067 2394 4120 pre-

692 4140 1017 4197 tiositatem
1053 4140 1326 4207 refutans,
1373 4138 1775 4209 Christumque
1808 4139 1991 4193 solum
2042 4145 2173 4192 ante
2205 4139 2397 4191 omnia

691 4230 974 4297 diligens,
1008 4228 1077 4280 ad
1126 4227 1537 4281 monasterium
1593 4243 1850 4296 regressa
1892 4234 2003 4292 est;
2064 4234 2120 4281 et
2173 4231 2397 4297 ;quanto

689 4317 889 4387 magis
910 4316 969 4369 in
1018 4332 1075 4368 se
1106 4314 1359 4369 divinam
1412 4321 1700 4384 comperta
1758 4322 1843 4370 est
1905 4316 2096 4386 vigere
2152 4316 2397 4369 clemen-

685 4408 867 4470 tiam,
900 4410 1060 4457 tanto
1093 4406 1162 4458 ad
1183 4403 1444 4457 arctioris
1473 4404 1602 4456 vitae
1632 4403 1740 4473 (46)
1775 4404 2167 4458 excellentiam
2194 4407 2396 4457 semet-

690 4498 912 4567 ipsam,
936 4493 1005 4547 de
1036 4493 1125 4545 die
1154 4492 1211 4545 in
1234 4492 1387 4545 diem
1417 4493 1719 4562 coaptavit.

770 4585 829 4637 4.
884 4582 981 4635 His
1020 4580 1240 4634 duobus
1284 4581 1573 4634 miraculis
1612 4580 1764 4633 inter
1809 4579 1921 4633 alia
1958 4580 2124 4634 nobis
2155 4580 2396 4651 cognitis

690 4674 764 4727 in
800 4687 903 4723 sua
933 4669 1047 4723 vita
1104 4669 1369 4739 peractis,
1420 4668 1745 4722 beatissima
1798 4667 1957 4737 virgo
2012 4683 2143 4721 cum
2191 4668 2251 4721 in
2283 4668 2395 4720 Deo

688 4759 1092 4823 corroborata,
1146 4757 1426 4811 mundum
1456 4773 1584 4809 cum
1633 4755 1749 4809 suis
1789 4755 2263 4823 concupiscentiis
2294 4770 2395 4824 pe-

688 4848 861 4903 nitus
892 4850 1233 4916 superasset,
1264 4845 1531 4898 omnibus
1557 4861 1614 4898 se
1645 4843 2016 4914 sequentibus
2062 4844 2133 4897 ad
2163 4859 2397 4897 omnem

777 4978 889 5058 (43)
925 4977 1307 5041 Wolthardus,
1339 4977 1588 5046 precibus
1643 4979 1749 5030 mei
1779 4980 1828 5030 et
1858 4977 1940 5029 tui
1987 4975 2165 5029 devoti
2196 4976 2401 5041 famuli

687 5054 1006 5189 ΐνῗιὶῗῗῖῑθ
1035 5119 1229 5172 omnia
1263 5134 1394 5171 mss.
1428 5133 1556 5170 cum
1600 5118 1859 5182 Legenda
1908 5117 2110 5189 Lovan.
2158 5117 2399 5189 etHCap-

745 5187 924 5244 ravio.
972 5194 1041 5242 At
1087 5190 1305 5252 Surius,
1352 5189 1541 5241 deleto
1595 5188 1847 5257 episcopi
1890 5187 2143 5253 nomine,
2184 5188 2401 5240 Winni-

737 5261 925 5315 oletum
951 5262 1244 5330 expressit,
1271 5275 1440 5328 quem
1473 5275 1567 5330 an.
1611 5261 1705 5311 771
1751 5259 1974 5330 ρὺὶἱςδθξ
2004 5258 2306 5330 ,diximus,
2345 5263 2401 5330 et

689 5335 759 5388 S.
837 5328 1226 5409 W_illib'aldum
1283 5334 1411 5399 post
1463 5329 1681 5382 obitum
1739 5329 1795 5383 S.
1840 5328 2159 5399 Walburgae
2220 5328 2400 5382 videri

690 5402 1078 5471 superfuisse.

780 5472 891 5539 (45)
921 5470 1047 5537 Sur,
1084 5470 1363 5523 immodico
1391 5473 1639 5537 correpta
1668 5467 1867 5521 dolore.

780 5542 891 5611 (46)
930 5542 1052 5594 Mss.
1087 5542 1251 5594 Trcv.
1283 5545 1339 5594 et
1363 5540 1419 5593 S.
1456 5541 1619 5605 Max.,
1643 5539 2328 5611 clementiameccccllentem

786 5607 893 5681 (47)
930 5612 991 5665 ln
1024 5611 1270 5665 Historia
1300 5611 1657 5681 Sanctorum,
1700 5624 1801 5662 seu
1844 5607 2121 5680 Legenda:
2158 5615 2321 5681 rtomo
2352 5610 2401 5664 Ιῐ

691 5680 963 5741 Colonias
1002 5684 1133 5736 1483
1178 5688 1235 5736 et
1260 5680 1489 5736 Lovanii
1537 5682 1669 5735 1485
1704 5696 1931 5745 excuso,
1987 5681 2105 5734 haec
2150 5680 2392 5750 interpo-

2488 610 2848 680 triumphans
2878 610 3042 675 obiit,
3072 616 3128 664 et
3157 612 3225 665 ad
3251 611 3577 681 paradisum
3611 614 3699 667 sui
3729 615 4006 686 triumphi
4045 617 4174 671 bra-
4266 602 4275 607 0

2483 698 2638 751 vium
2667 702 2999 768 susceptura
3045 698 3368 753 beatissime
3400 702 3540 755 abiit
3594 702 3701 772 (47)
3752 709 3809 756 et
3837 703 3897 757 in
3952 706 4176 771 eodem,

2483 802 2598 856 quo
2625 802 2851 856 semper
2898 787 3123 841 Christo
3171 789 3547 843 ancillabatur
3607 791 3977 857 monasterio,
4040 809 4171 847 cum

2485 874 2733 928 maxima
2764 877 2984 945 sepulta
3016 881 3101 929 est
3128 876 3588 932 honorificentia.

2559 965 2608 1015 5.
2647 964 2821 1016 Parvo
2853 979 2922 1016 ex
2971 964 3103 1018 hinc
3153 968 3408 1035 tempore
3457 966 3860 1021 decedentibus
3918 968 4181 1038 ejusdem

2487 1050 2750 1103 Ecclesiae
2792 1050 3138 1120 pastoribus,
3180 1052 3236 1104 in
3279 1067 3392 1122 qua
3437 1052 3491 1107 S.
3544 1054 3846 1125 Walburga
3898 1057 4179 1112 condeba-

2485 1141 2598 1205 tur,
2642 1137 2882 1207 contigit
2933 1138 3227 1209 Otgarium
3272 1141 3657 1195 venerabilem
3707 1143 3891 1197 virum
3936 1146 4177 1215 Heysta—

2484 1226 2661 1279 tensis
2698 1226 2955 1280 Ecclesia:
3013 1227 3343 1281 cathedram
3376 1227 3710 1296 obtinuisse,
3766 1230 4024 1301 quicum
4073 1233 4183 1288 mi-

2486 1312 2635 1377 nori,
2684 1328 2854 1382 quam
2901 1314 3044 1366 ratio
3098 1314 3448 1384 deposceret,
3511 1316 3806 1372 honestate
3859 1319 4016 1374 idem
4055 1336 4183 1375 mo-

2488 1400 2815 1464 nasterium,
2848 1400 2907 1453 in
2928 1417 3040 1471 quo
3067 1402 3243 1456 beatae
3276 1403 3513 1474 virginis
3542 1408 3943 1475 corpusculum
3975 1410 4179 1464 huma-

2490 1488 2675 1550 batur,
2711 1488 3067 1557 excoluisset,
3103 1492 3348 1560 quadam
3393 1498 3556 1546 nocte
3580 1510 3684 1563 per
3729 1496 4009 1550 visionem
4069 1497 4181 1551 fer-

2489 1580 2584 1628 tur
2604 1591 2759 1629 sacra
2792 1576 2947 1647 virgo
2979 1577 3308 1648 hujusmodi
3332 1581 3513 1635 verbis
3538 1581 3700 1635 illum
3731 1585 4039 1653 compellas
4067 1601 4126 1638 se
4163 1601 4176 1639 :

2496 1684 2522 1711 «
2563 1664 2696 1731 Cur,
2727 1664 2934 1735 inquit,
2973 1667 3168 1737 Otgari
3222 1669 3434 1737 praesul
3486 1671 3597 1723 Deo
3646 1671 3838 1740 digne,
3900 1678 4183 1727 monaste-

2494 1753 2645 1806 rium
2704 1769 2818 1823 quo
2862 1770 3096 1824 corpore
3157 1772 3284 1809 sum
3343 1758 3634 1811 recondita
3690 1761 3769 1812 sic
3828 1760 4184 1831 negligenter

2492 1841 2763 1894 hactenus
2794 1841 3001 1896 habere
3032 1844 3303 1897 voluisti?
3345 1846 3486 1899 Nam
3520 1863 3814 1901 servorum
3866 1848 4001 1902 illuc
4048 1866 4183 1903 con-

2491 1930 2845 1983 venientium
2893 1932 3221 1986 temulentis
3266 1934 3520 2003 quotidie
3549 1936 3735 1989 calcor
3764 1937 4005 2006 pedibus
4053 1940 4178 1993 vul-

2491 2018 2837 2089 garibusque
2867 2019 3114 2090 vestigiis
3159 2022 3526 2086 comprimor.
3590 2024 3713 2077 Cito
3783 2025 3938 2079 enim
3979 2042 4162 2096 cognn

2492 2121 2609 2160 sees
2666 2107 2942 2177 quoniam
2996 2110 3106 2162 tale
3165 2109 3399 2179 aliquod
3440 2110 3543 2164 tibi
3580 2111 3858 2166 indicium
3908 2114 4178 2183 pandam,

2494 2210 2607 2265 quo
2641 2210 2756 2248 non
2785 2201 2935 2249 recte
2958 2200 3013 2250 te
3044 2212 3180 2267 erga
3210 2213 3301 2250 me
3325 2203 3379 2251 et
3401 2198 3636 2252 domum
3682 2200 3782 2253 Dei
3822 2201 4006 2271 egisse
4036 2218 4184 2255 com-

2494 2282 2701 2353 perias,
2733 2289 2816 2351 ut,
2869 2284 2916 2337 si
2972 2289 3025 2338 te
3057 2296 3222 2339 reum
3275 2286 3477 2340 exinde
3535 2289 3886 2358 cognoveris,
3962 2290 4185 2344 veniam

2496 2370 2788 2424 merearis.
2825 2393 2845 2419 ι
2884 2372 3045 2435 Quod
3076 2389 3192 2427 non
3238 2374 3444 2428 falsum
3502 2392 3621 2429 esse
3655 2376 3839 2431 visum
3899 2383 4027 2448 post
4068 2396 4184 2433 non

2496 2459 2741 2513 multum
2796 2462 3087 2530 temporis,
3148 2462 3231 2515 rei
3287 2464 3675 2532 comprobavit
3750 2471 4006 2519 eventus.
4044 2466 4186 2519 Nam

2495 2548 2683 2601 statim
2711 2548 2770 2602 in
2811 2550 3073 2618 proximo
3125 2550 3262 2604 dum
3294 2552 3465 2605 erecti
3514 2557 3703 2606 essent
3742 2554 3987 2624 parietes
4037 2556 4186 2625 ejus-

2494 2636 2625 2689 dem
2670 2636 2918 2704 fabricar,
2972 2643 3027 2691 et
3078 2639 3417 2708 prominens
3472 2641 3720 2694 trabium
3772 2657 4051 2713 compago
4100 2659 4184 2695 se-

2494 2725 2693 2793 quenti
2724 2725 2816 2779 die
2842 2742 3013 2795 super
3040 2743 3233 2781 muros
3274 2728 3506 2782 deberet
3536 2729 3767 2798 apponi,
3804 2736 3973 2784 noctu
4026 2730 4191 2800 aqui-

2495 2813 2706 2866 lonaris
2741 2814 2923 2883 paries
2952 2814 3140 2868 subito
3169 2832 3347 2886 usque
3371 2818 3441 2870 ad
3475 2821 3685 2870 terram
3739 2818 3955 2871 corruit
4000 2824 4186 2873 terro-

2495 2917 2732 2971 remque
2766 2901 2917 2955 haud
2951 2902 3254 2956 minimum
3274 2909 3390 2957 tam
3421 2904 3744 2958 domesticis
3772 2922 3944 2975 quam
3968 2907 4189 2960 cunctis

2495 2988 2939 3060 circumquaque
2968 2990 3435 3045 conversantibus
3483 2992 3737 3046 incussit.
3774 2994 3938 3047 Facto
3996 2999 4189 3048 autem

2431 3073 2472 3127 C
2504 3093 2691 3143 mane,
2726 3094 2857 3131 cum
2890 3079 2958 3132 ad
2989 3078 3316 3148 hujusmodi
3342 3082 3723 3149 spectaculum
3755 3097 3954 3136 omnes
3993 3082 4191 3152 pavidi

2501 3165 2919 3233 convenissent,
2990 3172 3180 3221 custos
3249 3167 3509 3238 ejusdem
3595 3170 3866 3237 ecclesiae,
3951 3171 4190 3227 nomine

2504 3256 2893 3326 Reginfridus,
2964 3255 3300 3327 prescripto
3337 3258 3570 3328 praesuli
3619 3259 3848 3329 Otgario
3891 3275 3993 3331 per
4042 3263 4190 3317 velo-

2501 3344 2793 3398 cissimum
2823 3344 2929 3398 hoc
2954 3344 3241 3398 intimavit
3264 3346 3377 3415 (48)
3409 3346 3697 3400 nuntium.
3732 3348 3839 3412 Qui
3863 3348 3971 3402 hoc
3997 3351 4191 3405 audito

2502 3447 2634 3485 mox
2689 3432 2968 3487 visionem
3027 3449 3199 3503 quam
3232 3434 3341 3502 (49)
3395 3434 3611 3488 viderat
3668 3451 3787 3489 esse
3845 3438 4188 3507 completam

2500 3518 2847 3590 intelligens,
2877 3521 3013 3574 illuc
3043 3520 3394 3586 acceleravit,
3445 3527 3617 3592 atque
3670 3539 3798 3577 cum
3847 3526 4002 3578 omni
4042 3526 4195 3581 festi-

2501 3607 2698 3660 nantia
2736 3607 3033 3661 ecclesiam
3065 3624 3195 3661 cum
3245 3608 3626 3662 devotissimis
3675 3613 4010 3666 restauravit
4040 3629 4189 3669 com-

2501 3695 2941 3765 provincialibus
2962 3700 3131 3765 atque
3158 3696 3455 3750 dedicavit.
3492 3698 3762 3751 Tansacto
3794 3700 3970 3770 igitur
4016 3718 4190 3769 anno,

2503 3788 2853 3837 memoratus
2925 3784 3225 3853 episcOpus
3290 3802 3421 3837 suos
3505 3786 4023 3858 archipresbyteros
4085 3792 4192 3858 (50)

2502 3872 2827 3925 Walconem
2860 3876 3032 3941 atque
3066 3871 3469 3941 Adhalungum
3509 3889 3635 3926 cum
3688 3876 3935 3945 quadam
3995 3879 4195 3932 sancti-

2503 3959 2761 4026 moniali,
2798 3959 3017 4013 Liubila
3038 3965 3383 4030 nuncupata,
3434 3961 3570 4014 illuc
3610 3963 3850 4017 transire
3897 3966 4192 4035 prmcepit,

2505 4053 2785 4119 quatenus
2848 4048 3244 4117 corpusculum
3327 4048 3382 4102 S.
3427 4049 3745 4120 Walburgas
3800 4068 3931 4107 cum
3971 4070 4195 4107 summa

2504 4136 2801 4203 diligentia
2848 4136 3176 4189 etfodientes
3223 4141 3279 4190 et
3328 4153 3456 4191 cum
3504 4140 3763 4193 nolarum
3834 4140 4196 4211 clangoribus

2505 4224 2966 4294 hymnorumque
3006 4224 3395 4291 concentibus,
3443 4228 3715 4297 omnique
3755 4229 4074 4283 reverentia
4127 4231 4196 4284 ad

2512 4313 2874 4381 Heystatense
2904 4312 3269 4381 deportarent
3298 4313 3621 4367 cmnobium
3658 4356 3670 4367 .
3693 4316 3845 4385 quod
3879 4333 4011 4371 cum
4040 4318 4199 4371 omni

2510 4401 2771 4470 populari
2804 4400 3178 4454 exsultatione
3210 4401 3315 4470 (51)
3364 4402 3664 4456 undecimo
3712 4403 3993 4458 Kalendas
4038 4407 4197 4461 Octo-

2503 4488 2621 4541 bris
2650 4487 3028 4556 perfecerunt.
3062 4488 3166 4541 Sed
3198 4494 3255 4541 et
3283 4489 3541 4558 ejusdem
3579 4491 3850 4545 antistitis
3891 4494 4055 4563 jussu
4084 4496 4195 4549 fra-

2504 4575 2605 4628 tris
2632 4576 2688 4627 S.
2722 4576 3041 4643 Walburgaa
3071 4576 3417 4629 Winniboldi
3450 4580 3710 4632 membra
3750 4585 3875 4648 post
3934 4585 4047 4634 tres
4078 4583 4199 4637 dies

2504 4668 2699 4717 octavo
2756 4663 2859 4732 (5'2)
2911 4663 3192 4716 Kalendas
3262 4664 3521 4718 Octobris
3578 4683 3644 4719 ex
3701 4668 3900 4722 eadem
3960 4671 4197 4725 ecclesia

2504 4752 2789 4816 tollentes,
2821 4751 2890 4805 ad
2921 4751 3188 4805 eumdem
3214 4751 3399 4806 locum
3431 4756 3871 4810 transtulerunt.

2506 4982 2721 5030 nuntur
2756 4993 2768 5030 :
2798 4979 3021 5044 Legitur
3081 4982 3277 5049 autem,
3326 4977 3472 5047 quod
3534 4981 3657 5048 ipsa
3683 4996 3784 5049 pro
3831 4985 4200 5038 conservanda

2508 5052 2776 5102 castitatis
2796 5049 3086 5112 munditia,
3136 5048 3267 5101 adeo
3315 5052 3557 5103 virorum
3607 5048 3779 5106 tactus
3832 5056 3887 5105 in
3944 5058 4059 5109 vita
4100 5072 4199 5110 sua

2506 5135 2714 5193 semper
2741 5120 3044 5193 emhorruit,
3074 5124 3135 5171 ut
3163 5122 3331 5193 etiam
3350 5126 3489 5193 post
3535 5128 3777 5185 mortem,
3809 5138 3929 5177 cum
3956 5129 4045 5178 vir
4074 5130 4197 5193 qui-

2508 5190 2635 5244 dam
2690 5205 2879 5257 corpus
2928 5190 3040 5257 ejus
3092 5190 3457 5257 sepeliendum
3521 5194 3872 5261 contingeret,
3922 5196 3981 5248 in
4047 5190 4199 5251 testi-

2507 5263 2743 5313 monium
2772 5262 3018 5339 pristinae
3056 5261 3309 5315 custodia:
3345 5264 3612 5330 puritatis
3653 5266 3842 5317 statim
3895 5270 4107 5322 concuti
4149 5272 4199 5321 et

2509 5336 2729 5384 tremere
2757 5336 2934 5399 cazpz't.

2579 5400 2691 5465 (48)
2727 5402 2821 5454 Ms.
2856 5405 3012 5466 Ant.,
3042 5403 3454 5455 internuntium.

2601 5471 2691 5538 49)
2718 5472 2813 5524 Ms.
2858 5472 3017 5535 Ultr.,
3043 5473 3312 5525 audierat.

2578 5471 2691 5609 E49)
2718 5472 2813 5524 Ms.
2858 5472 3017 5535 Ultr.,
3043 5473 3312 5525 audierat.

2603 5543 2690 5607 50)
2740 5542 2875 5595 Ser..
2919 5544 3165 5596 Valtione
3193 5548 3241 5597 et
3274 5543 3550 5610 Alungum
3579 5558 3699 5599 cum
3721 5545 3949 5603 Habita.

2583 5613 2683 5679 (51)
2714 5612 2810 5664 Ms.
2842 5612 3007 5679 Ultr.,
3039 5619 3244 5667 octavo.

2579 5654 2693 5750 εἷςὲὸ
2714 5654 3148 5750 ’ῑᾶὲῶῗὲίᾶίῆἱᾶ
