4944 6542
1310 549 1446 602 1095

1307 761 1444 814 Pars
1471 759 1831 827 reliquiarum
1860 759 1913 812 S.
1953 757 2265 824 Walburgi‘s
2313 757 2517 811 donata
2562 756 2783 811 Liubila
2842 757 3000 810 abba-

1557 850 1704 901 tissa
1768 847 2034 914 lngluvies
2071 847 2274 915 aliique
2319 845 2494 899 morbi
2529 845 2750 900 sublati.

1381 939 1433 990 6.
1505 936 1612 990 Sed
1670 939 1976 1005 postquam
2033 933 2361 987 beatissima
2415 934 2720 1003 Walburga
2768 935 2999 1004 Heysta-

1307 1030 1496 1079 tenses
1549 1024 1692 1077 fines
1740 1039 1845 1093 per
1901 1023 2262 1092 semetipsam
2337 1022 2564 1075 visitare
2610 1023 2842 1091 dignata
2894 1027 2995 1082 est,

1310 1113 1551 1183 contigit
1577 1116 1773 1182 postea
1805 1115 1865 1165 ut
1900 1116 2217 1164 memorata
2262 1109 2715 1163 sanctimonialis
2761 1109 3001 1163 Liubula

1312 1218 1344 1255 a
1374 1200 1490 1254 suis
1518 1199 1861 1271 propinquis
1909 1198 2153 1251 multum
2205 1197 2311 1250 sibi
2365 1197 2753 1251 invidentibus
2789 1196 2870 1250 ita
2897 1213 2997 1252 co-

1311 1293 1648 1354 arctaretur,
1677 1291 1741 1340 ut
1768 1293 1884 1341 tam
1946 1287 2225 1340 violenter
2253 1301 2424 1356 quam
2477 1285 2770 1356 ingeniose
2817 1301 2851 1338 a
2899 1301 3001 1339 sua

1310 1379 1512 1432 eadem
1552 1382 1811 1431 materna
1866 1392 2042 1445 prope
2076 1376 2457 1444 expelleretur
2485 1373 2837 1427 haereditate.
2890 1373 2995 1428 Sed

1313 1467 1686 1520 saluberrime
1741 1464 1929 1524 anxia,
1967 1464 2109 1517 inito
2149 1463 2386 1517 consilio
2436 1463 2601 1533 petiit
2657 1463 2728 1516 ab
2764 1465 2995 1533 Heysta-

1309 1555 1488 1608 tensis
1522 1553 1779 1608 Ecclesiae
1819 1551 2167 1606 Ercenbaldo
2197 1552 2472 1618 antistite,
2508 1555 2570 1604 ut
2625 1551 2733 1604 sibi
2791 1567 2998 1604 conce-

1310 1643 1585 1697 derentur
1613 1641 1667 1696 S.
1729 1641 2050 1709 Walburgaa
2081 1640 2359 1711 reliqnize,
2394 1644 2672 1710 quatenus
2722 1640 2769 1693 si
2811 1640 2907 1693 illa
2939 1639 2996 1694 in

1310 1730 1618 1784 obtinenda
1695 1745 1798 1783 sua
1875 1736 2132 1782 materna
2223 1730 2558 1798 prmvaleret
2639 1728 2995 1796 hasrea'itate,

1308 1820 1454 1873 hanc
1484 1819 1704 1873 Christo
1738 1833 1969 1888 suaeque
1996 1817 2204 1887 virgini
2247 1817 2565 1887 Walburga!
2599 1817 2730 1887 jure
2790 1833 2995 1888 perpe-

1310 1915 1407 1963 tuo
1437 1908 1805 1961 condonaret.
1833 1906 1996 1970 Quod
2023 1907 2159 1976 quia
2187 1922 2220 1959 a
2271 1907 2385 1958 Deo
2437 1906 2680 1975 sumpsit
2739 1905 2992 1968 initium,

1309 1997 1379 2050 ab
1411 1996 1534 2066 ipso
1556 1995 1730 2048 etiam
1759 1993 2070 2048 terminum
2105 1994 2314 2047 habere
2347 1993 2734 2047 felicissimum
2764 1994 2992 2047 meruit.
3030 2019 3034 2024 -

1307 2089 1472 2138 Anno
1502 2084 1678 2154 igitur
1709 2083 1778 2136 ab
1810 2083 2212 2136 Incarnatione
2249 2081 2474 2135 Domini
2520 2082 2995 2152 octingentesimo

1309 2175 1684 2243 nonagesimo
1715 2172 1906 2237 tertio,
1940 2177 2214 2241 regnante
2246 2172 2563 2240 Arnulpho,
2615 2178 2880 2240 apertum
2913 2177 2998 2225 est

1309 2264 1632 2334 sepulcrum
1693 2261 2010 2330 Walburgaz
2066 2259 2408 2313 beatissime
2456 2260 2712 2330 virginis,
2766 2261 2824 2313 in
2881 2276 2995 2330 quo

1310 2357 1566 2421 tempore
1599 2349 1816 2420 Otgarii
1843 2347 2096 2417 episcopi
2137 2348 2324 2400 fuerat
2371 2349 2662 2412 collocata,
2708 2353 2879 2418 atque
2926 2349 2996 2404 ob

1312 2441 1668 2509 sepulturam
1709 2438 1780 2490 ab
1838 2437 2039 2490 eodem
2084 2437 2351 2505 episcopo
2391 2437 2582 2489 minus
2635 2441 2997 2505 procuratam

1311 2527 1370 2580 in
1397 2527 1634 2589 visione,
1667 2524 1873 2592 utjam
1905 2522 2303 2592 prazseriptum
2359 2527 2462 2584 est,
2521 2522 2769 2576 multum
2809 2529 2997 2577 auste-

1311 2615 1450 2668 riter
1479 2612 1876 2683 increpabatur
1890 2653 1902 2664 .

1384 2708 1434 2756 7.
1464 2702 1571 2771 (53)
1623 2699 1878 2768 Contigit
1925 2697 2262 2751 miraculum
2297 2715 2327 2750 a
2392 2699 2598 2752 saaculo
2651 2699 2995 2765 inauditum,

1313 2789 1722 2860 multiplicibus
1745 2794 1914 2858 atque
1941 2787 2418 2840 manifestissimis
2458 2792 2815 2857 compertum
2845 2787 2999 2841 testi-

1313 2879 1538 2932 moniis.
1573 2878 1841 2942 Quaedam
1869 2875 2165 2945 cujusdam
2200 2876 2431 2928 familia:
2479 2877 2702 2939 ancilla,
2765 2875 2996 2929 nomine

1308 2969 1413 3038 (54)
1447 2967 1795 3029 Fritherada,
1831 2965 1964 3019 dum
1993 2965 2329 3017 familiarius
2360 2965 2574 3017 caeteris
2623 2965 2682 3017 in
2723 2965 2997 3035 obsequio

1310 3057 1396 3110 sui
1430 3056 1644 3110 domini
1674 3069 1904 3125 sumque
1937 3054 2132 3106 uxoris
2158 3053 2378 3106 assidue
2423 3054 2807 3118 ancillaretur,
2841 3053 2996 3106 subi-

1308 3150 1492 3200 taneus
1517 3143 1876 3213 aegritudinis
1907 3142 2168 3196 molestia
2200 3142 2540 3211 carpebatur
2573 3159 2584 3195 :
2622 3142 2680 3196 in
2720 3159 2833 3213 qua
2859 3143 2994 3195 dum

2401 544 2787 602 ADELBOLDI
2825 544 3332 601 TRAJECTENSIS
3372 545 3708 602 EPISCOPI.

4673 548 4804 600 l096

3039 673 3083 726 Α
3111 684 3242 722 rans
3271 669 3772 732 verecundaretnr,
3825 666 3970 722 inito
4021 665 4258 722 consilio
4302 667 4620 738 prudenter
4664 683 4804 721 con-

3111 757 3257 812 fessa
3287 759 3506 812 esthoc
3547 758 3773 812 cuidam
3811 757 4094 812 Thiedildi
4137 756 4398 827 ejusdem
4464 756 4799 811 monasterii

3109 846 3497 917 procuratrici,
3543 850 3825 917 quatenus
3881 846 4003 916 ejus
4053 844 4410 899 orationibus
4445 845 4516 899 ab
4574 844 4682 898 hac
4710 845 4794 898 in-

3108 935 3352 989 satiabili
3374 934 3623 1006 ingluvie
3669 934 4082 990 sublevaretur.
4123 933 4262 998 Quae
4316 934 4439 1003 ejus
4497 933 4799 988 afflictioni

3109 1039 3421 1093 eompassa,
3453 1023 3700 1091 {salubre
3761 1023 4087 1093 excogitans
4129 1023 4457 1090 consilium,
4491 1023 4626 1077 fecit
4678 1039 4804 1077 eam

3107 1112 3361 1181 accipere
3391 1112 3674 1165 benedicti
3708 1112 3873 1182 panis
3912 1112 4237 1182 portionem
4267 1128 4300 1165 a
4343 1111 4599 1182 quodam
4639 1127 4804 1164 vene-

3106 1200 3272 1254 rabili
3307 1201 3656 1271 presbytero,
3711 1201 3946 1254 nomine
3995 1202 4102 1268 (56)
4153 1200 4497 1254 Reimundo.
4562 1201 4634 1255 Ut
4663 1215 4801 1270 ergo

3106 1305 3170 1342 ex
3201 1305 3268 1342 eo
3311 1290 3575 1360 gustavit,
3626 1289 3704 1343 ita
3735 1289 4013 1360 paulatim
4067 1288 4214 1343 miro
4256 1289 4428 1344 modo
4472 1289 4801 1343 decrescere

3104 1377 3275 1447 cmpit
3303 1382 3357 1429 et
3403 1377 3730 1444 annihilari,
3770 1383 3833 1431 ut
3859 1383 4027 1432 antea
4067 1378 4362 1432 consuevit
4406 1378 4799 1448 augmentari,

3107 1468 3167 1518 ut
3199 1465 3427 1519 tandem
3461 1465 3604 1519 nihil
3649 1466 3804 1519 aliud
3853 1466 4020 1520 edere
4066 1466 4179 1520 nisi
4225 1483 4454 1520 caseum
4500 1470 4558 1520 et
4603 1466 4803 1520 bibere

3106 1552 3214 1606 nisi
3245 1553 3401 1606 lactis
3430 1553 3591 1606 valde
3609 1554 3898 1607 modicum
3934 1554 4080 1608 circa
4110 1555 4228 1608 fere
4251 1554 4559 1608 dimidium
4583 1571 4804 1608 annum

3105 1641 3402 1712 potuisset.
3437 1643 3638 1695 Postea
3663 1658 3796 1696 vero
3826 1642 3907 1696 ita
3944 1641 4028 1696 illi
4054 1643 4286 1712 penitus
4329 1642 4648 1714 corporalis
4705 1659 4806 1696 nu-

3104 1730 3356 1782 trimenti
3385 1729 3590 1783 defecit
3616 1729 3984 1797 desiderium,
4017 1737 4080 1785 ut
4126 1732 4172 1784 si
4199 1731 4510 1801 aliquando
4555 1735 4807 1785 tentaret

3105 1817 3173 1870 de
3231 1817 3426 1887 aliquo
3478 1823 3708 1888 gustare
3793 1819 4006 1888 statim,
4065 1819 4435 1872 evomuisset.
4494 1820 4640 1873 Cum
4667 1835 4803 1872 vero

3111 1903 3218 1957 sibi
3244 1905 3479 1957 omnino
3507 1904 3628 1957 sine
3669 1904 3839 1957 celeri
3885 1904 4104 1958 vomitu
4160 1905 4302 1959 nihil
4343 1921 4512 1975 posse
4567 1910 4806 1976 gustare

3109 1991 3336 2045 credula
3379 1991 3701 2058 exstitisset,
3739 1993 3960 2063 rogavit
3988 1993 4322 2063 praedictam
4375 1993 4475 2047 Dei
4523 1993 4806 2048 famulam

3107 2079 3459 2133 Thiedildem
3488 2085 3552 2132 ut
3573 2080 3712 2134 nihil
3747 2081 3933 2134 vitalis
3980 2081 4250 2152 stipendii
4297 2082 4381 2136 illi
4411 2081 4805 2153 impenderet.

3108 2183 3238 2220 cum
3269 2183 3438 2221 omne
3469 2169 3621 2238 quod
3653 2169 4015 2238 impenderet
4054 2170 4416 2241 perdidisset.
4458 2172 4622 2225 Tunc
4681 2187 4803 2224 rem

3109 2273 3141 2309 a
3167 2257 3370 2309 saeculo
3412 2257 3728 2310 inauditam
3761 2259 4093 2328 stupefacta,
4127 2259 4313 2313 ullum
4352 2259 4570 2330 quippe
4593 2276 4810 2330 corpus

3108 2360 3272 2414 posse
3305 2345 3518 2415 absque
3563 2346 3836 2398 alimento
3896 2347 4094 2400 tandiu
4142 2347 4353 2415 vivere,
4403 2347 4560 2418 quod
4616 2349 4691 2402 de
4742 2365 4810 2401 ea

3108 2438 3320 2501 ageret,
3375 2435 3548 2486 nimis
3604 2433 3898 2487 mstuabat.
3955 2435 4206 2489 Tandem
4242 2435 4314 2489 ad
4357 2437 4599 2490 alteram
4648 2437 4810 2490 illius

3109 2521 3440 2575 monasterii
3471 2523 3762 2576 ecclesiam
3792 2523 3869 2576 ibi
3900 2540 4076 2594 prope
4101 2523 4350 2594 positam
4395 2540 4522 2579 eam
4569 2525 4809 2593 direxit,

3107 2611 3517 2664 commendans
3548 2627 3670 2664 eam
3712 2611 3935 2665 cuidam
3989 2628 4056 2666 ex
4104 2613 4465 2668 consortibus
4490 2613 4636 2683 ejus,
4676 2631 4809 2685 qua:

3109 2699 3319 2753 ibidem
3349 2701 3704 2769 procuratrix
3739 2701 4045 2754 constituta
4074 2707 4214 2756 erat.
4247 2701 4429 2764 Quam
4479 2703 4812 2773 suscipiens

3107 2803 3237 2840 cum
3269 2788 3428 2841 omni
3465 2788 3763 2857 diligentia
3815 2789 4153 2854 observavit,
4213 2806 4423 2861 sexque
4484 2791 4811 2845 hebdoma-

3109 2877 3196 2930 dis
3220 2877 3334 2929 fere
3363 2892 3554 2929 secum
3595 2876 3869 2935 detinuit:
3915 2877 3974 2930 in
4004 2878 4214 2948 quibus
4263 2894 4391 2932 eam
4445 2880 4591 2933 nihil
4647 2897 4814 2934 man-

3109 2966 3339 3018 ducasse
3362 2967 3445 3017 vel
3466 2965 3672 3018 bibisse
3711 2966 4088 3020 certissimum
4123 2967 4247 3021 fuit.

3180 3057 3230 3106 9.
3265 3054 3479 3116 Quibus
3507 3053 3764 3122 expletis,
3806 3055 3960 3108 venit
4007 3055 4244 3124 prmfata
4298 3055 4613 3111 Thiedildis
4660 3057 4817 3112 hanc

3111 3141 3355 3206 visitare,
3415 3142 3566 3212 quod
3621 3142 3833 3195 factum
3874 3142 4074 3196 fuisset
4128 3144 4432 3214 comperit.
4482 3145 4647 3199 Tunc
4713 3148 4818 3200 Dei

1311 3233 1711 3288 miserabiliter
1734 3231 1910 3285 biduo
1966 3235 2283 3294 vexaretur,
2333 3231 2624 3299 paulisper
2679 3231 2993 3295 convaluit;
3037 3234 3080 3290 C
3113 3230 3314 3282 ancilla
3345 3231 3654 3284 Thiedildis
3679 3231 3914 3284 diversis
3959 3231 4138 3286 modis
4191 3239 4248 3286 et
4287 3232 4587 3287 blanditiis
4638 3236 4820 3304 coepit

1311 3323 1408 3376 sed
1464 3326 1624 3375 tanta
1677 3319 1886 3374 deinde
1943 3318 2220 3372 succrevit
2272 3317 2379 3370 sibi
2435 3318 2737 3388 ingluvies,
2791 3323 2855 3371 ut
2884 3334 3000 3371 non

1310 3409 1553 3464 saturari
1587 3409 1896 3472 ullatenus,
1926 3406 2022 3459 sed
2056 3406 2143 3458 vix
2193 3405 2497 3459 refocillari
2555 3407 2855 3475 potuisset.
2897 3406 3001 3460 Cui

1312 3501 1450 3552 dum
1481 3496 1790 3569 plurimam
1817 3496 1937 3564 ejus
1966 3494 2278 3564 propinqui
2313 3494 2493 3546 victus
2532 3495 2753 3563 copiam
2800 3494 3000 3563 impri-

1314 3588 1422 3640 mis
1454 3586 1966 3651 administrassent,
2005 3583 2215 3653 illaqne
2252 3584 2320 3636 de
2368 3583 2456 3636 die
2489 3583 2547 3635 in
2601 3583 2751 3637 diem
2789 3585 3001 3652 majora

1311 3691 1540 3745 semper
1561 3673 1813 3727 subsidia
1851 3671 2295 3742 concupisceret,
2345 3671 2480 3741 quid
2527 3672 2596 3724 de
2632 3688 2695 3723 ea
2751 3673 3003 3725 facerent

1312 3764 1551 3818 sollicite
1582 3767 1823 3816 tractare
1868 3765 2184 3831 coeperunt.
2239 3761 2503 3813 Nondum
2564 3760 2716 3812 enim
2778 3760 3000 3812 incessu

1311 3853 1621 3914 fruebatur,
1676 3850 1769 3903 sed
1817 3849 2135 3903 scabellulis
2194 3847 2464 3901 ﬂebiliter
2514 3848 2795 3916 reptabat.
2847 3849 3001 3900 Tunc

1311 3958 1412 3996 suo
1441 3954 1791 4010 suorumque
1839 3937 2079 3992 consilio
2110 3943 2438 4006 parentum,
2489 3935 2780 3989 dominam
2813 3936 2998 4004 petiit,

1309 4035 1374 4084 ut
1403 4029 1654 4101 praefata:
1680 4027 1917 4096 virginis
1958 4025 2272 4079 oratorium
2305 4025 2458 4076 adire
2510 4030 2846 4077 mereretur.
2880 4023 3001 4086 Quo

1311 4118 1611 4189 permisso,
1635 4116 1768 4170 dum
1783 4113 2016 4168 veniens
2044 4111 2697 4182 instantersupplicaret,
2722 4112 2813 4165 die
2832 4113 2999 4164 tertio

1311 4206 1586 4261 debilium
1621 4203 1834 4274 pednm
1865 4202 2071 4272 adepta
2099 4205 2182 4254 est
2207 4201 2527 4253 sanitatem.
2571 4200 2729 4263 Quod
2761 4199 3000 4253 audiens

1312 4294 1603 4366 praedicta:
1635 4292 1862 4346 familiae
1894 4290 2159 4344 dominus
2176 4288 2451 4353 videlicet,
2477 4289 2712 4358 ejusque
2745 4289 3002 4354 domina,

1314 4383 1486 4436 nimis
1517 4381 1829 4452 gaudentes
1859 4378 2319 4432 acceleraverunt
2349 4377 2483 4430 illuc
2498 4377 2820 4445 pervenire,
2851 4391 3001 4429 eam-

1312 4472 1559 4542 demque
1583 4468 1844 4523 ancillam
1881 4467 1936 4522 S.
1969 4465 2288 4540 Walburgaa
2321 4465 2378 4518 in
2419 4465 2828 4535 proprietatem
2885 4465 2998 4517 ibi-

1312 4563 1442 4613 dem
1469 4558 1686 4628 jugiter
1715 4557 1784 4611 ad
1815 4554 2179 4610 serviendum
2207 4554 2505 4608 dederunt.
2565 4553 2670 4606 Sed
2712 4553 2997 4606 abbatissa

1310 4649 1548 4719 praefata
1575 4645 1793 4701 Liubila
1831 4644 1938 4698 hoc
1967 4643 2169 4707 tenuit,
2204 4642 2400 4712 ibique
2457 4641 2614 4694 illam
2663 4641 2999 4710 aliquandiu

1311 4752 1544 4791 manere
1583 4735 1941 4805 permittens,
1973 4737 2344 4802 post4paucos
2393 4729 2514 4783 dies
2568 4729 2815 4783 dominis
2880 4729 2998 4782 suis

1310 4824 1658 4878 incolumem
1689 4821 1928 4876 remisit.

1381 4916 1431 4966 8.
1485 4912 1590 4966 Sed
1641 4926 1774 4965 mox
1830 4914 1896 4963 ut
1943 4923 2204 4978 regressa
2264 4911 2368 4972 est,
2425 4905 2666 4976 pristino
2720 4905 2997 4976 languore

1309 5006 1569 5070 correpta
1612 5005 1715 5053 est.
1772 4998 1980 5052 Videns
2037 5001 2225 5050 autem
2278 4993 2550 5066 praedicta
2602 4994 2836 5048 domina
2883 5010 2997 5048 non

1313 5090 1528 5144 bonum
1556 5086 1858 5141 consilium
1884 5085 2079 5152 fuisse,
2119 5085 2275 5155 quod
2315 5084 2432 5137 ullo
2479 5083 2649 5137 modo
2701 5099 2733 5136 a
2788 5099 2998 5136 mona-

1309 5177 1485 5232 sterio
1517 5180 1646 5248 post
1674 5175 1975 5229 sanitatem
2003 5173 2399 5236 abduceretur,
2456 5187 2587 5226 cum
2629 5171 2996 5225 festinatione

1311 5283 1436 5320 eam
1466 5265 1744 5320 reducens
1776 5262 2025 5318 ecclesiae
2054 5261 2114 5316 in
2169 5260 2468 5330 pr0prium
2526 5259 2761 5314 tradidit
2815 5260 3000 5314 famu-

1310 5356 1511 5421 latum,
1587 5353 1894 5424 statimque
1949 5350 2265 5416 convaluit;
2314 5349 2408 5403 sed
2483 5349 2593 5418 (55)
2647 5347 2998 5402 intolerabili

1309 5444 1460 5513 gula:
1490 5443 1747 5514 appetitu
1770 5440 2134 5513 fatigabatur.
2160 5438 2270 5494 Sed
2300 5437 2435 5493 dum
2473 5436 2645 5490 nimis
2669 5436 2802 5490 inde
2835 5436 2994 5490 labo-

1381 5587 1498 5655 (53)
1554 5584 1862 5654 Sequentia
1919 5581 2193 5655 miracula
2265 5595 2334 5655 ex
2381 5576 2712 5655 Wolfhardo
2766 5577 2993 5655 selecta.

1311 5649 1779 5727 Qn'od'prim'um,
1808 5658 2073 5708 narratur
2111 5652 2182 5704 ab
2216 5649 2358 5727 _eo_l.
2390 5665 2471 5727 n._,
2513 5663 2573 5727 Δ(ξ.
2636 5650 2690 5712 3,
2757 5649 2997 5716 contigit

1314 5742 1406 5779 an.
1433 5719 1556 5793 895,
1589 5719 1821 5779 biennio
1849 5729 1976 5793 post
2003 5721 2264 5793 corporis
2289 5719 2746 5793 translationem.

1385 5797 1494 5863 (54)
1524 5788 1648 5859 bis,
1679 5798 1834 5861 Ant,
1853 5788 2205 5846 Pricherdda.
2238 5791 2388 5855 Sur.,
2423 5788 2752 5841 Friderada.

3111 3333 3237 3370 eam
3263 3317 3574 3386 exhortari,
3605 3318 3799 3371 dicens
3832 3335 3844 3372 :
3875 3341 3900 3367 ‹‹
3929 3319 4074 3386 Noli,
4123 3319 4458 3374 charissima
4504 3321 4656 3388 ﬁlia,
4693 3324 4820 3376 noli

3109 3402 3443 3472 hujusmodi
3488 3405 3871 3459 obstinatione
3904 3411 3960 3459 te
4007 3405 4291 3471 seducere,
4338 3407 4437 3461 sed
4492 3409 4702 3478 potius
4747 3411 4820 3463 ad

3109 3497 3360 3545 mentem
3409 3495 3657 3546 accelera
3705 3494 3909 3559 redire,
3959 3501 4015 3548 et
4045 3495 4337 3549 alimonia:
4378 3496 4628 3567 aliquid,
4688 3498 4823 3551 tibi-

3111 3581 3338 3650 metipsi
3368 3583 3690 3647 consulens,
3724 3584 3990 3653 percipe;
4024 3584 4070 3637 si
4109 3600 4244 3638 vero
4281 3585 4543 3654 quolibet
4589 3586 4823 3640 falleris

3109 3669 3523 3738 phantasmate.
3570 3672 3744 3724 fatere
3785 3672 3922 3739 tilia,
3957 3679 4013 3726 et
4054 3673 4170 3726 noli
4218 3673 4596 3741 erubescere;
4642 3678 4822 3730 credo

3109 3773 3212 3826 pro
3239 3762 3390 3810 certo
3420 3759 3465 3811 si
3498 3759 3720 3827 feceris,
3753 3761 3905 3830 quod
3939 3777 4069 3814 mox
4107 3762 4357 3816 domina).
4411 3767 4642 3818 nostra
4697 3782 4826 3836 pre-

3109 3845 3268 3898 cibus
3298 3846 3603 3915 adjuveris.
3632 3848 3726 3900 His
3743 3848 3949 3902 auditis
3971 3849 4043 3902 ob
4069 3850 4310 3903 nimiam
4333 3849 4824 3921 objurgationem

3110 3935 3469 3999 erubescens,
3494 3936 3602 4005 (57)
3632 3943 3825 3990 coacta
3853 3938 4110 3991 tentabat
4133 3938 4351 4008 aliquid
4399 3947 4673 4008 gustare,
4724 3959 4828 3996 nec

3109 4027 3346 4091 poterat.
3410 4024 3515 4077 Sed
3565 4041 3636 4077 ne
3693 4025 4042 4080 exhortantis
4100 4026 4201 4080 Dei
4261 4026 4482 4080 ancilla
4553 4032 4829 4084 suasoria

3109 4111 3280 4163 verba
3309 4119 3676 4166 contemnere
3715 4113 4025 4180 videretur,
4059 4115 4226 4184 petiit
4253 4115 4361 4168 sibi
4413 4115 4486 4169 de
4538 4117 4829 4172 deteriori

3110 4199 3288 4252 sicera
3343 4201 3658 4270 porrigere.
3712 4203 3784 4254 Ex
3843 4218 3954 4272 qua
4004 4203 4140 4256 dum
4193 4205 4606 4273 permodicum
4642 4209 4831 4262 invita

3107 4287 3479 4357 degustasset,
3516 4304 3648 4342 mox
3693 4306 3795 4359 per
3821 4306 3990 4344 nares
4020 4296 4076 4344 et
4111 4307 4214 4362 per
4251 4293 4448 4347 oculos
4487 4294 4549 4348 id
4585 4311 4827 4365 parum,

3110 4375 3259 4446 quod
3293 4376 3628 4446 degustavit,
3653 4378 3864 4448 erupit,
3896 4380 3976 4432 ita
4007 4384 4072 4433 ut
4101 4395 4233 4433 mox
4262 4397 4413 4434 caeca
4457 4383 4825 4438 efficeretur.

3109 4465 3264 4518 Tunc
3315 4466 3386 4518 ad
3435 4467 3849 4520 monasterium
3918 4467 4150 4522 reducta
4199 4485 4317 4523 non
4373 4476 4511 4540 post
4560 4476 4828 4528 multum

3109 4554 3381 4624 temporis
3406 4555 3590 4608 visum
3622 4556 4007 4626 recuperavit;
4039 4557 4135 4610 sed
4168 4558 4228 4610 in
4261 4559 4488 4623 eadem,
4512 4577 4639 4632 qua
4663 4564 4829 4632 prius

3107 4643 3322 4696 cunctis
3379 4643 3736 4713 obstupenda
3777 4645 4140 4699 detinebatnr
4173 4646 4549 4716 abstinentia,
4608 4653 4829 4721 perdu-

3107 4730 3270 4784 ravit.
3313 4731 3571 4801 Cumque
3606 4732 3878 4802 praedicta
3921 4733 4356 4789 materfamilias
4410 4741 4668 4809 totaque
4724 4742 4828 4794 illa

3105 4818 3380 4888 puellaris
3400 4821 3767 4889 congregatio
3794 4821 3864 4875 de
3889 4821 4219 4892 hujusmodi
4250 4825 4516 4879 inaudita
4543 4843 4829 4900 unquam

3105 4922 3274 4960 causa
3304 4907 3474 4962 nimis
3504 4909 3988 4979 obstupescerent,
4019 4911 4164 4965 inito
4193 4912 4454 4979 consilio,
4494 4918 4832 4984 praesulem

3105 4996 3515 5063 venerandum,
3576 4997 3646 5051 ad
3699 4998 3863 5067 cujus
3909 4999 4202 5053 dimcesim
4271 5000 4328 5054 id
4382 5007 4834 5059 monasterium

3107 5083 3536 5153 subjiciebatnr,
3569 5084 3868 5153 adierunt;
3895 5101 4135 5158 remque
4161 5103 4265 5157 per
4295 5088 4570 5144 ordinem
4607 5091 4685 5146 ab
4719 5093 4836 5146 ini-

3105 5170 3184 5224 tio
3214 5176 3432 5238 gestam
3464 5177 3860 5241 narraverunt,
3893 5175 4047 5243 quod
4087 5175 4210 5246 ejus
4260 5175 4602 5245 prudentia:
4651 5195 4839 5252 super

3107 5259 3216 5312 hoc
3271 5260 3596 5316 incredibili
3645 5261 3808 5332 signo
3861 5263 4152 5318 videretur
4195 5281 4318 5318 esse
4357 5265 4838 5323 discernendum

3107 5352 3165 5400 et
3195 5349 3580 5402 statuendum.
3621 5349 3719 5404 Ille
3782 5366 3913 5404 vero
3964 5351 4071 5405 hoc
4128 5352 4324 5407 audito
4371 5353 4836 5427 obstupescens.

3105 5436 3266 5490 nullo
3297 5437 3470 5491 modo
3497 5438 3784 5508 credulus,
3805 5439 4110 5494 verebatur
4129 5456 4203 5496 ne
4232 5441 4431 5514 aliqua
4450 5444 4840 5500 milleformis

3179 5577 3285 5646 (55)
3316 5577 3560 5649 Additur
3591 5578 3651 5632 in
3681 5594 3788 5636 ms.
3822 5582 4058 5635 Antuer.
4091 5582 4328 5649 singulis
4355 5582 4580 5639 diebus.

3179 5648 3288 5716 (56)
3311 5648 3452 5701 Aliis
3483 5650 3780 5719 Remundo,
3801 5651 4099 5720 Himuudo,
4130 5648 4445 5718 (minando.
4470 5656 4732 5714 Mundo.

3179 5722 3287 5780 (37‘.
3321 5721 3376 5771 In
3419 5735 3552 5774 mss.
3591 5724 3723 5774 Ant.
3765 5727 3822 5774 et
3847 5721 3903 5774 S.
3948 5723 4090 5776 Max.
4131 5723 4479 5790 addebatur,
4513 5731 4769 5782 tacebat.
