4944 6570
628 366 737 417 1097

1966 362 2124 417 VITA
2162 364 2217 417 S.
2266 365 2692 421 WALBURGIS.

3932 369 4072 422 1098

623 492 806 549 diaboli
833 491 1044 546 astutia
1072 491 1270 545 delusa
1292 490 1446 544 visus
1472 488 1774 545 hominum
1810 491 2051 559 falleret,
2103 494 2272 564 eique
2309 504 2352 555 Α
2385 512 2537 550 nunc
2573 497 2640 551 ad
2682 497 2975 550 ecclesiam
3024 497 3280 550 eundum
3325 501 3430 563 est,
3472 512 3603 551 cum
3647 497 3891 551 necdum
3951 496 4077 569 pul-

623 580 876 634 alimoniae
905 578 1242 632 refocillatio
1281 579 1340 632 in
1389 578 1788 632 secretioribus
1842 580 2042 649 positas
2098 581 2281 649 quali-

620 683 819 737 cunque
848 672 970 720 arte
1019 666 1534 719 administraretur.
1587 668 1743 720 Tunc
1785 683 1915 720 cum
1965 667 2082 721 suis
2138 668 2283 721 inito

622 755 855 823 oonsilio,
889 761 1202 825 vocatoque
1225 754 1294 808 de
1316 754 1666 808 monasterio
1696 755 1752 808 S.
1784 755 2104 826 Walburgaa
2126 757 2283 809 valde

620 844 861 913 religioso
917 844 1269 912 presbytero,
1316 845 1649 899 auctoritate
1680 844 2019 914 pontiﬁciali
2074 846 2284 899 iterum

621 934 922 1001 iterumque
986 930 1280 983 mandavit
1337 938 1400 984 ut
1421 932 1681 985 eamdem
1711 933 2000 998 ancillam,
2050 933 2119 987 de
2173 949 2287 1002 qua

620 1020 913 1089 loquimur,
955 1018 1016 1071 in
1048 1034 1211 1071 suam
1250 1024 1574 1087 susceptam
1616 1019 1960 1087 custodiam,
1994 1036 2065 1073 ne
2095 1020 2313 1090 aliqua

620 1113 809 1166 astutia
832 1113 1113 1164 humanos
1157 1113 1377 1166 falleret
1424 1113 1674 1179 obtutus,
1711 1113 2035 1166 cautissime
2095 1113 2286 1166 obser-

622 1204 781 1253 varet.
812 1199 973 1262 Quod
1007 1203 1064 1252 et
1093 1198 1244 1265 fecit,
1280 1204 1353 1265 et,
1385 1204 1445 1252 ut
1493 1199 1649 1268 prius
1681 1205 1975 1252 narratum
2024 1200 2226 1265 fuerat,
2258 1217 2290 1253 a

621 1306 673 1341 se
747 1286 1177 1355 diligentissime
1247 1292 1600 1356 compertum
1659 1287 1927 1357 episcopo
1985 1288 2285 1339 nuntiavit.

620 1379 763 1431 Tunc
816 1376 1020 1444 praesul
1070 1375 1227 1428 omni
1274 1375 1630 1429 dubitatione
1677 1375 1902 1428 detersa
1958 1375 2119 1445 quasi
2169 1375 2290 1444 jam

620 1466 934 1532 compulsus
966 1463 1224 1517 credidit.
1274 1463 1362 1517 Sic
1403 1463 1648 1533 denique
1719 1464 1903 1516 adhuc
1958 1464 2204 1516 triennio
2260 1479 2293 1515 a

620 1555 667 1606 S.
710 1552 925 1606 Martini
975 1552 1149 1604 missa
1187 1567 1366 1620 usque
1418 1553 1486 1604 ad
1514 1551 1679 1604 illum
1728 1552 2071 1605 consistebat
2118 1553 2289 1605 diem.

619 1640 966 1708 Operabatur
1005 1644 1199 1692 tamen
1246 1638 1408 1707 juxta
1446 1638 1729 1691 facultatis
1775 1640 2070 1691 modulum
2125 1638 2293 1708 quid-

620 1727 753 1799 quid
800 1727 882 1780 illi
925 1728 1111 1780 fuerat
1151 1726 1493 1795 injunctum.
1548 1726 1954 1779 Eucharistiam
1990 1742 2122 1779 vero
2145 1741 2296 1795 quo-

617 1818 720 1869 ties
750 1830 975 1868 sumere
1028 1814 1337 1879 nitebatur,
1389 1814 1500 1866 nisi
1554 1830 1682 1866 cum
1737 1814 1896 1866 omni
1935 1813 2297 1866 festinatione

619 1903 928 1957 dormitum
986 1902 1113 1968 iret,
1162 1917 1290 1954 mox
1343 1901 1750 1955 vomitabunda
1801 1902 2070 1955 constitit.
2127 1900 2300 1964 Quid-

616 1992 751 2061 quid
782 2007 919 2059 ergo
960 2006 1110 2043 nunc
1157 1990 1424 2042 humana).
1464 1988 2066 2059 videturimpossibile
2113 1989 2301 2041 imbe-

616 2078 857 2144 cillitati,
891 2077 1239 2131 omnimodis
1277 2077 1485 2130 divinae
1515 2076 1847 2131 facillimum
1881 2092 1999 2129 esse
2039 2076 2304 2129 credatur

614 2164 922 2235 majestati.

688 2256 774 2307 tO.
808 2256 918 2319 (58)
951 2253 1149 2305 Postea
1179 2251 1355 2321 igitur
1402 2252 1881 2321 prudentissimus
1932 2251 1992 2304 in
2039 2250 2306 2304 omnibus

615 2342 1025 2396 Ercambondus
1061 2340 1265 2393 missus
1296 2340 1431 2393 illuc
1476 2357 1603 2394 cum
1635 2341 1750 2393 suis
1780 2340 1904 2392 aliis
1936 2340 2071 2393 boni
2118 2338 2307 2392 meriti

610 2432 747 2484 viris
801 2429 1311 2498 archipresbyteris
1363 2430 1762 2497 corpusculum
1824 2429 2000 2481 beatae
2072 2427 2308 2497 virginis

606 2518 783 2588 jussit
857 2517 1049 2581 effodi,
1124 2516 1539 2585 inventumque
1596 2517 1898 2584 diligenter
1954 2516 2304 2569 contrectari.

608 2606 774 2670 Quod
810 2604 990 2657 nimia
1016 2603 1396 2672 trepidatione
1430 2619 1557 2656 cum
1591 2603 1795 2657 divinis
1828 2604 2091 2657 laudibus
2121 2604 2311 2655 adim—

610 2695 841 2763 plentes
871 2691 1196 2745 effodieudo
1240 2690 1584 2744 invenerunt
1640 2690 1908 2759 reliquias
1940 2688 2310 2742 sanctissimae

606 2782 883 2853 virginis,
939 2779 1183 2833 nimium
1233 2779 1605 2843 adamandas,
1645 2778 1807 2847 quasi
1856 2778 2015 2831 tenui
2071 2778 2313 2830 humore

606 2870 984 2925 madefactas.
1029 2867 1164 2931 Quae
1209 2867 1470 2937 quamvis
1536 2870 1758 2919 tantum
1815 2871 2003 2919 essent
2050 2865 2308 2931 roscidae,

604 2960 774 3014 nullo
828 2963 1025 3010 tamen
1080 2962 1244 3025 pacto
1298 2955 1500 3008 saltem
1557 2970 1702 3007 unus
1765 2954 2085 3024 pulviculus
2141 2953 2316 3005 valuit

2391 592 2510 638 sata
2562 586 2916 639 matutinalia
2957 585 3117 655 signa
3152 587 3512 639 sonuerunt?
3563 587 3677 655 Ego
3705 586 3917 656 quippe
3975 603 4081 641 nec

2392 673 2524 727 illuc
2552 674 2770 727 incessu
2819 676 3032 742 pedum
3067 674 3182 727 ullo
3245 674 3415 727 modo
3447 690 3686 744 pergere
3724 675 3906 739 valeo,
3971 674 4081 727 nisi

2395 761 2634 815 aliorum
2687 762 2950 815 manibus
2993 763 3237 816 deducta
3274 763 3458 815 fuero.
3488 781 3516 812 ιι
3552 762 3659 825 Qui
3690 762 3770 815 ait
3804 779 3816 816 :
3870 782 3897 814 α
3934 763 4082 816 Vade

2394 850 2653 916 celerius,
2704 866 2777 903 ne
2811 851 3071 915 moreris,
3096 851 3365 920 quoniam
3401 850 3771 906 Williboldus
3821 852 4083 904 eamdem

2395 954 2525 990 cum
2555 953 2765 1007 magno
2798 938 3026 1007 agmine
3058 938 3291 991 intravit
3320 938 3638 1004 ecclesiam,
3680 938 3926 1008 qualiter
3954 954 4083 992 san-

2395 1031 2540 1079 ctam
2569 1041 2824 1078 sororem
2857 1042 3018 1078 suam
3053 1026 3404 1079 reconditam
3435 1027 3664 1093 habeas,
3699 1042 3728 1077 a
3753 1031 3808 1079 te
3861 1026 4086 1079 curiose

2396 1114 2734 1185 perquirere
2767 1114 2980 1166 volens.
3017 1134 3043 1163 n
3077 1114 3213 1177 Quae
3252 1116 3463 1178 statim,
3501 1130 3564 1167 ac
3615 1115 3663 1167 si
3692 1115 3837 1167 nihil
3870 1115 4087 1167 incom-

2399 1203 2553 1256 modi
2590 1203 2901 1272 perferens,
2935 1202 3196 1267 surrexit,
3236 1208 3292 1255 et
3331 1203 3399 1255 de
3430 1202 3555 1255 loco
3590 1203 3657 1255 ad
3708 1204 3895 1255 locum
3941 1200 4087 1254 exsi-

2400 1292 2569 1357 liens,
2628 1291 2939 1355 basilicam,
3005 1290 3075 1343 ad
3123 1307 3294 1360 quam
3343 1290 3603 1353 tetendit,
3662 1289 3920 1357 ingressa
3981 1294 4085 1353 est,

2401 1379 2609 1432 divinzn
2666 1379 2982 1433 clementiae
3038 1385 3208 1448 atque
3270 1380 3449 1431 beatae
3497 1378 3707 1446 virgini
3772 1378 4088 1447 gratiarum

2402 1467 2651 1520 actiones
2681 1483 2785 1536 pro
2817 1467 3021 1535 adepta
3049 1467 3313 1535 sospitate
3348 1466 3632 1534 rependit.

2478 1558 2558 1608 l2.
2594 1556 2836 1617 Quidam
2868 1566 3055 1607 autem
3098 1569 3316 1623 pauper
3346 1571 3376 1606 a
3410 1554 3698 1606 nativitate
3751 1556 4089 1615 contractus,

2407 1643 2566 1713 quasi
2621 1643 2904 1712 quoddam
2962 1648 3293 1694 cerneretur
3350 1647 3693 1705 monstrum,
3748 1642 3883 1693 dum
3942 1640 4095 1692 inter

2406 1732 2597 1801 plures
2622 1732 2693 1784 ad
2731 1731 2785 1785 S.
2821 1731 3138 1799 Walburgae
3184 1730 3499 1799 patrocinia
3545 1728 3959 1797 confugientes,
4009 1727 4093 1778 vi-

2409 1825 2531 1871 ctus
2588 1819 2803 1888 pariter
2859 1823 2916 1870 et
2955 1817 3192 1870 remedii
3250 1816 3516 1869 solatium
3574 1822 3875 1884 quaereret,
3932 1818 4096 1867 nocte

2411 1905 2654 1975 quadam
2688 1905 2794 1957 sibi
2822 1905 3125 1957 dormienti
3165 1904 3433 1973 apparuit
3459 1903 3786 1955 beatissima
3827 1902 4007 1970 virgo,
4041 1906 4099 1955 et

2412 1998 2474 2046 ut
2529 1992 2600 2045 ad
2650 1992 2943 2044 ecclesiam
2984 1996 3267 2061 pergeret,
3321 1991 3642 2060 imperavit.
3694 1990 3816 2053 Quo
3858 2006 4098 2058 respon-

2411 2081 2580 2134 dente
2641 2096 2698 2133 se
2751 2080 2959 2149 algoris
3016 2079 3384 2149 asperitatem
3437 2079 3889 2146 perhorrescere,
3951 2078 4103 2131 ideo-

2414 2184 2524 2238 que
2553 2184 2657 2220 nec
2687 2184 2719 2219 a
2749 2168 2870 2219 loco
2901 2166 3107 2236 quietis
3138 2166 3349 2219 audere
3395 2182 3453 2217 se
3502 2166 3701 2218 saltem
3734 2165 3973 2233 erigere.
4016 2163 4101 2217 Ad

2413 2272 2584 2327 quem
2630 2258 2729 2309 illa
2759 2256 2983 2308 blandis
3010 2254 3301 2323 respondit
3324 2254 3510 2307 verbis
3545 2270 3557 2306 :
3601 2272 3629 2304 «
3658 2253 3830 2318 Vade,
3860 2253 4100 2316 miselle,

2415 2342 2693 2408 celeriter,
2727 2343 3000 2412 quoniam
3033 2359 3139 2407 ego
3188 2348 3241 2394 te
3282 2342 3351 2395 ab
3381 2342 3551 2410 hujus
3605 2341 3836 2410 frigoris
3892 2339 4105 2408 asperi-

2416 2435 2530 2483 tate
2561 2446 2674 2499 qua
2706 2446 2859 2483 nunc
2904 2429 3174 2499 afﬂigeris
3222 2435 3549 2498 protegens,
3596 2428 3782 2481 calida
3848 2428 4107 2480 membra

2417 2518 2865 2585 administrabo;
2934 2517 3194 2587 mihique
3253 2517 3361 2586 (59)
3418 2532 3521 2586 pro
3561 2516 3794 2570 redditae
3854 2515 4108 2569 sanitatis

2420 2607 2743 2659 mercedula
2773 2606 3096 2670 scabellula,
3130 2606 3337 2675 quibus
3364 2606 3548 2658 adhuc
3586 2604 3762 2659 uteris
3800 2602 4110 2657 incurvatis

2421 2694 2675 2759 artubus,
2738 2694 2807 2747 ad
2857 2693 3151 2746 ecclesiam
3222 2694 3566 2761 suspendere
3626 2691 3939 2745 debebis.»
4001 2689 4111 2753 Qui

2421 2781 2681 2852 quamvis
2743 2780 3054 2851 pigerrimo
3122 2781 3190 2833 ad
3239 2781 3534 2834 ecclesiam
3590 2796 3853 2849 pergens,
3913 2778 4111 2848 ibique

2422 2870 2719 2938 paululum
2750 2874 3153 2933 commoratus,
3190 2869 3257 2922 ad
3287 2884 3456 2922 suum
3478 2868 3681 2921 anxius
3710 2867 3881 2921 rediit
3916 2865 4111 2935 hospi-

2422 2958 2591 3011 tium.
2649 2957 2807 3011 Mane
2856 2962 3045 3010 autem
3093 2956 3240 3010 facto
3291 2957 3499 3010 iterum
3546 2971 3835 3025 regressus
3880 2955 4017 3007 illuc
4056 2958 4114 3006 et

605 3046 893 3101 manibus
943 3041 1365 3097 attrectantium
1405 3042 1717 3095 adhaarere.
1781 3040 2014 3094 Sublata
2061 3045 2195 3093 tunc
2248 3055 2316 3092 ex
2355 3051 2395 3106 ί]
2429 3050 2559 3098 ante
2612 3045 2792 3099 beatas
2843 3044 3081 3114 virginis
3141 3046 3410 3098 feretrum
3470 3061 3527 3098 se
3582 3044 3910 3114 projiciens,
3968 3042 4117 3094 circa

602 3132 992 3206 Heystatensi
1056 3128 1398 3184 monasterio
1471 3128 1790 3198 corpusculi
1845 3144 2019 3181 sacras
2084 3126 2318 3197 virginis

600 3225 917 3294 portione,
964 3224 1138 3289 prout
1179 3219 1480 3288 episcopus
1537 3217 1811 3271 dictatum
1852 3216 2070 3283 habuit,
2120 3215 2317 3269 turbu-

596 3309 985 3367 lentissimas
1015 3323 1228 3361 maeror
1266 3312 1323 3360 et
1363 3306 1607 3375 ejulatus
1642 3305 2127 3375 lleystatensibus,
2158 3304 2320 3375 quasi

602 3408 805 3456 totam
860 3404 1188 3452 matronam
1243 3396 1350 3449 sibi
1397 3396 1647 3449 ablatam
1698 3394 2060 3455 deﬂentibus,
2093 3400 2323 3447 exortus

597 3496 711 3545 est.
780 3491 1020 3543 Interea
1069 3486 1206 3539 dum
1256 3490 1415 3537 tanta
1462 3482 1641 3553 optati
1700 3482 1955 3536 muneris
2007 3482 2325 3551 patrocinia

594 3595 739 3633 cum
782 3591 1007 3643 magna
1037 3572 1448 3627 exsultantium
1489 3572 1669 3641 gloria
1711 3571 1781 3623 ad
1821 3571 2011 3623 locum
2062 3569 2159 3639 qui
2200 3569 2328 3622 dici-

594 3673 700 3721 tur
749 3664 1104 3720 Movenhem
1159 3662 1523 3721 ducerentur,
1570 3659 1803 3729 quidam
1860 3658 2004 3711 forte
2056 3657 2325 3727 epilepti-

592 3773 702 3810 cus
734 3768 906 3826 puer
938 3750 1083 3804 sacri
1110 3748 1380 3819 ponderis
1436 3748 1643 3801 feretro
1668 3745 1919 3811 obvians,
1980 3744 2084 3797 sub
2124 3745 2327 3798 eodem

594 3860 659 3897 se
700 3843 1055 3903 incurvans,
1101 3838 1286 3907 ipsam
1326 3853 1498 3907 quam
1532 3835 1796 3907 quaesivit
1828 3834 2133 3889 sanitatem
2173 3848 2329 3887 rece-

587 3933 711 4004 pit.
806 3930 978 3984 Tunc
1036 3926 1244 3989 subito,
1314 3931 1379 3979 ut
1433 3941 1631 3979 omnes
1702 3927 2087 3977 commeantes
2147 3920 2335 3975 testati

591 4023 772 4086 sunt,
812 4020 987 4070 tanta
1025 4014 1084 4067 in
1116 4013 1317 4067 eodem
1368 4014 1488 4066 loco
1521 4012 1714 4066 odoris
1746 4009 2070 4078 redolentia
2122 4008 2333 4061 conﬂa-

587 4108 838 4179 gravit,
892 4108 960 4157 ut
1004 4118 1169 4156 nares
1200 4100 1672 4171 praetereuntium
1720 4100 1809 4153 vel
1866 4096 2338 4169 subsequentium

592 4198 925 4250 feretrum
964 4190 1114 4245 ferre
1138 4189 1231 4242 vix
1258 4188 1596 4259 potuissent.

1315 4277 1534 4331 CAPUT
1572 4276 1665 4328 Ill.

814 4368 1007 4425 Varia
1034 4365 1302 4419 miracula
1339 4379 1436 4432 ope
1467 4364 1523 4418 S.
1561 4359 1876 4429 Walburgis
1909 4363 2158 4429 patrata.

675 4463 781 4515 Η.
825 4458 1158 4524 Postquam
1207 4468 1343 4522 ergo
1392 4450 1762 4506 sanctissimae
1808 4447 2046 4519 virginis
2100 4444 2345 4516 pignora

585 4563 809 4618 supra
880 4547 1145 4596 sanctum
1217 4539 1478 4609 praedicti
1533 4535 1867 4591 monasterii
1930 4536 2104 4588 altare
2165 4534 2347 4586 locata

577 4644 773 4705 sunt,
835 4632 1117 4704 sequenti
1168 4636 1333 4685 nocte
1364 4629 1604 4699 contigit
1654 4626 1998 4682 abbatissam
2048 4624 2348 4679 Liubulam

580 4729 863 4786 ibidem
896 4721 1147 4775 adfuisse
1173 4736 1187 4785 ;
1211 4720 1462 4789 dumque
1484 4718 1600 4772 illic
1615 4716 1796 4770 tribus
1818 4714 2045 4769 detenta
2065 4712 2349 4781 noctibus,

577 4818 783 4893 gravi
854 4812 1137 4884 podagrae
1182 4809 1384 4864 morbo
1434 4808 1698 4862 laborans
1730 4822 1788 4859 se
1842 4803 2031 4893 sopori
2081 4803 2349 4893 dedisset,

576 4888 812 4966 astitit
882 4900 945 4953 ei
974 4899 1211 4969 quidam
1264 4897 1587 4951 veneranda
1618 4894 1824 4948 canitie
1854 4892 2113 4958 clericus,
2174 4888 2355 4942 Willi-

573 4996 877 5059 boldus,
936 4992 1003 5041 ut
1047 4986 1301 5041 creditur
1349 4984 1671 5055 episcopus,
1703 4982 1759 5035 S.
1814 4979 2133 5048 Walburgae
2181 4976 2358 5030 frater

575 5085 735 5161 (qui
774 5082 861 5136 in
903 5075 1109 5130 eodem
1158 5075 1284 5128 loco
1338 5088 1499 5161 suam
1537 5070 1951 5161 proprietatem
1999 5065 2357 5161 hereditario

561 5153 740 5250 jure
780 5170 993 5234 longe
1026 5166 1153 5216 ante
1184 5163 1454 5216 donatam
1474 5159 1712 5250 habuit)
1739 5171 1979 5225 eamque
2010 5153 2360 5223 compellans

572 5246 675 5321 ita
715 5260 827 5316 ait
876 5271 893 5308 :
943 5273 971 5300 «
1009 5251 1265 5315 Liubula,
1314 5265 1416 5303 cur
1458 5246 1716 5302 dormis?
1746 5260 1923 5314 quare
1954 5258 2069 5296 non
2125 5257 2362 5310 surgens

569 5354 668 5410 ad
736 5339 1089 5402 θθθιθδίδῖη
1147 5337 1435 5409 Pergis‘?»
1476 5336 1559 5389 Ad
1610 5349 1782 5405 quem
1836 5333 1969 5385 illa:
2034 5349 2061 5380 (ι
2105 5331 2173 5384 Ut
2226 5329 2363 5400 quid

664 5475 827 5547 (58>
872 5462 1201 5547 sequentis
1244 5477 1309 5514 ex
1352 5460 1443 5547 1-!
1497 5454 2253 5547 Ὺριξέξὲιῑάὲέξιξοειξῑιξξξξν
2312 5458 2368 5507 ει

568 5525 1126 5607 colligerent-curn
1157 5532 1227 5607 iis
1257 5547 1385 5600 qua:
1418 5546 1475 5607 n_.
1521 5533 1552 5583 6
1583 5528 1755 5607 huius
1802 5525 2258 5607 Vitteule‘guntur.

858 5606 1009 5661 Mss.
1056 5592 1296 5671 Treviri,
1338 5605 1463 5670 post
1507 5592 1776 5653 redditam
1834 5592 2121 5648 sanitatem
2175 5592 2371 5647 scabel-

1038 5711 1309 5775 PATROL.
1365 5708 1535 5776 CXL.

2424 3135 2652 3187 tertiam
2689 3133 2889 3186 horam
2948 3133 3135 3187 subito
3171 3132 3508 3203 palpitando
3539 3149 3598 3186 se
3637 3133 3807 3201 erepit
3856 3131 4114 3184 volutare

2428 3222 2487 3275 in
2550 3221 2877 3291 pavimento
2937 3226 2993 3274 et
3067 3222 3432 3290 protendere,
3501 3227 3557 3274 et
3608 3219 3936 3283 scabellula,
3994 3218 4117 3271 sine

2430 3310 2636 3380 quibus
2690 3325 2990 3379 nunquam
3052 3325 3111 3363 se
3145 3310 3214 3363 de
3273 3310 3396 3363 loco
3426 3309 3733 3362 transferre
3792 3308 3998 3377 potuit,
4056 3320 4120 3358 ac

2431 3398 2475 3451 si
2511 3396 2783 3451 divinitus
2838 3414 2869 3450 e
2919 3397 3183 3451 manibus
3216 3398 3428 3463 evulsa,
3478 3400 3608 3449 ante
3658 3396 3834 3449 altare
3864 3394 4121 3465 projecta

2433 3490 2582 3538 sunt.
2610 3484 2812 3554 Sicque
2854 3484 3126 3537 membris
3158 3483 3425 3537 omnibus
3484 3482 3844 3537 consolidatis
3901 3484 4120 3535 erectus

2435 3572 2764 3639 ambulavit,
2812 3576 2870 3625 et
2922 3572 3317 3625 convalescens
3383 3570 3443 3623 in
3499 3570 3696 3624 eadem
3755 3568 3989 3623 ecclesia
4047 3568 4122 3622 ad

2434 3659 2554 3713 dies
2593 3659 2723 3712 vita),
2756 3675 2872 3712 sum
2912 3658 3133 3713 validus
3163 3662 3216 3711 et
3246 3656 3548 3712 incolumis
3588 3660 3716 3727 post
3746 3656 3980 3710 modum
4020 3655 4121 3709 ad-

2437 3747 2799 3802 ministravit.

2513 3838 2596 3890 l3.
2626 3836 2807 3889 Allata
2838 3838 2926 3889 est
2972 3835 3043 3889 ad
3060 3834 3212 3889 idem
3249 3833 3667 3888 monasterium
3699 3831 3965 3904 quaadam
3998 3846 4127 3885 mu-

2442 3926 2566 3994 lier,
2597 3926 2829 3980 nomine
2861 3925 3266 3996 Reginsundis,
3296 3924 3376 3978 ita
3407 3923 3680 3978 membris
3719 3922 3987 3977 omnibus
4024 3921 4131 3976 de-

2443 4014 2681 4082 bilitata,
2715 4017 2779 4067 ut
2827 4012 2941 4066 nisi
2989 4017 3088 4067 aut
3116 4012 3377 4066 vehiculo
3419 4012 3642 4066 duobus
3673 4016 3771 4065 aut
3810 4026 3937 4065 eam
3967 4008 4132 4063 inﬂe-

2445 4104 2528 4157 xis
2577 4104 2726 4156 inter
2758 4118 2818 4156 se
2862 4101 3109 4155 brachiis
3154 4100 3517 4171 portantibus
3555 4101 3714 4154 nullo
3746 4099 3914 4153 modo
3952 4101 4135 4151 trans-

2446 4193 2585 4247 ferri
2624 4191 2851 4262 uspiam
2881 4191 3178 4261 potuisset.
3226 4192 3364 4255 Qum
3395 4194 3525 4244 ante
3558 4190 3758 4255 altare,
3802 4204 3975 4259 super
4023 4202 4139 4257 quo

2449 4279 2688 4350 virginis
2724 4279 3001 4333 feretrum
3030 4278 3450 4345 continebatur,
3484 4294 3515 4330 a
3561 4276 3679 4331 suis
3722 4276 3998 4346 exposita,
4050 4289 4139 4327 ce-

2452 4366 2745 4421 lerrimam
2804 4365 3012 4435 adepta
3066 4369 3152 4418 est
3196 4364 3519 4430 sanitatem,
3579 4363 3653 4416 ita
3708 4368 3774 4416 ut
3821 4361 3943 4415 sine
3998 4361 4142 4413 alte-

2450 4455 2571 4509 rius
2602 4455 2775 4508 ductu
2797 4468 2900 4522 per
2921 4469 2980 4506 se
2997 4451 3406 4519 efficacissime,
3431 4465 3774 4521 quocunque
3798 4449 3990 4514 vellet,
4012 4462 4145 4518 per-

2455 4548 2634 4612 geret,
2667 4543 2860 4595 Jesum
2891 4540 3178 4595 Christum
3221 4544 3278 4592 et
3307 4554 3476 4592 sacrae
3522 4537 3759 4607 virginis
3820 4534 4146 4605 gloriﬁcans

2458 4634 2947 4777 mithaQuaadam
3009 4712 3181 4766 etiam
3240 4711 3449 4765 mulier
3500 4710 3569 4765 de
3621 4709 3757 4763 villa
3813 4712 4150 4779 nuncupata

2459 4802 2775 4868 Stofohem,
2844 4800 3119 4854 vocabulo
3173 4798 3365 4869 Geyla,
3422 4813 3553 4852 cum
3610 4797 3931 4851 advenisset
3976 4796 4152 4850 festus

2461 4888 2837 4946 dedicationis
2891 4888 3045 4942 illius
3101 4886 3351 4941 ecclesite
3412 4902 3635 4940 annuus
3704 4885 3843 4950 dies,
3887 4884 4155 4939 omnibus

2464 4980 2523 5033 in
2578 4978 2677 5031 illa
2732 4976 2967 5046 regione
3017 4974 3546 5043 solemnizantibus,
3608 4973 3709 5027 illa
3764 4974 3882 5028 sola
3931 4970 4158 5044 procaci

2466 5065 2659 5120 animo
2690 5063 3133 5135 parvipendens,
3189 5079 3351 5117 suam
3400 5062 3656 5133 ingressa
3711 5068 3796 5115 est
3850 5060 4157 5115 hiemalem

2468 5159 2652 5209 zetam
2707 5158 2763 5206 et
2801 5152 3217 5219 curciboldum,
3279 5166 3451 5221 quem
3507 5150 3579 5204 ad
3635 5149 3943 5203 texendum
4000 5146 4161 5218 prius

2470 5248 2719 5296 erectum
2740 5240 2959 5300 habuit,
2986 5240 3146 5293 flexis
3168 5240 3341 5309 ccepit
3361 5245 3547 5292 texere
3578 5237 3833 5307 digitulis
3884 5237 4160 5301 dexteras;

2473 5331 2571 5385 sed
2601 5346 2731 5384 cum
2766 5327 2986 5383 duabus
3032 5328 3249 5382 vicibus
3280 5343 3347 5381 ex
3378 5327 3490 5395 (60)
3530 5325 3768 5396 glomite
3800 5324 3916 5379 sive
3946 5330 4168 5378 tramea

2476 5452 2663 5591 Mai-0)
2695 5517 3074 5584 Wolfhardus,
3114 5519 3335 5587 glomice
3358 5532 3450 5572 seu
3480 5522 3686 5571 trama.

3780 5698 3860 5756 35
