4944 6560
1252 483 1386 536 1099

350 0 745 101 ’κήλεε-
782 8 1207 152 Ξ

1958 476 2347 534 ADELBOLDI
2384 476 2887 534 TRAJECTENSIS
2924 476 3239 534 EPISCOPI
3283 477 3444 532 VITA
3482 479 3537 533 S.
3580 478 4009 551 WALBUBGIS.

4618 481 4749 533 1100

1248 631 1420 688 quam
1454 628 1630 667 manu
1658 609 1888 665 tenebat
1931 609 1990 664 in
2018 612 2192 665 telam
2248 614 2665 680 transponeret,
2706 610 2936 664 inhaesit
2974 616 3015 667 A
3047 625 3137 664 me
3169 610 3363 681 potius
3392 626 3564 681 quam
3596 609 3665 663 ab
3687 610 3833 675 aliis,
3855 626 4028 681 quam
4069 609 4379 665 mirificum
4403 610 4498 675 sit,
4544 609 4747 664 audire

1247 704 1332 757 illi
1365 701 1684 756 miserrime
1710 701 1957 753 insertus
1985 700 2183 753 manui
2233 700 2477 769 glomex,
2519 698 2934 753 intumescente

1243 796 1363 846 toto
1394 792 1635 853 lacerto;
1672 789 1765 842 sed
1799 804 1929 858 quae
1965 788 2266 842 adfuerant
2296 788 2648 841 mulierculas
2674 792 2933 841 tentave-

1244 882 1381 933 runt
1425 878 1705 931 inclusum
1772 875 1881 946 (6l)
1932 875 2228 946 glomitem
2286 875 2620 945 singillatim
2677 875 2932 930 dissuere

1247 968 1355 1038 (62)
1388 966 1499 1020 filis
1530 965 1666 1031 (63).

1318 1058 1402 1109 l5.
1435 1053 1676 1118 Quidam
1704 1051 1793 1105 vir
1820 1051 2052 1105 nomine
2108 1051 2513 1106 Ercamboldus
2544 1050 2782 1122 expletis
2807 1051 2930 1121 jam

1241 1144 1353 1213 (64)
1385 1142 1619 1212 triginta
1654 1144 1869 1209 septem
1906 1140 2380 1207 hebdomadibus,
2416 1140 2553 1194 dum
2582 1138 2795 1193 nullius
2844 1155 2932 1209 ge-

1244 1232 1394 1285 neris
1423 1231 1548 1283 cibo
1590 1229 1676 1282 vel
1709 1233 1849 1299 potu
1890 1228 2251 1299 aliquatenus
2307 1228 2456 1281 vesci
2495 1227 2795 1298 potuisset,
2827 1243 2930 1281 nec

1241 1327 1431 1374 tamen
1481 1318 1689 1388 pedum
1745 1317 1965 1371 incessu
2015 1316 2399 1382 fraudaretur,
2455 1316 2563 1369 nisi
2625 1315 2929 1386 languidus

1240 1412 1506 1479 pergeret
1533 1422 1645 1477 quo
1674 1407 1861 1459 vellet.
1909 1407 2153 1459 Tantum
2195 1421 2432 1459 ovorum
2461 1405 2604 1458 raris
2658 1404 2927 1458 meditul-

1239 1498 1348 1563 liis,
1373 1494 1879 1563 modicissimoque
1918 1492 2227 1563 leguminis
2264 1492 2536 1563 suffragio
2585 1493 2674 1546 vix
2703 1492 2924 1561 pendu-

1239 1587 1352 1639 lam
1383 1583 1733 1638 refocillabat
1774 1582 1974 1635 anxius
2022 1582 2218 1647 vitam,
2266 1597 2469 1651 gerens
2526 1580 2924 1634 macilentissi-

1239 1689 1396 1726 mum
1427 1676 1482 1724 et
1524 1670 1960 1724 imbecillimum
2002 1685 2133 1723 cum
2163 1670 2277 1722 vita
2308 1669 2415 1722 sibi
2444 1668 2669 1738 ingrata
2717 1685 2923 1739 corpu-

1237 1764 1479 1826 sculum,
1527 1775 1631 1812 nec
1662 1758 1777 1811 vini
1828 1758 1913 1810 vel
1962 1757 2152 1810 siceraa
2192 1761 2421 1826 gustum
2478 1774 2575 1810 ore
2638 1757 2923 1810 ullatenus

1236 1851 1565 1918 contingere
1611 1846 2015 1900 delectabatur.
2064 1847 2217 1899 Tunc
2254 1844 2362 1898 sibi
2414 1859 2564 1913 mgre
2614 1842 2922 1896 dormienti

1234 1952 1333 1989 vox
1383 1935 1592 1989 blanda
1629 1950 1762 1986 eum
1801 1933 1880 1987 ita
1918 1933 2123 1986 affatur
2158 1949 2171 1987 :
2219 1954 2241 1981 ι
2278 1934 2409 1996 Cur,
2452 1930 2658 2001 inquit,
2710 1930 2925 1983 desidia

1237 2026 1625 2093 languescens,
1685 2022 1945 2090 neglecto
1992 2025 2108 2074 tua:
2155 2020 2502 2074 valetudinis
2548 2018 2822 2085 remedio,
2855 2019 2924 2072 de

1236 2114 1329 2165 tua
1359 2112 1447 2164 via
1480 2111 1560 2164 sic
1591 2110 1822 2163 omnino
1853 2109 2157 2177 desperas?
2184 2111 2301 2179 Age
2332 2124 2487 2178 ergo,
2514 2107 2665 2177 quod
2719 2123 2923 2160 moneo

1227 2198 1367 2267 jam,
1404 2197 1472 2250 de
1503 2196 1588 2249 tui
1618 2200 1794 2249 status
1824 2193 2258 2264 recuperatione
2290 2209 2543 2259 securus,
2576 2197 2630 2244 et
2679 2191 2749 2244 ad
2798 2207 2923 2244 mo-

1233 2284 1549 2339 nasterium
1589 2283 1959 2338 Mouvenhem
2008 2282 2145 2335 vade
2190 2282 2450 2347 festinus,
2500 2280 2694 2350 ibique
2746 2280 2923 2333 beatae

1234 2372 1472 2441 virginis
1500 2371 1722 2425 meritis
1762 2369 2140 2439 adjuvaberis.
2191 2370 2449 2439 Cumque
2498 2369 2635 2421 illuc
2686 2367 2925 2421 celerius

1236 2477 1478 2525 veneris,
1540 2460 1875 2514 inventurus
1920 2474 1980 2511 es
2034 2458 2246 2511 ibidem
2304 2462 2419 2511 tres
2469 2456 2925 2510 sanctimoniales

1236 2565 1397 2602 secus
1433 2549 1612 2602 altare
1663 2551 1879 2600 stantes
1928 2562 2055 2616 quae
2098 2546 2207 2615 (65)
2235 2545 2335 2598 tibi
2366 2550 2751 2598 consecratum
2804 2560 2925 2596 san-

1236 2638 1468 2707 guinem
1502 2635 1732 2690 Domini
1764 2635 1832 2689 de
1866 2635 2039 2688 calice
2068 2634 2494 2703 propinabunt;
2546 2648 2717 2702 quem
2786 2633 2924 2686 dum

1237 2728 1309 2781 ab
1350 2726 1462 2779 illis
1509 2724 1808 2794 acceperis,
1860 2740 1991 2776 mox
2045 2723 2250 2776 edendi
2305 2722 2651 2791 bibendique
2710 2721 2923 2791 absque

1235 2816 1353 2869 ulla
1382 2814 1739 2868 dubitatione
1771 2812 2068 2865 delectatio
2112 2812 2216 2864 tibi
2265 2811 2640 2863 associabitur
2680 2815 2735 2863 et
2789 2826 2917 2880 pro-

1235 2902 1574 2974 sperabitur.
1612 2920 1638 2952 ι)
1690 2903 1804 2954 Hoc
1844 2900 2020 2970 igitur
2049 2899 2442 2953 saluberrima:
2473 2900 2621 2952 vocis
2670 2898 2923 2969 impulsu

1234 2993 1680 3063 expergefactus,
1706 3006 1931 3044 summa
1952 3006 2080 3043 cum
2112 2989 2399 3043 celeritate
2433 2989 2497 3042 ad
2531 2989 2654 3057 jam
2708 2988 2921 3042 dictum

1232 3080 1641 3135 monasterium
1684 3079 1961 3133 adductus
1990 3081 2091 3144 cst,
2117 3077 2217 3148 qui
2258 3077 2376 3131 illic
2429 3078 2499 3130 ab
2548 3077 2805 3130 oratione
2865 3093 2921 3130 se

3045 704 3267 769 oportet
3301 713 3314 752 :
3347 702 3421 766 et,
3458 714 3527 752 ne
3561 714 3651 752 me
3678 698 3887 769 aliquis
3925 698 4181 753 divinam
4219 699 4417 753 fallere
4448 697 4745 752 conscien-

3043 786 3183 841 tiam
3214 787 3356 841 velle
3388 786 3727 857 suspicetur,
3753 791 3931 840 testor
3959 787 4161 853 Deum,
4191 802 4366 857 quem
4383 785 4534 840 nihil
4569 786 4745 839 latere

3044 880 3249 946 potest,
3280 880 3410 928 ante
3447 876 3611 946 cujus
3654 875 3877 941 assisto,
3931 875 4063 929 licet
4109 875 4403 945 indignus,
4432 874 4639 939 altare,
4693 880 4745 927 et

3041 963 3096 1018 S.
3141 964 3528 1033 Walburgam,
3574 963 3737 1034 cujus
3789 961 4035 1017 nimium
4078 963 4412 1033 compulsus
4467 962 4746 1033 suffragia

3040 1051 3331 1124 requisivi,
3365 1068 3456 1106 me
3486 1051 3630 1106 nihil
3686 1051 3817 1105 ficta
3846 1052 3941 1106 sed
3972 1051 4241 1117 veridica,
4284 1051 4346 1105 in
4406 1050 4518 1105 hoc
4565 1052 4741 1104 mira-

3039 1140 3188 1209 culo,
3222 1140 3546 1194 narratione
3584 1140 3918 1203 relaturum,
3966 1144 4141 1210 prout
4170 1140 4442 1211 possibile
4495 1144 4587 1194 est
4637 1140 4743 1193 hu-

3039 1244 3227 1283 manae
3256 1228 3569 1300 fragilitati.
3604 1250 3625 1277 ι

3112 1322 3192 1372 17.
3227 1320 3392 1372 Anno
3440 1332 3672 1388 quoque
3723 1317 3831 1387 (66)
3863 1316 4062 1388 priori,
4105 1333 4220 1387 quo
4266 1315 4436 1371 famis
4468 1318 4743 1371 atrocitas

3036 1402 3246 1454 multos
3293 1400 3611 1469 afflixerat,!
3637 1400 3877 1469 contigit
3930 1400 4075 1455 duos
4122 1412 4429 1470 pauperes,
4469 1401 4739 1455 eamdem

3036 1489 3201 1543 famis
3232 1489 3598 1543 acerbitatem
3631 1489 3700 1542 de
3731 1489 3857 1543 loco
3901 1488 3973 1543 ad
4011 1488 4220 1555 locum,
4272 1488 4343 1543 de
4387 1490 4640 1559 regione
4670 1490 4740 1544 ad

3036 1578 3329 1647 regionem
3350 1578 3656 1647 confugere
3693 1593 3705 1632 ε
3729 1581 3866 1631 tunc
3886 1577 4129 1647 contigit
4158 1577 4471 1648 quemdam
4498 1578 4742 1631 tertium

3034 1667 3101 1719 de
3131 1665 3443 1736 longinqua
3466 1667 3701 1735 regione
3719 1681 4031 1736 pauperem
4061 1665 4174 1718 illis
4206 1664 4475 1719 associari
4507 1683 4522 1720 :
4564 1681 4739 1736 quem

3034 1755 3132 1809 ubi
3190 1756 3277 1808 vel
3329 1755 3477 1809 unde
3531 1760 3800 1825 pergeret
3854 1755 4025 1808 vellet
4094 1754 4600 1823 interrogantibus
4658 1772 4743 1808 re-

3034 1843 3264 1913 spondit
3317 1860 3395 1910 se,
3428 1845 3574 1897 sicut
3609 1844 3802 1913 plures
3849 1844 3991 1897 velle
4016 1842 4315 1911 cognitum
4346 1848 4454 1909 est,
4504 1843 4559 1897 S.
4590 1844 4741 1896 Wal-

2970 1897 3007 1949 Β
3035 1897 3230 2001 ὺιυτεω
3265 1897 3581 2002 patrocinia
3609 1897 4027 2002 ‘quaesiturum.
4076 1897 4233 1985 fune
4281 1931 4366 1984 illi
4505 1931 4569 1985 Si
4605 1932 4741 1985 illuc

3034 2020 3325 2090 inquiunt,
3358 2020 3531 2074 eundi
3563 2020 3908 2074 desiderium
3939 2025 4044 2087 est,
4076 2020 4285 2073 habeto
4315 2036 4423 2073 nos
4475 2020 4741 2090 ejusdem

3033 2108 3254 2162 itineris
3284 2114 3341 2162 et
3396 2109 3800 2162 consolationis
3848 2108 4159 2173 consocios,
4194 2112 4259 2162 ut
4312 2108 4492 2162 simul
4540 2112 4741 2163 multa!

3031 2195 3471 2266 longinquitatis
3510 2196 3766 2266 pericula
3811 2200 4192 2264 transeuntes,
4245 2196 4468 2250 mutuis
4515 2198 4741 2251 confor-

3032 2289 3221 2339 temur
3252 2284 3499 2338 auxiliis.
3543 2286 3683 2339 Nam
3736 2289 3791 2337 et
3824 2301 3926 2338 nos
3971 2284 4043 2339 ad
4091 2283 4362 2337 eumdem
4406 2284 4611 2338 locum
4660 2286 4739 2339 ire

3032 2373 3419 2443 disponentes,
3481 2373 3662 2427 victus
3714 2373 3909 2443 inopia
3968 2372 4215 2427 nimium
4289 2372 4619 2439 constricti,
4688 2380 4740 2427 et

3034 2462 3217 2515 adhuc
3242 2462 3429 2531 jejuni
3469 2462 3818 2531 gradientes,
3856 2461 3945 2515 vix
3989 2461 4309 2516 vacillando
4359 2477 4570 2532 gressu
4619 2479 4739 2517 am-

3031 2551 3229 2605 bulare
3277 2551 3552 2604 valemus.
3602 2572 3620 2598 ι
3652 2551 3867 2614 Quibus
3898 2548 4137 2620 simplex
4160 2550 4465 2604 conviator
4496 2566 4512 2605 :
4561 2573 4591 2599 ‹‹
4624 2553 4737 2609 Eia.

3030 2638 3360 2703 confratres,
3415 2639 3623 2709 inquit,
3686 2638 3894 2708 prolixi
3952 2638 4175 2692 itineris
4240 2638 4738 2709 longinquitatem

3033 2726 3273 2780 Domino
3302 2728 3430 2780 Jesu
3487 2725 3711 2781 Christo
3740 2727 4229 2790 commendantes,
4289 2728 4595 2795 angustias
4644 2729 4739 2782 de-

3030 2831 3331 2885 ponamus.
3368 2817 3431 2868 Et
3462 2816 3736 2885 quoniam
3755 2816 4092 2869 meridiana:
4122 2816 4515 2886 requietionis
4548 2817 4741 2870 immi-

3031 2909 3126 2957 net
3153 2908 3400 2972 tempus,
3431 2919 3752 2973 quaeramus
3780 2903 3875 2956 ubi
3898 2903 4286 2973 disjejunandi
4318 2904 4744 2976 modicumque

3030 2992 3312 3062 pausandi
3353 2998 3521 3061 aptus
3569 2990 3814 3045 inveniri
3857 2993 4039 3062 possit
4089 2992 4344 3046 locellus.
4388 3013 4409 3039 ι
4471 2992 4608 3056 Quo
4664 2996 4745 3047 in-

3030 3084 3220 3145 vento,
3276 3095 3404 3132 cum
3445 3078 3889 3145 discumberent,
3936 3085 3996 3133 et
4048 3095 4179 3133 cum
4210 3080 4433 3150 priores
4486 3083 4744 3134 consocii

1232 3168 1459 3239 erigens
1485 3167 1792 3238 compertis
1811 3168 1973 3237 juxta
2005 3168 2179 3219 altare
2210 3166 2394 3219 tribus
2416 3166 2691 3218 matronis
2735 3172 2916 3219 astan-
2957 3179 2995 3233 c
3032 3168 3172 3221 nihil
3212 3171 3565 3221 commeatus
3606 3183 3797 3221 secum
3835 3167 4045 3222 habere
4094 3175 4630 3238 conquererentur,
4669 3171 4743 3223 ait

1232 3257 1405 3322 tibus,
1436 3257 1714 3310 visionem
1758 3271 1937 3326 quem
1974 3254 2193 3308 viderat
2224 3254 2489 3319 exsolvit;
2535 3269 2798 3323 moxque,
2857 3258 2920 3307 ut

1232 3346 1301 3400 de
1328 3350 1521 3399 sancto
1550 3345 1723 3398 calice
1755 3343 2092 3413 degustavit,
2122 3342 2301 3397 adfuit
2334 3342 2386 3395 ei
2418 3358 2689 3411 magnum
2713 3342 2918 3396 edendi

1231 3440 1286 3489 et
1326 3433 1559 3488 bibendi
1590 3432 1957 3499 desiderium,
2007 3431 2197 3499 sicque
2251 3430 2614 3484 comesrionis
2661 3436 2717 3484 et
2762 3431 2919 3485 bibi-

1233 3522 1404 3576 tionis
1435 3521 1722 3591 totiusque
1749 3537 2038 3591 corporeae
2081 3519 2420 3573 valetudinis
2449 3520 2700 3573 remedio
2735 3520 2919 3590 acqui-

1232 3611 1361 3676 sito,
1390 3626 1521 3663 cum
1551 3609 1731 3663 nimia
1761 3608 2134 3662 exsultatione
2182 3608 2415 3661 domum
2446 3608 2744 3661 incolumis
2788 3609 2916 3662 red-

1231 3699 1317 3765 iit,
1363 3704 1420 3752 et
1464 3699 1524 3751 in
1575 3698 1774 3751 eadem
1813 3696 2205 3751 incolumitate
2252 3711 2429 3766 usque
2471 3695 2539 3749 ad
2570 3695 2746 3749 finem
2789 3696 2917 3751 vitea

1228 3787 1630 3858 perseveravit.

1302 3879 1383 3929 16.
1416 3875 1666 3944 Contigit
1694 3873 1942 3927 nimium
1985 3872 2269 3938 mirabile,
2302 3877 2361 3927 et
2390 3872 2499 3926 nisi
2529 3872 2915 3943 plurimorum

1225 3964 1640 4034 approbaretur
1669 3962 2017 4033 cognitione,
2045 3962 2206 4015 valde
2233 3961 2566 4016 incredibile
2600 3962 2721 4031 (sed
2772 3962 2913 4015 divi-

1225 4069 1311 4106 na:
1361 4052 1635 4122 Majestati
1687 4051 1827 4105 nihil
1879 4055 2101 4105 constat
2154 4050 2554 4121 impossibile),
2592 4051 2914 4105 inauditum

1226 4156 1413 4210 nuper
1440 4157 1473 4193 a
1501 4141 1707 4193 smculo
1739 4140 1987 4210 signum.
2015 4140 2161 4193 Dum
2185 4139 2362 4209 igitur
2386 4140 2636 4193 maxima
2663 4140 2913 4211 undique

1224 4229 1633 4283 confluentium
1673 4229 2016 4299 populorum
2048 4228 2117 4282 ad
2153 4227 2207 4281 S.
2262 4227 2583 4298 Walbnrgae
2623 4228 2912 4282 basilicam

1224 4318 1393 4371 turba
1445 4319 1796 4383 conveniret,
1848 4316 2034 4371 adfuit
2078 4316 2231 4371 inter
2285 4316 2414 4370 illos
2460 4317 2697 4386 quidam
2753 4316 2911 4369 inco-

1224 4405 1416 4475 gnitus
1442 4405 1622 4468 exsul,
1661 4403 1953 4474 peregrini
1991 4403 2191 4458 habitu
2236 4408 2387 4456 stans
2434 4402 2523 4456 vel
2560 4403 2773 4472 jacens,
2811 4402 2909 4472 qui

1221 4494 1371 4547 inter
1414 4498 1648 4547 creteros
1695 4493 1969 4546 attentius
2016 4497 2073 4547 et
2129 4492 2432 4545 instantius
2490 4492 2689 4555 oravit,
2733 4507 2906 4562 quem

1219 4582 1501 4636 abbatissa
1568 4581 1808 4635 Liubnla
1862 4581 2094 4634 intuens
2154 4582 2307 4634 inter
2362 4584 2597 4634 ceteros
2661 4580 2908 4633 ﬂebilius

1217 4669 1787 4740 perseverantiusque
1836 4685 2023 4722 orasse
2064 4668 2362 4735 admirata,
2407 4669 2673 4723 eumdem
2720 4668 2792 4722 ad
2849 4685 2906 4723 se

1216 4758 1401 4812 vocari
1430 4756 1734 4828 praecepit;
1783 4761 1839 4810 et
1870 4757 1997 4827 quis
2027 4758 2112 4810 vel
2151 4757 2303 4811 unde
2334 4761 2480 4810 esset
2529 4757 2774 4810 nimium
2803 4772 2904 4810 cu-

1210 4848 1357 4900 riose
1394 4846 1786 4917 interrogavit.
1831 4846 1911 4899 Ad
1962 4862 2137 4916 quam
2166 4845 2261 4899 ille
2297 4862 2309 4899 :
2348 4864 2376 4896 α
2404 4846 2641 4911 Gratias,
2693 4846 2898 4916 inquit,

1212 4936 1329 4990 Deo
1355 4936 1735 5004 omnipotenti
1788 4950 1918 5004 ago,
1973 4934 2073 5005 qui
2120 4951 2211 4989 me
2251 4934 2619 4988 sanctissimas
2665 4934 2903 5003 virginis

1210 5024 1532 5092 Walburga:
1563 5023 1781 5077 meritis
1819 5025 1888 5077 de
1922 5024 2183 5077 maximas
2230 5023 2580 5077 confusionis
2612 5024 2896 5090 seandalo,

1209 5111 1675 5181 indignissimum
1733 5117 2088 5181 peccatorem
2155 5112 2396 5167 liberare
2460 5112 2730 5182 dignatus
2795 5116 2895 5166 est.

1211 5199 1372 5264 Quod
1400 5206 1519 5255 tam
1557 5216 1671 5254 vos.
1706 5200 1798 5254 hic
1827 5202 1996 5255 modo
2046 5206 2377 5272 praesentes,
2429 5218 2604 5271 quam
2634 5217 2837 5255 omnes
2866 5217 2899 5254 a

1280 5375 1392 5444 (61)
1432 5376 1528 5430 Ms.
1562 5375 1615 5430 S.
1643 5375 1808 5440 Max.,
1840 5376 2135 5442 glomicem.

1279 5445 1385 5514 (62)
1425 5447 1579 5499 Idem
1607 5451 1663 5499 et
1689 5448 1844 5511 Ant.,
1871 5447 2140 5499 membris.

1274 5519 1389 5584 (63)
1431 5516 1726 5579 Quomodo
1773 5517 1971 5569 eadem
2017 5515 2248 5577 femina,
2306 5514 2579 5577 invocata,
2621 5515 2675 5570 S.
2739 5517 2892 5571 Wal-

1203 5585 1382 5654 burge
1412 5587 1642 5656 saepius,
1689 5592 1884 5639 sanata
1930 5586 2022 5651 sit,
2064 5586 2310 5656 refertur
2340 5602 2369 5637 a
2418 5586 2742 5656 Wolfhardo
2786 5588 2887 5640 1.x.

1273 5658 1386 5722 (64)
1451 5654 1551 5711 Hs.
1618 5657 1781 5722 Ultr.,
1837 5658 2090 5721 triginta.
2158 5654 2537 5723 Wolfhardus,
2593 5660 2791 5725 septem
2841 5665 2891 5712 et

1204 5728 1421 5794 viginti.

3030 3256 3129 3326 qui
3172 3256 3503 3325 supervenit
3541 3256 3653 3325 (67)
3705 3257 3998 3310 conviator
4048 3257 4291 3311 tertius:
4344 3279 4367 3305 ι
4404 3258 4541 3313 Jam
4594 3276 4743 3313 nunc

3032 3345 3161 3397 lassi
3210 3344 3675 3415 conquiescentes
3732 3344 3804 3398 de
3856 3345 3999 3397 meis
4054 3346 4317 3415 pransuri
4378 3347 4739 3401 cibusculis:

3028 3433 3391 3502 postmodum
3426 3448 3492 3485 ea
3521 3433 3741 3486 ratione
3779 3432 4152 3500 dormiamus,
4207 3438 4271 3487 ut
4301 3434 4602 3489 nimirum
4631 3443 4731 3489 ter-

3029 3519 3143 3573 tius
3182 3537 3440 3574 securam
3487 3520 3744 3590 vigiliam
3779 3522 4060 3575 exhibeat
4103 3522 4350 3583 duobus,
4406 3536 4473 3577 ut
4529 3526 4615 3578 sic
4660 3542 4739 3593 ge-

3028 3608 3184 3661 mina
3226 3608 3653 3661 refocillationis
3690 3613 3748 3662 et
3775 3609 4127 3679 pausationis
4166 3611 4546 3665 recreatione
4606 3615 4734 3665 rele.

3028 3696 3141 3749 vati
3160 3702 3401 3767 coeptam
3432 3697 3493 3751 in
3531 3697 3776 3751 Domino
3803 3698 4225 3767 profectionem
4276 3700 4685 3768 perﬁciamus.
4712 3720 4732 3747 ι

3029 3785 3247 3849 Quibus
3279 3786 3383 3839 hoc
3420 3785 3638 3839 bonum
3686 3786 3989 3841 consilium
4037 3786 4316 3841 insidiose
4362 3791 4733 3860 approbantio

3028 3874 3153 3941 bus,
3187 3874 3431 3943 sumpsit
3462 3875 3606 3928 alter
3634 3874 3702 3929 de
3720 3875 3944 3929 duobus
3974 3876 4254 3929 consociis
4276 3892 4574 3931 somnum
4607 3880 4729 3931 ima-

3027 3962 3348 4033 ginarium;
3410 3962 3508 4016 sed
3554 3963 3756 4017 tertius
3787 3963 3888 4035 qui
3951 3965 4306 4035 supervenit,
4362 3969 4729 4020 mortiferum

3026 4056 3195 4120 atque
3227 4051 3621 4106 novissimum.
3659 4052 3800 4106 Nam
3827 4052 4092 4121 protinus
4120 4058 4319 4107 contra
4360 4054 4728 4109 innocentem

3024 4140 3433 4206 consurgentes
3467 4137 3875 4192 nefandissime
3915 4138 4362 4194 interemerunt.

3100 4228 3180 4279 18.
3210 4225 3331 4288 Quo
3381 4230 3726 4295 perpetrato,
3782 4226 3923 4297 quid
3966 4228 4036 4281 de
4084 4228 4427 4284 mortificati
4462 4232 4725 4285 cadavere

3024 4313 3351 4383 impiissimi
3381 4318 3636 4384 agerent,
3671 4316 4054 4385 coangustati.
4088 4316 4329 4371 tandem
4362 4333 4586 4374 eorum
4607 4323 4730 4373 alter

3023 4400 3359 4455 horribilem
3423 4402 3701 4456 sarcinam
3771 4404 4018 4474 propriis
4089 4404 4382 4475 coaptavit
4454 4408 4727 4469 humeris,

3021 4490 3304 4559 coepitque
3355 4490 3722 4560 perscrutari,
3763 4491 3863 4545 ubi
3909 4492 3970 4546 in
4000 4492 4263 4563 quolibet
4306 4494 4493 4550 devio
4522 4498 4616 4551 vel
4647 4497 4729 4550 ab-

3017 4579 3136 4634 dito
3198 4579 3607 4633 mortificatum
3672 4581 4025 4652 exposuisset
4083 4582 4228 4636 loco.
4292 4584 4571 4640 Tandem
4641 4587 4728 4639 hoc

3014 4667 3265 4735 invento,
3290 4669 3427 4724 dum
3453 4670 3781 4741 amplexum
3803 4686 3837 4725 a
3868 4686 3926 4725 se
3961 4686 4167 4741 corpus
4212 4678 4542 4727 conaretur
4571 4675 4727 4745 depo-

3014 4771 3174 4822 nere,
3234 4758 3404 4827 coepit
3442 4775 3476 4812 a
3520 4761 3749 4813 mortuo
3799 4758 3961 4812 vivus
4012 4758 4226 4813 arctius
4285 4764 4652 4831 constringi,
4678 4768 4729 4815 ut

3013 4847 3171 4899 nullo
3191 4848 3492 4902 conanime
3534 4848 3754 4902 funeris
3782 4849 4011 4919 pondus
4044 4865 4079 4902 a
4102 4864 4159 4902 se
4180 4850 4491 4920 potuisset
4528 4854 4730 4922 disjuno

3013 4950 3165 5003 gere.
3196 4935 3341 4999 Quid
3372 4936 3581 4990 faceret
3609 4935 4071 4991 infelicissimus?
4115 4937 4344 4991 Anxius
4382 4956 4727 5011 quocunque

3009 5038 3249 5092 pergere
3279 5024 3609 5089 studuisset,
3633 5025 4100 5079 indeclinabilem
4143 5027 4236 5079 sui
4268 5027 4568 5084 facinoris
4615 5048 4725 5101 pro-

3010 5110 3270 5164 ditricem
3293 5112 3362 5165 ad
3394 5128 3453 5165 se
3496 5113 3858 5166 tenacissime
3901 5113 4398 5183 conglutinatam,
4436 5119 4724 5173 horrorem

3009 5199 3227 5252 cunctis
3256 5199 3560 5268 incutiens,
3620 5202 4017 5273 comportavit.
4089 5202 4195 5255 Cui
4255 5203 4504 5261 interea
4556 5210 4724 5277 fatiga

3077 5373 3194 5442 (65)
3232 5374 3442 5454 Wolfh.
3482 5376 3547 5429 de
3584 5377 3780 5431 altaris
3834 5378 3999 5431 calice
4044 5386 4369 5436 consecrato
4431 5386 4546 5439 tibi
4580 5402 4717 5454 pacs-

3002 5443 3116 5497 lum
3144 5448 3444 5512 porrigant.

3075 5517 3183 5594 (66)
3223 5520 3385 5594 Anno
3418 5518 3541 5581 895:,
3581 5522 3642 5570 ut
3674 5517 3982 5594 probatum
4032 5518 4101 5572 ad
4131 5535 4266 5592 cap.
4305 5526 4369 5594 2,
4403 5527 4449 5581 ι.
4514 5546 4554 5583 ιι
4600 5526 4717 5579 Wol-

2999 5584 3204 5646 fhardi,
3239 5586 3336 5640 ubi
3364 5588 3483 5640 haec
3515 5584 3843 5641 narrantur.

3072 5656 3185 5725 (67)
3228 5657 3325 5711 Ms.
3351 5658 3490 5711 Ultr.
3513 5663 3571 5712 et
3599 5658 3836 5724 Trevir.,
3863 5666 4213 5716 commeator.
