4944 6574
675 362 689 410 1
711 358 784 409 101

1716 360 1782 412 ΙΝ
1813 358 2219 414 OPUSCULUM
2262 357 2710 420 SUBSEOUENS
2750 355 3089 412 MONITUM.

4012 362 4145 414 1102

668 490 843 543 biliter
873 488 944 542 de
975 489 1101 543 loco
1126 489 1195 542 ad
1228 489 1417 541 locum
1438 487 1668 558 vaganti
1690 488 1922 559 quidam
1954 488 2062 542 sibi
2087 488 2348 559 cognitus
2386 494 2428 545 Α
2458 488 2557 541 lati
2616 487 2857 557 ponderi
2903 486 3159 557 ignotam
3203 487 3525 556 acquireret
3581 488 3954 557 sepulturam,
4015 505 4147 544 cum

671 576 944 643 obviavit;
996 577 1093 631 sed
1139 581 1436 646 conspecto
1490 581 1663 631 tanta:
1721 577 2118 631 horribilitatis
2176 594 2347 631 onere

667 680 803 736 pene
834 665 1111 718 exanimis
1143 664 1544 733 expallescens,
1587 665 1817 719 tandem
1867 666 2058 718 animo
2112 681 2349 734 recupe-

669 755 799 815 rato,
867 766 968 803 cur
1032 754 1146 803 tam
1206 751 1491 804 horrificas
1546 751 1713 805 molis
1769 751 1995 820 bajulus
2047 751 2349 805 exstitisset

666 844 1056 910 percunctatus
1085 844 1189 892 est.
1226 842 1297 891 At
1329 839 1445 906 ille,
1481 844 1543 892 ut
1570 841 1677 894 sibi
1708 840 1976 894 familiari
2007 840 2191 893 amico
2222 856 2348 893 cre-

668 929 826 981 dulus
878 933 1149 981 cunctum
1216 929 1385 997 hujus
1452 928 2021 982 commachinationis
2082 928 2347 982 ordinem

667 1016 960 1081 referebat,
995 1020 1051 1069 et
1081 1022 1143 1068 ut
1172 1032 1289 1069 suae
1331 1017 1669 1070 calamitatis
1717 1018 2112 1071 commisertus
2158 1021 2350 1086 grave-

665 1104 849 1157 dinem
889 1120 1003 1174 qua
1048 1104 1367 1157 miserrime
1418 1104 1920 1174 comprimebatur,
1973 1121 2005 1157 a
2051 1122 2108 1158 se
2152 1106 2348 1157 exclu-

664 1193 792 1245 dere
840 1192 1090 1262 quodam
1147 1193 1316 1245 modo
1367 1193 1783 1261 comprobaret.
1843 1195 1999 1246 Tunc
2048 1194 2143 1247 ille
2184 1194 2347 1247 facile

661 1296 759 1333 suo
785 1279 968 1334 amico
1002 1295 1167 1349 posse
1198 1295 1525 1333 succurrere
1551 1280 1850 1348 arbitrans,
1886 1286 2111 1351 arrepto
2162 1281 2348 1350 gladio

662 1384 829 1438 quem
867 1384 1060 1421 secum
1111 1369 1348 1434 ferebat,
1403 1369 1731 1422 mortiﬁcati
1778 1371 2033 1439 corporis
2086 1369 2343 1431 brachia,

656 1456 927 1525 gestantis
994 1456 1164 1509 amici
1229 1455 1506 1509 cervicem
1584 1456 1848 1509 vivaciter
1910 1456 2345 1527 complexantia,

657 1543 1025 1609 articulatim,
1059 1544 1168 1597 nisi
1200 1544 1366 1596 aliter
1388 1543 1701 1614 nequisset,
1754 1545 2082 1597 abscindere
2131 1546 2345 1611 volens,

654 1637 941 1701 quatenus
975 1648 1142 1686 suum
1192 1632 1259 1686 ab
1304 1633 1475 1702 hujus
1504 1632 1747 1686 inauditi
1795 1633 2025 1687 ludibrii
2076 1633 2347 1685 violentia

654 1725 881 1773 erueret
911 1720 1180 1773 amicum.
1229 1720 1361 1787 Sed,
1406 1736 1496 1774 res
1541 1721 1685 1774 mira
1734 1726 1790 1775 et
1834 1721 2138 1792 stupenda,
2188 1726 2243 1774 et
2287 1721 2345 1774 in

2459 577 2617 630 omni
2645 576 2867 646 impetu
2892 592 2950 627 se
2973 574 3350 645 praecipitavit
3379 577 3437 627 in
3486 575 3638 627 illius
3684 575 3871 645 abyssi
3919 578 4141 648 voragi-

2457 681 2591 718 nem
2618 664 2746 735 (68).
2784 664 2890 718 Sed
2926 664 3158 717 Rhenus
3208 664 3353 715 tanti
3398 662 3652 716 criminis
3700 664 4145 733 immunditiam,

2459 769 2620 806 suam
2649 753 2903 822 priedam
2934 768 3046 804 non
3077 767 3196 804 esse
3222 767 3597 821 prmsumens,
3631 752 3846 822 absque
3886 754 4002 806 ulla
4034 769 4150 806 mo-

2459 841 2583 893 rula
2613 840 2954 910 parricidam
2985 855 3113 892 cum
3146 855 3247 891 suo
3284 840 3602 892 morticinio
3634 841 3823 895 vivum
3873 841 3941 893 ad
3989 842 4149 894 littus

2460 929 2759 981 revomuit.
2796 928 3153 998 Stupefactus
3201 933 3390 981 autem
3435 929 3796 998 nimiumque
3844 930 4148 983 exterritus

2458 1017 2714 1086 ejusdem
2748 1016 3058 1081 conviator,
3089 1020 3146 1069 et
3176 1016 3243 1068 de
3274 1016 3397 1085 ejus
3437 1016 3756 1085 direptione
3797 1017 3965 1070 nimis
4012 1034 4147 1071 con-

2458 1105 2770 1174 gratularis,
2805 1105 2951 1156 sicut
2983 1104 3052 1157 de
3081 1104 3313 1156 alterius
3345 1105 3664 1157 calamitate
3713 1106 4141 1174 collacrymans,

2457 1193 2688 1245 tandem
2720 1192 3098 1246 miserabilem
3145 1208 3274 1245 cum
3325 1193 3635 1245 miserabili
3687 1209 3859 1246 onere
3906 1195 4149 1249 derelin-

2458 1296 2661 1350 quens,
2690 1281 2759 1334 ad
2790 1281 2846 1335 S.
2894 1280 3215 1350 Walburgze
3257 1280 3667 1333 monasterium
3707 1282 3926 1335 concito
3979 1299 4147 1337 cursu

2460 1370 2708 1428 advenit.
2742 1369 2939 1438 reique
2982 1373 3154 1438 gestae
3204 1369 3408 1421 seriem
3449 1385 3551 1438 per
3588 1366 3847 1423 ordinem
3895 1370 4145 1424 veridico

2459 1474 2556 1511 ore
2586 1458 2798 1511 ibidem
2828 1457 3044 1510 cunctis
3072 1456 3339 1520 narravit,
3364 1457 3689 1526 summique
3712 1457 4030 1527 juramenti
4051 1474 4149 1529 ap-

2458 1545 2794 1614 probatione
2874 1543 3183 1608 afﬁrmare,
3262 1544 3308 1595 si
3372 1544 3816 1613 permitteretur,
3888 1545 4145 1599 libentis-

2459 1633 2600 1687 sime
2633 1633 2829 1686 voluit.
2866 1633 3064 1685 Fertur
3107 1648 3353 1702 namque
3382 1632 3650 1701 praefatus
3676 1633 3892 1686 funeris
3918 1634 4151 1703 captivi-

2457 1726 2570 1775 tate
2601 1722 2885 1781 detentus,
2930 1722 2987 1773 Β.
3036 1720 3356 1789 Walburgee
3405 1720 3636 1790 virginis
3685 1721 3947 1790 praesidia
3996 1738 4147 1792 saepe

652 1807 903 1861 Domino
934 1808 1065 1861 Jesu
1098 1807 1321 1861 Christo
1354 1807 1670 1862 laudanda!
1706 1826 1836 1862 mox
1868 1814 1931 1863 ut
1962 1826 2162 1863 manus
2194 1809 2347 1861 illius
2390 1830 2427 1883 Β
2461 1810 2707 1863 voluisse
2738 1809 2913 1870 adire,
2944 1808 3035 1861 sed
3061 1824 3358 1878 nunquam
3398 1808 3553 1861 illius
3602 1809 3851 1863 ecclesiae
3900 1810 4149 1863 conﬁnia

653 1896 868 1948 mortui
903 1896 1256 1949 cohaerentes
1288 1898 1525 1950 lacertos
1567 1898 1871 1967 attigerant
1916 1898 2346 1965 abscindendos,

650 1984 988 2037 abscissoris
1039 2000 1245 2054 corpus
1280 1985 1441 2055 quasi
1487 1986 1848 2039 tenacissimo
1897 1986 2176 2039 bitumine
2219 2003 2352 2038 con-

650 2071 1055 2140 glutinabatur
1102 2072 1216 2125 illis
1254 2073 1495 2126 duobus.
1547 2073 1655 2127 Sed
1705 2074 1897 2126 statim
1941 2073 2134 2127 divina
2181 2073 2351 2125 mise-

646 2160 879 2214 ratione
913 2166 1288 2230 compunctus
1314 2178 1549 2215 suorum
1583 2162 1860 2215 scelerum
1899 2161 2352 2231 collacrymando

2460 1915 2623 1967 posse
2678 1897 3036 1966 contingere,
3096 1901 3155 1948 ut
3208 1896 3428 1967 liquido
3485 1902 3900 1951 monstraretur
3948 1899 4147 1968 quanti

2460 1990 2649 2039 reatus
2692 1986 2955 2038 existeret
3003 1984 3229 2037 vinculo
3281 1985 3599 2054 colligatus,
3654 1986 3751 2055 qui
3800 1986 3879 2039 sic
3926 1988 4143 2056 procul,

2460 2091 2533 2129 ne
2565 2074 2634 2128 ad
2678 2073 2733 2127 S.
2762 2073 3085 2140 Walburgaa
3132 2072 3544 2126 monasterium
3591 2072 3704 2125 ullo
3735 2074 3906 2126 modo
3938 2075 4149 2143 pertin-

2461 2176 2595 2230 gere
2622 2164 2831 2229 posset,
2868 2164 3243 2212 coerceretur.
3299 2161 3456 2212 Hunc
3498 2160 3661 2212 multi
3691 2176 3819 2213 cum
3843 2162 3963 2229 jam
3996 2178 4145 2231 saepe

2462 2247 2597 2301 dicti
2661 2247 2850 2301 oneris
2904 2248 3077 2313 mole,
3132 2247 3232 2317 qui
3276 2252 3410 2300 tunc
3465 2248 3739 2318 temporis
3788 2250 4145 2315 exstiterunt,

2461 2336 2729 2389 viderunt
2782 2352 2794 2389 :
2852 2337 3003 2390 unde
3059 2340 3279 2389 constat
3335 2352 3699 2406 nequaquam
3751 2353 3870 2390 esse
3919 2338 4147 2406 falsum,

2464 2423 2618 2494 quod
2649 2429 2764 2477 tam
2790 2424 3173 2494 plurimorum
3213 2425 3571 2478 attestatione
3616 2441 3737 2479 esse
3789 2442 3983 2479 verum
4031 2442 4150 2480 cor-

2464 2513 2785 2566 roboratur.

2534 2603 2622 2653 20.
2655 2602 2783 2654 Haec
2814 2599 3003 2670 itaque
3031 2601 3195 2670 signa
3227 2604 3281 2653 et
3310 2600 3568 2671 prodigia
3614 2600 3705 2654 hic
3750 2617 3900 2654 nunc
3942 2601 4152 2671 scripto

2465 2689 2898 2758 comprehensa,
2939 2705 3061 2759 quae
3115 2689 3305 2743 divina
3344 2689 3611 2758 majestas
3658 2690 3716 2742 in
3762 2689 3857 2742 illa
3904 2690 4153 2743 novitate

2468 2777 2873 2831 sublevationis
2910 2792 2977 2830 ex
3026 2782 3401 2830 monumento
3446 2777 3785 2847 corpusculi,
3823 2779 3935 2831 Deo
3966 2784 4021 2832 et
4049 2778 4154 2831 ho-

646 2249 1058 2314 reminiscens,
1135 2250 1474 2318 precabatur
1570 2255 1850 2320 quatenus
1914 2250 2197 2301 immensa
2256 2248 2355 2301 Dei

644 2337 966 2391 clementia
1007 2353 1111 2407 per
1166 2339 1227 2391 B.
1291 2338 1609 2407 Walburgaa
1660 2337 1929 2407 suffragia
1984 2338 2091 2389 sibi
2151 2336 2352 2390 miser-

643 2427 801 2479 rimo
866 2425 1235 2497 nimiumque
1284 2426 1605 2480 facinoroso
1682 2426 1943 2479 misereri
1998 2426 2350 2495 dignaretur.

647 2513 754 2567 Cui
812 2514 1152 2583 hujusmodi
1197 2514 1561 2584 supplicanti,
1612 2530 1826 2584 suaque
1874 2513 1943 2567 ad
1989 2513 2045 2567 S.
2100 2514 2356 2567 Walbur-

640 2618 781 2672 gam
818 2608 963 2655 vota'
989 2603 1297 2656 multifarie
1330 2602 1686 2671 pollicitanti,
1726 2604 2089 2672 multumque
2122 2602 2355 2671 ejulanti

643 2690 970 2744 disnexum
1003 2696 1088 2743 est
1136 2706 1362 2760 corpus,
1415 2695 1469 2742 et
1516 2691 1759 2743 nimium
1808 2690 1987 2743 libero
2033 2692 2358 2744 consolatus

638 2779 935 2832 utebatur
973 2778 1211 2839 incessu,
1264 2778 1462 2831 erectis
1508 2779 1687 2832 oculis
1745 2794 1807 2831 ac
1855 2778 2120 2832 manibus
2177 2780 2356 2832 Deum

639 2881 889 2935 semper
920 2868 979 2918 et
1005 2864 1241 2934 ubique,
1288 2870 1655 2935 sanctamque
1685 2865 2010 2935 gloriﬁcans
2038 2866 2349 2935 virginem.
2468 2866 2718 2919 minibus
2779 2866 3111 2919 adamandze
3168 2865 3405 2935 virginis
3448 2866 3686 2935 peregit,
3736 2866 3982 2919 multum
4030 2867 4153 2919 lau-

715 2956 808 3008 19.
886 2953 1048 3005 Tunc
1108 2953 1322 3021 pariter
1383 2953 1633 3006 terriﬁco
1699 2953 2051 3007 sarcinarum
2108 2954 2358 3023 pondere
2470 2954 2655 3008 danda
2680 2959 2735 3007 et
2763 2955 3097 3007 admiranda
3128 2959 3277 3007 sunt.
3320 2954 3429 3008 Sed
3456 2954 3638 3007 adhuc
3685 2954 3743 3007 in
3787 2954 4021 3007 diversis
4050 2969 4155 3023 per

634 3056 839 3110 usque
875 3039 951 3092 ad
988 3039 1146 3093 littus
1169 3040 1353 3093 Rheni
1384 3040 1785 3106 comitabatur,
1829 3040 2022 3111 ibique
2066 3041 2201 3093 dum
2256 3041 2357 3093 ali-
2405 3104 2433 3111 Α
2470 3046 2654 3094 totum
2686 3041 3033 3095 Francorum
3074 3056 3315 3110 regnum
3346 3040 3675 3111 provinciis,
3729 3057 3857 3110 quae
3903 3041 4159 3110 ejusdem

631 3128 1016 3200 quantulum
1048 3127 1411 3193 constitisset,
1445 3129 1812 3198 praescriptus
1846 3129 2019 3182 miser
2048 3129 2191 3181 tanti
2221 3144 2357 3181 one-
2398 3104 2436 3158 Ο
2471 3131 2712 3200 virginis
2776 3131 3147 3201 reliquiarum
3218 3130 3549 3200 pignoribus
3612 3129 3909 3183 illustrataa
3969 3129 4164 3183 consi-

632 3218 716 3271 ris
750 3216 1052 3287 gravitate
1082 3220 1137 3269 et
1168 3216 1457 3269 dedecoris
1486 3216 1819 3270 confusione
1851 3216 2114 3283 afﬂictus,
2147 3217 2363 3269 malens
2474 3225 2650 3285 stunt,
2718 3218 2974 3289 quotidie
3038 3219 3205 3288 plura
3283 3218 3793 3287 excellentioraque
3875 3220 4166 3286 prmeonio

629 3305 863 3359 mortis
891 3303 1089 3357 subire
1116 3303 1435 3371 interitum,
1461 3320 1633 3373 quam
1665 3305 2010 3358 detestabilis
2042 3309 2098 3358 et
2126 3305 2364 3373 ingrata:
2473 3306 2643 3375 digna
2675 3305 3005 3360 efﬁciuntur
3033 3321 3135 3374 per
3159 3306 3350 3358 Jesum
3395 3303 3681 3357 Christum
3731 3304 4037 3358 Dominum
4071 3320 4169 3357 nov

625 3395 779 3447 vitae
818 3391 1131 3446 fastidium
1166 3391 1381 3445 diutius
1411 3392 1711 3457 sustinere,
1746 3392 1932 3445 Rheni
1969 3393 2195 3446 alveum
2224 3408 2359 3445 con-
2474 3399 2678 3460 strum,
2711 3393 2802 3447 cui
2830 3398 2913 3446 est
2951 3409 3081 3447 cum
3111 3395 3275 3446 Patre
3306 3397 3362 3446 et
3391 3392 3606 3462 Spiritu
3653 3397 3846 3446 sancto
3896 3392 4166 3463 perennis

624 3483 972 3549 scendens,
1005 3485 1286 3551 quatenus
1315 3480 1394 3534 sic
1423 3480 1535 3534 sibi
1563 3497 1780 3552 suoque
1819 3480 2109 3535 cadaveris
2154 3496 2364 3550 coagu-
2475 3482 2658 3552 gloria
2687 3482 2748 3536 in
2778 3481 2983 3537 stecula
3002 3483 3358 3536 saeculorum.
3391 3484 3594 3534 Amen.

704 3639 837 3712 (68)
870 3638 1193 3709 Sequentia
1216 3638 1379 3693 aliter
1410 3642 1603 3693 narrat
1632 3638 2011 3693 Wolfhardus.

1510 3938 1582 3991 IN
1625 3936 2039 3992 OPUSCULUM
2076 3935 2520 3999 SUBSEQUENS
2562 3936 2627 3991 Β.
2671 3938 2733 3990 Ρ.
2776 3937 3137 3993 BERNARDI
3175 3939 3349 3993 PEZII

2162 4101 2692 4175 MONITUM.

1375 4267 1703 4321 Dissertatio
1728 4267 2006 4334 isagogica
2037 4266 2098 4320 in
2126 4270 2267 4320 tom.
2300 4266 2376 4319 ΙΙΙ
2411 4266 2674 4321 Thesauri
2697 4267 2960 4322 Anecdot.
2992 4270 3213 4333 noviss.,
3244 4282 3372 4338 pag.
3406 4284 3488 4322 III.

692 4540 1109 4618 opusculum
1141 4539 1207 4592 de
1236 4537 1612 4618 crassitudine
1643 4538 1900 4618 Spuma,
1928 4536 1999 4616 ad
2028 4535 2472 4616 Sylvestrum_ll,
2521 4539 2692 4618 antea
2719 4535 3108 4618 Gerbertum,”
3132 4534 3429 4618 scribendo
3480 4550 3675 4588 ansam
3723 4536 3972 4618 praebuit
4017 4537 4178 4618 Adel-

861 4576 1109 4595 ουωιημ
1141 4576 1203 4592 ιη
1237 4576 1609 4595 υ.ωσσ.νωι....υ
1643 4576 1681 4592 υ
1724 4576 1875 4590 mm...
1928 4576 1999 4589 μη
2029 4576 2063 4590 υ
2104 4576 2373 4589 .............
2403 4576 2448 4589 ..
2521 4576 2686 4589 ..μ-ν..
2722 4576 3055 4589 “unum...
3132 4576 3428 4588 υνυυνμυν
3480 4576 3675 4588 νην...-
3766 4576 3972 4590 ww-..
4017 4576 4159 4591 ..μω

599 4576 1180 4676 ὺοῗάμουάἱῖὓοὶιίοι*
1208 4610 1445 4684 quidam
1496 4610 1652 4684 locus
1680 4576 1965 4684 ’ᾔδει-φίῄῇ
2004 4576 2174 4676 quper
2220 4576 2513 4684 somnium
2549 4605 2851 4684 scipionis,
2892 4604 2995 4684 _u_bi
3038 4576 3117 4684 ait
3165 4610 3487 4684 compertum
3513 4576 3843 4684 essentpud
3887 4613 4181 4684 geometras

592 4675 1071 4761 peritissimos,
1111 4685 1171 4734 ut
1199 4675 1501 4761 iii-duobus
1544 4680 1784 4761 circulis,
1818 4680 1868 4761 si
1895 4675 2221 4761 diametrum
2267 4676 2701 4761 uniusnduplum
2736 4679 2825 4761 ‘sit
2870 4675 3148 4761 diametro,
3179 4678 3440 4761 alterius,‘
3469 4676 3585 4761 ejus
3627 4677 3819 4761 circuli
3856 4678 4180 4761 crassitudo,

601 4746 806 4830 Eujus
832 4746 1211 4830 diametrum
1239 4751 1466 4830 duplum
1510 4753 1605 4814 sit,
1651 4750 1873 4830 octupla
2018 4748 2376 4830 crqssitudini
2404 4748 2551 4830 illius
2583 4747 2791 4809 circuli,
2827 4746 3334 4830 cujus‘su‘bt‘tuplum
3366 4748 3811 4830 est‘dianieta‘ym,
3837 4752 3959 4829 .etc.
4003 4747 4183 4830 Quam

600 4816 1017 4888 d6ctriiiam
1050 4823 1188 4875 dum
1229 4816 1486 4874 accurate
1536 4816 1791 4888 explicati
1832 4818 2195 4883 Adelboldus,
2248 4833 2367 4870 rem
2412 4823 2604 4869 tamen
2656 4832 2884 4888 omnem
2936 4817 3007 4869 ad
3055 4816 3384 4869 Silvestrum
3434 4816 3656 4869 defert:
3686 4818 3747 4869 In
3789 4818 3873 4871 his
3917 4819 4183 4884 omnibus,

597 4900 879 4972 inquit,
925 4896 987 4948 si
1016 4907 1156 4972 erro,
1192 4907 1281 4944 oro
1311 4896 1371 4943 ut
1401 4891 1474 4972 ad
1512 4887 1659 4943 viain
1704 4891 1952 4972 veritatis
1976 4889 2247 4972 .i'e‘duca‘r.
2282 4889 2546 4972 ‘Silviam‘
2593 4887 3309 4972 teneo,"nihilominus‘peto
3346 4890 3405 4939 ut
3446 4890 3533 4939 cia
3570 4901 3687 4972 qua:
3706 4903 3809 4972 ante
3854 4888 4189 4972 dubitantem

598 4957 784 5030 ten‘et
824 4957 906 5021 iii
966 4963 1218 5027 tenebris,
1260 4963 1429 5014 vestri
1475 4975 1723 5014 assensus
1769 4961 2097 5013 auctoritate
2143 4960 2423 5011 illustrata
2469 4960 2720 5011 relucent.
2770 4957 2847 5030 Ex
2893 4957 3099 5030 quibus
3145 4957 3415 5030 discimus
3443 4958 3679 5030 quanti
3706 4957 4192 5030 Silvestrierudi-

590 5027 891 5100 tionem
931 5033 1143 5087 fecerit
1173 5031 1544 5097 Adelboldus,
1573 5031 1673 5101 qui
1703 5031 1811 5083 hoc
1842 5030 2117 5099 scriptum
2149 5032 2279 5081 ante
2312 5043 2531 5101 annum
2561 5030 2695 5101 l(_)03
2733 5028 2844 5101 qui
2862 5028 3096 5080 ultimus
3138 5027 3560 5101 Silvestrofuit,
3595 5028 3791 5101 debuit
3826 5028 4187 5101 concinnare.

725 5128 817 5167 ex
859 5105 1020 5162 cod.
1058 5119 1162 5155 ms.
1214 5098 1609 5155 membraneo'
1634 5117 1914 5154 annorum
1957 5098 2357 5171 sexcentorum
2398 5098 2758 5171 bibliothecae
2805 5098 3239 5171 Tegernseensis
3274 5098 3461 5171 nobis
3505 5098 4084 5171 suppeditavitadm.
4122 5100 4189 5153 R.

586 5168 672 5244 ἐξ
703 5184 799 5239 cl.
879 5180 963 5232 P.
1020 5175 1345 5243 Alphonsus
1393 5172 1632 5229 Hueber.
1682 5171 1820 5244 alias
1852 5170 2079 5244 anobis
2131 5169 2628 5244 laudatuS_._Alius_
2673 5170 2976 5244 est__codex
3030 5168 3315 5244 Petrensis
3362 5168 3639 5244 ejusdem
3670 5169 3851 5244 aetatis
3896 5169 4070 5244 injtfz,
4120 5171 4193 5225 ad

580 5238 821 5331 ᾇξλέω
912 5238 1113 5331 idern
1146 5244 1485 5331 opusculum
1538 5242 1852 5331 exegimus.
1911 5242 2205 5331 apstremo
2254 5238 2993 5331 cl..Egl'mundusnM‘ai;tene
3042 5239 3101 5318 iu
3142 5239 3351 5331 Itinjere
3410 5255 3513 5291 suo
3561 5238 4192 5331 litterarioJCalli‘cano,

578 5308 780 5403 {ia—Et.
855 5336 940 5383 ιι,
998 5318 1097 5403 921
1137 5308 1595 5403 rtestatur,seA‘iAn
1645 5308 3134 5403 ξξξὶῖεζῐίξ-ςιλξξιὲξιξεξξῖρξιξξΕἰλεοὶ)ξῇωςὲῐθὲιιιιηθηθὶε
3179 5310 3381 5363 vidisse
3428 5324 3559 5378 Opus
3588 5309 3887 5363 Λίλαιὁοίάί
3913 5310 4189 5366 adSilve-

574 5380 819 5459 strum
859 5380 1104 5461 papam
1129 5387 1201 5438 De
1230 5386 1451 5449 circulo,
1485 5388 1617 5448 etc.,
1649 5382 1805 5453 quod
1830 5382 1952 5435 sine
1980 5381 2156 5435 dubio
2183 5382 2288 5435 hoc
2318 5380 2507 5449 ipsum
2538 5384 2796 5434 nostrum
2829 5385 2931 5433 est.

1382 5662 1427 5699 \
