4944 6554
1358 454 1493 507 1103

2448 457 2841 514 ADELBOLDI
2876 457 3385 516 TRAJECTENSIS
3422 458 3734 515 EPISCOPI

4711 456 4831 510 1104

2726 766 3449 883 ADELBOLDI

2253 961 2562 1017 EPISCOPI
2597 961 3115 1019 TRAJECTENSIS.

3156 962 3376 1019 ORDIN
3383 962 3443 1017 IS
3479 961 3534 1017 S.
3578 961 3946 1018 BENEDICTI

2838 1161 3357 1235 LIBELLUS

1352 1366 1508 1500 DE
1611 1363 2170 1499 RATIONE
2269 1312 3028 1499 lNVENIENDI
3123 1363 4135 1501 CBASSITUDINEM
4230 1364 4839 1500 SPHXERE.

2481 1601 2604 1662 AD
2663 1600 3287 1663 SILVESTRUM
3347 1601 3413 1662 II
3474 1602 3547 1663 P.
3608 1602 3711 1663 M.

1591 1772 1808 1832 Prodit
1843 1791 1999 1832 nunc
2036 1774 2298 1851 primum
2339 1772 2399 1829 in
2438 1770 2625 1830 lucem
2666 1788 2742 1829 ea:
2766 1770 2935 1830 codd.
2960 1790 3096 1830 mss.
3139 1770 3495 1851 z'nclytorum
3539 1772 4033 1831 monasteriorum
4078 1770 4133 1830 Τ
4127 1773 4530 1848 ερρνηερρηειζς
4560 1782 4619 1831 et

1630 1860 2181 1921 Sancti-Petrensis
2208 1860 2459 1933 Saliis
2493 1878 2673 1940 opera
2702 1859 2858 1919 adm.
2900 1860 2969 1920 It.
3003 1859 3078 1919 Β.
3114 1860 3187 1919 Ρ.
3222 1859 3518 1939 Alphonsz'
3541 1859 3802 1933 Hueber,
3837 1871 4047 1920 ascetw
4083 1859 4137 1920 Τ
4131 1861 4557 1939 egernseensz's.

1743 2029 1929 2099 (Apud
1962 2029 2027 2084 R.
2051 2030 2112 2083 P.
2146 2029 2495 2083 Bernardum
2527 2026 2777 2094 Pezium,
2811 2028 3070 2081 Thesaur.
3102 2026 3360 2082 Anecdot.
3394 2028 3589 2081 noviss.
3620 2032 3760 2080 tom.
3795 2027 3890 2094 Ill,
3920 2031 4079 2097 parte
4110 2042 4169 2092 ιι,
4202 2027 4311 2080 col.
4342 2029 4455 2096 85.)

1431 2338 1670 2395 Domino
1715 2338 2003 2393 SILvasrao
2042 2351 2266 2389 summo
2297 2345 2351 2388 et
2384 2333 2643 2405 pontiﬁci
2687 2339 2743 2387 et
2790 2334 3045 2404 philoso-
3081 2341 3124 2392 Α

1359 2430 1474 2500 pho
1507 2432 1863 2483 ADELBOLDUS
1902 2424 2268 2479 scholasticus
2313 2423 2441 2477 vitae
2487 2428 2544 2476 et
2586 2421 2871 2477 felicitatis
2919 2438 3044 2492 per-

1356 2516 1718 2588 petuitatem.

1427 2604 1601 2658 Valde
1657 2618 1887 2673 peccare
1943 2605 2026 2655 est
2076 2600 2321 2672 publicis
2378 2600 2661 2653 intentum
2705 2598 3049 2653 utilitatibus

1355 2692 1592 2764 privatis
1620 2690 1940 2762 inquietare
1966 2688 2459 2743 conventionibus.
2504 2688 2609 2743 Sed
2661 2687 2769 2741 hoc
2814 2686 3047 2756 ingenio

1359 2784 1542 2834 vestro
1574 2778 1819 2847 conﬁdo,
1844 2784 1909 2833 ut
1939 2778 2107 2831 simul
2150 2782 2206 2830 et
2253 2776 2335 2829 rei
2376 2776 2621 2846 publica:
2671 2775 2848 2844 possit
2895 2776 3049 2827 sufti-

1356 2885 1504 2935 cere,
1558 2872 1615 2922 et
1644 2867 1806 2935 mihi,
1849 2882 1913 2920 ex
1960 2867 2069 2920 hoc
2114 2865 2268 2935 quod
2319 2880 2538 2935 quaero,
2588 2863 2931 2916 satisfacere.
2983 2863 3049 2916 Et

1355 2961 1547 3011 tamen
1576 2960 1789 3010 temere
1825 2970 1955 3025 ago,
2003 2959 2059 3007 et
2107 2970 2224 3007 non
2266 2952 2600 3023 ignoranter
2648 2968 2840 3021 pecco,
2891 2950 3046 3021 quod

1356 3052 1577 3099 tantum
1636 3045 1818 3097 virum
1871 3042 2035 3113 quasi
2086 3041 2590 3095 conscholasticum
2639 3038 2867 3109 juvenis
2914 3055 3048 3092 con-

1356 3134 1543 3187 venio.
1593 3132 1702 3187 Sed
1750 3130 2033 3186 confessio
2090 3129 2307 3200 peccati
2351 3130 2575 3182 veniam
2634 3144 2749 3181 non
2800 3133 3044 3193 tantum,

1357 3222 1504 3289 dieo,
1554 3220 1783 3292 quaerit,
1834 3219 1931 3273 sed
1978 3219 2173 3288 exigit.
2224 3219 2479 3272 Fortasse
2534 3216 2795 3287 cogitatis
2856 3220 2917 3269 ut
2970 3216 3047 3269 sic

1356 3325 1582 3380 peccem
1617 3315 1679 3362 ut
1703 3324 1795 3362 me
1823 3323 2087 3378 peccasse
2131 3306 2408 3376 pmnitere
2439 3305 2640 3370 nolim,
2674 3320 2735 3358 ac
2764 3305 2891 3358 ideo
2923 3304 3045 3358 sine

1356 3400 1543 3453 fructu
1573 3395 1926 3468 pmnilentim
1962 3395 2237 3449 confessio
2265 3410 2369 3449 nec
2400 3394 2625 3447 veniam
2656 3393 2858 3447 debeat
2887 3408 3047 3463 qua:-

1356 3502 1502 3553 rere,
1560 3502 1666 3540 nec
1722 3484 2114 3539 remissionem
2170 3483 2421 3553 aliquam
2476 3482 2720 3552 exigere.
2777 3481 2859 3535 Ad
2925 3481 3046 3535 haec

1354 3574 1710 3646 respondebo
1770 3573 1925 3643 quia,
1975 3571 2023 3625 si
2077 3571 2489 3641 benignitatem
2539 3574 2780 3623 vestram
2830 3570 2891 3622 in
2936 3569 3041 3622 hac

1353 3662 1729 3717 conventione
1756 3660 2067 3725 offendero,
2096 3660 2243 3713 ultra
2290 3674 2463 3729 quam
2514 3658 2744 3711 credere
2789 3657 3039 3727 possitis,

1353 3766 1445 3804 me
1473 3766 1569 3803 vos
1619 3748 1947 3803 convenisse
1994 3748 2197 3802 dolebo
2231 3763 2243 3800 :
2276 3763 2341 3801 ac
2385 3746 2516 3800 ideo
2568 3746 2783 3799 dolenti
2827 3750 2882 3799 et
2927 3762 3042 3816 pm-

1351 3838 1581 3907 nitenti,
1622 3837 1907 3907 simulque
1939 3853 1996 3890 se
2027 3851 2287 3907 peccasse
2317 3834 2539 3901 fatenti,
2581 3839 2637 3887 et
2674 3834 2941 3904 deinceps
2969 3834 3041 3887 ab

1350 3926 1632 3996 ejusmodi
1669 3930 1898 3996 peccato
1938 3942 1997 3978 se
2046 3924 2330 3979 abstinere
2373 3923 2585 3977 volenti
2630 3922 2856 3976 veniam
2905 3939 3039 3976 con-

1350 4016 1666 4070 cedendam
1712 4030 1835 4068 esse
1880 4013 2145 4079 censebo,
2194 4012 2265 4066 ab
2305 4028 2371 4065 eo
2414 4012 2664 4066 maxime
2710 4012 2812 4082 qui
2858 4011 3038 4065 vicem

1350 4104 1507 4158 illius
1537 4106 1710 4167 tenet,
1739 4102 1830 4156 cui
1871 4101 2083 4155 dictum
2128 4103 2213 4154 est
2245 4114 2257 4153 :
2296 4121 2318 4148 ε
2372 4100 2497 4153 Non
2542 4099 2665 4153 dico
2712 4098 2816 4153 tibi
2856 4114 3038 4169 usque

1351 4191 1583 4262 septies,
1634 4191 1726 4244 sed
1777 4205 1956 4260 usque
2003 4188 2323 4260 septuagies
2366 4186 2572 4257 septies
2625 4188 2835 4257 (Matth.
2881 4203 3036 4256 xvm,

1350 4280 1459 4350 22).
1503 4301 1524 4327 ι

1421 4369 1480 4423 Si
1522 4371 1710 4421 autem
1762 4382 1874 4419 non
1922 4364 2233 4430 offendero,
2284 4364 2380 4419 sed
2428 4364 2486 4419 id
2547 4364 2830 4435 quassiero
2882 4365 3038 4435 quod

1348 4473 1478 4511 cum
1509 4454 1909 4510 benevolentia
1937 4459 2121 4507 vestra
2150 4454 2386 4524 adeptus
2426 4454 2609 4520 fuero,
2658 4457 2856 4522 utpote
2904 4454 3038 4523 quia

1346 4547 1406 4600 in
1436 4544 1740 4615 adeptione
1788 4559 1916 4597 mea
1958 4548 2015 4597 et
2057 4542 2198 4596 mihi
2248 4547 2304 4596 et
2342 4542 2537 4596 multis
2581 4541 2851 4612 prodesse
2896 4557 3035 4611 gau-

1344 4634 1507 4700 debo,
1534 4632 1902 4704 quaestiones,
1932 4648 2074 4702 quas
2098 4632 2220 4701 jam
2250 4629 2573 4685 auctoritati
2603 4634 2804 4683 vestrm
2845 4634 3033 4684 trans-

1343 4722 1495 4788 misi,
1527 4722 1661 4792 quia
1691 4737 1809 4775 non
1838 4721 2224 4785 resolvuntur,
2253 4735 2346 4773 me
2374 4719 2438 4773 in
2463 4720 2545 4773 eis
2574 4724 2674 4773 aut
2715 4736 2811 4772 vos
2861 4720 3036 4773 offen-

1341 4811 1490 4865 disse
1537 4811 1736 4876 timeo,
1800 4813 1899 4863 aut
1953 4824 2056 4878 pro
2122 4807 2396 4862 dilatione
2455 4807 2760 4861 solutionis
2817 4807 3033 4879 aliquid

1340 4898 1556 4969 grande
1584 4897 1841 4952 futurum
1870 4913 2058 4967 spero.
2092 4896 2200 4951 Sed
2240 4913 2357 4950 non
2387 4896 2543 4951 aliud
2575 4896 2864 4967 quoddam
2897 4913 3030 4966 pro-
3071 4894 3112 4950 C

1335 5003 1568 5056 ponam,
1611 4991 1675 5039 ut
1711 4991 1811 5039 aut
1844 5001 1910 5038 ex
1947 4987 2074 5050 hoc,
2120 4985 2271 5055 quod
2312 4985 2511 5050 timeo,
2562 4984 2746 5055 magis
2797 4985 3039 5039 doleam

1340 5079 1398 5131 et
1425 5073 1639 5129 doloris
1669 5072 2002 5143 magnitudo
2040 5089 2139 5126 vos
2182 5072 2371 5127 ﬂectat
2413 5072 2484 5127 ad
2513 5074 2737 5128 veniam
2771 5089 2784 5126 :
2813 5077 2914 5127 aut
2954 5090 3041 5127 ex,

1336 5163 1468 5227 hoc,
1499 5161 1652 5232 quod
1675 5176 1859 5232 spero,
1891 5160 2069 5231 magis
2099 5161 2398 5231 gaudeam,
2429 5166 2486 5215 et
2515 5160 2713 5231 gaudii
2758 5161 2874 5214 mei
2905 5162 3027 5231 ple-

1336 5251 1539 5305 nitudo
1566 5248 2095 5305 remunerationem
2136 5248 2294 5304 vobis
2336 5250 2604 5321 imploret
2640 5250 2915 5304 futuram.
2963 5251 3029 5304 Et

1334 5340 1445 5394 hoc
1474 5339 1704 5409 quidem
1736 5338 1893 5410 quod
1931 5354 2083 5392 nunc
2120 5353 2443 5408 proponere
2489 5338 2639 5407 volo,
2687 5338 2896 5409 quibus
2941 5354 3028 5392 ra-

1333 5427 1590 5481 tionibus
1645 5427 1849 5481 discuti
1907 5429 1965 5479 et
2021 5426 2089 5480 ad
2147 5425 2499 5479 intellectum
2563 5441 2748 5495 usque
2822 5426 3024 5480 deduci

1334 5514 1529 5584 possit,
1589 5513 1787 5567 videor
1834 5514 2055 5580 videre;
2096 5513 2194 5566 sed
2242 5514 2314 5567 ad
2360 5513 2855 5567 determinandum
2901 5515 3026 5568 dili-

1335 5603 1589 5673 gentiam
1642 5606 1888 5655 vestram
1936 5607 2223 5672 exspecto,
2272 5605 2337 5653 ut
2369 5600 2514 5652 tanti
2561 5600 2668 5653 viri
2698 5584 3024 5655 'auctoritas

1334 5688 1738 5759 praeceptionis
1766 5705 1909 5744 meai
1951 5689 2055 5743 ﬁat
2100 5692 2199 5742 aut
2242 5687 2518 5743 correctio
2562 5693 2661 5741 aut
2705 5688 3017 5759 integritas.

3080 3616 3119 3669 Β

3225 2334 3373 2399 Quid
3425 2350 3561 2404 ergo
3614 2334 3707 2401 sit,
3760 2334 4083 2405 quibusque
4144 2333 4663 2405 imaginationibus
4714 2335 4859 2389 circa

3157 2423 3294 2477 illud
3328 2427 3385 2477 et
3414 2423 3642 2477 delusus
3692 2423 3907 2477 habear
3935 2426 3991 2476 et
4020 2425 4208 2477 certus
4257 2429 4480 2490 tenear,
4515 2424 4647 2494 jam
4709 2441 4861 2478 nunc

3157 2512 3432 2582 aperiam,
3496 2516 3574 2576 ut,
3631 2511 3868 2565 vulnere
3917 2515 4114 2580 aperto
4159 2511 4564 2578 bassitationis,
4621 2528 4657 2566 a
4702 2514 4862 2566 vobis

3154 2607 3366 2671 praesto
3398 2600 3470 2654 sit
3501 2599 3985 2654 medicamentum
4009 2598 4384 2654 certitudinis.

3943 2687 4059 2758 ξι.

3223 2776 3537 2831 Macrobius
3567 2793 3739 2848 super
3766 2776 4066 2830 Somnium
4096 2775 4398 2847 Scipionis,
4449 2777 4555 2831 ubi
4603 2778 4866 2849 loquitur

3154 2865 3223 2919 de
3255 2865 3650 2934 magnitudine
3682 2864 3830 2933 coeli,
3862 2868 4051 2930 terras,
4085 2864 4221 2918 solis
4246 2868 4303 2919 et
4333 2866 4509 2932 lunae,
4533 2882 4866 2938 eorumque

3154 2956 3399 3008 rotunda
3431 2954 3786 3024 globositate,
3831 2957 4189 3024 compertum
4232 2970 4356 3008 esse
4406 2954 4488 3008 ait
4538 2956 4702 3025 apud
4733 2972 4865 3026 geo-

3153 3056 3361 3097 metras
3398 3043 3801 3113 peritissimos,
3854 3047 3915 3096 ut
3960 3043 4020 3096 in
4063 3043 4291 3097 duobus
4338 3043 4599 3111 circulis,
4650 3046 4709 3098 ‘si
4759 3046 4870 3099 dia-

3154 3138 3403 3185 metrum
3460 3131 3629 3184 unius
3676 3130 3919 3201 duplum
3968 3130 4040 3184 sit
4080 3130 4358 3185 diametro
4414 3132 4697 3200 alterius,
4752 3135 4869 3203 ejus

3153 3222 3349 3275 circuli
3405 3220 3739 3285 crassitudo,
3806 3221 3968 3288 cujus
4029 3218 4375 3273 diametrum
4445 3219 4714 3290 duplum
4783 3223 4869 3286 sit,

3154 3310 3382 3379 octupla
3434 3309 3505 3362 sit
3559 3307 3922 3362 crassitudini
3969 3307 4125 3361 illius
4182 3307 4380 3362 circuli
4432 3309 4609 3379 cujus
4657 3310 4871 3365 subdu-

3152 3398 3312 3468 plum
3346 3399 3434 3450 est
3463 3396 3834 3451 diametrum.

3225 3487 3301 3539 De
3333 3486 3611 3539 diametro
3643 3484 3944 3551 circulum,
3992 3484 4061 3538 de
4108 3483 4322 3538 circulo
4365 3483 4763 3555 diametrum,
4811 3489 4872 3541 de

3154 3574 3432 3628 diametro
3454 3579 3511 3627 et
3538 3572 3749 3626 circulo
3780 3587 3974 3626 aream
4020 3571 4300 3638 invenire,
4353 3587 4420 3625 ac
4460 3572 4608 3627 ideo
4653 3575 4873 3630 diame-

3154 3667 3305 3716 trum
3360 3663 3426 3716 ad
3470 3662 3837 3724 diametrum,
3890 3666 3947 3714 et
3990 3661 4268 3715 circulum
4317 3660 4387 3715 ad
4444 3662 4776 3731 circulum,
4824 3671 4874 3718 et

3151 3766 3342 3803 aream
3392 3749 3461 3804 ad
3511 3765 3704 3803 aream
3744 3764 4079 3820 comparare
4128 3750 4243 3803 illis
4279 3748 4447 3803 facile
4499 3755 4595 3804 est
4656 3755 4768 3824 qui
4813 3754 4872 3806 de

3150 3839 3359 3892 talibus
3412 3842 3834 3893 consueverunt
3888 3853 4107 3892 curare.
4153 3837 4620 3894 Crassitudinem
4685 3847 4869 3895 autem

3150 3927 3221 3980 ad
3278 3927 3716 3981 crassitudinem
3770 3926 4064 3997 quomodo
4114 3930 4300 3996 potest
4345 3942 4732 3998 comparare,
4784 3930 4870 4000 qui

3149 4015 3393 4069 necdum
3424 4013 3560 4085 quid
3590 4014 3664 4067 sit
3709 4013 4029 4068 crassitudo
4074 4012 4374 4084 percepit?
4406 4015 4688 4071 Duarum
4723 4020 4869 4071 enim

3148 4120 3339 4157 rerum
3372 4103 3634 4156 notitiam
3666 4102 4002 4157 earumdem
4032 4101 4382 4173 comparatio
4412 4118 4535 4157 non
4563 4106 4870 4176 praecedit,

3148 4192 3242 4246 sed
3275 4192 3660 4261 subsequitur.
3695 4191 3852 4246 Unde
3882 4190 3947 4245 ﬁt
3988 4196 4051 4245 ut
4097 4190 4547 4245 crassitudinem
4605 4195 4871 4265 aliquam

3146 4280 3511 4336 crassitudini
3566 4280 3797 4334 alterius
3842 4279 4132 4349 octuplam
4183 4295 4305 4334 esse
4350 4281 4873 4351 comprehendere

3145 4375 3413 4440 nequeat,
3446 4368 3545 4439 qui
3576 4368 3759 4421 nescit
3785 4367 3935 4422 unde
3964 4367 4240 4437 cujusque
4289 4366 4491 4421 circuli
4534 4371 4875 4423 crassitudo

3145 4462 3485 4511 concrescat.
3517 4456 3665 4521 Quid
3695 4460 3887 4510 autem
3913 4456 4033 4526 jam
4063 4455 4198 4510 inde
4238 4454 4382 4509 mihi
4433 4458 4874 4529 percepissem.

3144 4545 3421 4616 aperiam,
3469 4561 3607 4612 non,
3656 4548 3718 4599 ut
3764 4545 3949 4611 aiunt,
3999 4546 4300 4600 Minervam
4349 4545 4600 4610 litteras,
4653 4549 4769 4603 sed
4820 4554 4879 4601 ut

3146 4639 3460 4687 monstrem
3492 4633 3627 4704 quid
3655 4633 3928 4699 sentiam;
3969 4637 4275 4704 quatenus,
4316 4632 4365 4686 si
4393 4648 4558 4700 erro,
4599 4636 4677 4690 ad
4728 4638 4879 4689 viam

3145 4739 3177 4775 a
3206 4723 3510 4792 sagacitate
3538 4728 3724 4776 vestra
3754 4722 3994 4777 reducar
4025 4737 4039 4776 :
4070 4722 4119 4774 si
4162 4722 4313 4775 viam
4346 4722 4623 4777 titubans
4674 4729 4879 4783 teneo.

3144 4810 3465 4865 auctoritati
3521 4810 3692 4864 vestri
3749 4826 4009 4865 assensus
4065 4809 4299 4863 innitar.
4360 4809 4473 4863 Sed
4537 4816 4612 4865 ut
4675 4815 4757 4868 ad
4828 4815 4881 4867 id

3143 4899 3297 4970 quod
3330 4899 3456 4953 volo
3486 4898 3840 4970 perveniam,
3872 4899 3942 4953 ab
3973 4897 4062 4954 his
4092 4913 4220 4968 qua:
4249 4897 4519 4968 pluribus
4552 4905 4717 4956 nota
4749 4910 4881 4956 sunt

3149 4987 3440 5058 incipiam.

3927 5073 3956 5145 ς
3986 5075 4055 5128 ιι.

3209 5163 3564 5217 Diametrum
3592 5166 3624 5215 7
3656 5161 3868 5233 pedum
3901 5162 4044 5216 mihi
4073 5161 4240 5216 facio.
4276 5162 4354 5217 Ex
4404 5162 4520 5219 hoc
4573 5166 4879 5223 circulum

3134 5251 3215 5305 sic
3244 5267 3461 5321 quaero.
3494 5251 3738 5322 Triplico
3768 5250 3933 5319 illud,
3968 5255 4027 5304 et
4065 5250 4189 5319 ejus
4221 5251 4539 5322 septimam
4590 5257 4882 5328 triplica-

3133 5340 3275 5393 tioni
3301 5340 3386 5393 illi
3429 5339 3776 5410 superaddo,
3821 5345 3877 5393 et
3914 5339 3994 5393 sic
4040 5340 4321 5393 circulum
4355 5340 4422 5395 in
4453 5342 4691 5413 viginti
4736 5348 4878 5401 duos

3133 5429 3309 5499 pedes
3340 5429 3539 5482 habeo.
3578 5428 3876 5483 Medietate
3906 5432 4097 5482 autem
4154 5428 4452 5495 diametri,
4508 5435 4687 5503 quod
4727 5444 4820 5489 est
4850 5438 4876 5487 3
4942 5494 4944 5521 Ι

3133 5522 3189 5570 et
3220 5517 3411 5582 semis,
3446 5522 3501 5569 et
3534 5516 3836 5570 medietate
3868 5516 4085 5583 circuli,
4135 5532 4267 5587 qua:
4315 5524 4403 5571 est
4458 5523 4554 5587 ll,
4605 5522 4875 5577 invicem

3132 5604 3547 5674 multiplicatis,
3604 5604 3758 5657 venit
3806 5603 3952 5657 mihi
4002 5620 4133 5657 area
4189 5605 4460 5673 ejusdem
4520 5611 4751 5666 circuli
4813 5615 4873 5665 3‘3

3131 5692 3302 5762 pedes
3355 5696 3413 5746 et
3462 5691 3651 5745 semis.
3719 5692 3854 5745 Ecce
3907 5691 4280 5758 diametrum,
4342 5710 4485 5752 ecce
4548 5701 4869 5757 circulum.
4940 5691 4944 5765 ἶ

4940 5585 4944 5631 Γ

4940 5675 4944 5713 Γ

4936 5848 4941 5901 1

4932 5936 4942 5983 ι
