4944 6484
667 490 794 542 1105

1814 486 1940 539 LIB.
1983 485 2076 539 DE
2112 482 2614 539 CRASSITUDINE
2652 481 2985 540 SPHIERE.

4008 494 4138 545 1106

658 636 782 675 ecce
812 634 1003 672 aream
1053 617 1268 672 habeo!
1308 617 1418 671 Sed
1463 621 1527 669 ut
1555 616 1985 669 crassitudinem
2029 612 2336 677 inveniam,
2380 614 2421 664 Α
2525 615 2660 667 Ecce
2690 614 2748 667 in
2780 615 2885 668 hac
2924 616 3147 685 sphaera
3195 617 3537 671 diametrum
3570 623 3654 672 est
3681 624 3712 672 7
3748 620 3984 689 pedum,
4031 621 4139 674 cir-

659 710 1001 762 diametrum
1056 706 1209 759 idem
1259 705 1479 770 cubico,
1514 710 1569 757 et
1622 704 1833 757 cubum
1888 702 2027 755 mihi
2059 700 2341 769 ejusmodi

656 797 817 859 facio,
863 795 961 867 qui
995 794 1391 864 globositatem
1426 793 1661 862 sphaera:
1704 791 1979 845 lateribus
2025 790 2338 859 contingat,

656 886 879 955 angulis
912 890 1103 938 autem
1152 886 1207 934 et
1240 881 1403 934 lineis
1447 880 1516 933 ab
1562 881 1770 949 angulo
1805 880 1861 931 in
1898 878 2171 947 angulum
2205 894 2343 947 pro-

655 972 985 1026 cedentibus
1033 970 1286 1023 excedat.
1333 968 1417 1022 Ab
1449 968 1777 1038 hujusmodi
1821 968 1965 1020 cubo
2006 965 2339 1019 crassitudi-

656 1077 785 1114 nem
834 1061 1017 1127 illam,
1061 1075 1191 1130 quae
1238 1074 1269 1111 a
1300 1057 1637 1127 globositate
1685 1072 1862 1127 usque
1902 1057 1968 1109 ad
2018 1055 2259 1123 angulos
2289 1059 2341 1107 et

652 1151 831 1204 lineas
881 1148 1159 1219 procedit,
1212 1162 1437 1200 necesse
1487 1150 1569 1199 est
1608 1145 1876 1211 recidere,
1912 1148 1976 1197 ut
2018 1144 2135 1196 haec
2166 1143 2343 1195 recisa

651 1239 825 1290 solius
867 1237 1105 1306 sphaera!
1138 1234 1397 1288 soliditas
1425 1237 1737 1287 remaneat.
2126 1284 2135 1293 ,η

722 1327 875 1378 Hanc
906 1324 1243 1377 recisionem
1288 1322 1392 1375 hoc
1424 1321 1594 1374 modo
1629 1321 1787 1375 facio.
1842 1321 2134 1373 Summam
2170 1318 2342 1371 totius

648 1415 780 1467 cubi
823 1429 929 1483 per
977 1411 1271 1465 vicesimas
1317 1410 1532 1480 primas
1578 1409 1792 1463 divido.
1829 1408 1968 1461 Hinc
2008 1409 2146 1460 tollo
2190 1407 2341 1459 vice-

650 1502 857 1555 simam
885 1501 1128 1572 primam
1159 1505 1376 1570 partem
1408 1499 1477 1552 de
1506 1498 1668 1564 cubo,
1703 1513 1832 1568 quas
1865 1502 1947 1550 est
1980 1500 2042 1550 16

648 1591 974 1660 multiplico
1032 1588 1236 1653 decies,
1290 1592 1343 1641 et
1384 1587 1566 1640 habeo
1603 1586 1907 1639 recisiones
1955 1585 2101 1638 cubi.
2142 1587 2342 1638 Postea

647 1677 942 1744 undecies,
995 1683 1051 1730 et
1098 1677 1280 1730 habeo
1310 1674 1709 1745 globositatem
1745 1674 2005 1743 sphaerae,
2051 1672 2107 1725 id
2139 1678 2244 1739 est,
2277 1688 2340 1725 ex

648 1766 742 1819 his
792 1764 1087 1836 vigesimis
1135 1763 1337 1833 primis
1390 1762 1772 1817 excisionibus
1802 1762 1933 1815 cubi
1986 1762 2196 1830 deputo
2246 1763 2337 1825 lO;

645 1854 906 1925 reliquas
993 1852 1352 1906 crassitudini
1445 1851 1584 1923 [cod.
1675 1853 1815 1904 Petr.

645 1943 899 2012 sphaera:
948 1942 1235 2011 relinquo.
1293 1941 1451 2004 Quod
1491 1940 1643 1993 idem
1691 1943 1856 2003 esset,
1890 1938 1935 1991 si
1985 1938 2160 1991 totius
2212 1938 2343 1990 cubi

644 2046 941 2084 summam
992 2030 1260 2084 undecies
1306 2029 1592 2094 ducerem,
1649 2032 1705 2081 et
1742 2044 1809 2080 ex
1838 2027 1935 2080 illa
1983 2026 2342 2080 concretione

646 2134 829 2173 unam
883 2119 1211 2172 vicesimam
1261 2117 1509 2189 primam
1555 2116 1927 2170 subducerem
1978 2116 2139 2185 [Petra
2176 2116 2344 2169 duce-

642 2206 820 2279 rem].
880 2208 1007 2262 Haac
1040 2207 1193 2260 enim
1239 2206 1509 2259 vicesima
1552 2205 1742 2275 prima
1774 2210 1932 2258 tanta
1979 2208 2061 2258 est
2098 2203 2339 2276 [Tegerm

642 2295 847 2367 esset],
901 2299 1131 2367 quantas
1158 2295 1271 2348 illa:
1308 2298 1363 2349 11
1413 2310 1541 2366 quae
1569 2293 1847 2348 vicesimae
1878 2293 2079 2363 prima:
2112 2309 2176 2346 ex
2206 2292 2341 2345 sim-

640 2384 789 2454 plici
813 2385 960 2439 cubo
994 2384 1363 2437 tollebantur.
1419 2452 1447 2521 ἕ
1488 2453 1561 2506 ΠΙ

721 2546 796 2598 Ut
825 2542 1069 2597 lucidius
1096 2541 1198 2596 ﬁat
1235 2541 1390 2610 quod
1419 2540 1681 2606 dicimus,
1715 2540 1885 2593 certis
1915 2540 2167 2593 numeris
2195 2554 2343 2592 cras-

639 2633 936 2687 situdines
985 2632 1127 2685 duas
1157 2630 1596 2699 assignabimus,
1632 2634 1695 2682 ut
1738 2628 2056 2698 assignatas
2101 2628 2345 2682 invicem

634 2736 986 2791 comparare
1032 2720 1317 2790 possimus
1351 2735 1364 2772 :
1394 2734 1507 2771 non
1557 2722 1620 2771 ut
1656 2718 1779 2771 haac
1827 2723 1923 2771 aut
1954 2716 2172 2770 veriora
2213 2717 2342 2783 sint,

636 2814 747 2864 aut
782 2826 886 2861 vos
935 2809 1197 2878 ignorare
1245 2808 1565 2871 credamus,
1616 2806 1712 2859 sed
1744 2810 1823 2872 ut,
1868 2806 1969 2857 viis
2018 2805 2226 2858 nostris
2257 2823 2345 2859 ve-

632 2903 783 2952 strm
850 2896 1161 2966 diligentiae
1207 2894 1539 2948 monstratis
1594 2910 1627 2947 a
1672 2893 1834 2948 vobis
1879 2893 2143 2964 deinceps
2191 2894 2346 2948 ducti

632 3001 850 3040 errare
882 2985 1221 3038 nesciamus.

715 3072 962 3141 Circuli,
996 3074 1157 3143 cujus
1200 3072 1539 3126 diametrum
1568 3076 1651 3124 est
1680 3075 1712 3124 7
1741 3070 1974 3139 pedum,
2020 3071 2342 3124 crassitudi-

1911 1847 2337 1939 crassitudines]
2382 1885 2422 1939 Β

2453 702 2613 754 culus
2655 706 2742 771 22,
2784 720 2915 757 area
2966 708 3031 759 38
3062 710 3119 758 et
3147 706 3336 771 semis,
3380 706 3636 761 soliditas
3672 710 3769 761 179
3802 713 3858 762 et
3886 709 3979 763 SS.
4015 710 4138 763 Non

2453 797 2537 844 est
2565 797 2753 845 autem
2806 793 3129 847 mirandum
3162 794 3208 847 si
3253 795 3431 848 cubus
3463 795 3521 848 in
3555 797 3974 851 excessionibus
4023 799 4138 852 suis

2452 880 2570 932 fere
2628 881 2989 934 medietatem
3058 882 3447 937 crassitudinis
3516 884 3790 948 obtineat,
3861 903 3988 939 cum
4050 887 4140 940 hic

2453 969 2763 1037 quadratus
2808 969 2866 1022 in
2915 970 3151 1040 planitie
3182 972 3241 1024 iu
3291 974 4135 1045 supergressionibus‘:suis:vix

2459 1054 2619 1128 [Petr.
2659 1072 2763 1109 nec
2792 1061 2937 1124 tert.]
2973 1059 3197 1112 tertiam
3230 1065 3451 1129 partem
3497 1066 3752 1116 retineat.
3786 1063 3883 1117 Hic
3925 1064 4137 1135 quippe

2452 1145 2512 1198 in
2544 1146 2891 1215 quadratura
2921 1163 3049 1200 cum
3080 1149 3532 1220 unumquodque
3568 1151 3713 1204 latus
3742 1156 3772 1203 7
3803 1151 3875 1204 sit
3902 1153 4137 1221 pedum,

2454 1234 2764 1287 secundum
2822 1236 3063 1288 laterum
3132 1236 3549 1291 dimensionem
3603 1239 3845 1308 [Tegern.
3905 1241 4135 1294 divisio-

2453 1321 2629 1394 nem],
2661 1339 2854 1376 aream
2904 1325 2972 1377 49
3018 1323 3267 1377 habebit.
3328 1326 3585 1396 Cumque
3645 1327 3884 1380 circulus
3917 1329 4002 1381 ‘ex
4048 1329 4139 1382 his

2452 1411 2557 1463 sibi
2588 1414 2654 1466 38
2686 1415 2742 1464 et
2792 1412 3089 1481 acceperit,
3144 1412 3495 1482 quadratura
3544 1415 3659 1466 suis
3707 1416 3973 1469 excisuris
4022 1434 4139 1470 non

2454 1500 2559 1553 nisi
2598 1501 2661 1553 lO
2692 1499 2803 1553 etS
2834 1500 3123 1553 retinebit.
3210 1570 3237 1624 8
3286 1572 3352 1624 IV

2523 1659 2707 1721 Quare
2762 1662 2952 1711 autem
3018 1658 3163 1712 mihi
3211 1659 3286 1711 ita
3347 1676 3467 1714 esse
3530 1660 3806 1726 videatur,
3870 1664 3917 1716 si
3978 1668 4137 1721 vobis

2452 1763 2566 1800 non
2597 1747 2668 1799 sit
2709 1747 3067 1800 fastidiosum
3107 1747 3326 1812 audire,
3360 1749 3502 1801 mihi
3533 1765 3646 1801 non
3692 1752 3798 1803 erit
3829 1768 4136 1810 onerosum

2452 1836 2656 1889 dicere.
2714 1835 2812 1888 Hic
2842 1851 3091 1904 namque
3122 1836 3180 1890 id
3221 1842 3305 1889 est
3337 1853 3349 1889 :
3380 1838 3709 1907 quadratus,
3759 1840 3804 1893 si
3838 1842 4046 1911 septies
4075 1844 4136 1897 in

2454 1925 2633 1978 altum
2663 1924 2917 1990 tollatur,
2947 1923 3046 1978 343
3093 1925 3266 1994 pedes
3295 1925 3502 1994 reddit,
3536 1927 3891 1983 excessiones
3921 1931 4138 1986 scilicet

2452 2028 2580 2066 suas
2633 2017 2685 2065 et
2740 2028 2928 2065 aream
2987 2012 3183 2066 circuli
3242 2029 3433 2067 secum
3496 2014 3554 2068 in
3614 2015 3790 2070 altum
3853 2018 4136 2074 deducens

2454 2098 2621 2171 [Petr.
2690 2099 2943 2169 ducens].
3010 2099 3229 2169 Septies
3275 2100 3423 2153 enim
3481 2103 3544 2155 10
3582 2107 3638 2155 et
3698 2104 3886 2171 semis,
3949 2107 4005 2160 id
4054 2112 4139 2162 est

2453 2187 2830 2254 excessiones,
2880 2187 3030 2241 ﬁunt
3058 2191 3127 2242 73
3162 2192 3217 2241 et
3262 2188 3466 2255 semis;
3516 2194 3572 2243 et
3619 2192 3827 2260 septies
3858 2195 3924 2248 38
3974 2199 4029 2248 et
4058 2213 4139 2250 se-

2451 2276 2581 2337 mis,
2631 2275 2687 2329 id
2717 2280 2803 2329 est
2847 2291 2979 2329 area
3021 2276 3239 2345 circuli,
3292 2276 3437 2331 ﬁunt
3477 2280 3581 2333 269
3611 2283 3667 2332 et
3708 2281 3898 2334 semis.
3932 2283 4036 2337 Sed
4068 2288 4137 2339 73

2453 2371 2511 2418 et
2538 2363 2728 2432 semis,
2763 2368 2819 2418 et
2859 2366 2965 2419 269
2997 2372 3055 2418 et
3101 2365 3293 2426 semis,
3319 2366 3567 2420 reddunt
3614 2368 3735 2421 343.
3788 2369 3973 2433 Quare
4002 2389 4138 2443 qua-

2454 2454 2681 2507 dratum
2732 2453 2793 2506 in
2835 2454 3014 2506 altum
3059 2453 3262 2507 tollere
3306 2454 3452 2509 nihil
3492 2459 3575 2510 est
3617 2456 3772 2510 aliud
3803 2458 3912 2511 nisi
3943 2476 4138 2514 exces-

2453 2542 2641 2594 siones
2699 2557 2827 2594 suas
2860 2545 2914 2594 et
2966 2540 3164 2595 circuli
3207 2557 3400 2596 aream
3455 2558 3649 2597 secum
3705 2545 4002 2601 deducere.
4054 2549 4139 2603 Ab

2452 2629 2550 2683 illo
2593 2628 2769 2699 igitur
2800 2629 2960 2691 cubo,
2995 2630 3095 2699 qui
3126 2646 3191 2684 ex
3233 2646 3361 2683 area
3391 2630 3459 2684 49
3508 2633 3717 2701 pedum
3769 2650 4137 2691 consurrexe-

2452 2722 2561 2783 rat,
2594 2717 2641 2770 si
2672 2718 2799 2787 quis
2838 2717 3049 2787 septies
3080 2720 3143 2771 10
3176 2723 3231 2772 et
3261 2718 3350 2786 8.,
3380 2719 3439 2773 id
3467 2724 3552 2772 est
3582 2723 3647 2775 73
3678 2726 3735 2775 et
3763 2721 3816 2776 S.
3848 2723 4135 2789 reciderit,

2453 2806 2711 2859 nondum
2753 2805 3086 2875 sphzericam
3138 2806 3538 2875 globositatem
3588 2810 3875 2878 expolivit,
3924 2812 4019 2865 sed
4050 2828 4137 2866 se-

2455 2894 2701 2947 cundum
2754 2892 2997 2946 formam
3036 2893 3218 2947 modii
3261 2894 3330 2947 ab
3362 2896 3571 2965 aequali
3604 2913 3734 2950 area
3767 2898 3824 2951 in
3858 2900 4138 2970 aequalem

2454 2997 2646 3035 aream
2703 2981 3005 3035 deductam
3061 2982 3372 3049 constituit,
3431 2983 3489 3037 in
3543 2985 3715 3054 pedes
3765 2986 3979 3041 scilicet
4035 2990 4137 3043 269

2456 3075 2512 3123 et
2538 3070 2592 3124 S.

629 3179 783 3216 nem
820 3161 903 3215 sic
953 3176 1166 3231 qurero.
1202 3159 1408 3214 Cubico
1459 3159 1822 3223 diametrum,
1853 3163 1906 3211 et
1940 3159 2063 3212 dico
2098 3175 2110 3211 :
2140 3159 2347 3228 septies
2385 3164 2423 3219 C
2526 3158 2605 3210 Ex
2658 3157 2765 3210 hac
2794 3161 2988 3210 autem
3031 3157 3216 3211 forma
3261 3174 3372 3211 non
3404 3159 3791 3230 medietatem,
3827 3179 3896 3216 ne
3926 3163 3986 3217 in
4018 3180 4131 3218 mo-

629 3255 877 3322 septem
926 3250 1074 3304 ﬁunt
1103 3250 1191 3303 49.
1245 3249 1460 3302 Rursus
1508 3247 1715 3318 septies
1752 3247 1819 3300 49
1864 3246 2009 3301 ﬁunt
2054 3248 2174 3302 343.
2214 3249 2347 3301 Ecce

628 3342 837 3395 cubus
871 3339 996 3408 ejus
1027 3337 1314 3407 quadrati,
1346 3336 1507 3407 cujus
1538 3336 1989 3406 unumquodque
2022 3336 2170 3389 latus
2211 3340 2242 3390 7
2275 3336 2350 3390 sit

626 3429 897 3499 pedum,
948 3430 1003 3480 et
1031 3426 1124 3479 hic
1173 3425 1349 3479 cubus
1391 3424 1790 3495 globositatem
1840 3424 2079 3494 sphaerae
2131 3441 2195 3478 ex
2226 3429 2346 3479 toto

625 3515 971 3572 concludit.

708 3608 792 3661 Ut
864 3609 1056 3658 autem
1120 3603 1552 3674 supercedentia
1624 3602 1969 3667 recidantur,
2031 3603 2109 3655 sic
2179 3602 2343 3655 facio.

620 3698 809 3752 Tollo
863 3692 1197 3763 vigesimam
1247 3693 1494 3763 primam
1525 3707 1590 3744 ex
1637 3692 1738 3745 343
1784 3708 1911 3760 quae
1944 3697 2027 3743 est
2079 3694 2141 3744 l6
2173 3696 2227 3743 et
2253 3691 2344 3745 SS.

624 3788 811 3841 Hanc
844 3783 891 3837 si
940 3781 1128 3836 decies
1175 3782 1340 3848 duco,
1386 3780 1570 3835 habeo
1616 3783 1712 3834 163
1769 3786 1822 3832 et
1850 3781 1945 3845 SS,
1995 3780 2348 3833 excessiones

618 3875 874 3931 scilicet
920 3870 1069 3925 cubi.
1103 3870 1161 3925 Si
1208 3869 1495 3935 undecies,
1536 3869 1719 3923 habeo
1754 3872 1850 3922 179
1895 3873 1950 3921 et
1979 3868 2075 3937 SS,
2109 3870 2347 3937 sphaera;

618 3964 874 4017 scilicet
898 3958 1357 4013 crassitudinem.

709 4054 797 4107 Ut
848 4048 1205 4103 manifestius
1253 4048 1353 4100 ﬁat
1385 4046 1539 4116 quod
1587 4045 1853 4110 dicimus,
1901 4062 2030 4098 cum
2069 4047 2347 4117 quadrato

616 4139 937 4195 circulum
990 4135 1405 4205 subpingamus
1466 4133 1712 4203 [Tegerm
1771 4132 2231 4205 subpingimus],
2288 4141 2349 4188 ut

614 4231 765 4285 visa.
813 4226 875 4279 in
921 4224 1161 4295 planitie
1212 4223 1433 4277 facilius
1464 4222 1863 4292 intelligantur
1912 4219 2076 4291 [Petra
2133 4222 2346 4277 intelli-

612 4313 841 4390 gatur]
876 4314 937 4367 iu
963 4312 1357 4366 crassitudine.

1037 5026 1303 5082 Soliditas
1336 5027 1434 5079 179
1465 5026 1562 5081 SS.
1598 5024 1836 5081 Diamet.
1870 5031 1920 5082 7.

858 5130 1065 5138 νον--σ-
1075 5131 1129 5137 ..-

1136 5221 1283 5274 Area
1312 5222 1398 5275 38.
1433 5219 1490 5275 S.

1353 4502 1587 4564 circulus
1612 4519 1679 4573 92

1047 4592 1129 4656 ./'

1037 5026 1303 5082 Soliditas
1336 5027 1434 5079 179
1465 5026 1562 5081 SS.
1598 5024 1836 5081 Diamet.
1870 5031 1920 5082 7.

1136 5221 1283 5274 Area
1312 5222 1398 5275 38.
1433 5219 1490 5275 S.

2459 3246 2594 3299 dum
2624 3245 2802 3298 trochi
2834 3261 2899 3298 ex
2932 3249 3175 3315 utraque
3220 3251 3379 3315 parte
3416 3254 3733 3319 acueretur,
3773 3252 3871 3304 sed
3916 3252 4143 3307 tertiam

2458 3339 2699 3404 partem,
2770 3350 2896 3405 quas
2957 3339 3042 3387 est
3086 3337 3154 3389 89
3186 3338 3240 3388 et
3304 3335 3433 3405 SSS,
3503 3337 3701 3391 tollere
3752 3338 4045 3407 debemus,
4080 3346 4144 3395 ut

2458 3422 2741 3492 spheram
2795 3422 3166 3491 expoliamus.
3226 3422 3335 3477 Sed
3388 3424 3508 3477 haec
3560 3425 3725 3479 tertia
3776 3442 3890 3479 non
3950 3432 4142 3482 tamen

2457 3509 2694 3565 omnino
2745 3510 3006 3564 rotunda:
3040 3510 3259 3574 formas,
3294 3512 3349 3565 id
3396 3517 3479 3565 est
3514 3514 3645 3579 [cod.
3682 3514 3837 3567 Petr.
3886 3516 3995 3570 Sed
4021 3516 4143 3570 haec

2457 3604 2497 3651 t.
2535 3598 2792 3651 rotundas
2824 3597 3023 3651 formas
3052 3614 3167 3652 non
3194 3604 3385 3652 tamen
3416 3600 3485 3654 de
3512 3616 3754 3655 numero
3784 3602 3843 3655 id
3877 3609 3983 3672 est,
4018 3608 4137 3671 ρέα]

2458 3690 2524 3741 89
2553 3692 2612 3741 et
2664 3686 2773 3741 SSS
2805 3691 2861 3739 et
2915 3692 2945 3739 7
2995 3687 3364 3754 excessiones,
3414 3688 3472 3743 id
3522 3694 3606 3743 est
3654 3694 3719 3745 73
3773 3696 3829 3745 et
3863 3693 3941 3759 8.,
3986 3692 4139 3747 idem

2456 3775 2702 3829 reddunt
2730 3775 2881 3844 quod
2922 3777 2986 3828 l0
3015 3775 3297 3830 vicesimae
3326 3777 3551 3847 primae,
3593 3794 3721 3849 quae
3750 3779 3821 3833 ob
3855 3781 3963 3833 hoc
4000 3781 4142 3834 inte-

2456 3880 2558 3933 gro
2604 3863 2747 3917 cubo
2787 3863 3154 3929 tollebantur,
3190 3869 3251 3917 ut
3295 3867 3517 3935 sphaera
3566 3867 3821 3937 undique
3864 3869 4140 3923 rotunda-

2455 3956 2639 4017 retur;
2675 3956 2729 4004 et
2760 3952 2847 4004 has
2875 3952 3071 4006 decem
3111 3953 3399 4022 vigesima
3428 3954 3632 4022 primae
3673 3956 3742 4009 ad
3775 3956 4139 4010 medietatem

2456 4040 2583 4094 cubi
2642 4040 2758 4094 fere
2811 4042 3198 4110 pervenirent,
3249 4043 3357 4095 nisi
3406 4043 3841 4113 quadragesima
3895 4045 4141 4099 secunda

2457 4127 2719 4198 ejusdem
2751 4128 2883 4182 cubi
2912 4128 3217 4199 impediret
3253 4128 3496 4201 [Tegern.
3529 4130 3983 4204 impedirentur]

2530 4305 2648 4358 Jam
2699 4304 2863 4358 facile
2917 4309 3003 4359 est
3030 4305 3245 4369 videre,
3298 4314 3425 4360 cum
3460 4307 3768 4377 quadratus
3820 4323 3925 4361 nec
3975 4307 4142 4361 tertia

2461 4392 2621 4457 [Petr.
2659 4406 2763 4443 nec
2805 4390 2864 4443 iu
2914 4390 3104 4461 tertia]
3159 4392 3246 4444 sui
3297 4393 3572 4446 circulum
3627 4394 3905 4458 devincat,
3962 4409 4141 4462 quare

2388 4503 2430 4557 ι)
2458 4478 2634 4531 cubus
2681 4477 2796 4530 fere
2828 4478 2916 4529 sui
2962 4478 3263 4533 medietate
3309 4481 3548 4549 sphaera)
3595 4480 3993 4550 globositatem
4043 4498 4136 4535 su-

2457 4565 2747 4636 pervadat.
2782 4565 2887 4619 Sed
2918 4565 3038 4620 haec
3069 4566 3249 4619 forma
3277 4568 3476 4633 modii,
3506 4584 3633 4638 quas
3660 4568 3852 4621 recisis
3885 4569 4138 4640 undique

2456 4652 2727 4707 lateribus
2764 4653 2894 4706 cubi
2923 4655 3281 4722 rotundatur,
3322 4655 3581 4726 quamvis
3623 4656 3694 4709 ad
3738 4657 3973 4726 plenum
4022 4673 4138 4712 non

2456 4738 2654 4809 possit,
2726 4739 3083 4809 aliquatenus
3145 4746 3339 4796 tamen
3400 4742 3803 4809 subscribatur,
3865 4748 3929 4798 ut
3982 4745 4138 4815 quod

2458 4826 2661 4880 inertia
2696 4825 2908 4896 linguas
2937 4831 3195 4896 occultat,
3227 4830 3437 4884 veritas
3463 4831 3699 4902 picturae
3730 4830 3967 4902 aperiat.

3008 5078 3049 5111 /

2954 5174 2955 5177 ‘
2978 5112 3007 5145 vl
3059 5157 3181 5211 haec
3209 5156 3294 5206 est
3320 5153 3494 5224 dupla

3170 5230 3396 5301 prioris.

3122 5312 3186 5364 l-i
3216 5308 3445 5363 diamet.

3008 5078 3049 5111 /

2885 4998 3738 5842 Οἱ

3170 5246 3396 5301 prioris.

2883 5182 2951 5383 /
3122 5312 3186 5364 l-i
3216 5308 3445 5363 diamet.
