4944 6552
401 106 544 122 "TE"

1158 614 1177 664 1
1195 614 1213 663 1
2265 608 2656 664 ADELBOLDI
2695 611 2731 664 Ἰ
2743 608 3110 666 RAJECTENE

2709 612 2731 664 ι’
2743 608 3196 667 RAJECTENSIS
3242 610 3549 666 EPISCOPI
4539 616 4556 666 l
4574 616 4661 666 l08

1227 744 1363 798 Ecce
1392 743 1574 798 videri
1620 747 1809 812 potest
1851 747 2131 813 quantum
2171 747 2298 812 post
2344 742 2678 796 recisionem
2721 757 2850 796 acu-
2886 745 2930 796 A

1157 832 1381 886 minum
1432 833 1501 886 de
1544 832 1690 885 cubo
1731 831 2100 884 recidendum
2150 831 2222 883 sit
2263 829 2333 883 de
2365 829 2553 883 medio
2599 827 2846 900 [Teqerm

1161 921 1379 991 modio]
1412 926 1476 974 ut
1503 936 1646 991 pura
1676 919 1984 989 globositas
2017 919 2256 988 sphaerae
2285 922 2598 972 remaneat.

1230 1011 1368 1064 Ecce
1416 1010 1551 1062 satis
1605 1009 1818 1062 dictum
1852 1024 1972 1060 esse
2013 1007 2237 1060 videtur
2287 1007 2578 1077 quomodo
2631 1023 2698 1060 ex
2731 1007 2851 1060 dia-

1162 1103 1346 1152 metro
1378 1103 1407 1150 7
1438 1097 1645 1168 pedum
1695 1096 2006 1150 crassitudo
2052 1097 2289 1166 sphzm'a:
2337 1100 2678 1148 concrescat.
2729 1097 2852 1150 Jam
3285 1096 3292 1168 Ι
3330 1096 3368 1168 /
3437 1099 3613 1167 lluju:
3648 1105 3838 1153 autem
3872 1100 4169 1154 diameter.

1163 1202 1316 1240 nunc
1359 1186 1531 1239 aliam
1579 1190 1913 1251 statuamus,
1959 1201 2088 1254 quae
2137 1201 2204 1237 ex
2236 1184 2402 1255 [Petra
2435 1183 2490 1255 a]
2530 1184 2705 1253 duplo
2737 1183 2852 1236 dia-
3566 1173 3764 1255 ili-.t‘ét
3796 1173 4028 1255 pedum;

1166 1279 1348 1328 metro
1400 1274 1716 1344 proveniat.
1768 1273 1851 1325 Sit
1902 1274 1964 1326 14
2022 1273 2384 1325 diametrum.
2441 1273 2554 1324 Hoc
2601 1271 2851 1324 cubico:

2173 1240 2384 1324 et‘rum.
2441 1240 2554 1324 [loc
2601 1240 2798 1324 cubico
2839 1287 2851 1323 :
3478 1256 3526 1293 ⁸·
3566 1240 3619 1293 b'
3655 1243 3706 1294 δ·
3742 1257 3788 1294 θ’
3819 1243 3880 1295 ῙῘ·
3913 1259 3961 1295 θ·
3998 1240 4034 1295 Ϊ·
4072 1259 4125 1310 8-

1165 1362 1556 1434 quaterdecies
1629 1361 1692 1415 14
1747 1360 2138 1430 quaterdecies
2195 1362 2342 1414 ﬁunt
2397 1361 2555 1413 2744.
2624 1360 2720 1413 Hic
2772 1365 2856 1412 est
3495 1348 3805 1434 great“.

1165 1451 1341 1504 cubus
1400 1451 1686 1520 sphzeram
1734 1449 2098 1502 concludens.
2161 1449 2338 1517 Hujus
2410 1448 2457 1500 si
2520 1448 2855 1517 vigesimam

2161 1449 2338 1517 Hujus
2410 1448 2457 1500 si
2520 1448 2855 1517 vigesimam
3278 1423 3352 1520 Ιχ
3493 1423 3760 1479 Soliditas
3785 1427 3918 1480 1437
3943 1432 3997 1480 et
4017 1427 4107 1481 SS.

1164 1539 1412 1607 primam
1443 1543 1665 1608 partem
1695 1553 1982 1607 accepero,
2015 1553 2141 1606 quae
2176 1543 2260 1590 est
2301 1539 2398 1591 130
2429 1542 2485 1590 et
2515 1538 2606 1602 SS,
2644 1543 2697 1589 et
2728 1553 2852 1589 eam

1168 1627 1352 1680 decies
1382 1627 1621 1693 duxero,
1651 1626 1879 1678 venient
1910 1626 2052 1678 mihi
2090 1628 2222 1679 1306
2249 1631 2300 1678 et
2329 1625 2401 1680 SS
2427 1643 2440 1690 ;
2473 1630 2530 1678 et
2559 1624 2650 1678 hic
2677 1625 2854 1678 cubus

1169 1714 1332 1785 [Pctr.
1383 1721 1440 1769 et
1471 1716 1528 1768 in
1571 1715 1658 1768 his
1706 1715 1906 1782 cubus]
1957 1715 2240 1784 sphaeram
2293 1715 2526 1768 excedit.
2561 1714 2618 1767 Si
2663 1719 2853 1767 autem

3638 846 3872 917 Exrculus
3909 846 3966 917 γι]

3638 846 3872 917 Ωλτευὶυέ
3909 864 3966 917 .11

3437 1099 3613 1167 lluju:
3648 1105 3838 1153 autem
3872 1100 4169 1154 diameter.
4337 802 4344 1274 ι

3590 1173 3648 1223 l-i-
3683 1176 3764 1221 est
3796 1173 4028 1240 pedum.

3305 1221 3316 1326 ί
3478 1256 3526 1293 a.
3566 1240 3619 1293 b.
3655 1243 3706 1294 b.
3742 1257 3788 1294 c.
3819 1243 3880 1295 Il.
3913 1259 3961 1295 e.
3998 1240 4034 1295 f.
4072 1259 4126 1310 g.
4309 1217 4322 1320 l

3303 1329 4320 1833 Ὁ

3493 1423 3760 1479 Soliditas
3785 1427 3918 1480 1437
3943 1432 3997 1480 et
4017 1427 4108 1481 SS.
4332 1279 4342 1856 Ι

1167 1802 1453 1870 undecies,
1497 1802 1644 1855 ﬁunt
1696 1803 1829 1855 1437
1863 1807 1918 1854 et
1970 1801 2074 1867 SS;
2111 1806 2166 1854 et
2224 1802 2346 1855 haec
2398 1809 2480 1856 est
2535 1801 2851 1854 crassitudo

1168 1892 1427 1960 sphaeraa.
1465 1891 1645 1953 Quam
1677 1891 1722 1942 si
1752 1890 1880 1959 quis
1908 1889 2121 1942 eisdem
2154 1890 2467 1942 rationibus
2499 1890 2634 1942 velit
2667 1889 2851 1942 infor-

1167 1995 1324 2032 mare
1378 1979 1586 2048 quibus
1634 1979 1991 2048 superiorem
2035 1977 2490 2044 informavimus,
2544 1977 2757 2030 scilicet
2791 1983 2854 2031 ut
3034 1979 3321 2032 Diameter
3377 1983 3431 2030 et
3495 1979 3737 2031 circulus
3790 1979 4032 2048 sphmra‘.
4096 1979 4334 2048 majoris
4386 1981 4674 2038 diametro

1167 2084 1291 2121 eam
1327 2068 1395 2121 de
1429 2067 1573 2121 cubo
1621 2067 1682 2120 in
1725 2068 1970 2121 formam
2009 2067 2208 2129 modii,
2261 2068 2329 2120 de
2381 2067 2556 2119 modii
2590 2067 2769 2120 forma
2796 2067 2855 2121 in
2896 2056 2936 2110 Β
2967 2073 3022 2122 et
3076 2068 3286 2120 circulo
3347 2067 3586 2120 minoris
3641 2068 3816 2137 dupla
3872 2067 4249 2137 proportione
4297 2071 4676 2140 junguntur;

1167 2172 1329 2209 suam
1357 2155 1756 2224 globositatem
1784 2156 1920 2208 velit
1947 2155 2244 2221 deducere,
2268 2171 2383 2208 non
2411 2159 2633 2208 tantum
2665 2154 2852 2221 istam,
2966 2173 3098 2210 area
3127 2173 3260 2208 vero
3309 2171 3456 2208 area:
3506 2156 3865 2225 quadrupla;
3916 2157 4233 2210 crassitudo
4285 2164 4492 2213 autem
4525 2177 4681 2214 cras-

1167 2243 1264 2296 sed
1297 2248 1353 2296 et
1380 2258 1597 2306 omnes,
1649 2243 1718 2296 de
1746 2259 2090 2312 quocunque
2134 2243 2412 2296 diametro
2452 2244 2852 2313 processerint,
2966 2245 3202 2298 situdini
3251 2244 3517 2312 octupla:
3574 2244 3659 2296 bis
3716 2244 3870 2296 enim
3900 2249 3930 2296 7
3974 2250 4032 2297 et
4079 2245 4166 2298 bis
4228 2249 4320 2309 22,
4383 2251 4551 2318 quod
4600 2257 4681 2304 est

1167 2331 1343 2384 simili
1388 2331 1556 2384 modo
1588 2331 1895 2384 rotundare
1927 2332 2152 2401 poterit.
2198 2332 2305 2386 Sed
2339 2338 2579 2402 uterque
2613 2332 2856 2385 circulus
2967 2334 3245 2387 diameter
3300 2337 3354 2384 et
3383 2332 3626 2384 circulus
3671 2333 3928 2398 minoris,
3982 2333 4131 2386 ﬁunt
4189 2336 4272 2387 14.
4329 2335 4402 2389 Et
4457 2339 4548 2402 14,
4585 2342 4679 2410 qui

1169 2419 1535 2489 depingatur,
1571 2424 1626 2474 et
1658 2420 1705 2472 is
1747 2420 1847 2490 qui
1875 2425 1932 2488 7,
1978 2426 2035 2473 et
2065 2421 2110 2473 is
2137 2421 2235 2491 qui
2290 2424 2354 2476 14
2385 2422 2552 2474 habet
2592 2422 2765 2489 pedes
2800 2422 2857 2474 in
2969 2428 3053 2476 est
3086 2423 3365 2474 diameter
3408 2426 3464 2473 et
3493 2421 3733 2474 circulus
3782 2422 4034 2490 majoris,
4070 2431 4126 2475 et
4171 2430 4384 2492 quater
4415 2429 4489 2480 38
4534 2434 4593 2481 et
4627 2429 4677 2481 S.

1171 2509 1476 2576 diametro,
1524 2513 1586 2562 ut
1630 2524 1903 2562 numerus
1949 2509 2154 2580 cuique
2190 2525 2307 2562 suae
2359 2510 2658 2563 soliditatis
2691 2509 2856 2562 ascri-
2969 2512 3121 2582 quod
3152 2517 3236 2563 est
3265 2527 3394 2562 area
3439 2509 3698 2571 minoris,
3733 2509 3878 2562 ﬁunt
3912 2511 4030 2575 154,
4070 2512 4226 2580 quod
4261 2519 4351 2566 est.
4383 2531 4528 2568 area
4564 2533 4680 2570 ma-

1173 2600 1303 2666 ptus
1329 2596 1677 2651 demonstret
1723 2602 2000 2667 quantum
2051 2598 2240 2652 minor
2265 2615 2298 2651 a
2332 2598 2547 2668 majore
2584 2598 2855 2651 vincatur.
2961 2600 3144 2671 joris;
3183 2605 3237 2652 et
3274 2599 3445 2650 octies
3481 2601 3577 2651 189
3611 2603 3666 2651 et
3695 2598 3768 2651 SS
3814 2599 3965 2667 quod
3997 2604 4082 2651 est
4110 2600 4374 2654 soliditas
4407 2604 4679 2674 minoris,

2969 2688 3215 2741 reddunt
3248 2689 3376 2739 1347
3409 2691 3463 2738 et
3492 2686 3582 2746 SS,
3613 2685 3763 2755 quod
3794 2691 3877 2738 est
3899 2685 4155 2739 soliditas
4188 2689 4460 2758 majoris.

1497 2865 1918 2875 -——.——.——_—_

1803 3477 1945 3527 Arca
1971 3477 2037 3528 38
2068 3479 2126 3528 et
2150 3475 2206 3528 S.

1696 3553 1961 3608 Soliditas
1992 3557 2091 3607 179
2128 3561 2184 3608 et
2217 3555 2311 3609 SS.

2966 3482 3099 3551 quia
3156 3481 3556 3551 quaternarius
3607 3482 3813 3550 duplus
3844 3487 3929 3533 est
3976 3480 4253 3546 binarius,
4319 3484 4518 3537 cubus
4553 3503 4681 3555 qna-

2966 3570 3216 3623 ternario
3265 3568 3525 3638 octuplus
3573 3569 3684 3622 erit
3715 3569 3859 3621 cubo
3892 3569 4120 3635 binarii,
4171 3571 4352 3623 etiam
4398 3588 4565 3625 areae
4609 3576 4682 3628 bi-

2967 3658 3110 3711 narii
3136 3658 3452 3727 quadrupla
3483 3658 3588 3710 erit
3619 3673 3748 3709 area
3779 3657 4131 3727 quaternarii
4167 3673 4180 3708 :
4213 3662 4270 3710 et
4297 3675 4422 3712 non
4462 3666 4683 3714 tantum

2968 3745 3026 3798 in
3059 3745 3233 3811 cubis,
3300 3745 3398 3797 sed
3447 3745 3620 3798 etiam
3673 3744 3965 3798 invenitur
4030 3745 4185 3798 idem
4252 3747 4316 3800 in
4366 3756 4681 3818 puteorum

2965 3833 3472 3904 profunditatibus.
3518 3834 3582 3886 In
3613 3834 3701 3886 his
3749 3833 4041 3900 omnibus,
4091 3835 4136 3886 si
4171 3851 4331 3903 erro,
4379 3853 4495 3891 oro
4531 3847 4596 3892 ut
4627 3841 4684 3891 ad

2971 3927 3116 3977 viam
3168 3924 3418 3977 veritatis
3460 3924 3718 3978 reducar.
3756 3924 3813 3978 Si
3845 3924 3994 3977 viam
4048 3930 4242 3989 teneo,
4294 3927 4684 3982 nihilominus

2967 4018 3098 4082 peto
3150 4020 3212 4066 ut
3265 4013 3353 4065 via
3395 4029 3519 4082 quae
3555 4028 3642 4066 me
3685 4013 4040 4066 dubitantem
4095 4018 4255 4067 tenet
4307 4014 4372 4068 in
4409 4019 4685 4077 tenebris,

2967 4097 3138 4151 vestri
3169 4113 3430 4151 assensus
3459 4097 3798 4151 auctoritate
3828 4097 4112 4151 illustrata
4145 4098 4436 4154 reluceat.

3736 2773 3762 2838 ἓ
3805 2775 3890 2826 Vl.

3039 2864 3158 2916 1am
3193 2878 3344 2916 nunc
3374 2862 3602 2932 quidem
3654 2862 3795 2914 nihil
3827 2862 4150 2916 dubitarem
4199 2865 4347 2934 quin
4382 2865 4518 2920 haec
4548 2877 4689 2922 esset

1475 2935 1481 3022 ί
1669 2918 2096 3037 /C'l'c“l”5
2124 2935 2349 3037 22\
2540 2918 2546 3037 i
2970 2951 3113 3004 ratio
3162 2951 3497 3020 sphmricam
3551 2951 3988 3004 crassitudinem
4039 2952 4405 3022 inveniendi,
4467 2957 4519 3009 si
4553 2974 4690 3026 pro-

2343 3039 2422 3118 \
2541 3039 2548 3118 ι
2969 3041 3161 3108 prium
3209 3044 3353 3092 esset
3399 3039 3692 3107 sphaericaa
3746 3045 3968 3092 tantum
4017 3041 4454 3106 crassitudinis,
4515 3053 4605 3109 ut,
4649 3047 4688 3098 si

1590 3121 1596 3127 Ι
1636 3175 1808 3230 Huius
1863 3176 2007 3229 sicut
2035 3177 2249 3230 dictum
2283 3182 2366 3229 est
2417 3121 2482 3230 \
2542 3121 2550 3230 1
2969 3129 3270 3197 duplicitas
3302 3128 3360 3180 in
3412 3128 3690 3180 diametro
3734 3133 4037 3192 constaret,
4091 3129 4472 3198 octuplicitas
4517 3131 4578 3184 in
4615 3150 4690 3185 so-

1636 3175 1808 3228 nu-us
1863 3176 1939 3228 sic
1986 3177 2086 3230 td.
2129 3182 2146 3229 ί
2345 3182 2366 3229 t
2969 3137 3270 3197 duplicitas
3302 3144 3360 3180 in
3412 3137 3690 3180 diametro
3734 3137 4037 3192 constaret,
4091 3137 4472 3198 octupltcrtas
4517 3137 4578 3184 in
4615 3150 4688 3185 so-

1641 3192 1990 3308 Digméter‘;
2026 3193 2123 3309 851:
2151 3193 2384 3310 nglfg’
2543 3137 2552 3376 ι
2972 3216 3188 3269 liditate
3238 3215 3604 3284 reperiretur.
3657 3216 3760 3268 Sed
3817 3215 3961 3268 hanc
4009 3216 4274 3270 eamdem
4338 3235 4594 3272 causam
4644 3229 4688 3273 et

2140 3274 2176 3326 Ρ
2362 3297 2374 3310 ’
2972 3308 3253 3358 rationem
3289 3304 3346 3356 in
3399 3304 3666 3357 omnibus
3701 3303 3859 3356 cubis
3893 3303 4142 3358 invenio.
4194 3305 4251 3358 Si
4283 3307 4458 3360 enim
4509 3325 4576 3361 ex
4611 3310 4685 3362 bi-

1819 3272 1836 3290 )
1961 3271 1965 3272 ⁷
3305 3271 3320 3284 ι
4507 3271 4510 3272 ⁷
4540 3271 4593 3272 ίίί
4652 3271 4685 3273 ’“

1473 3271 1530 3396 Η
1641 3271 1930 3308 Ulamuer
1971 3271 1988 3308 Ι
2026 3271 2111 3309 εει
2140 3271 2374 3326 [malum
2492 3271 2515 3396 \
2545 3271 2552 3376 ί
2972 3308 3253 3358 rationem
3289 3304 3346 3356 in
3399 3304 3666 3357 omnibus
3701 3303 3859 3356 cubis
3893 3303 4142 3358 invenio.
4194 3305 4251 3358 Si
4283 3307 4458 3360 enim
4509 3325 4576 3361 ex
4611 3310 4685 3362 bi-

2544 3381 2550 3488 ξ
2967 3394 3124 3447 nario
3179 3409 3356 3445 unum
3389 3394 3575 3445 fecero
3628 3391 3859 3458 cubum,
3913 3397 3968 3444 et
3995 3395 4373 3462 quaternario
4408 3396 4682 3460 alterum,

1475 3475 1480 3504 l
1813 3477 1940 3506 Amm
1972 3477 2036 3506 'JQ
2068 3479 2124 3506 ιιι
2150 3475 2184 3506 Ω
2545 3499 2548 3506 λ
2969 3482 3094 3506 ι...;..
3159 3481 3553 3506 ...ηιιηηη-εηη
3611 3482 3811 3506 ,1...ιι..-
3847 3487 3925 3506 ..με
3976 3480 4230 3506 L:.....,:..._
4323 3484 4516 3506 --_L__-
4560 3503 4653 3506 _-__

1475 3475 1559 3620 i\
1696 3475 2311 3609 δοιῖῗιῖῗξεῖδῑξιεῗδδ.
2459 3475 2511 3620 /

1463 3633 2545 3951 ἰῇΚΛ

2477 4263 4112 4275 —__————__._—_o__—.—...-——--_—._.——-_——.___—_.._.—.——__.

2477 4397 3377 4503 ADELBOLDI

2707 4601 3130 4674 CHARTA

1674 4772 1764 4826 DE
1806 4772 2032 4827 VASSIS
2070 4772 2219 4826 SlVE
2261 4773 2417 4826 FIDE
2453 4772 2775 4828 ADDlCTlS
2815 4774 3156 4828 ECCLESl/E
3196 4775 3277 4828 ET
3318 4775 3651 4832 EPISCOPO
3693 4775 4173 4832 TRAJECTENSL

2353 4929 2553 4998 (Heda,
2585 4930 2884 4985 Chronicon
2920 4933 3223 5001 Ultraject.,
3255 4947 3310 5003 p.
3342 4935 3489 5002 282.)

1242 5244 1308 5296 In
1338 5241 1571 5296 nomine
1603 5241 1702 5297 Dei
1732 5257 1923 5296 amen.
1965 5244 2161 5312 Operae
2191 5242 2438 5312 pretium
2474 5241 2609 5295 duxi
2635 5257 2701 5294 ea
2732 5258 2860 5311 quae
2902 5243 2942 5298 C
2974 5243 3460 5313 praedecessorum
3498 5260 3757 5298 meorum
3791 5243 4198 5315 episcoporum
4227 5247 4687 5318 Trajectensium

1171 5337 1492 5404 sequuntur
1524 5332 1748 5402 scriptis
1777 5331 2048 5399 inserere,
2097 5349 2166 5385 ne
2193 5333 2438 5402 posteris
2475 5333 2679 5386 lateret
2707 5333 2860 5403 quod
2971 5332 3115 5386 mihi
3147 5333 3364 5387 litteras
3395 5333 3788 5399 ostenderunt,
3840 5333 4204 5386 continentes
4236 5351 4381 5405 qua:
4418 5343 4480 5390 et
4512 5339 4687 5408 qualia

1171 5436 1430 5491 praesens
1484 5425 1620 5474 aetas
1652 5421 1879 5474 faceret.
1937 5421 2296 5490 Quapropter
2354 5420 2615 5474 desidero
2660 5427 2860 5474 notum
2969 5419 3122 5472 bona
3171 5419 3280 5489 ipsi
3328 5423 3383 5472 et
3429 5435 3627 5473 eorum
3679 5419 4077 5490 progenitores
4123 5419 4195 5473 ab
4258 5423 4528 5477 Ecclesia
4570 5427 4684 5478 Tra-

1173 5524 1295 5562 esse
1326 5509 1540 5562 cunctis
1586 5515 1794 5562 sancta:
1829 5509 1926 5562 Dei
1959 5507 2218 5563 Ecclesiae
2250 5508 2528 5572 ﬁdelibus,
2574 5514 2689 5563 tam
2722 5525 2863 5580 prae-
2965 5507 3204 5577 jectensi
3243 5511 3586 5573 tenuerunt;
3639 5507 3846 5578 quibus
3880 5507 4034 5573 visis,
4071 5507 4131 5561 in
4179 5511 4427 5581 scriptis
4457 5513 4574 5568 feci
4621 5528 4687 5564 rc-

1173 5596 1428 5651 sentibus
1476 5613 1650 5668 quam
1707 5597 1934 5664 futuris,
1969 5597 2124 5666 quod
2174 5611 2279 5665 ego
2336 5595 2702 5664 Adelboldus,
2759 5597 2861 5650 Dei
2969 5596 3088 5666 digi
3119 5611 3248 5666 quae
3279 5600 3616 5665 sequuntur.

1175 5685 1536 5739 solummodo
1607 5686 1809 5754 gratia,
1885 5691 2094 5738 sanctas
2157 5683 2534 5752 Trajectensis
2601 5683 2856 5737 Ecclesia:
3043 5685 3160 5737 Dux
3215 5683 3535 5738 Brabantiae
3593 5688 3678 5737 est
3727 5682 3870 5736 liber
3919 5682 4166 5737 feudalis
4218 5685 4515 5742 Ecclesiae
4568 5690 4683 5742 Tra-

1175 5774 1382 5844 prmsul
1415 5774 1705 5842 indignus,
1762 5789 1890 5827 cum
1940 5773 2196 5826 feudales
2246 5772 2416 5826 liberi
2467 5778 2676 5826 sanctae
2723 5774 2858 5826 Tra-
2960 5772 3251 5842 jectensis,
3287 5778 3344 5826 et
3375 5777 3529 5826 tenet
3569 5771 3630 5826 in
3672 5771 3906 5825 feudum
3950 5770 4254 5827 civitatem
4288 5776 4599 5848 lapideam
4641 5777 4682 5828 in

1171 5862 1442 5930 jectensis
1490 5860 1746 5915 Ecclesia:
1780 5876 1812 5912 a
1842 5876 1934 5913 me
1981 5861 2212 5914 feudum
2263 5877 2429 5915 suum
2478 5860 2856 5932 requirerent,
2966 5862 3140 5929 Tiele,
3176 5877 3305 5916 cum
3337 5861 3590 5932 praediis,
3627 5861 3877 5926 familiis,
3913 5860 4250 5931 mancipiis,
4289 5867 4493 5937 silvis,
4520 5867 4680 5938 aquis.
