4944 6498
631 460 759 513 1109

2220 455 2498 512 MUSICA.

3975 463 4107 511 itit)

624 588 1039 660 piscationibus,
1072 587 1317 657 pascuis,
1347 588 1542 657 pratis,
1579 592 1634 641 et
1662 587 1920 642 salictum
1946 590 2106 659 juxta
2166 605 2306 658 pra-
2345 595 2388 644 Α
2417 587 2668 658 justitiis,
2729 592 2809 647 est
2865 592 2920 641 et
2964 592 3199 641 vocatur
3262 586 3608 640 camerarius
3667 587 3923 657 episcopi
3971 590 4103 642 Tra-

626 680 823 732 dictam
855 676 1142 729 civitatem
1181 677 1331 730 Tiele
1382 676 1576 743 situm,
1610 682 1667 730 et
1705 678 1969 731 omnibus
2002 678 2070 732 ad
2102 678 2298 730 civita-

623 772 730 820 tem
761 765 1182 836 pertinentibus
1208 765 1490 818 eamdem.

688 856 823 909 Item
855 858 1030 906 totam
1076 853 1437 923 Campiniam
1492 869 1673 924 usque
1722 852 2295 918 Tournoutervoerde,

620 959 741 995 cum
771 940 1091 1010 mancipiis,
1129 941 1303 1007 silvis,
1359 941 1593 1010 campis,
1629 940 1995 1009 ofﬁciumque
2048 941 2170 1009 ejus
2216 944 2316 1006 est,

620 1032 767 1101 quod
789 1034 1020 1083 vocatur
1057 1034 1111 1082 et
1137 1035 1220 1082 est
1251 1029 1472 1099 dapifer
1499 1029 1749 1099 episcopi
1780 1029 2165 1098 Trajeclensis.

685 1120 820 1172 Item
867 1133 1056 1171 comes
1094 1117 1414 1187 Gelrialest
1446 1118 1617 1171 etiam
1647 1118 1792 1171 liber
1843 1118 2082 1171 feudalis
2112 1118 2295 1170 Eccle-

617 1206 710 1259 sia
764 1205 1152 1275 Trajectensis,
1214 1210 1270 1259 et
1322 1210 1479 1259 tenet
1550 1206 1609 1259 in
1677 1206 1905 1259 feudum
1962 1206 2295 1259 comitatum

620 1294 960 1363 Zutpbania,
1008 1310 1136 1347 cum
1186 1294 1386 1347 multis
1436 1294 1689 1363 pradiis,
1742 1294 2058 1361 mancipiis,
2101 1294 2294 1363 pratis,

614 1382 779 1447 silvis,
816 1382 980 1452 aquis
1012 1398 1361 1453 aquarumve
1392 1382 1724 1435 decursibus
1757 1387 1813 1434 et
1839 1381 2093 1451 justitiis.
2153 1382 2293 1434 Item

614 1470 933 1524 Embricum
988 1486 1118 1523 cum
1167 1470 1283 1523 suis
1338 1471 1679 1535 attinentiis_
1712 1487 1816 1540 pro
1870 1476 2029 1540 parte
2082 1471 2289 1536 media,

611 1563 664 1612 et
720 1558 829 1611 alia
886 1574 1018 1627 pars
1084 1564 1169 1612 est
1248 1558 1500 1628 episcopi
1555 1559 1945 1628 Trajectensis.
2018 1561 2155 1612 Item
2232 1558 2291 1613 in

610 1662 749 1715 pago
782 1648 963 1700 Batua
987 1662 1257 1716 magnam
1288 1652 1532 1715 partem,
1565 1662 1693 1699 cum
1724 1647 2025 1716 mancipiis
2077 1646 2292 1700 utrius-

608 1752 714 1805 que
760 1751 924 1788 sexus
972 1738 1027 1787 et
1092 1734 1346 1803 justitiis.
1420 1736 1559 1788 Item
1628 1735 1951 1789 Tielrewert
2009 1740 2064 1789 et
2118 1737 2291 1789 Bom-

606 1823 861 1889 brewert,
944 1838 1075 1876 cum
1144 1822 1342 1875 multis
1410 1822 1732 1892 mancipiis,
1802 1823 2033 1889 mansis,
2100 1824 2284 1887 terris,

2408 677 2693 730 iectensis.

2434 694 2693 730 ectensis.

2398 694 2419 746 J
2479 765 2619 818 Item
2653 780 2842 817 comes
2871 764 2939 817 de
2972 764 3247 817 Benthem
3302 768 3387 817 est
3443 763 3588 816 liber
3617 763 3859 818 feudalis
3911 765 4100 817 Eccle-

2409 852 2526 918 sia,
2560 857 2616 904 et
2642 857 2795 905 tenet
2834 852 2894 904 in
2943 852 3175 905 feudum
3230 852 3737 920 Burchgraviatum
3794 853 3908 905 sive
3961 870 4101 922 pra-

2407 942 2679 995 fecturam
2710 940 3125 1009 Trajectensem
3171 955 3298 992 cum
3331 939 3593 1009 plurimis
3628 939 3856 1003 mansis,
3908 939 4093 1005 terris,

2407 1030 2627 1096 insulis,
2674 1030 2908 1099 campis,
2972 1029 3289 1098 mancipiis,
3350 1029 3526 1093 silvis,
3595 1029 3790 1098 pratis,
3848 1030 4091 1098 pascuis,

2406 1118 2567 1188 aquis
2599 1133 2949 1187 aquarumve
2981 1118 3330 1183 decursibus,
3366 1122 3421 1169 et
3462 1117 3699 1186 justitia,
3742 1117 3802 1169 in
3834 1117 4093 1186 pluribus

2406 1207 2543 1260 locis
2572 1206 2813 1259 civitatis
2864 1209 2919 1258 et
2966 1206 3223 1258 diacesis
3270 1206 3661 1274 Trajectensis,
3711 1205 3808 1275 qui
3862 1212 4095 1258 vocatur

2405 1301 2459 1348 et
2490 1299 2575 1347 est
2606 1294 2822 1364 janitor
2851 1293 3102 1363 episcopi
3132 1293 3524 1363 Trajectensis.

2476 1385 2617 1437 Item
2651 1382 2914 1437 dominus
2946 1382 3013 1435 de
3047 1381 3199 1434 Cuke
3232 1387 3317 1433 est
3345 1380 3490 1433 liber
3532 1380 3772 1433 feudalis
3806 1380 4086 1445 Ecclesia,

2404 1477 2461 1524 et
2491 1476 2644 1524 tenet
2688 1470 2749 1523 in
2782 1470 3014 1524 feudum
3058 1471 3262 1522 multas
3315 1474 3514 1534 terras,
3561 1468 3795 1535 insulas,
3840 1474 3896 1521 et
3938 1469 4087 1521 deci-

2403 1576 2544 1626 mas,
2576 1575 2705 1612 cum
2737 1559 2897 1625 casis,
2942 1558 3225 1624 domibus,
3285 1561 3341 1610 et
3388 1557 3563 1620 silvis,
3615 1556 3851 1626 campis,
3910 1556 4089 1625 pratis

2402 1653 2457 1702 et
2485 1647 2727 1718 pascuis,
2761 1647 2923 1717 aquis
2965 1662 3313 1716 aquarumve
3365 1645 3714 1708 decursibus,
3766 1650 3819 1697 et
3866 1644 4089 1714 justitia

2401 1736 2461 1789 in
2491 1736 2724 1789 diversis
2770 1734 2908 1787 locis
2956 1733 3210 1788 dioecesis
3258 1732 3648 1802 Trajectensis,
3700 1732 3800 1803 qui
3855 1738 4088 1786 vocatur

2402 1829 2455 1878 et
2483 1828 2566 1877 est
2594 1823 2870 1892 pincerna
2900 1821 3150 1892 episcopi
3180 1820 3571 1891 Trajectensis.

604 1911 762 1978 casis,
832 1910 1120 1978 domibus,
1187 1911 1421 1981 campis,
1508 1911 1706 1981 pratis,
1765 1911 1948 1982 aquis,
2006 1928 2285 1982 aquarum
2326 1932 2366 1985 3
2470 1911 2613 1963 Item
2644 1908 2909 1963 dominus
2940 1908 3008 1961 de
3036 1909 3223 1962 Ghoer
3252 1912 3336 1961 est
3378 1907 3525 1960 liber
3550 1904 3788 1959 feudalis
3831 1904 4087 1959 Ecclesia

602 1998 950 2063 decursibus,
978 2003 1028 2052 et
1055 1998 1280 2068 justitia
1308 2018 1322 2064 ;
1353 2002 1408 2051 et
1453 1999 1585 2052 dicti
1630 1999 1850 2051 comitis
1908 1999 2155 2053 ofﬁcium
2209 2004 2292 2054 est
2397 1996 2792 2068 Trajectensis,
2826 2002 2882 2051 et
2913 2001 3068 2050 tenet
3126 1999 3185 2050 in
3241 1996 3476 2049 feudum
3506 2000 3755 2048 castrum
3783 1995 3987 2061 Golier,
4030 2002 4087 2048 et

600 2087 749 2158 quod
779 2091 1019 2140 vocatur
1050 2091 1107 2140 et
1134 2092 1219 2140 est
1248 2091 1483 2139 venator
1508 2086 1758 2156 episcopi
1787 2087 2177 2155 Trajectensis.

668 2176 809 2228 Item
841 2191 1034 2229 comes
1093 2175 1404 2228 Hollandia
1426 2178 1508 2227 est
1562 2175 1705 2228 liber
1753 2174 1993 2227 feudalis
2039 2173 2291 2246 episcopi

600 2262 992 2332 Trajectensis,
1024 2268 1074 2316 et
1107 2266 1265 2316 tenet
1291 2263 1351 2315 in
1402 2262 1635 2316 feudum
1677 2263 2008 2315 comitatum
2066 2263 2291 2317 Hollan-

597 2351 719 2417 dia,
756 2357 810 2405 et
839 2355 1054 2405 terram
1084 2350 1461 2416 Kenemaria,
1488 2366 1617 2403 cum
1642 2351 1826 2417 terris,
1854 2352 2085 2416 mansis,
2114 2351 2285 2417 silvis,

596 2440 831 2508 campis,
869 2439 1069 2508 pratis,
1106 2439 1349 2509 pascuis,
1405 2438 1724 2508 mancipiis,
1773 2439 1957 2509 aquis,
2008 2456 2287 2509 aquarum

594 2528 947 2593 decursibus,
1003 2532 1058 2581 et
1094 2528 1335 2597 justitia,
1386 2528 1631 2597 exceptis
1681 2528 1959 2581 dictarum
2006 2532 2287 2582 terrarum

595 2615 845 2681 decimis,
879 2618 940 2669 et
994 2621 1145 2668 terra
1166 2616 1562 2670 Waterlandia
1597 2620 1651 2669 et
1698 2616 2097 2682 West-Frisia,
2158 2633 2285 2685 qua

590 2704 841 2756 totaliter
870 2703 1123 2773 pertinet
1173 2703 1240 2757 ad
1288 2704 1617 2772 episcopum
1675 2708 1728 2756 et
1778 2703 2087 2756 Ecclesiam
2144 2705 2285 2757 Tra-

582 2790 923 2859 jectensem,
956 2795 1011 2843 et
1040 2790 1221 2844 dictus
1248 2807 1437 2844 comes
1469 2791 1785 2845 Hollandia
1824 2796 2056 2843 vocatur
2105 2797 2161 2844 et
2200 2798 2285 2845 est

586 2877 1005 2930 mareschalcus
1037 2877 1290 2947 episcopi
1317 2877 1711 2946 Trajectensis.

655 2968 799 3020 Item
842 2982 1040 3019 comes
1090 2964 1359 3019 Clivensis
1414 2970 1496 3019 est
1545 2965 1688 3018 liber
1737 2966 1975 3020 feudalis
2021 2966 2282 3020 Ecclesiae

586 3050 1013 3123 [Trajectensis]
1048 3056 1103 3105 et
1129 3038 1286 3106 tenet
1333 3053 1393 3105 in
1423 3053 1660 3107 feudum
1703 3054 1764 3107 in
1805 3070 1951 3124 pago
2012 3056 2190 3108 Batua
2222 3056 2281 3108 in

583 3140 871 3209 superiori
903 3145 1067 3209 parte
1099 3156 1271 3208 supra
1295 3140 1556 3194 Rhenum
1588 3157 1855 3211 magnam
1912 3147 2132 3211 partem
2166 3149 2278 3196 ter-

2398 2092 2609 2139 terram
2625 2086 2833 2139 dictam
2848 2085 3102 2150 Ameide,
3119 2100 3248 2137 cum
3264 2084 3456 2137 multis
3470 2083 3654 2149 terris,
3670 2084 3903 2150 mansis,
3919 2083 4082 2148 casis,

2399 2174 2682 2240 domibus,
2721 2174 2894 2238 silvis,
2955 2172 3189 2243 campis,
3231 2172 3552 2241 mancipiis,
3599 2170 3796 2241 pratis,
3838 2170 4083 2240 pascuis,

2397 2263 2581 2334 aquis,
2606 2278 2879 2332 aquarum
2902 2260 3255 2328 decursibus,
3283 2260 3588 2314 mobilibus
3602 2263 3656 2312 et
3676 2258 4084 2325 immobilibus,

2396 2356 2452 2405 et
2483 2350 2751 2404 omnibus
2807 2350 2878 2403 ad
2909 2350 3090 2403 dictos
3144 2348 3431 2403 districtus
3463 2350 3530 2402 de
3564 2348 3752 2402 Goher
3803 2352 3858 2401 ct
3897 2347 4086 2417 Meyde

2393 2438 2834 2508 pertinentibus,
2878 2439 2978 2509 qui
3028 2443 3266 2492 vocatur
3314 2442 3370 2491 et
3415 2444 3501 2491 est
3551 2435 3787 2507 signifer
3835 2434 4087 2506 episc0pi

2392 2527 2515 2596 Traj
2526 2527 2786 2580 ectensis.

2462 2615 2869 2669 Pranominati
2896 2631 3093 2669 omnes
3124 2615 3375 2669 feudales
3408 2613 3666 2668 Ecclesia
3718 2612 3780 2665 in
3830 2610 4085 2681 generali

2392 2702 2607 2773 synodo
2673 2702 2923 2773 episcopi
3001 2703 3370 2772 Trajectensis
3419 2707 3707 2767 tenentur,
3767 2705 3823 2755 et
3876 2700 4086 2753 debent

2391 2790 2768 2860 personaliter
2798 2792 3090 2858 interesse,
3125 2792 3225 2861 qui
3253 2791 3490 2845 feudum
3521 2806 3690 2843 suum
3720 2806 3753 2841 a
3808 2804 3896 2841 me
3933 2804 4082 2841 rece-

2390 2883 2599 2948 perunt
2634 2879 2694 2931 in
2724 2880 3077 2949 homagium,
3112 2896 3177 2933 ac
3201 2880 3532 2933 ﬁdelitatem
3567 2876 3953 2947 prastiterunt
3984 2892 4074 2928 co-

2392 2983 2514 3020 ram
2550 2968 2782 3021 domino
2818 2969 3055 3021 Henrico
3102 2969 3148 3022 II
3192 2970 3352 3021 Rom.
3398 2964 3760 3037 imperatoris
3804 2963 4076 3016 invictiss.

2389 3060 2665 3128 Augusto,
2702 3057 3074 3127 prasentibus
3100 3057 3347 3110 Aribone
3396 3054 3820 3124 archiepiscopo
3876 3056 3931 3105 et
3989 3067 4079 3103 ar-

2390 3144 2795 3215 chicapellano,
2827 3150 3067 3198 Annone
3095 3145 3442 3210 Coloniensi,
3506 3141 3829 3196 Everhardo
3876 3141 4077 3193 Treve-

583 3243 778 3281 rarum
808 3233 866 3281 et
899 3244 1257 3291 mansorum,
1292 3244 1420 3281 cum
1472 3228 1633 3295 casis,
1669 3229 1954 3297 domibus,
1985 3231 2282 3301 mancipiis
2322 3205 2361 3258 Ο
2391 3231 2563 3297 rensi,
2634 3233 2935 3286 Adelberto
3016 3230 3550 3300 Hammelburgensi
3616 3226 4075 3297 archiepiscopis,

580 3317 818 3387 campis,
856 3316 1055 3387 pratis,
1083 3316 1338 3386 pascuis;
1392 3320 1447 3370 et
1494 3333 1555 3369 ex
1609 3317 1717 3370 alio
1764 3318 1940 3371 latere
1994 3317 2196 3383 Rheni,
2228 3323 2283 3372 et

580 3404 638 3455 in
666 3404 792 3457 aliis
825 3404 1177 3475 quibusdam
1205 3403 1361 3468 locis,
1394 3409 1592 3468 terras,
1628 3420 1878 3467 mansos,
1938 3421 2111 3470 casas,
2172 3407 2280 3459 do—

577 3509 722 3560 mos,
762 3494 957 3560 silvas,
1007 3508 1258 3563 campos.
1310 3495 1453 3547 Item
1502 3492 1899 3545 Woudrichem
1944 3508 2073 3546 cum
2129 3494 2279 3564 agris

580 3586 635 3634 et
692 3581 939 3652 campis,
984 3596 1115 3635 cum
1169 3581 1351 3651 aquis,
1406 3596 1757 3651 aquarumve
1814 3581 2164 3646 decursibus,
2223 3586 2279 3635 et

2393 3320 2651 3374 Udalrico
2688 3322 2807 3375 vice
2837 3321 3172 3375 cancellario
3207 3325 3261 3374 et
3310 3320 3566 3391 pluribus
3611 3318 3737 3370 aliis
3778 3315 4074 3387 episcopis,

2391 3409 2692 3462 comitibus
2723 3415 2778 3463 et
2808 3410 2971 3480 regni
3003 3410 3289 3464 ﬁdelibus.

2458 3500 2663 3550 Actum
2690 3497 2749 3551 in
2773 3498 3038 3567 Tulpiaco
3096 3501 3299 3563 castro,
3354 3512 3502 3549 anno
3536 3494 3765 3549 Domini
3815 3495 3968 3557 1021,
4024 3508 4073 3543 1v

2390 3583 2534 3637 Non.
2556 3585 2812 3638 Januarii
2841 3586 3098 3639 feliciter.
3128 3589 3330 3639 Amen.

1369 3793 2479 3919 ADELBOLDI
2586 3797 3299 3922 MUSICA

572 3978 658 4043 (Β.
706 3977 995 4032 Martinus
1039 3977 1360 4044 Gerbertus,
1400 3978 1700 4047 Scriptores
1748 3980 2096 4033 ecclesiastici
2151 3981 2217 4034 de
2262 3985 2487 4047 musica,
2537 3983 2580 4050 Ι,
2632 3984 2755 4052 303,
2817 4000 2881 4038 ex
2925 3984 3049 4039 cod.
3098 3986 3503 4056 Tegernseensi
3555 4001 3683 4040 sac.
3714 4001 3769 4040 xi
3820 3985 3907 4038 vel
3948 3987 4070 4053 xu).

2094 4192 2565 4260 MONITUM.

638 4308 923 4390 Codicem
966 4308 1451 4390 Tegernseepsem
1488 4325 1614 4390 sac.
1660 4327 1709 4364 ιι
1749 4312 1847 4390 ve1_
1875 4329 1973 4375 xu,
2018 4329 2231 4390 exquo
2270 4316 2433 4390 Bern.
2479 4318 2677 4372 Pezius
2721 4320 2903 4374 edidit
2942 4321 3240 4375 Adelboldi
3277 4322 3534 4377 libellum
3575 4324 3654 4377 De
3700 4324 4073 4379 crassitudine

563 4396 667 4460 seu
700 4380 939 4463 Eirculo
984 4380 1241 4463 sphaera,
1285 4380 1624 4463 inscriptum
1663 4382 1851 4463 reperi
1892 4380 2217 4463 r_ecentiori_
2248 4387 2703 4463 quidemgmanu
2742 4393 2951 4445 Musica
3010 4392 3301 4446 Adelboldi
3356 4394 3430 4447 ad
3475 4396 3791 4450 Silvestrum
3843 4412 4069 4463 papam,

562 4451 664 4519 qui
700 4452 914 4504 Roma
946 4450 1091 4502 sedit
1119 4450 1188 4504 ab
1222 4466 1315 4503 an.
1352 4453 1453 4505 999
1483 4468 1548 4504 us

1596 4468 1663 4532 ue
1701 4456 1853 4532 109.3:
1892 4456 2144 4532 Nemque
2178 4458 2407 4532 Domino
2433 4460 2688 4514 Silvestro
2714 4476 2918 4516 summo
2940 4467 2991 4516 et
3020 4466 3265 4529 pontiﬁci
3302 4470 3351 4516 et
3376 4466 3693 4532 philosopho
3738 4456 4071 4519 Adélboldus

562 4467 664 4519 qu1
702 4467 914 4533 horna
946 4467 1100 4529 56011..
1119 4467 1188 4504 ab
1222 4467 1315 4530 an.
1352 4467 1453 4505 uae
1483 4467 1663 4576 usque
1701 4467 1853 4532 mus.
1892 4467 2144 4525 memque
2178 4467 2407 4538 Domino
2433 4467 2688 4514 Situestro
2714 4476 2918 4516 summo
2940 4467 2991 4516 et
3020 4467 3265 4529 pontifici
3302 4470 3351 4516 et
3376 4467 3693 4532 philosopho
3738 4467 4071 4519 Adelboldus

561 4522 932 4604 scholasticus
973 4520 1551 4604 dedicatuipsum‘lau
1598 4528 1753 4604 atum
1790 4524 2067 4604 libellum,
2111 4541 2213 4578 cur
2249 4543 2363 4580 non
2394 4537 2717 4601 interrupto
2753 4534 2899 4601 stylo
2952 4549 3086 4585 mox
3121 4549 3186 4586 ea
3226 4533 3564 4601 subduntur,
3607 4551 3737 4604 qua
3779 4552 3930 4589 nunc
3968 4553 4071 4589 nos

560 4592 669 4645 sub
703 4593 839 4663 ejus
872 4592 1110 4645 nomine
1143 4592 1363 4645 edimus
1396 4592 1464 4646 ad
1497 4598 1754 4647 nostrum
1784 4596 2098 4663 spectantia
2129 4605 2554 4666 argumentum.

1006 4715 1550 4779 QUEMADMODUM
1588 4716 2110 4771 INDUBITANTER
2147 4717 2416 4772 MUSIC/E
2458 4718 2959 4777 CONSONANTI/E
2995 4722 3311 4778 JUDICARI
3350 4722 3657 4778 POSSINT.

632 4824 707 4877 Ut
767 4838 913 4876 vero
962 4822 1354 4875 indubitanter
1391 4821 1893 4875 consonantiarum
1940 4821 2084 4875 ratio
2115 4822 2272 4876 colli-
2314 4827 2355 4879 D
2386 4831 2683 4880 curvatura
2713 4829 2782 4882 ad
2814 4829 2872 4883 id
2903 4829 3055 4899 quod
3092 4834 3177 4883 est
3228 4830 3267 4881 Β
3298 4829 3526 4883 diducta
3566 4829 3720 4883 linea
3748 4835 3930 4884 rectos
3961 4831 4067 4884 cir-

559 4916 756 4981 gatur,
798 4910 907 4965 tali
933 4909 1266 4964 brevissimo
1295 4926 1359 4963 ac
1380 4908 1626 4979 simplici
1648 4909 1794 4963 efﬁci
1827 4908 2040 4979 poterit
2065 4909 2275 4963 instru-

559 5004 780 5053 mento.
820 4999 913 5053 Sit
941 4999 1141 5069 regula
1169 4997 1475 5067 diligenter
1503 5001 1751 5052 extensa.

794 5211 840 5265 E
2060 5212 2098 5265 F

620 5297 2220 5385 AW

792 5414 836 5467 Β
2060 5415 2100 5469 C

621 5624 735 5677 Cui
790 5623 917 5677 duo
969 5622 1377 5694 semispharia,
1422 5639 1562 5694 quas
1614 5624 1881 5693 magadas
1932 5624 2108 5677 Graci
2169 5641 2265 5678 vo-

559 5722 705 5782 :ant,
743 5712 999 5782 insuper
1029 5718 1412 5783 apponantur,
1454 5712 1529 5767 ita
1576 5718 1641 5765 ut
1699 5713 1769 5766 ab
1801 5728 1869 5767 ea
1897 5729 2025 5783 qua
2076 5714 2114 5767 Ε
2164 5717 2268 5782 est,

2386 4930 2514 4967 cum
2547 4932 2603 4969 se
2627 4919 2864 4986 angulos
2913 4918 3139 4972 efﬁciat.
3191 4919 3330 4972 Item
3360 4919 3430 4972 ab
3464 4937 3529 4972 ea
3560 4936 3688 4990 qua
3732 4926 3817 4974 est
3848 4922 3886 4974 F
3942 4936 4067 4974 cur-

2385 5011 2585 5059 vatura
2613 5006 2682 5060 ad
2714 5006 2772 5059 id
2822 5006 2973 5076 quod
3002 5012 3086 5061 est
3117 5008 3173 5061 Ο.
3210 5016 3484 5078 punctum
3530 5008 3761 5063 diducta
3806 5009 3956 5063 linea
3980 5026 4070 5063 re—

2386 5098 2503 5147 ctos
2535 5093 2747 5146 circum
2760 5110 2816 5147 se
2833 5094 3070 5163 angulos
3090 5095 3311 5149 reddat.
3336 5096 3459 5150 Sint
3480 5112 3610 5149 vero
3634 5096 3756 5149 hac
3773 5096 4069 5166 aqualiter

2385 5180 2639 5251 undique
2682 5182 3000 5251 perpolita,
3052 5186 3108 5237 et
3135 5183 3204 5236 ad
3251 5183 3479 5237 eosdem
3530 5200 3663 5237 usus
3691 5183 3804 5236 sint
3853 5184 4066 5237 eisdem

2384 5270 2510 5324 alia
2539 5271 2787 5339 aquales
2842 5276 3073 5340 parata.
3117 5272 3297 5341 Super
3326 5272 3427 5324 has
3485 5271 3818 5325 intendatur
3862 5287 4068 5325 nervus

2384 5358 2619 5428 aqualis
2658 5359 2911 5429 undique
2961 5359 3007 5413 is
3062 5360 3162 5430 qui
3211 5365 3293 5413 est
3324 5361 3383 5413 E.
3418 5362 3483 5413 Α.
3546 5360 3602 5412 F.
3667 5360 3727 5412 D.
3786 5359 3843 5413 Si
3894 5360 4070 5428 igitur

2383 5445 2735 5501 diatessaron
2784 5448 3234 5513 consonantiam,
3293 5448 3477 5518 qualis
3521 5448 3613 5516 sit,
3671 5448 3920 5519 reperire
3977 5465 4069 5501 vo-

2384 5534 2563 5602 luero,
2598 5535 2707 5589 hoc
2736 5537 2907 5590 modo
2951 5536 3176 5590 faciam.
3231 5536 3314 5589 Ab
3345 5536 3385 5587 Ε
3416 5544 3647 5606 puncto,
3691 5552 3803 5606 quo
3860 5553 4069 5590 nervus

2384 5624 2839 5693 semispharium
2900 5626 3103 5695 tangit,
3156 5641 3334 5695 usque
3376 5624 3447 5678 ad
3509 5626 3546 5679 F
3593 5630 3888 5695 punctum,
3949 5642 4064 5695 quo

2384 5728 2580 5766 rursus
2606 5713 2678 5766 ab
2701 5713 2812 5766 alia
2840 5719 3002 5784 parte
3047 5715 3226 5768 altero
3253 5730 3447 5768 rursus
3499 5730 3703 5768 nervus
3733 5714 4063 5784 semispba-
