4944 6542
492 108 501 117 ι

722 150 731 155 Δ
926 116 1077 123 ----λ

1372 616 1493 667 litt

1363 747 1451 801 rio
1476 746 1758 818 jungitur,
1808 744 2000 799 divido
2048 744 2293 813 spatium
2328 744 2366 798 F
2415 744 2474 797 E.
2505 742 2761 813 partibus
2807 743 2923 797 VII.
2979 743 3043 797 Et

1367 835 1435 890 ad
1468 840 1689 904 partem
1722 833 1843 887 IIII.
1875 832 2248 903 septimarum
2303 846 2530 900 appono
2560 835 2839 900 punctum
2892 831 3045 901 quod

1367 927 1452 977 est
1481 923 1540 977 k.
1578 924 1668 976 Est
1698 921 1873 991 igitur
1910 920 1968 974 k.
2002 920 2071 975 ab
2103 936 2168 973 ea
2196 936 2325 990 quae
2355 924 2439 973 est
2469 918 2536 972 Κ.
2573 920 2630 972 F.
2661 918 3044 989 sesquitertia.

1369 1010 1428 1065 Si
1480 1011 1656 1080 igitur
1695 1010 1765 1063 ad
1806 1009 1862 1064 k.
1918 1024 2144 1079 (equum
2202 1008 2588 1077 superioribus
2641 1007 3050 1077 semisphteriis

1369 1112 1708 1168 apposuero,
1750 1100 1925 1166 atque
1984 1097 2255 1149 alterutra
2286 1095 2533 1148 vicissim
2578 1096 2636 1149 E.
2687 1097 2749 1151 K.
2786 1100 2839 1149 et
2871 1096 2935 1149 K.
2989 1096 3046 1149 F.

1371 1188 1589 1255 plectro
1661 1184 1918 1240 adhibito
1992 1184 2297 1254 pellantur,
2366 1183 2719 1237 diatessaron
2784 1183 3053 1237 distantia

1371 1273 1723 1338 consonabit,
1790 1272 1881 1325 sin
1944 1288 2075 1324 vero
2138 1271 2305 1324 simul
2364 1275 2634 1340 utrasque
2699 1286 3051 1348 percussero,

1372 1361 1722 1414 diatessaron
1781 1360 2211 1413 consonantiam
2267 1375 2461 1413 nosco.
2519 1360 2678 1423 Quod
2708 1359 2753 1412 si
2788 1360 3055 1428 diapente

1373 1447 1598 1501 efﬁcere
1655 1448 1935 1513 volumus,
2003 1446 2259 1516 quinque
2306 1447 2564 1516 partibus
2611 1452 2788 1501 totam
2840 1447 3053 1515 divido,

1372 1550 1436 1588 ac
1464 1539 1574 1587 tres
1603 1533 1701 1588 uni
1729 1534 1997 1604 portioni,
2021 1534 2162 1588 duas
2214 1550 2349 1587 vero
2387 1536 2625 1605 reliquae
2655 1535 2823 1600 dabo,
2883 1541 3054 1604 atque

1372 1622 1555 1693 posito
1592 1622 1671 1676 ita
1714 1622 2104 1693 semisphterio
2164 1623 2475 1677 secundum
2525 1622 2788 1693 superius
2840 1622 3051 1677 dictum

2453 611 2845 668 ADELBOLDI
2883 612 3388 669 τιιΑιΕοΤΕΝειε
3424 613 3739 670 EPISCOPI

4730 618 4860 669 Hi?

3155 744 3388 798 modum
3414 743 3812 798 consonantias
3833 742 4331 815 dissonantiasque
4360 745 4686 815 perpendo.
4723 745 4861 798 Item

3158 831 3203 885 si
3242 830 3516 901 diapason
3575 830 4011 885 consonantiam
4071 834 4291 885 tentare
4348 831 4613 898 voluero,
4682 835 4862 886 totam

3157 918 3338 973 tribus
3368 919 3628 989 partibus
3658 934 3805 986 seco,
3837 922 4010 991 atque
4045 919 4106 973 in
4137 934 4314 974 unam
4343 920 4604 991 duasque
4662 920 4863 974 distri-

3158 1007 3358 1073 buens,
3384 1007 3612 1061 easdem
3668 1007 3839 1062 simul
3885 1007 3975 1061 vel
4022 1008 4358 1063 alterutram
4404 1008 4670 1080 pulsans,
4724 1008 4868 1079 quid

3160 1101 3430 1149 consonet
3460 1097 3549 1150 vel
3579 1097 3711 1167 quid
3745 1096 4000 1150 dissonet
4027 1103 4270 1167 utraque
4318 1112 4624 1167 cognosco.
4672 1096 4872 1166 Tripla

3159 1200 3291 1237 vero
3318 1200 3446 1254 quas
3475 1200 3539 1238 ex
3581 1185 3765 1238 mistis
3811 1186 4198 1238 consonantiis
4229 1186 4501 1251 nascitur,
4548 1186 4633 1239 ita
4671 1185 4870 1239 reddi-

3162 1277 3275 1337 tur,
3308 1277 3388 1336 ut,
3422 1273 3468 1326 si
3500 1277 3675 1327 totam
3706 1274 3807 1327 IIII
3839 1272 4092 1342 partium
4111 1272 4488 1327 divisionibus
4519 1273 4868 1343 partiamur,

3163 1365 3336 1431 atque
3364 1360 3426 1414 in
3454 1364 3567 1413 tres
3600 1367 3657 1414 et
3685 1377 3861 1415 unam
3890 1366 4007 1415 tota
4035 1364 4196 1416 nervi
4229 1362 4868 1432 prolixitasdividatur;

3163 1450 3353 1519 itaque
3385 1449 3841 1520 semisphazrium
3874 1450 4055 1503 tribus
4106 1452 4458 1521 appositum,
4499 1451 4696 1522 tripla:
4740 1466 4875 1522 pro-

3163 1536 3445 1609 portionis
3476 1537 3884 1592 dissonantiam
3916 1543 3972 1593 et
3996 1539 4435 1594 consonantiam
4475 1539 4706 1595 reddet.

2155 1783 2614 1839 MONOCHOHDI
2658 1783 2993 1838 NETARUM
3039 1784 3172 1838 PER
3209 1785 3375 1840 ΤΒΙΑ
3412 1784 3692 1841 GENERA
3720 1785 4069 1839 PARTITIO.

1448 1928 1514 1980 Ut
1540 1942 1672 1981 vero
1703 1942 1807 1996 per
1853 1924 1963 1979 tria
2014 1941 2225 1995 genera
2274 1927 2466 1978 currat
2517 1925 2682 1977 mista
2724 1924 3052 1995 descriptio,
3097 1926 3135 1979 Β
3171 1941 3289 1991 nos,
3325 1925 3383 1980 in
3415 1926 3696 1980 diatonico
3735 1926 3949 1980 scilicet
3978 1941 4187 1995 genere
4232 1942 4292 1991 ιι,
4331 1940 4511 1978 ncccc.
4564 1940 4683 1977 xvr.
4742 1926 4880 1975 tono

1376 2020 1432 2070 et
1459 2015 1723 2068 omnibus
1756 2014 1989 2084 propria
2025 2029 2327 2067 nervorum
2378 2013 2674 2083 pluralitas
2717 2017 3059 2083 apponatur,

1375 2103 1444 2158 ad
1478 2102 1895 2157 conservandas
1942 2101 2154 2155 scilicet
2199 2100 2604 2172 proportiones
2655 2101 2741 2154 vel
2797 2105 3062 2154 tonorum

1377 2197 1544 2262 atque
1573 2192 1828 2258 dieseon,
1861 2191 2207 2261 excogitatus
2246 2194 2331 2243 est
2360 2205 2631 2242 numerus
2661 2190 2761 2259 qui
2790 2189 2911 2242 haec
2938 2204 3060 2242 om-

1375 2278 1472 2332 nia
1496 2282 1689 2349 posset
1737 2279 2011 2349 explere:
2067 2281 2123 2331 et
2167 2278 2783 2348 proslambanomenon
2832 2276 3061 2347 quidem

1379 2366 1735 2421 describatur
1766 2366 1867 2437 qui
1896 2366 1968 2419 sit
1996 2366 2166 2419 VIIII.
2222 2366 2323 2420 CC.
2357 2366 2490 2419 XVI.
2526 2365 2797 2419 minimus
2826 2380 2959 2417 vero
2993 2366 3059 2418 Il.

1375 2454 1525 2509 CCC.
1555 2454 1675 2507 IIII.
1705 2453 2059 2523 reliquorum
2087 2468 2220 2505 vero
2252 2468 2524 2505 sonorum
2575 2451 2974 2522 proportiones
3005 2450 3065 2503 in

1375 2543 1585 2595 horum
1620 2540 1923 2595 medietate
1949 2544 2233 2595 taxentur.
2272 2540 2417 2593 Sane
2457 2540 2526 2594 ab
2558 2540 2826 2593 inferiore
2866 2555 3065 2610 proce-

1377 2628 1565 2684 dimus
1599 2628 1974 2699 omniumque
2001 2628 2235 2683 nomina
2253 2629 2593 2681 chordarum
2617 2644 2731 2681 non
2753 2628 2936 2681 solum
2960 2644 3066 2680 no-

1380 2717 1651 2785 minibus,
1682 2733 1878 2771 verum
1919 2717 2091 2771 etiam
2125 2716 2401 2786 appositis
2431 2716 2656 2782 litteris,
2714 2716 3066 2769 demonstra-

1379 2820 1527 2860 mus.
1574 2805 1683 2861 Sed
1730 2804 1810 2859 ita
1857 2810 1941 2873 ut,
1988 2805 2259 2876 quoniam
2298 2804 2472 2858 trium
2521 2819 2799 2874 generum
2858 2806 2942 2856 est
2986 2803 3067 2855 fa-

1378 2893 1578 2949 cienda
1642 2893 1895 2964 partitio,
1971 2908 2391 2963 nervorumque
2462 2892 2669 2946 modus
2750 2892 3070 2946 litterarum

1379 2997 1685 3038 numerum
1736 2981 1974 3049 excedit,
2050 2981 2151 3036 ubi
2196 2979 2508 3035 defecerint
2554 2979 2775 3038 litterae,
2839 2979 3070 3032 easdem

1380 3087 1574 3126 rursus
1594 3070 1956 3142 geminamus
1987 3070 2097 3124 hoc
2146 3070 2338 3136 modo,
2381 3074 2444 3123 ut
2493 3068 2723 3139 quando
2756 3067 2826 3121 ad
2856 3068 2910 3119 Ζ.
2948 3067 3069 3120 fue-

1380 3160 1665 3230 ritusque
1689 3164 2052 3230 perventum,
2099 3159 2179 3211 ita
2231 3158 2604 3211 describimus
2655 3156 2907 3224 reliquos
2934 3170 3072 3208 ner—

1381 3264 1501 3304 vos.
1535 3248 1623 3302 bis
1653 3264 1703 3301 a.
1726 3263 1814 3302 aa.
1838 3247 1928 3301 bis
1950 3247 2005 3300 b.
2037 3246 2132 3300 bb.
2159 3249 2214 3299 et
2237 3245 2325 3298 bis
2351 3262 2399 3298 c.
2432 3262 2509 3298 cc.
2538 3245 2623 3299 Sit
2652 3244 2827 3312 igitur
2858 3244 3075 3313 primus

1385 3336 1620 3408 quidem
1646 3351 1922 3390 numerus
1956 3334 2373 3404 maximusque,
2408 3334 2508 3403 qui
2556 3331 3076 3402 proslambanome-

1387 3424 1448 3480 ni
1477 3424 1739 3479 obtineat
1766 3422 2100 3491 locum(68*)
2121 3418 2255 3476 νῖιᾙ.
2281 3438 2483 3476 cc.xv1.
2501 3421 2697 3491 Sitque
2723 3420 2894 3473 totius
2924 3420 3080 3473 chor-

1388 3513 1476 3568 dae
1506 3512 1708 3567 modus
1733 3511 1804 3566 ab
1835 3528 1925 3580 eo,
1956 3511 2110 3582 quod
2144 3516 2226 3564 est
2274 3514 2339 3564 A.
2390 3525 2571 3579 usque
2601 3510 2670 3562 ad
2704 3508 2778 3571 id,
2813 3508 2964 3579 quod
2997 3512 3080 3561 est

1390 3602 1492 3656 LL.
1530 3603 1683 3656 Hanc
1707 3601 1766 3655 id
1797 3606 1881 3655 est
1902 3605 1973 3655 A.
2012 3599 2645 3670 proslambanomenon.
2679 3593 2819 3652 sui-11.
2856 3613 2931 3651 cc.
2965 3612 3078 3650 xw.

1390 3689 1583 3745 divido
1607 3688 1902 3743 dimidiam
1938 3689 2008 3741 ad
2037 3688 2100 3742 0.
2147 3692 2208 3741 ut
2230 3687 2303 3740 sit
2327 3690 2463 3739 tota.
2486 3688 2550 3739 A.
2584 3685 2757 3755 dupla
2778 3685 2849 3739 ab
2866 3702 2930 3737 ea
2951 3699 3081 3754 quae.

1391 3784 1493 3834 est.
1529 3780 1590 3833 0.
1627 3778 1761 3832 item
1790 3778 1851 3832 0.
1886 3778 1957 3831 sit
1977 3776 2152 3846 dupla
2177 3775 2246 3829 ab
2264 3791 2330 3828 ea
2352 3790 2478 3844 qua:
2500 3777 2586 3825 est
2608 3774 2695 3827 bis
2727 3774 2790 3827 ΙΙ.
2825 3776 2955 3826 nete
2982 3772 3083 3842 hy-

1390 3867 1721 3938 perboleon.
1749 3864 2441 3936 Habeigiturquidem.A.
2466 3858 2581 3915 vﬁi.
2607 3878 2681 3916 cc.
2713 3878 2821 3915 XVI.
2857 3861 2920 3916 0.
2947 3876 3081 3913 vero

1391 3956 1597 4009 horum
1626 3953 1950 4007 dimidium.
1980 3968 2082 4005 ιιιι.
2118 3968 2325 4005 nc.vm
2366 3950 2435 4003 ad
2449 3967 2600 4003 mese
2633 3954 2698 4002 ut
2725 3948 3083 4018 proslamba-

1393 4057 1679 4096 nomenon
1692 4041 1967 4110 diapason
1982 4038 2352 4093 consonantia
2365 4037 2684 4091 conveniat.
2718 4037 2795 4089 Ea
2807 4052 2939 4089 vero
2955 4050 3085 4105 quae

1396 4134 1481 4185 est
1504 4130 1592 4183 bis
1605 4130 1653 4182 II
1664 4169 1675 4181 .
1705 4128 2009 4182 dimidium
2024 4143 2225 4192 meses,
2243 4126 2388 4179 utsit
2401 4125 3001 4194 proslambanomenos
3016 4123 3085 4176 ab

1399 4234 1467 4272 ea
1479 4234 1607 4288 quae
1626 4220 1710 4269 est
1723 4220 1853 4269 nete
1872 4213 2615 4285 hyperboleonquadrupla,
2630 4217 2685 4265 et
2708 4212 2796 4265 bis
2809 4211 3084 4279 diapason

1397 4306 1468 4359 ad
1503 4320 1630 4358 eam
1662 4308 1934 4357 consonet
1963 4303 2382 4373 symphoniam.
2433 4302 2624 4370 Sitque
2658 4302 2721 4353 ll.
2754 4296 2818 4352 ᾗ.
2879 4313 3082 4352 ερειιιι.

2247 4441 2255 4599 1

2624 4440 2631 4597 l

1470 4442 1803 4517 prosllamb.
2147 4441 2326 4517 melse
2481 4440 2878 4517 netelliypcrb.
3072 4466 3076 4517 ι

1455 4524 1708 4593 vﬁiJcc.
1785 4544 1895 4581 xvr.
1970 4524 2074 4582 iii-1.
2152 4524 2365 4593 nc.|vn.
2546 4524 2750 4593 ilccc.
2954 4526 3077 4593 ιιιι.1

1594 4632 1659 4685 Α.
2234 4627 2300 4682 0.
2613 4626 2677 4678 Η.
2987 4624 3087 4677 LL.

1472 4770 1531 4825 Si
1558 4769 1736 4840 igitur
1773 4783 1841 4821 ex
1886 4767 1942 4821 ii.
1996 4782 2104 4821 ccc.
2157 4782 2259 4820 ιιιι.
2323 4770 2574 4819 octavam
2629 4764 2920 4818 abstulero
2968 4779 3091 4832 par-

1399 4864 1535 4926 tem,
1593 4859 1651 4912 id
1711 4860 1813 4921 est,
1870 4871 1950 4910 cc.
2013 4871 2172 4909 Lxxx.
2240 4869 2362 4909 vm.
2423 4854 2758 4924 eisdemque
2812 4854 3089 4923 adjecero,

1400 4948 1543 5003 ﬁent
1570 4946 1714 5000 mihi
1739 4941 1801 4998 ii.
1829 4961 1883 4998 ι).
1915 4960 2004 4998 xc.
2052 4960 2111 4997 ιι.
2144 4943 2368 5014 eritque
2402 4944 2523 4997 HH.
2561 4936 2621 4996 ἦ.
2670 4959 2719 4995 ι).
2754 4957 2837 4994 xc.
2874 4958 2930 4994 ιι.
2965 4957 3093 5012 quas

1404 5036 1757 5105 sitparanete
1777 5033 2170 5103 hyperboleon
2183 5032 2255 5086 ad
2276 5042 2403 5084 nete
2417 5031 2808 5100 hyperboleon
2833 5030 3095 5083 obtinens

1404 5121 1733 5178 distantiam
1789 5119 1930 5175 toni.
1989 5119 2206 5173 Rursus
2264 5119 2389 5188 ejus
2434 5134 2562 5189 qua:
2612 5123 2697 5172 est
2731 5118 2845 5171 HH.
2906 5117 2962 5170 id
3011 5123 3097 5171 est

1404 5207 1463 5266 ii.
1500 5226 1550 5264 ι).
1600 5225 1730 5263 xcn.
1764 5207 1960 5261 aufero
1992 5212 2268 5273 octavam,
2311 5223 2441 5276 qua:
2492 5212 2576 5261 est
2631 5223 2741 5259 ccc.
2791 5222 2894 5260 ιιιι.
2946 5221 3096 5258 eam-

1404 5300 1649 5369 demque
1682 5296 1785 5362 eis,
1819 5311 2069 5366 quorum
2100 5300 2185 5349 est
2214 5300 2428 5363 octava,
2465 5296 2775 5365 subjungo,
2809 5298 3096 5363 eruntque

1401 5382 1467 5445 ii.
1500 5403 1675 5441 acccc.
1711 5400 1823 5440 xvi.
1839 5382 2053 5455 ﬁetque
2076 5383 2217 5438 mihi
2243 5384 2345 5438 FF.
2371 5384 2499 5437 trite
2512 5383 2900 5453 hyperboleon
2924 5382 3099 5437 diato-

1479 5532 1613 5602 (68‘)
1657 5530 1979 5586 Generatim
2010 5529 2086 5602 in
2142 5528 2248 5583 hac
2294 5527 2508 5602 musica
2561 5532 2785 5581 notasse
2831 5526 3093 5602 sufﬁciat,

1409 5598 1681 5656 numeros
1728 5599 2076 5654 centenariis
2128 5599 2469 5669 prazpositos
2523 5612 2750 5665 semper
2800 5612 2923 5650 esse
2976 5598 3100 5651 mil-

1409 5673 1678 5726 lenarios.

1483 5743 1590 5811 (69)
1651 5742 1917 5811 Errorem
1989 5739 2081 5792 hic
2119 5756 2241 5793 esse
2267 5737 2661 5811 commissum,
2722 5752 2789 5790 ex
2814 5751 2880 5791 eo
2917 5741 3097 5807 patet,

1416 5808 2035 5882 quod'dimidiumcc.
2086 5824 2340 5862 Lxxxvni.
2390 5808 2463 5861 sit
2488 5823 2555 5882 Δ(ς’.
2603 5822 2765 5882 xxxx.
2821 5824 2922 5861 ιιιι.
2967 5822 3099 5882 _non

1417 5876 1571 5947 vero,
1599 5885 1666 5934 ut
1684 5879 1778 5933 hic
1803 5878 2057 5949 ponitur,
2094 5893 2141 5931 c.
2181 5893 2271 5931 xx.
2321 5893 2435 5932 vui.
2488 5876 2623 5932 hinc
2648 5877 2809 5947 juxta
2856 5877 3099 5947 explica-

3170 2015 3401 2084 quidem
3433 2015 3649 2069 distans
3680 2015 3750 2069 ab
3776 2030 3861 2079 ea,
3894 2030 4022 2084 qua:
4052 2018 4137 2067 est
4170 2016 4443 2084 paranete
4477 2011 4879 2083 hyperboleon

3168 2103 3449 2168 diatonos,
3488 2104 3680 2157 ditono
3711 2118 3842 2156 vero
3888 2103 3958 2156 ab
4003 2119 4070 2155 ea
4125 2118 4255 2171 qua:
4305 2106 4392 2155 est
4423 2105 4552 2154 nete
4585 2099 4881 2171 hyperbo-

3170 2190 3321 2245 leon.
3374 2191 3578 2244 Eadem
3644 2208 3773 2245 vero
3822 2191 3924 2245 FF.
3979 2191 4087 2243 erit
4140 2190 4199 2243 in
4248 2190 4609 2243 chromatico
4664 2204 4882 2257 genere

3170 2279 3300 2333 trite
3345 2280 3734 2349 hyperboleon
3808 2279 4185 2345 chromatica;
4236 2279 4291 2332 in
4347 2278 4697 2334 enarmonio
4751 2293 4881 2328 vero

3171 2372 3439 2437 paranete
3503 2368 3893 2439 hyperboleon
3977 2367 4363 2421 enarmonios.
4426 2365 4594 2430 Quod
4656 2364 4884 2418 facilius

3172 2456 3498 2526 agnoscitur
3553 2472 3654 2509 cur
3723 2457 3933 2523 veniat,
4001 2470 4132 2509 cum
4190 2454 4364 2508 trium
4431 2468 4727 2524 generum
4778 2453 4885 2505 tria

3173 2545 3360 2615 prima
3397 2544 3755 2597 tetrachorda
3824 2561 3852 2597 a
3909 2548 4038 2597 nete
4091 2542 4483 2613 hyperboleon
4544 2540 4888 2595 inchoantia

3176 2633 3661 2703 descripserimus.
3732 2633 4013 2697 Quoniam
4081 2647 4212 2685 vero
4280 2631 4326 2683 si
4391 2646 4425 2684 a
4506 2630 4889 2699 sesquitertia

3174 2723 3546 2792 proportione
3578 2722 3717 2775 duas
3750 2722 4168 2792 sesquioctavas
4225 2720 4539 2785 abstulero,
4580 2719 4889 2788 relinque-

3177 2816 3271 2863 tur
3336 2811 3475 2864 mihi
3543 2810 3912 2863 semitonium
3973 2810 4182 2875 minus,
4243 2825 4407 2863 sumo
4468 2806 4712 2861 tertiam
4774 2809 4893 2875 ejus

3180 2916 3307 2969 quas
3341 2904 3423 2951 est
3452 2916 3507 2951 ιι.
3545 2904 3785 2968 partem,
3821 2898 3874 2953 id
3922 2904 4005 2951 est
4068 2905 4199 2951 nete
4251 2895 4653 2968 hyperboleon
4691 2913 4709 2947 :
4764 2904 4893 2948 sunt

3180 3005 3294 3042 ncc.
3355 3004 3538 3041 vam.
3574 2988 3673 3041 hos
3708 2987 3919 3040 eisdem
3950 2987 4178 3056 adjicio,
4214 2986 4353 3039 fient
4396 2985 4559 3046 mihi.
4590 2979 4689 3040 ἱῖῖ.
4728 3000 4891 3037 Lxxu.

3180 3078 3333 3147 quod
3364 3082 3445 3129 est
3477 3082 3604 3129 nete
3638 3076 4114 3143 diezeugmenon,
4170 3075 4281 3127 DD.
4333 3074 4402 3127 ad
4438 3073 4617 3127 triten
4677 3074 4895 3143 hyper-

3184 3166 3394 3219 boleon
3427 3163 3790 3217 semitonium
3843 3163 4052 3217 minus.
4101 3161 4383 3226 Quoniam
4440 3168 4575 3215 nete
4624 3162 4899 3229 diezeug-

3187 3271 3397 3308 menon
3462 3254 3531 3305 ad
3585 3258 3710 3305 nete
3778 3252 4168 3322 hyperboleon
4216 3251 4579 3304 diatessaron
4640 3251 4899 3303 continet

3186 3341 3648 3404 consonantiam;
3680 3340 3809 3393 trite
3865 3344 4054 3393 autem
4111 3338 4502 3409 hyperboleon
4555 3338 4898 3392 diatonosa

3190 3435 3316 3481 nete
3340 3429 3721 3499 hyperboleon
3746 3428 4006 3481 ditonum
4028 3426 4215 3492 distat,
4242 3424 4599 3496 relinquitur
4620 3427 4897 3495 spatium,

3188 3514 3335 3584 quod
3369 3519 3449 3565 est
3482 3513 3632 3565 inter
3657 3519 3826 3565 neten
3856 3512 4307 3581 diezeugmenon
4344 3516 4398 3563 et
4449 3510 4635 3564 triten
4705 3512 4899 3581 hypero

3188 3603 3416 3668 boleon,
3450 3601 3739 3654 scmitonii
3771 3600 4025 3654 minoris.

3261 3690 3544 3754 Quoniam
3597 3689 3775 3758 igitur
3831 3687 4261 3743 tetrachordum
4311 3686 4733 3758 hyperboleon
4792 3689 4897 3743 dia-

3189 3779 3365 3832 tonici
3446 3778 3672 3847 generis
3764 3776 4141 3846 explevimus,
4209 3790 4360 3829 nunc
4414 3776 4779 3830 chromatici
4856 3784 4899 3827 et

3191 3867 3509 3920 enarmonii
3548 3865 3910 3919 tetrachorda
3964 3864 4287 3934 supplenda
4344 3867 4479 3916 sunt
4530 3864 4655 3917 hoc
4718 3864 4896 3917 modo.

3192 3955 3473 4019 Quoniam
3531 3955 3684 4007 enim
3713 3958 3987 4023 paranete
4011 3952 4403 4023 hyperboleon
4457 3969 4495 4005 a
4536 3959 4683 4006 uete
4712 3953 4898 4023 hyper-

3194 4045 3398 4097 boleon
3429 4048 3564 4096 tono
3592 4042 3762 4095 distat
3791 4041 3850 4094 in
3907 4042 4194 4094 diatonico
4251 4056 4487 4111 genere,
4525 4041 4587 4093 in
4655 4042 4899 4094 chroma-

3195 4132 3306 4185 tico
3358 4132 3538 4185 tribus
3594 4147 3725 4185 vero
3782 4130 4117 4196 semitoniis,
4171 4130 4231 4183 in
4285 4130 4645 4183 enarmonio
4679 4131 4899 4201 quidem

3195 4221 3417 4274 duobus
3449 4219 3594 4273 tonis
3627 4237 3639 4273 :
3675 4220 3720 4272 si
3753 4219 4082 4272 distantiam
4118 4221 4422 4287 paranetes
4473 4216 4895 4287 hyperboleon.

3196 4316 3251 4363 et
3285 4315 3441 4362 uetes
3471 4309 3854 4379 hyperboleon
3886 4307 4156 4361 diatonici
4189 4306 4418 4377 generis
4449 4308 4900 4376 sumpserimus,

3197 4399 3434 4467 ejusque
3480 4397 3782 4451 dimidium
3830 4400 4100 4468 paranete
4152 4392 4581 4465 hyperboleon,
4637 4410 4777 4464 quae
4832 4400 4902 4445 est

3125 4477 3166 4530 Ι)
3198 4486 3467 4539 diatonici
3496 4486 3746 4555 generis,
3774 4498 4152 4557 apponamus,
4184 4482 4532 4537 habebimus
4594 4497 4899 4536 numerum

3199 4575 3381 4629 tribus
3409 4573 3732 4628 semitoniis
3764 4574 3834 4628 ab
3864 4576 3994 4626 nete
4034 4571 4431 4643 hyperboleon
4473 4570 4831 4637 distantem,
4860 4576 4903 4621 et

3200 4664 3307 4717 erit
3331 4666 3449 4716 haec
3498 4662 3557 4716 in
3611 4661 3959 4716 chromatico
4016 4676 4227 4731 genere
4272 4664 4557 4731 paranete
4616 4660 4902 4731 hyperbo-

3200 4753 3350 4806 leon.
3383 4752 3594 4805 Aufero
3649 4752 3825 4819 igitur
3865 4751 3934 4805 de
3972 4749 4033 4803 ἦ.
4088 4766 4141 4803 ι).
4195 4764 4324 4803 xcn.
4369 4747 4429 4803 id
4483 4752 4577 4802 est
4636 4754 4903 4819 paranete

3201 4840 3587 4911 hyperboleon
3616 4838 3887 4893 diatonici
3933 4837 4161 4909 generis
4216 4853 4275 4891 ιι.
4316 4852 4519 4889 cccxm.
4568 4836 4633 4890 id
4671 4844 4765 4889 est
4796 4842 4905 4888 nete

3201 4928 3609 4999 hyperboleon,
3642 4926 4049 4997 relinquuntur
4076 4942 4156 4980 cc.
4189 4941 4348 4984 cxxx,
4383 4940 4503 4977 vm.
4550 4924 4669 4978 hos
4703 4925 4905 4979 divido.

3204 5024 3386 5071 erunt.
3421 5034 3469 5069 c.
3502 5033 3590 5070 xx.
3640 5033 3751 5071 vm.
3807 5015 4036 5069 eosdem
4074 5010 4138 5068 ᾗ.
4183 5030 4292 5067 ccc.
4327 5029 4381 5067 x.
4429 5012 4735 5084 adjungo,
4791 5016 4906 5067 ﬂent

3206 5124 3262 5161 ιι.
3300 5121 3442 5160 cccc.
3466 5121 3592 5160 xxx.
3626 5121 3740 5159 vm.
3757 5104 3877 5158 haec
3893 5104 4003 5157 erit
4022 5102 4418 5174 hyperboleon
4431 5108 4735 5172 paranete
4760 5105 4905 5156 chro-

3204 5195 3430 5249 matica.
3464 5194 3574 5263 (69)
3617 5194 3830 5247 Rursus
3869 5192 4146 5263 quoniam
4197 5190 4327 5244 trite
4356 5189 4789 5259 hyperboleon
4843 5189 4906 5240 rei

3204 5283 3486 5337 diatonica
3517 5283 3604 5336 vel
3634 5282 3980 5335 chromatica
4008 5280 4154 5335 duos
4176 5283 4343 5332 tonos
4370 5278 4551 5332 distat
4588 5295 4624 5332 a
4654 5286 4797 5333 nete
4828 5281 4909 5346 hy-

3205 5371 3538 5443 perboleon,
3561 5370 3697 5425 etin
3715 5368 4055 5424 enarmonio
4082 5383 4292 5439 genere
4312 5372 4606 5438 paranete
4632 5367 4906 5439 hyperbo»

3208 5522 3423 5575 tionem
3459 5537 3589 5575 mox
3613 5520 3816 5574 factam
3865 5521 3945 5574 ita
3986 5518 4317 5589 legendum.
4371 5520 4598 5583 Aurem
4636 5519 4823 5590 igitur
4862 5518 4907 5566 oi.-

3207 5591 3269 5645 ᾗ.
3343 5609 3393 5644 υ.
3460 5608 3515 5645 ιι.
3588 5592 3649 5645 id
3710 5596 3820 5655 est,
3890 5596 4156 5660 paranete
4212 5590 4585 5658 hyperboleon
4661 5592 4905 5644 da'alcma

3208 5666 3419 5729 generis
3435 5660 3496 5717 Π.
3522 5678 3632 5715 ccc.
3659 5675 3762 5715 ιιιι.
3795 5662 3857 5714 id
3881 5668 3958 5714 est
3977 5666 4093 5714 nete
4114 5661 4503 5727 hyperboleon,
4526 5664 4904 5731 relinquunrax

3208 5750 3286 5787 cc.
3321 5750 3478 5788 Lxxx.
3508 5748 3623 5786 vm.
3667 5734 3759 5786 hos
3808 5732 4017 5794 divido,
4051 5737 4207 5783 erunt
4254 5747 4302 5783 c.
4335 5746 4512 5799 xxxx,
4548 5750 4658 5787 uu.
4726 5734 4902 5787 casm

3207 5802 3269 5859 1—1.
3305 5821 3355 5857 D.
3398 5821 3481 5857 xc.
3536 5820 3571 5857 ιι
3617 5804 3878 5869 adiungo,
3929 5805 4055 5869 ﬂent
4100 5799 4161 5856 ii.
4195 5817 4311 5855 DCC.
4373 5817 4509 5860 xxx.
4548 5820 4625 5859 vi.
4660 5805 4775 5859 hac
4824 5808 4903 5856 em:

3210 5876 3566 5948 hyperboleon
3590 5881 3851 5943 paranete
3878 5873 4229 5928 chromatico.
