3966 6416
166 462 306 514 1113

1794 462 2066 518 MUSICA.

3557 469 3688 521 1114

159 593 299 646 leon
330 593 557 647 duobus
586 593 739 647 tonis
782 593 949 646 distat
983 594 1053 647 ab
1091 610 1158 647 ea
1198 610 1327 664 quas
1362 599 1447 646 est
1482 600 1611 647 nete
1662 594 1877 663 hyper-
1917 594 2135 649 Atium
2191 598 2493 664 paranetes
2546 595 2938 664 hyperboleon
3002 598 3274 650 diatonici
3331 598 3560 667 generis
3616 598 3688 652 ad

156 681 399 745 boleon,
432 683 633 737 eadem
668 683 775 735 erit
804 688 859 734 et
890 683 949 735 in
982 684 1320 736 enarmonio
1362 698 1571 753 genere
1604 688 1873 752 paranete

157 771 580 841 hyperbolcon,
627 787 757 841 quae
807 776 893 824 est
940 771 997 823 in
1057 771 1343 825 diatonico
1398 772 1484 824 vel
1525 773 1872 825 chromatico

158 859 300 911 trite
344 860 763 929 hyperboleon.
810 860 916 913 Sed
968 860 1241 929 quoniam
1299 860 1433 913 trite
1480 860 1873 929 hyperboleon

160 947 444 1000 diatonici
473 949 701 1017 generis
733 954 790 1001 et
827 948 1156 1001 chromatici
1209 949 1276 1002 ad
1322 954 1453 1002 nete
1504 950 1874 1019 diezeugme-

161 1051 285 1088 non
356 1036 549 1089 minus
618 1038 991 1091 semitonium
1067 1043 1320 1103 servant,
1400 1044 1621 1091 constat
1681 1043 1872 1091 autem

160 1125 597 1178 tetrachordum
626 1126 951 1179 enarmonii
997 1128 1226 1195 generis
1266 1143 1330 1179 ex
1374 1127 1596 1179 duobus
1634 1127 1874 1195 integris

162 1211 320 1263 tonis
345 1218 402 1265 et
430 1213 572 1266 diesi
600 1228 664 1265 ac
710 1213 875 1275 diesi,
919 1230 1049 1282 qua:
1099 1219 1234 1267 sunt
1276 1214 1514 1268 dimidia
1561 1215 1745 1283 spatia
1786 1231 1871 1266 se-

165 1299 403 1353 mitonii
460 1299 704 1355 minoris
754 1317 767 1354 :
817 1302 1147 1355 distantiam
1206 1318 1354 1368 eam,
1410 1319 1540 1371 quae
1595 1309 1678 1355 est
1726 1304 1876 1355 inter

164 1395 342 1442 neten
432 1390 890 1459 diezeugmenon
964 1396 1021 1444 et
1092 1398 1406 1461 paraneten
1482 1392 1873 1461 hyperboleon

164 1477 572 1532 enarmonium
607 1494 793 1533 sumo.
848 1478 953 1531 Sed
1006 1480 1281 1548 quoniam
1336 1485 1463 1532 nete
1511 1481 1874 1550 diezeugme-

163 1580 288 1619 non
321 1569 409 1619 est
433 1563 497 1619 ﬁ.
531 1582 645 1620 ncc.
688 1583 807 1619 xxx.
848 1584 964 1620 vui.
1017 1574 1289 1635 paranete
1339 1572 1529 1621 autem
1584 1569 1875 1637 hyperbo—

163 1655 301 1709 leon
333 1650 536 1708 ilccc.
573 1671 625 1707 x.
678 1654 887 1708 horum
936 1655 1208 1709 distantia
1264 1660 1370 1709 erit
1419 1674 1559 1710 cccc.
1614 1674 1703 1709 xx.
1755 1673 1871 1710 vui.

164 1743 381 1796 horum
415 1759 579 1797 sumo
625 1744 926 1797 dimidiam
959 1749 1180 1812 partem
1216 1745 1313 1813 qui
1359 1751 1492 1799 sunt
1538 1763 1617 1799 cc.
1667 1762 1719 1798 x.
1772 1764 1869 1800 ιιιι.

1987 688 2159 736 neten
2189 683 2604 752 byperboleon.
2642 685 2722 735 lta
2753 684 2906 736 enim
2941 684 3151 738 factum
3197 689 3280 738 est
3312 686 3416 755 (7t)
3458 687 3559 755 qui
3599 692 3685 740 est

1985 776 2177 833 tonus,
2240 771 2338 824 sed
2388 787 2505 823 non
2554 771 2797 839 integre,
2856 772 3156 837 dimidius;
3216 775 3339 843 qui,
3395 780 3458 826 ut
3512 792 3685 844 supra

1989 859 2276 913 uberrime
2307 864 2685 913 monstratum
2719 865 2801 913 est
2830 863 2992 930 (non)
3029 867 3216 930 potest
3260 868 3431 915 tonus
3476 863 3537 915 in
3569 864 3683 917 duo

1986 964 2150 1019 aequa
2208 949 2427 1017 partiri,
2505 950 2979 1019 Consignavimus
3035 951 3212 1015 igitur
3273 952 3381 1004 hoc
3435 953 3685 1021 spatium

1986 1039 2159 1091 trium
2192 1038 2654 1103 semitoniorum,
2708 1039 2760 1092 id
2811 1044 2895 1092 est
2946 1039 3067 1092 toni
3112 1055 3177 1093 ac
3227 1040 3533 1108 semitonii,
3580 1042 3687 1095 hoc

1985 1146 2154 1198 modo
2515 1146 2733 1198 Rursus
2776 1150 3049 1215 paranete
3092 1146 3481 1215 hyperboleon
3523 1148 3686 1201 chro-

1986 1235 2191 1287 matice
2238 1236 2308 1289 ad
2354 1236 2527 1288 triten
2573 1234 2963 1305 hyperboleon
3014 1237 3223 1289 retinet
3272 1242 3490 1306 partem
3541 1238 3682 1305 toni,

1984 1324 2039 1375 id
2074 1329 2159 1376 est
2198 1325 2592 1390 semitonium,
2646 1324 2795 1393 quod
2848 1324 3133 1394 reliquum
3185 1325 3293 1377 fuit
3338 1342 3402 1378 ex
3459 1327 3681 1379 duobus

1984 1412 2159 1477 tonis,
2206 1412 2304 1482 qui
2334 1413 2705 1466 continentur
2738 1412 2887 1464 inter
2936 1414 3107 1466 triten
3141 1414 3528 1483 hyperboleon
3562 1415 3675 1469 dia-

1983 1500 2234 1553 tonicam
2268 1505 2323 1553 et
2371 1505 2542 1553 neten
2593 1500 3001 1570 hyperboleon.
3051 1500 3364 1554 Subtractis
3406 1518 3534 1554 vero
3582 1519 3682 1556 ιιιι.

1986 1589 2327 1655 semitoniis,
2383 1589 2671 1660 reliquum
2721 1605 2784 1641 ex
2831 1593 2949 1641 toto
3010 1589 3374 1643 tetrachordo
3434 1591 3682 1660 spatium

1986 1677 2277 1730 semitonii
2344 1682 2445 1738 est,
2518 1677 2672 1747 quod
2743 1676 3069 1729 continetur
3134 1678 3285 1731 inter
3345 1683 3512 1731 neten
3574 1677 3688 1731 die-

1988 1780 2368 1835 zeugmenon,
2418 1770 2474 1817 et
2520 1764 2694 1817 triten
2766 1765 3173 1834 hyperboleon.
3216 1767 3467 1820 'Constat
3508 1765 3688 1835 igitur

167 1830 278 1927 E25
319 1830 779 1927 ἓξίίὶξοξίξηχοίῖεθ
827 1832 1076 1927 ξοῇίίθηῖ
1128 1830 1187 1887 n-
1251 1846 1298 1883 θ’
1334 1847 1423 1927 Χῖ(-
1470 1848 1569 1927 "'3-
1615 1832 1734 1927 δαῖε
1764 1833 1875 1885 erit
1914 1874 1954 1927 Β
1987 1852 2093 1905 hoc
2139 1853 2566 1906 tetrachordum
2623 1868 2686 1905 ex
2747 1852 2971 1905 duobus
3030 1853 3180 1904 tonis
3239 1867 3301 1905 ac
3354 1852 3682 1916 semitonio,

164 1920 273 1972 EE.
320 1918 431 1985 (70)
464 1919 595 1972 trite
640 1919 1033 1989 hyperboleon
1083 1921 1466 1974 enarmonios.
1516 1922 1872 1990 Descriptum

164 2013 251 2059 est
282 2008 464 2077 igitur
495 2009 809 2061 secundum
844 2009 952 2061 tria
983 2024 1198 2076 genera
1242 2011 1685 2071 tetrachordum,
1719 2012 1875 2081 quod

162 2102 253 2149 est
285 2096 703 2166 hyperboleon,
737 2098 900 2167 cujus
927 2097 1166 2150 formam
1202 2098 1395 2151 subter
1422 2098 1755 2167 adjecimus.

840 2270 1045 2306 SCEIEMA
1087 2271 1141 2306 Ν.
1176 2272 1209 2307 1.

455 2394 615 2447 Ratio
644 2394 895 2461 superius
926 2392 1148 2459 digestae
1178 2394 1578 2463 descriptionis.

233 2516 369 2569 Tria
412 2516 591 2585 igitur
638 2516 1002 2570 tetrachorda
1034 2518 1136 2571 tali
1186 2518 1349 2571 nobis
1396 2518 1615 2572 ratione
1663 2519 1874 2573 descri-

162 2610 259 2675 pta
292 2610 447 2657 sunt.
484 2604 929 2658 Tetrachordum
968 2606 1123 2659 enim
1168 2622 1339 2659 omne
1388 2606 1741 2661 diatessaron
1784 2625 1873 2662 re-

164 2699 333 2745 sonat
398 2694 854 2746 consonantiam.
928 2694 1109 2763 Igitur
1171 2700 1299 2747 nete
1366 2696 1761 2765 hyperboleon
1819 2705 1877 2751 et

166 2787 298 2834 nete
366 2780 824 2849 diezeugmenon
878 2782 937 2834 in
998 2782 1180 2835 tribus
1246 2782 1575 2851 generibus,
1640 2784 1697 2837 id
1765 2793 1870 2850 est,

164 2870 250 2923 vel
297 2870 361 2922 in
412 2868 674 2935 diatono,
732 2870 819 2923 vel
879 2870 937 2923 in
987 2870 1303 2937 chromate,
1362 2872 1447 2924 vel
1501 2872 1561 2924 in
1619 2889 1875 2927 enarmo—

165 2958 261 3010 nio
314 2957 673 3010 diatessaron
718 2958 973 3010 continet
1022 2960 1474 3029 symphoniam:
1518 2962 1875 3015 Diatessaron

167 3050 365 3100 autem
398 3045 773 3097 consonantia
803 3050 1023 3098 constat
1054 3046 1277 3100 duobus
1309 3048 1458 3099 tonis
1489 3052 1546 3100 et
1571 3048 1874 3101 semitonio

167 3134 419 3186 minore.
455 3133 609 3186 Idem
652 3132 760 3185 hoc
808 3132 977 3186 modo
1011 3149 1116 3202 per
1163 3133 1272 3185 tria
1319 3149 1534 3203 genera
1581 3135 1642 3187 in
1680 3150 1876 3204 supra—
1913 3158 1951 3213 ς

165 3221 397 3292 scriptis
449 3221 825 3274 tetrachordis
875 3220 1122 3275 divisum
1172 3227 1275 3275 est.
1326 3222 1388 3274 In
1435 3222 1667 3275 diatono
1718 3224 1871 3277 enim

166 3325 379 3381 genere
406 3310 558 3379 quod
591 3309 844 3379 primum
873 3316 1145 3380 paranete
1176 3311 1584 3381 hyperboleon,
1613 3312 1668 3366 id
1692 3316 1774 3365 est
1806 3311 1869 3366 ﬁ.

166 3416 215 3452 ι).
249 3416 333 3453 xc.
380 3415 444 3451 ιι.
497 3398 569 3452 ad
620 3404 749 3452 nete
796 3399 1207 3469 hyperboleon,
1264 3399 1319 3453 id
1368 3404 1451 3452 est
1489 3396 1549 3453 ῖὶ.
1603 3417 1711 3454 ccc.
1769 3419 1869 3455 ιιιι.

166 3486 499 3559 distantiam
543 3486 762 3539 obtinet
792 3485 938 3551 toni,
974 3488 1128 3556 quod
1176 3487 1275 3540 tali
1330 3489 1530 3540 notula
1579 3489 1873 3559 inscripsi-

169 3592 309 3631 mus.
458 3577 676 3629 Rursus
708 3576 842 3628 trite
881 3555 1269 3647 hypierboleon
1314 3576 1587 3630 diatonici
1621 3555 1871 3647 generis,

170 3681 293 3734 quae
354 3671 444 3718 est
488 3660 554 3718 ῑῖ.
618 3679 794 3716 ncccc.
857 3679 967 3716 xv1.
1041 3665 1111 3717 ad
1167 3669 1437 3733 paranete
1479 3665 1875 3734 hyperboleou

170 3752 441 3807 diatonici
472 3752 723 3822 generis,
751 3768 880 3821 quas
909 3757 993 3804 est
1018 3750 1080 3804 ᾗ.
1114 3769 1163 3805 ι).
1207 3769 1288 3805 xc.
1344 3769 1399 3822 ιι.
1445 3753 1667 3806 obtinet
1713 3754 1873 3807 diffe-

170 3843 412 3897 rentiam
462 3841 614 3907 toni,
658 3857 830 3911 quam
881 3840 1055 3893 simili
1107 3842 1305 3893 notula
1447 3842 1871 3911 insignivimus.

172 3930 301 3983 Nete
368 3936 568 3984 autem
646 3930 1101 3999 diezeugmenon
1196 3930 1265 3983 ad
1336 3930 1512 3983 triten
1588 3931 1871 4000 hyperbo-

171 4018 313 4085 leon,
352 4018 414 4073 id
454 4025 559 4083 est,
606 4016 692 4072 1T1.
747 4034 871 4070 Lxx.
931 4034 987 4069 ιι.
1037 4016 1109 4069 ad
1176 4016 1233 4069 ﬁ.
1296 4033 1476 4071 ncccc.
1532 4035 1643 4071 xvx.
1704 4020 1873 4072 semi-

172 4125 390 4177 tonium
428 4125 625 4187 refert,
678 4124 829 4193 quod
880 4123 979 4176 tali
1026 4124 1223 4176 notula
1270 4124 1646 4190 signavimus.
1814 4127 1878 4179 Et

176 4219 251 4265 est
290 4217 399 4266 hoc
438 4217 621 4264 totum
672 4214 920 4281 spatium
966 4216 1128 4266 netes
1168 4211 1620 4281 diezeugmenon
1672 4220 1726 4267 et
1770 4230 1876 4267 ne—

177 4305 253 4352 tes
314 4301 735 4371 byperboleon,
807 4302 1053 4353 duorum
1111 4304 1381 4352 tonorum
1440 4317 1503 4353 ac
1562 4303 1874 4355 semitonii.

178 4388 277 4442 Sed
328 4390 510 4443 iidem
581 4390 694 4443 duo
763 4388 887 4441 toni
948 4404 1012 4441 ac
1060 4388 1433 4442 semitonium
1489 4390 1549 4442 in
1610 4392 1874 4445 chroma-

180 4476 282 4529 tico
345 4493 562 4548 genere
630 4477 734 4529 hac
809 4476 1029 4530 ratione
1095 4476 1263 4529 divisi
1326 4482 1478 4531 sunt.
1549 4479 1872 4533 Secundum

182 4564 326 4618 enim
393 4581 600 4635 genus,
670 4564 826 4635 quod
894 4568 979 4617 est
1042 4564 1478 4631 chromaticum,
1537 4567 1643 4620 hoc
1712 4570 1878 4622 modo

182 4653 525 4724 descriptum
580 4657 682 4707 est.
738 4654 1013 4707 Paranete
1063 4654 1218 4706 enim
1266 4654 1611 4709 chromatice
1666 4656 1877 4727 hyper-

181 4738 398 4808 boleon,
446 4758 579 4812 quae
608 4746 694 4795 est
719 4736 779 4795 ῖῖ.
828 4758 941 4795 ncc.
972 4756 1101 4795 xxx.
1139 4758 1212 4795 v1.
1265 4742 1335 4795 ad
1384 4748 1555 4796 neten
1589 4743 1875 4813 hyperbo—

182 4827 325 4895 leon,
359 4846 491 4900 quae
522 4834 606 4883 est
631 4827 698 4884 ﬁ.
747 4846 856 4883 ccc.
902 4846 1003 4883 ιιιι.
1039 4834 1388 4898 comparata,
1438 4831 1695 4885 continet
1743 4849 1875 4902 spa-

183 4916 313 4971 tium
382 4924 686 4989 paranetes
736 4918 1133 4989 hyperboleon
1191 4918 1466 4972 diatonici
1522 4921 1751 4987 generis
1805 4922 1877 4976 ad

184 5010 340 5060 neten
380 5008 803 5078 hyperboleon,
837 5007 934 5077 qui
968 5011 1053 5061 est
1098 5022 1245 5059 unus
1284 5010 1475 5073 tonus,
1528 5007 1586 5061 id
1632 5014 1717 5061 est
1763 5008 1877 5062 duo

185 5095 477 5149 semitonia
509 5096 696 5165 majus
745 5111 810 5148 ac
858 5096 1051 5148 minus
1086 5112 1098 5148 :
1128 5099 1186 5149 et
1234 5095 1483 5149 divisum
1516 5112 1711 5149 rursus
1742 5113 1878 5167 spa—

249 5238 356 5307 (70)
391 5240 459 5293 Ut
488 5254 557 5292 ex
604 5237 999 5308 superioribus
1044 5242 1220 5307 patet,
1263 5237 1356 5291 hic
1401 5239 1590 5291 denuo
1626 5254 1787 5291 error
1818 5239 1878 5292 in

186 5308 453 5363 calculum
502 5309 753 5379 irrepsit.
810 5309 1139 5379 Legendum
1189 5308 1369 5379 igitur
1408 5328 1423 5361 :
1476 5309 1581 5363 Sed
1620 5313 1878 5378 quoniam

186 5382 291 5430 nete
344 5378 762 5447 diezeugmenon
818 5378 911 5434 est,
948 5378 1032 5433 ᾖ.
1096 5378 1233 5433 ιιιιι.
1275 5396 1334 5447 ιι,
1384 5385 1645 5447 paranete
1698 5387 1876 5434 autem

190 5448 532 5515 hyperboleon
589 5450 648 5504 ﬁ.
702 5467 879 5504 ncccc.
944 5466 1054 5504 xv1.
1111 5453 1300 5504 horum
1353 5453 1621 5504 distantia
1679 5454 1782 5505 erit
1826 5468 1873 5504 c.

191 5532 283 5590 tu.
332 5522 522 5576 horum
560 5537 713 5575 sumo
744 5522 1035 5575 dimidiam
1064 5528 1297 5590 partem,
1345 5525 1442 5589 qui
1487 5528 1614 5575 sunt
1650 5538 1872 5587 Lxxvm,

192 5589 273 5642 hos
300 5592 507 5661 adjicio
533 5590 599 5646 ῖί.
633 5606 813 5646 ncccc.
846 5608 957 5646 xvr.
1008 5589 1140 5662 ﬁent
1173 5607 1228 5645 ιι.
1267 5608 1442 5645 ncccc.
1489 5609 1573 5646 xc.
1627 5610 1728 5646 ιιιι.
1766 5593 1876 5647 haec

192 5663 297 5716 erit.
337 5669 439 5717 etc.

255 5731 361 5801 (7t)
393 5733 797 5805 Supplendum
838 5750 849 5787 :
884 5736 964 5788 ita
995 5736 1139 5788 enim
1184 5735 1393 5799 factum
1424 5738 1522 5801 est,
1564 5738 1624 5789 ut
1667 5734 1874 5788 duobus

1989 1941 2236 1995 divisum
2270 1942 2443 1994 semel
2481 1941 2715 2011 quidem
2768 1940 2823 1992 in
2878 1956 2994 1992 uno
3046 1940 3229 2009 spatio
3281 1940 3462 1993 tribus
3513 1939 3686 1993 semi-

1988 2029 2182 2095 toniis,
2215 2030 2271 2082 in
2306 2030 2527 2083 duobus
2556 2034 2748 2082 autem
2801 2028 2997 2097 spatiis
3048 2029 3267 2081 duobus
3318 2028 3633 2081 semitoniis
3671 2044 3685 2081 :

1986 2119 2099 2171 tria
2146 2134 2279 2172 vero
2332 2119 2517 2188 spatia
2568 2118 2757 2171 nervis
2811 2135 2909 2170 ιιιι.
2964 2118 3351 2171 continentur.
3405 2120 3464 2171 In
3514 2134 3683 2171 enar-

1990 2207 2183 2260 monio
2219 2224 2349 2261 vero
2380 2223 2591 2277 genere
2642 2222 2869 2259 summa
2921 2212 3006 2259 est
3054 2206 3113 2259 id
3163 2207 3536 2275 pernoscendi
3571 2208 3687 2275 (72)

1987 2301 2155 2365 tonos
2204 2296 2459 2365 integros
2500 2296 2692 2361 distat,
2743 2312 2887 2365 quos
2942 2295 3043 2347 hoc
3102 2296 3273 2349 modo
3337 2295 3684 2349 notavimus.

1986 2364 2044 2441 ’Ῐ“.
2174 2364 2539 2455 Relinquitur
2570 2364 2847 2454 igituriex
2881 2384 3054 2437 totius
3085 2383 3433 2437 tetrachordi
3465 2383 3688 2437 duobus

1984 2476 2139 2529 tonis
2169 2491 2232 2528 ac
2264 2474 2565 2527 semitonio
2614 2488 2796 2525 unum
2848 2472 3239 2538 semitonium,
3292 2472 3448 2542 quod
3498 2471 3685 2525 conti-

1988 2568 2157 2617 netur
2183 2563 2333 2617 inter
2364 2568 2536 2617 neten
2582 2561 3061 2631 diezeugmenon,
3112 2566 3169 2614 et
3213 2566 3531 2630 paraneten
3576 2561 3687 2630 hy-

1988 2651 2296 2723 perboleon
2357 2650 2760 2715 enarmonion,
2813 2649 2966 2719 quod
3017 2648 3232 2702 scilicet
3277 2649 3577 2702 divisimus
3626 2648 3687 2701 in

1986 2742 2125 2795 duas
2190 2741 2374 2793 diescs
2448 2739 2578 2792 trite
2654 2737 3034 2808 hyperboleos
3101 2737 3291 2790 media
3366 2737 3685 2806 interjecta,

1986 2830 2351 2900 spatiumque
2397 2828 2617 2881 dieseos
2667 2828 2774 2881 hoc
2817 2827 2986 2879 modo
3040 2828 3379 2880 notavimus.
3411 2827 3473 2889 Ο.
3506 2827 3687 2895 Igitur

1986 2918 2150 2971 nobis
2217 2917 2609 2988 hyperbolcon
2675 2915 3102 2969 tetrachordum
3170 2913 3519 2983 descriptum
3581 2918 3683 2981 est,

1986 3024 2101 3077 quo
2148 3012 2381 3076 peracto
2432 3005 2502 3058 ad
2546 3004 3005 3073 diezeugmenon
3052 3002 3370 3056 veniamus.
3424 3004 3537 3056 Nec
3592 3002 3685 3055 in-

1987 3095 2335 3148 morandum
2382 3098 2471 3148 est
2516 3092 2739 3147 hisdem
2791 3091 3439 3145 cominemorationibus
3484 3091 3545 3144 in
3578 3107 3685 3144 cae-

1984 3183 2144 3250 teris,
2179 3199 2309 3236 cum
2343 3182 2411 3236 ab
2459 3182 2565 3235 hac
2608 3179 2989 3251 descriptione
3038 3179 3209 3233 etiam
3261 3179 3317 3232 in
3368 3178 3495 3232 aliis
3537 3177 3685 3232 sumi

1984 3272 2167 3341 possit
2193 3270 2543 3342 exemplum.

1984 3396 2337 3452 Monochordi
2392 3401 2640 3449 natarum
2702 3410 2801 3463 per
2867 3396 2977 3446 tria
3035 3408 3233 3461 genera
3284 3394 3519 3461 partitio
3580 3392 3689 3445 die-

2660 3497 3003 3550 zeugmcnon.

2057 3599 2224 3652 Netes
2257 3598 2436 3667 igitur
2481 3597 2959 3665 diezeugmenon,
3007 3612 3134 3666 qua:
3183 3602 3262 3649 est
3315 3596 3400 3648 iﬁ.
3450 3611 3573 3648 Lxx.
3623 3612 3681 3649 ιι.

1985 3688 2032 3740 si
2091 3687 2390 3741 dimidiam
2447 3702 2692 3751 sumam,
2739 3690 2909 3738 erunt
2956 3682 2995 3737 ἶ.
3051 3701 3100 3738 ι).
3153 3700 3277 3737 xxx.
3336 3701 3407 3736 v1.
3472 3684 3685 3737 eisdem

1984 3776 2184 3834 additi.
2217 3776 2365 3828 ﬁunt
2397 3773 2500 3828 1T5.
2539 3790 2623 3827 nc.
2656 3790 2768 3827 vni.
2816 3772 2923 3838 (73)
2956 3789 3150 3842 quam.
3187 3772 3249 3825 0.
3285 3772 3505 3824 interea
3532 3772 3687 3825 desi-

1986 3865 2307 3933 gnavimus.
2369 3863 2527 3927 Quod
2587 3863 2633 3915 si
2687 3862 2945 3929 ejusdem
2998 3867 3154 3914 netes
3204 3860 3686 3928 diezeugmenon,

1985 3954 2040 4007 id
2095 3958 2197 4018 est,
2260 3954 2371 4006 DD.
2438 3952 2651 4005 scilicet
2703 3949 2788 4004 iﬁ.
2852 3967 2970 4004 LXX.
3038 3967 3095 4003 ιι.
3155 3950 3409 4003 auferam
3458 3950 3687 4002 tertiam

1988 4047 2231 4112 partem,
2262 4045 2431 4093 erunt
2468 4037 2506 4093 i.
2560 4056 2643 4093 xx.
2702 4056 2801 4092 ιιιι.
2850 4038 2950 4108 qui
3004 4039 3219 4091 eisdem
3266 4038 3556 4106 conjuncti
3604 4036 3686 4089 fa-

1986 4132 2138 4182 cient
2169 4127 2275 4183 lTii.
2324 4145 2407 4182 xc.
2444 4146 2515 4181 v1.
2551 4145 2681 4198 quae
2712 4128 3009 4183 vocabitur
3048 4143 3364 4195 paramese.
3401 4127 3460 4179 Χ.
3499 4126 3690 4180 littera

1987 4220 2311 4272 subnotata.
2379 4218 2513 4270 Nete
2575 4216 2752 4285 igitur
2807 4216 3281 4284 diezeugmenon,
3336 4214 3394 4267 id
3445 4218 3549 4275 est,
3602 4211 3685 4268 ii—l.

1988 4322 2114 4359 Lxx.
2150 4323 2209 4359 11.
2252 4305 2317 4359 ad
2366 4320 2583 4369 mesen,
2615 4304 2669 4356 id
2703 4308 2810 4371 est,
2866 4299 2947 4355 1T1".
3002 4319 3085 4355 nc.
3142 4318 3255 4355 vui.
3308 4302 3581 4371 quoniam
3628 4302 3689 4355 in

1991 4396 2365 4465 sesquialtera
2414 4393 2846 4463 comparatione
2905 4391 3181 4457 consistit,
3232 4391 3358 4444 ideo
3420 4391 3689 4459 diapente

1988 4482 2323 4537 consonabit
2368 4480 2791 4550 symphoniam.
2830 4478 3037 4531 Eadem
3070 4494 3203 4530 vero
3244 4481 3374 4531 nete
3419 4478 3685 4545 diezeug-

1989 4586 2222 4634 menon,
2257 4570 2311 4622 id
2346 4575 2451 4635 est,
2482 4565 2562 4622 i—ﬁ.
2598 4584 2763 4621 Lxxu.
2803 4567 2869 4619 ad
2916 4582 3276 4635 paramesen,
3322 4566 3381 4619 id
3427 4571 3530 4630 est,
3575 4562 3687 4619 π.

1986 4677 2072 4715 xc.
2110 4676 2186 4714 vi.
2238 4674 2367 4727 quae
2417 4657 2486 4709 ad
2536 4672 2661 4709 eam
2707 4655 2877 4707 etiam
2928 4655 2983 4707 in
3037 4654 3401 4724 sesquitertia
3447 4670 3690 4725 propor-

1987 4747 2145 4799 tione
2175 4744 2494 4813 composita
2543 4749 2649 4810 est,
2705 4742 3062 4794 diatessaron
3113 4741 3323 4793 retinet
3369 4756 3691 4794 consonan-

1987 4832 2148 4885 tiam.
2206 4831 2264 4886 Si
2314 4831 2492 4899 igitur
2538 4831 2609 4883 ab
2656 4847 2721 4883 ea
2766 4846 2895 4898 quae
2928 4835 3012 4882 est
3043 4834 3171 4882 nete
3204 4828 3687 4899 diezeugmenon,

1986 4917 2071 4972 ﬁ.
2130 4936 2253 4973 Lxx.
2331 4935 2387 4972 ιι.
2449 4925 2703 4972 octavam
2763 4918 2959 4971 aufero
3012 4922 3257 4987 partem,
3317 4918 3372 4971 id
3429 4922 3533 4983 est,
3576 4933 3685 4969 ccc.

1987 5022 2148 5070 Lxxx,
2209 5022 2309 5059 ιιιι.
2379 5006 2574 5075 eisque
2624 5005 2908 5075 adjiciam,
2979 5004 3119 5058 ﬁent
3177 4998 3259 5058 iii.
3324 5020 3465 5057 cccc.
3505 5021 3555 5057 L.
3614 5020 3688 5056 γι.

1988 5095 2212 5164 eritque
2243 5095 2361 5147 haec
2394 5098 2663 5164 paranete
2691 5095 3150 5163 diezeugmenon
3174 5094 3437 5146 diatonos
3468 5091 3691 5145 duobus

1986 5238 2285 5291 semitoniis

1988 5312 2090 5370 est,
2127 5312 2232 5360 etc.

2388 5236 2783 5305 adjungeretur
2873 5236 3216 5289 semitonium
3289 5236 3487 5296 minus,
3588 5236 3690 5305 qui

2062 5377 2170 5447 (72)
2204 5379 2273 5432 Ut
2303 5394 2501 5431 sensus
2532 5378 2599 5431 sit
2634 5378 2874 5445 integer,
2904 5376 2996 5429 hic
3023 5376 3213 5447 denuo
3248 5375 3631 5445 supplendum
3676 5394 3688 5429 :

1989 5446 2213 5501 summa
2262 5454 2346 5502 est
2394 5450 2450 5502 id
2498 5447 2879 5519 pernoscendi
2925 5446 3191 5519 facilitas,
3252 5463 3381 5500 nam
3431 5452 3691 5514 paranete

1986 5519 2344 5587 hyperboleon
2376 5521 2443 5573 ab
2470 5518 2587 5573 nete
2619 5519 2973 5587 hyperboleon
3003 5518 3135 5570 duos
3170 5524 3353 5583 tonos,
3384 5524 3489 5570 etc.

2059 5594 2174 5654 (73)
2208 5592 2346 5654 Quae
2376 5596 2461 5644 est
2491 5592 2657 5657 Mese,
2683 5590 2752 5643 ad
2780 5594 2908 5643 nete
2930 5588 3390 5659 diezeugmenon
3424 5587 3691 5642 obtinens

1986 5662 2267 5715 rationem
2302 5665 2351 5716 3.
