4944 6542
1356 632 1489 681 1115

2437 624 2832 680 ADELBOLDI
2862 622 3366 679 TRAJECTENSIS
3402 623 3738 679 EPISCOPI.

453 84 468 92 Ἣ
627 73 632 76 -
793 87 808 90 -

533 114 568 125 -,
597 119 608 124 _
947 111 954 113 -
987 111 1002 113 -—
1227 129 1236 136 ν

687 143 748 152 —
773 144 780 146 “
1067 137 1156 143 -——
1173 141 1226 143 —
1347 155 1352 158 -
1391 157 1398 160 ..

873 173 1006 186 ἡ
1023 174 1110 196 _-l|___
1353 167 1358 172 ’

4716 623 4843 674 1116

1348 757 1451 812 CC.
1487 757 1688 810 litteris
1717 759 2040 826 pernotata,
2063 754 2131 808 ad
2175 759 2360 808 netem
2393 754 2842 823 diezeugmenon
2874 753 3030 806 obti-
3068 757 3109 809 A
3144 759 3522 824 utrorumque
3555 769 3669 806 una
3689 753 4018 823 descriptio,
4040 758 4102 807 ut
4122 753 4399 824 paulatim
4427 754 4635 823 juncta
4664 752 4846 821 dispo-

1352 861 1497 898 nens
1523 850 1744 898 tonum.
1773 843 1857 897 Ab
1888 844 1992 896 hac
2021 858 2154 896 vero
2173 849 2428 896 octavam
2449 843 2700 893 auferam
2724 842 2768 893 si
2796 846 3037 911 partem,

1350 933 1407 987 id
1459 937 1560 996 est,
1611 933 1680 986 de
1731 931 1819 985 1—11.
1871 948 2007 984 cccc.
2069 947 2113 984 L.
2173 947 2245 984 vi.
2304 947 2430 999 qua:
2489 937 2573 983 est
2622 947 2757 982 cccc.
2815 947 2919 983 xxx
2979 947 3035 984 ιι.

1352 1022 1583 1075 eosdem
1615 1020 1804 1074 eidem
1851 1021 2179 1089 adjungam,
2232 1025 2397 1071 erunt
2428 1035 2508 1072 ui.
2544 1035 2687 1071 nccc.
2726 1035 2886 1072 Lxxx.
2921 1035 3034 1074 \‘lll.

1351 1110 1576 1179 eritque
1635 1125 1718 1161 ea.
1779 1110 1840 1162 Y.
1904 1108 2034 1162 trite
2092 1108 2545 1176 diezeugmenon
2596 1107 2878 1160 diatonos.
2930 1108 3040 1161 Sed

1353 1198 1630 1267 quoniam
1662 1201 1792 1250 nete
1827 1197 2279 1264 diezeugmenon
2326 1197 2392 1248 ad
2436 1212 2774 1264 paramesen
2822 1197 3038 1266 sesqui-

1353 1287 1583 1339 tertiam
1647 1286 1936 1338 obtinebat
1988 1285 2440 1354 proportionem,
2502 1285 2632 1337 trite
2695 1291 2882 1338 autem
2927 1287 3041 1339 die-

1354 1390 1713 1443 zeugmenon
1781 1374 2038 1427 diatonos
2089 1389 2122 1426 a
2180 1377 2309 1426 nete
2378 1375 2830 1442 diezeugmenon
2895 1375 3038 1427 duos

1353 1468 1516 1516 tonos
1546 1463 1725 1528 abest,
1760 1462 2142 1516 continebitur
2180 1462 2328 1514 inter
2375 1463 2547 1514 triten
2587 1463 3038 1532 diezeugmenon

1353 1557 1408 1604 et
1441 1567 1774 1621 paramesen
1807 1547 2178 1604 semitouium
2209 1550 2420 1603 minus.
2472 1551 2830 1604 Diatonicum
2863 1552 3040 1620 igitur

1353 1654 1532 1708 genus
1556 1639 1614 1691 in
1648 1639 1755 1691 hoc
1787 1655 2013 1708 quoque
2045 1639 2404 1692 tetrachordo
2449 1655 2511 1691 ac
2544 1640 2930 1708 pentachordo
2960 1640 3038 1693 ita

1352 1727 1641 1796 expletum
1673 1733 1776 1790 est,
1811 1731 1874 1779 ut
1902 1727 2253 1780 tetrachordi
2295 1728 2525 1797 quidem
2574 1729 2714 1796 ejus,
2769 1729 2921 1797 quod
2955 1735 3040 1782 est

1351 1821 1509 1868 uetes
1595 1815 2049 1884 diezeugmenon
2107 1816 2178 1869 ad
2244 1832 2601 1884 paramesen,
2688 1816 3037 1870 diatessaron

1350 1903 1720 1957 consonantia
1778 1903 1886 1969 sit;
1949 1904 2321 1973 penlachordi
2376 1921 2506 1957 vero
2558 1906 2698 1973 ejus,
2751 1906 2904 1974 quod
2954 1911 3038 1958 est

1347 1998 1506 2046 uetes
1534 1992 1983 2063 diezeugmenon
2013 1993 2086 2046 ad
2119 2009 2335 2059 mesen,
2387 1993 2655 2063 diapente
2706 1993 2778 2048 sit
2827 2010 3034 2048 conso-

1349 2080 1564 2133 nanda.

1420 2185 1827 2239 Euarmouium
1859 2202 1990 2239 vero
2022 2191 2190 2256 atque
2241 2187 2656 2241 cbromaticum
2706 2204 2886 2257 genus
2935 2189 3038 2242 hac

1349 2274 1570 2327 ratione
1625 2281 1901 2328 texemus.
1958 2274 2134 2328 Sumo
2181 2275 2563 2329 dilferentiam
2602 2283 2760 2329 uetes
2790 2285 2843 2330 et
2874 2294 3037 2347 para-

1346 2367 1506 2416 netes
1535 2363 1992 2432 diezeugmenon
2019 2363 2257 2424 diatoni,
2309 2364 2364 2415 id
2419 2369 2519 2416 est.
2574 2363 2653 2416 u—i.
2713 2381 2830 2417 Lxx.
2885 2382 2942 2417 ιι.
2986 2371 3040 2418 et

1347 2447 1430 2505 ῖὶ.
1465 2467 1606 2504 cccc.
1650 2468 1698 2504 L.
1732 2468 1806 2504 v1.
1839 2457 1923 2504 est
1949 2467 2148 2504 eorum
2189 2451 2508 2504 dill‘ereutia
2565 2469 2670 2505 ccc.
2724 2469 2877 2506 Lxxx.
2934 2471 3032 2506 llll.

1347 2539 1498 2594 hanc
1529 2539 1741 2605 divido,
1775 2545 1944 2592 erunt
1975 2555 2021 2592 c.
2072 2556 2152 2592 xc.
2201 2556 2256 2593 ιι.
2309 2541 2452 2593 hanc
2490 2541 2534 2592 si
2578 2558 2819 2605 sumam,
2872 2543 3036 2612 eique

1350 2644 1480 2698 qua:
1513 2635 1597 2679 est
1625 2633 1896 2696 paranete
1925 2629 2374 2698 diezeugmenon
2398 2630 2678 2695 diatonos,
2703 2632 3033 2700 adjuugam,

1348 2716 1405 2770 id
1431 2721 1515 2769 est
1553 2714 1633 2770 ὦ.
1695 2733 1832 2770 cccc.
1895 2734 1942 2770 L.
2003 2734 2074 2770 vi.
2138 2719 2274 2770 ﬁent
2327 2717 2404 2770 1T1.
2468 2734 2550 2771 uc.
2609 2735 2689 2771 XL.
2745 2735 2860 2771 vui.
2917 2719 3036 2772 haec

1349 2806 1457 2858 erit
1502 2810 1770 2875 paranete
1819 2806 2270 2875 diezeugmenon
2315 2807 2679 2873 chromatica,
2727 2809 2781 2860 Β.
2827 2809 2885 2860 Β.
2937 2824 3032 2877 ge-

1349 2893 1579 2947 minatis
1610 2893 1811 2948 litteris
1860 2895 2146 2958 adnotata,
2192 2895 2404 2947 distans
2437 2913 2466 2947 a
2502 2901 2631 2948 nete
2671 2897 3035 2964 diezeugme-

1344 2999 1461 3036 non
1492 2988 1625 3036 tono
1659 2987 1715 3035 et
1745 2983 2071 3046 semitouio,
2106 2983 2161 3036 id
2189 2990 2273 3037 est
2301 2984 2484 3036 tribus
2516 2985 2856 3047 semitoniis,
2900 3001 3034 3037 con-

1344 3071 1533 3123 tinens
1561 3071 1628 3124 ad
1661 3071 1830 3124 triten
1861 3071 2317 3141 diezeugmenon
2360 3072 2574 3124 dudum
2625 3073 2857 3142 quidem
2906 3073 3032 3126 dia-

1342 3159 1606 3222 tonicam,
1641 3175 1794 3212 nunc
1838 3175 1974 3212 vero
2022 3160 2452 3225 chromaticam,
2498 3161 2550 3213 id
2597 3168 2699 3225 est,
2754 3159 2832 3214 1T1.
2887 3178 3031 3216 uccc.

1344 3263 1502 3300 Lxxx.
1536 3264 1652 3301 Vin.
1688 3248 2059 3302 semitouium
2111 3249 2398 3318 reliquum
2446 3249 2515 3301 ab
2563 3266 2628 3302 eo
2678 3255 2832 3314 tono,
2880 3251 3032 3319 quod

1345 3333 1591 3388 divisum
1645 3339 1730 3386 est
1776 3334 1928 3387 inter
1981 3340 2299 3402 paraneteu
2357 3334 2627 3387 diatonon
2676 3336 3032 3404 diezeugme-

1348 3437 1486 3487 non,
1531 3427 1587 3475 et
1633 3422 1761 3474 trite
1811 3421 2089 3475 diatonon
2130 3422 2601 3492 diezeugmenon.
2651 3425 2712 3476 Et
2769 3425 2921 3477 aliud
2973 3425 3037 3477 tit

1350 3509 1637 3580 reliquum
1699 3526 1766 3563 ex
1823 3510 2186 3563 tetrachordo
2241 3510 2604 3564 semitouium
2664 3512 2812 3565 inter
2860 3512 3035 3565 triten

1349 3597 1805 3667 diezeugmenon
1869 3599 2278 3652 chromaticam
2346 3605 2395 3651 et
2459 3616 2812 3668 paramesen,
2881 3601 3034 3669 quod

1344 3685 1558 3738 scilicet
1614 3703 1679 3738 ex
1730 3686 2083 3739 diatessaron
2137 3687 2510 3739 consonantia
2573 3688 2917 3757 relinquitur
2971 3705 3035 3741 ea

1346 3789 1474 3843 quas
1514 3779 1597 3827 est
1639 3773 1790 3827 inter
1840 3779 2010 3828 neten
2068 3774 2519 3845 diezeugmenon
2571 3781 2626 3829 et
2673 3793 3032 3845 paramesen,

1345 3862 1644 3916 subtractis
1701 3863 1926 3917 duobus
1983 3863 2134 3916 tonis
2185 3880 2348 3933 quos,
2402 3870 2530 3918 nete
2579 3865 3035 3934 diezeugmenon

1344 3951 1692 4004 chromatica
1735 3956 1792 4005 et
1827 3951 1958 4005 trite
1999 3951 2452 4022 diezeugmenon
2502 3953 2848 4006 chromatica
2898 3967 3032 4006 con-

1342 4039 1580 4093 tinebat.
1609 4039 1745 4104 Quae
1779 4045 1973 4094 autem
2023 4041 2084 4093 iu
2133 4041 2420 4094 diatonico
2471 4058 2680 4109 genere
2735 4041 2865 4095 trite
2915 4043 3033 4095 die-

1344 4143 1704 4198 zeugmenon
1738 4129 2020 4182 diatonica
2050 4134 2150 4194 est,
2188 4129 2248 4182 in
2279 4131 2628 4184 chromatico
2667 4136 2860 4184 autem
2903 4131 3034 4184 trite

1344 4215 1795 4285 diezeugmenon
1826 4216 2188 4283 chromatica,
2233 4234 2298 4270 ea
2330 4218 2390 4270 in
2439 4218 2774 4271 enarmonio
2822 4234 3034 4287 genere

1345 4310 1618 4374 paranete
1667 4304 2121 4376 diezeugmenon
2177 4307 2545 4359 euarmonios
2593 4306 2846 4360 dicitur:
2885 4308 3032 4362 inte-

1344 4408 1476 4462 gros
1508 4393 1660 4446 enim
1691 4393 1831 4447 duos
1854 4400 2021 4447 tonos
2053 4394 2225 4448 distat
2257 4395 2326 4448 ab
2357 4411 2421 4448 ea
2449 4411 2577 4465 quas
2606 4401 2691 4449 est
2739 4401 2865 4450 uete
2913 4397 3034 4450 die-

1345 4495 1723 4550 zeugmenon,
1780 4486 1836 4535 et
1892 4487 2145 4535 notatur.
2206 4485 2319 4535 AA.
2377 4484 2442 4536 Et
2479 4483 2629 4536 inter
2685 4489 2852 4537 neten
2913 4485 3032 4538 die-

3151 841 3370 896 sitionis
3404 844 3576 896 totius
3606 844 3790 896 forma
3821 848 4144 913 consurgat.

3797 947 4001 982 scaena
4042 947 4096 983 Ν.
4140 933 4190 984 '2.

3293 1021 3636 1073 Monoehordi
3664 1025 3910 1073 netarum
3939 1035 4038 1088 per
4071 1019 4180 1072 tria
4211 1035 4413 1086 genera.
4449 1021 4704 1088 partitio.

3223 1109 3342 1160 Duo
3388 1109 3620 1177 quidem
3673 1108 4050 1173 tetrachorda,
4100 1124 4229 1178 qua:
4264 1109 4496 1162 sibimet
4537 1108 4847 1176 conjuncta

3149 1203 3300 1257 sunt,
3333 1215 3364 1250 a
3398 1213 3551 1249 mese
3593 1213 3724 1249 vero
3775 1198 4080 1265 disjuncta,
4123 1197 4297 1250 trium
4347 1213 4628 1266 generum
4682 1212 4850 1266 supe-

3151 1286 3266 1338 rior
3289 1286 3592 1354 descriptio
3633 1286 4122 1356 quemadmodum
4176 1287 4500 1338 locarentur
4543 1286 4798 1338 ostendit
4835 1303 4846 1337 :

3150 1391 3299 1426 nunc
3330 1374 3396 1426 ad
3431 1373 3570 1427 illud
3604 1375 4028 1427 tetrachordum
4053 1375 4418 1437 veniendum,
4450 1375 4606 1444 quod
4631 1390 4852 1442 syuem-

3152 1479 3359 1515 menon
3388 1469 3640 1528 vocatur,
3673 1463 3826 1531 quod
3857 1464 4122 1532 junctum
4157 1468 4238 1514 est
4269 1463 4343 1527 ei,
4377 1478 4506 1531 quae.
4539 1468 4630 1515 est
4672 1478 4848 1514 mese.

3147 1551 3427 1614 Quoniam
3459 1551 3611 1604 enim
3645 1551 3792 1603 inter
3826 1559 3996 1604 neten
4042 1551 4494 1618 diezeugmenon
4533 1556 4593 1603 et
4627 1565 4849 1612 mesen,

3148 1639 3416 1708 diapente
3461 1640 3893 1692 consonantiam
3937 1656 4058 1693 esse
4108 1639 4479 1708 praadiximus
4512 1641 4626 1707 (est
4659 1646 4851 1691 autem

3147 1728 3412 1797 diapente
3452 1729 3826 1782 consonantia
3872 1730 4048 1782 trium
4094 1735 4362 1782 tonorum
4404 1744 4469 1780 ac
4498 1729 4848 1790 semitonii),

3149 1822 3262 1869 tres
3321 1833 3454 1869 vero
3513 1817 3632 1870 toni
3676 1822 3808 1869 sunt
3864 1817 3922 1869 in
3981 1819 4086 1870 hoc
4134 1816 4547 1886 pentachordo,
4597 1832 4848 1886 quorum

3149 1922 3296 1958 unus
3369 1907 3600 1976 quidem
3662 1911 3817 1958 uetes
3879 1905 4334 1974 diezeugmenon
4396 1905 4469 1958 ad
4530 1909 4850 1975 paraneteu

3148 1994 3602 2063 diezeugmenon
3645 1995 3946 2061 diatonon,
3992 1996 4134 2047 alter
4179 2009 4310 2047 vero
4358 1999 4676 2063 paranetes
4737 1993 4852 2046 die-

3151 2099 3505 2153 zeugmenon
3535 2083 3748 2136 diatoni
3770 2083 3838 2136 ad
3866 2083 4037 2135 triten
4061 2082 4518 2152 diezeugmenon
4547 2082 4850 2146 diatonon,

3147 2173 3350 2225 tertius
3381 2177 3571 2225 autem
3607 2188 3930 2241 parameses
3957 2171 4027 2225 ad
4068 2187 4285 2236 mesen,
4319 2172 4749 2241 reliquumque
4775 2186 4853 2223 se-

3148 2257 3454 2309 mitouium
3479 2258 3636 2309 trites
3653 2257 4103 2325 diezeugmenon
4128 2255 4346 2309 diatoni
4375 2256 4444 2309 ad
4470 2270 4854 2324 paramesen;

3148 2345 3536 2414 quoniamque
3586 2349 3742 2398 uetes
3782 2344 4236 2414 diezeugmenon
4286 2348 4344 2398 et
4391 2358 4742 2412 parameses
4781 2349 4854 2394 te-

3148 2434 3513 2486 trachordum
3547 2434 3617 2486 ab
3657 2449 3723 2485 ea
3775 2449 3900 2501 qua:
3953 2438 4033 2486 est
4085 2448 4259 2497 mese,
4317 2448 4384 2485 eo
4444 2437 4590 2484 tono
4645 2432 4860 2500 disjuu-

3147 2529 3300 2575 ctum
3347 2527 3449 2586 est,
3496 2523 3593 2592 qui
3642 2527 3723 2574 est
3769 2523 3919 2575 inter
3964 2537 4300 2591 paramesen
4335 2538 4399 2574 ac
4429 2537 4666 2585 mesen,
4715 2521 4762 2573 si
4798 2536 4858 2572 ex

3145 2628 3208 2663 eo
3242 2610 3628 2679 pentachordo
3671 2611 3822 2680 quod
3875 2617 3960 2662 est
3998 2626 4030 2663 a
4076 2615 4203 2663 nete
4263 2611 4749 2678 diezeugmenon
4793 2609 4855 2662 ad

3146 2699 3318 2752 triten
3347 2715 3761 2769 synemmeuou
3789 2699 3919 2766 (74),
3951 2714 4130 2752 unum
4160 2698 4578 2752 abstulerimus
4624 2703 4858 2762 tonum,

3147 2804 3212 2839 eo
3246 2787 3631 2857 pentacbordo
3681 2789 3831 2857 quod
3877 2792 3961 2839 est
4009 2804 4040 2839 a
4088 2792 4215 2840 nete
4257 2786 4740 2855 diezeugmenon
4795 2786 4858 2838 ad

3145 2892 3275 2928 eum
3308 2876 3518 2928 scilicet
3551 2876 3648 2945 qui
3698 2875 4024 2928 continetur
4070 2875 4221 2928 inter
4269 2880 4440 2928 neten
4473 2875 4856 2942 diezeugme-

3148 2981 3263 3017 non
3314 2973 3369 3016 et
3417 2969 3730 3033 paraneteu
3775 2964 4228 3033 diezeugmenon
4272 2963 4580 3027 diatonon,
4640 2965 4860 3032 poteri-

3147 3069 3274 3105 mus
3322 3053 3471 3105 aliud
3520 3053 3919 3106 tetracliordon
3951 3053 4020 3106 ad
4053 3069 4245 3105 mesen
4277 3053 4630 3122 adjungere,
4669 3058 4733 3104 ut
4769 3056 4858 3104 tiat

3144 3157 3576 3209 syuemmenon.
3639 3140 3789 3210 quod
3867 3146 3953 3192 est
4018 3141 4408 3210 conjunctum,
4480 3141 4596 3193 hoc
4663 3143 4851 3194 modo.

3145 3229 3422 3291 Quoniam
3456 3239 3754 3298 paranetes
3801 3229 4252 3298 diezeugmenon
4301 3227 4548 3290 diatoni,
4607 3245 4749 3298 qua:
4782 3239 4854 3279 est

3073 3318 3113 3371 Ο
3145 3318 3245 3371 CC.
3293 3335 3566 3370 numerus
3597 3324 3681 3370 est
3705 3315 3787 3370 ῖῇ.
3832 3333 3970 3370 cccc.
4022 3333 4070 3370 L.
4119 3333 4193 3369 v1.
4232 3317 4440 3370 horum
4492 3317 4680 3369 tertia
4731 3333 4852 3385 pars

3144 3406 3334 3459 addita
3364 3406 3572 3459 facient
3603 3422 3816 3459 mesen.
3853 3405 3950 3459 llic
3982 3421 4118 3472 ergo
4150 3420 4427 3458 numerus
4463 3405 4526 3457 in
4576 3405 4850 3474 diezeug-

3144 3510 3350 3548 menon
3383 3495 3740 3548 tetrachordo
3792 3496 3898 3550 CC.
3962 3494 4163 3548 litteris
4212 3495 4526 3548 adnotatus
4577 3501 4729 3546 tono
4782 3494 4853 3546 di-

3144 3584 3327 3636 stabat
3357 3601 3388 3636 a
3422 3588 3570 3647 nete,
3606 3584 4056 3652 diezeugmenon
4088 3582 4147 3636 in
4189 3598 4398 3653 genere
4430 3582 4763 3647 diatonico,
4809 3588 4856 3634 et

3142 3677 3413 3740 paranete
3446 3672 3898 3741 diezeugmenon
3942 3671 4204 3725 diatonos
4251 3671 4596 3724 vocabatur.
4655 3673 4722 3725 In
4773 3689 4847 3740 sy-

3142 3778 3490 3816 uemmenon
3530 3767 3722 3814 autem
3766 3762 4143 3826 tetrachordo,
4174 3761 4229 3814 id
4263 3766 4346 3813 est
4378 3760 4855 3829 conjunctarum,

3142 3852 3212 3904 sit
3240 3857 3367 3904 nete
3399 3867 3812 3920 synemmenon
3842 3850 3900 3903 in
3935 3851 4120 3903 tribus
4151 3849 4462 3920 generibus
4509 3850 4856 3912 constituta,

3141 3939 3201 3992 V.
3237 3939 3426 3992 littera
3475 3944 3774 4007 pernotata
3807 3955 3818 3990 :
3853 3943 3910 3992 et
3959 3938 4028 3991 ab
4078 3954 4144 3990 ea
4191 3943 4387 3990 octava
4439 3953 4581 4006 pars
4638 3939 4860 3991 aufera-

3140 4032 3251 4092 tur,
3287 4043 3416 4097 qua:
3456 4032 3556 4079 est.
3609 4044 3748 4079 cccc.
3802 4043 3929 4079 xxx.
3991 4043 4027 4079 ιι
4082 4027 4264 4096 iisque
4311 4030 4677 4094 apponatur,
4727 4026 4862 4078 ﬁent

3141 4112 3222 4170 ﬁi.
3259 4133 3402 4170 nccc.
3457 4133 3612 4169 ωαχ.
3662 4132 3777 4168 νιιι.
3832 4117 3903 4168 Ea
3959 4120 4043 4168 est
4100 4120 4372 4183 paranete
4420 4130 4862 4183 synemmenon

3142 4204 3402 4258 diatonos
3447 4221 3592 4273 quas.
3640 4206 3696 4257 Τ.
3747 4204 3937 4256 littera
3968 4203 4297 4272 insignitur.
4353 4204 4580 4257 Rursus
4633 4221 4666 4256 a
4698 4220 4863 4273 para-

3141 4299 3271 4346 nete
3303 4308 3712 4362 synemmenon
3758 4292 4052 4357 diatonon,
4100 4292 4156 4344 id
4187 4296 4292 4357 est,
4343 4287 4424 4345 ῖῦ.
4481 4308 4638 4345 uccc.
4696 4309 4860 4345 LXII.

3141 4397 3257 4434 vni.
3293 4387 3488 4434 octava
3520 4396 3648 4451 pars
3683 4396 3811 4450 quas
3863 4386 3948 4433 est
3994 4397 4136 4433 cccc.
4191 4395 4352 4432 Lxxx.
4407 4397 4484 4432 γι.
4531 4381 4585 4432 si
4634 4382 4860 4434 aufera-

3140 4473 3254 4535 tur,
3315 4471 3511 4539 eisque
3573 4474 3910 4539 apponatur,
3978 4484 4223 4539 quorum
4279 4474 4478 4520 octava
4539 4474 4653 4534 est,
4724 4471 4864 4522 ﬁent

1342 4584 1721 4638 zeugmenon,
1746 4575 1803 4623 et
1821 4573 2134 4640 paraneteu
2175 4571 2551 4625 enarmonion
2579 4572 3033 4643 diezeugmenon
3072 4597 3114 4652 ι)
3145 4555 3248 4612 πο
3278 4576 3294 4611 ί

2911 4591 3033 4628 non
3072 4597 3114 4652 Β
3145 4555 3248 4612 ﬁn.
3278 4576 3386 4612 ccc.
3421 4574 3539 4612 Lxx.
3577 4574 3676 4611 ιιιι.
3713 4573 3840 4627 qua:
3878 4564 3962 4610 est
4009 4558 4139 4610 trite
4185 4571 4618 4625 synemmenon
4671 4559 4863 4611 diato-

1343 4658 1500 4711 nulla
1528 4658 1769 4712 interest
1797 4659 2030 4724 chorda,
2067 4665 2238 4729 atque
2270 4660 2398 4712 ideo
2430 4668 2727 4729 paranetes
2759 4665 3028 4718 vocabulo

1343 4752 1727 4817 nuncupatur.
1764 4746 2141 4801 Semitonium
2185 4765 2336 4813 vero,
2390 4750 2540 4819 quod
2595 4756 2678 4804 est
2729 4751 2878 4804 inter
2928 4769 3025 4822 pa-

1340 4841 1577 4888 raneteu
1631 4835 2006 4889 enarmonion
2060 4836 2515 4907 diezeugmenon
2571 4843 2625 4891 et
2672 4855 3026 4908 paramesen,

1341 4923 1397 4977 id
1424 4930 1508 4978 est
1545 4924 1697 4978 inter
1723 4926 1838 4978 AA.
1872 4929 1929 4977 et
1958 4926 2016 4978 X.
2051 4925 2156 4979 hac
2185 4925 2402 4978 ratione
2445 4926 2743 4996 partimur,
2787 4933 2847 4980 ut
2895 4929 3030 4982 ﬁant

1341 5012 1468 5066 dua:
1536 5012 1738 5067 dieses.
1830 5012 2003 5066 Sumo
2079 5012 2460 5066 differentiam
2530 5021 2834 5084 paranetes
2907 5015 3030 5068 die-

1341 5117 1701 5170 zeugmenon
1767 5101 2106 5163 enarmonii,
2167 5107 2223 5155 et
2289 5119 2634 5172 parameses,
2693 5104 2748 5156 id
2803 5111 2887 5157 est
2945 5102 3026 5158 ﬁ.

1342 5205 1496 5243 DCCC.
1526 5205 1683 5243 LXXX.
1717 5205 1828 5242 Vlll.
1864 5186 2052 5242 et
2085 5206 2168 5243 XC.
2217 5207 2290 5244 γι.
2344 5208 2411 5244 ea
2459 5197 2542 5244 est
2595 5209 2671 5246 CC.
2723 5209 2839 5246 νιιι.
2887 5193 3032 5247 hanc

1339 5278 1551 5344 divido,
1617 5278 1758 5331 ﬁent
1823 5295 1872 5330 c.
1936 5294 2035 5331 nu.
2095 5279 2200 5332 hos
2267 5295 2494 5349 appono
2559 5282 2629 5335 ad
2690 5288 3026 5350 paraneteu,

1339 5382 1467 5437 quin
1500 5371 1584 5420 est
1613 5362 1696 5422 11—1.
1731 5383 1874 5420 DCCC.
1908 5383 2065 5420 Lxxx.
2095 5383 2210 5420 vni.
2265 5368 2420 5422 ﬁent.
2473 5365 2554 5422 iTi.
2611 5386 2782 5424 DCCCC.
2833 5387 2918 5424 xc.
2970 5389 3025 5426 ιι.

1340 5471 1404 5507 ea
1463 5454 1571 5508 erit
1623 5455 1755 5507 trite
1830 5453 2283 5524 diezeugmenon
2361 5459 2726 5510 euarmonios
2780 5461 2833 5512 Ζ.
2899 5475 3028 5529 per-

1339 5547 1554 5596 notata.
1625 5542 1798 5612 Hujus
1857 5542 2034 5612 igitur
2092 5543 2440 5596 tetrachordi
2497 5560 2600 5613 per
2652 5547 2764 5598 tria
2820 5563 3030 5616 genera

1341 5629 1783 5698 descriptionem
1813 5631 2006 5685 subter
2044 5631 2246 5700 adjeci,
2282 5631 2656 5702 superiusque
2689 5633 3028 5702 dispositum

1343 5718 1734 5787 byperholeou
1813 5720 2238 5774 tetrachordum
2314 5721 2651 5791 aggregavi;
2727 5723 2812 5776 uti
2884 5729 3030 5777 esset

1419 5872 1531 5940 (74)
1567 5879 1707 5942 Lege
1738 5890 1748 5925 :
1783 5875 1856 5926 ad
1885 5889 2077 5926 mesen.

3144 4663 3265 4711 nos,
3299 4647 3354 4700 id
3386 4653 3489 4712 est,
3534 4647 3598 4710 Ο.
3654 4645 3758 4699 Sed
3799 4645 4071 4715 quoniam
4123 4649 4249 4698 nete
4295 4660 4742 4713 synemmenon
4797 4646 4859 4697 ad

3138 4752 3356 4799 mesen,
3391 4736 3443 4789 id
3479 4741 3582 4799 est,
3615 4731 3696 4789 ﬁi.
3732 4750 3871 4787 cccc.
3919 4750 3967 4787 L.
4012 4750 4083 4787 γι,
4137 4734 4206 4786 ad
4260 4728 4362 4786 1—1—11.
4416 4749 4499 4785 uc.
4559 4750 4688 4786 vui.
4749 4751 4862 4785 ses-

3139 4824 3468 4896 quitertiam
3500 4824 3720 4878 obtinet
3760 4823 4216 4893 proportionem,
4265 4837 4393 4892 qua
4435 4826 4522 4874 est
4576 4822 4864 4875 diatessa-

3140 4929 3274 4977 ron;
3308 4913 3438 4966 trite
3469 4918 3659 4966 autem
3711 4927 4120 4982 synemmenon
4168 4912 4234 4963 ad
4289 4915 4463 4963 neten
4522 4927 4864 4980 synemme-

3139 5017 3257 5055 non
3291 4997 3391 5055 l-l—ll.
3426 5017 3504 5054 CC.
3559 5018 3678 5054 LXX.
3734 5017 3834 5053 llll.
3885 4999 3955 5052 ad
4146 5013 4406 5051 CCCCC.L.
4442 5013 4528 5052 νι.
4599 4999 4862 5052 duorum

3137 5094 3408 5144 tonorum
3462 5089 3683 5142 obtinet
3727 5088 4162 5157 proportionem
4207 5103 4220 5138 :
4278 5087 4643 5156 relinquitur
4702 5090 4865 5140 trites

3140 5193 3552 5248 synemmenon
3579 5177 3797 5230 diatoni
3831 5177 3898 5229 ad
3938 5192 4135 5229 mesen
4177 5175 4473 5244 proportio
4527 5176 4866 5237 semitouii,

3139 5271 3194 5320 et
3247 5266 3617 5334 conjunctum
3663 5271 3750 5318 est
3803 5266 3909 5318 hoc
3969 5264 4399 5316 tetracliordum
4447 5279 4586 5316 cum
4640 5281 4809 5317 mese
4855 5283 4864 5315 ;

3139 5359 3309 5424 atque
3334 5353 3463 5407 ideo
3494 5368 3912 5423 synemmenon
3945 5352 4108 5422 quasi
4133 5352 4480 5404 continuum
4518 5358 4579 5404 et
4611 5357 4866 5424 conjun-

3139 5447 3292 5497 ctum
3326 5447 3572 5494 vocatur.

3208 5531 3273 5583 Et
3306 5530 3573 5584 diutonici
3621 5529 3854 5600 quidem
3896 5529 4124 5598 generis
4181 5529 4284 5581 hoc
4339 5530 4516 5582 modo
4567 5532 4734 5585 facta
4790 5540 4868 5584 est

3137 5618 3470 5690 proportio;
3530 5617 3862 5671 chromatici
3921 5633 4057 5669 vero
4114 5617 4241 5670 talis
4287 5623 4373 5669 est
4425 5618 4677 5673 divisio.
4732 5622 4865 5674 Nete

3137 5724 3302 5761 sumo
3353 5722 3791 5777 synemmenon,
3842 5711 3897 5758 et
3936 5712 4207 5774 paranete
4253 5721 4702 5774 synemmeuon
4750 5710 4866 5763 d13-

3135 5795 3276 5859 toni,
3318 5795 3376 5848 id
3425 5799 3528 5858 est,
3576 5791 3661 5848 1T1.
3704 5809 3813 5847 ccc.
3869 5809 3914 5847 ι.
3973 5808 4046 5844 Vl.
4091 5798 4148 5846 et
4193 5788 4277 5848 ὦ.
4322 5809 4476 5848 uccc.
4537 5811 4717 5852 LXXX.
4752 5814 4862 5851 vui.
