4944 6540
684 158 1097 191 -ή-υ-γ.
1182 172 1245 187 γ...

1450 622 1581 673 1119

2785 618 2841 672 S.
2884 616 3303 673 ROMUALDUS
3341 616 3579 671 ABBAS.
4795 623 4895 674 H20

1441 748 1592 803 hanc
1634 747 1841 819 adjicio
1898 749 1968 803 ad
2029 746 2103 803 ῐιῖ.
2156 764 2339 803 ncccc.
2391 765 2488 802 xu.
2546 754 2607 802 ut
2658 748 2764 800 tria
2812 747 3118 802 semitonia
3154 750 3197 802 A
3231 762 3354 800 Lxx.
3388 762 3462 799 vx.
3494 751 3545 800 et
3574 741 3691 801 V171.
3715 762 3763 799 c.
3797 762 3884 799 xc.
3928 762 3985 799 ιι.
4031 745 4141 799 hoc
4188 746 4249 800 in
4278 745 4422 800 duas
4462 747 4650 800 dieses
4690 748 4766 801 ita
4792 748 4896 802 divi

1442 836 1604 901 fiant,
1637 842 1807 891 erunt
1855 833 1957 892 3T1.
2003 854 2083 892 cc.
2113 854 2198 892 xc.
2256 855 2329 891 vr.
2392 837 2514 891 haec
2571 838 2679 891 erit
2738 839 2796 893 F.
2861 836 3132 906 lychanos

1440 925 1697 997 hypaton
1761 926 2129 989 chromatica,
2177 926 2246 979 ab
2304 941 2371 979 ea
2427 942 2555 996 quae
2611 930 2695 979 est
2746 926 2956 995 hypate
3005 940 3132 978 me-

1441 1029 1547 1067 son
1596 1013 1780 1068 tribus
1837 1014 2157 1068 semitoniis
2196 1014 2428 1067 distans.
2497 1014 2923 1084 Relinquantur
2992 1029 3131 1083 ergo

1445 1102 1559 1156 duo
1616 1103 1938 1170 semitonia,
1997 1119 2177 1157 unum
2235 1103 2467 1173 quidem
2509 1102 2659 1156 inter
2705 1102 2972 1171 lychanos
3028 1102 3131 1171 hy-

1442 1196 1619 1261 paton
1666 1191 2072 1256 chromaticen,
2119 1191 2173 1244 id
2224 1195 2307 1243 est
2364 1190 2515 1244 inter
2570 1187 2666 1246 Tﬁ.
2703 1207 2783 1245 cc.
2833 1207 2919 1244 xc.
2970 1207 3044 1244 v1.
3080 1195 3137 1243 et

1443 1277 1538 1334 ι’ῖῐί.
1573 1296 1687 1334 ncc.
1723 1296 1842 1333 Lxx.
1875 1295 1951 1341 v1,
1983 1279 2040 1333 id
2071 1284 2153 1332 est
2185 1280 2537 1349 parhypaten
2576 1280 2827 1350 hypaton
2858 1280 2989 1349 (75).

1518 1369 1713 1422 Restat
1740 1366 2109 1419 enarmonion
2140 1381 2341 1435 genus,
2375 1366 2537 1435 cujus
2560 1368 2625 1418 ad
2661 1367 2920 1436 superius
2946 1382 3136 1420 exem-

1445 1456 1571 1526 plar
1609 1455 1736 1507 talis
1768 1454 1968 1506 divisio
2000 1458 2100 1506 est.
2131 1454 2408 1517 Quoniam
2448 1453 2602 1506 enim
2650 1454 2965 1524 parhypate
3026 1454 3134 1525 hy-

1448 1549 1624 1614 paton
1663 1542 1926 1594 diatonos
1968 1542 2057 1595 vel
2107 1542 2421 1611 parhypate
2473 1543 2724 1613 hypaton
2772 1542 3133 1597 chromatice.

1445 1648 1574 1703 quas
1623 1628 1741 1687 ﬁ.
1789 1648 1905 1685 ncc.
1935 1648 2060 1685 ιιι.
2094 1649 2167 1685 γι.
2225 1632 2539 1685 unitatibus
2567 1631 2837 1700 insignita
2867 1640 2973 1698 est,
3003 1631 3136 1685 duo-

1444 1719 1547 1774 bus
1576 1720 1725 1772 tonis
1747 1719 1918 1771 distat
1939 1719 2010 1772 ab
2038 1734 2105 1771 ea
2135 1734 2264 1788 quae
2296 1723 2383 1772 est
2416 1719 2624 1787 hypate
2662 1734 2882 1784 meson,
2935 1718 3133 1771 eadem

1443 1807 1552 1861 erit
1580 1807 1637 1860 in
1670 1822 1880 1876 genere
1916 1807 2294 1860 enarmonion
2333 1806 2602 1877 lychanos
2658 1807 2911 1876 hypaton
2969 1822 3133 1859 enar-

3243 835 3454 889 dimus.
3505 835 3679 889 Sumo
3729 834 4110 888 ditferentiam
4166 835 4310 904 ejus,
4372 851 4504 906 qua
4554 839 4642 889 est
4670 837 4896 905 lychanos

3241 923 3493 993 hypaton
3516 924 3901 988 enarmonios,
3926 927 3982 975 et
4003 923 4243 993 hypates
4258 924 4541 994 hypaton,
4561 924 4622 978 id
4642 928 4722 977 est
4742 930 4816 979 est
4827 922 4897 981 ἧι.

3242 1028 3358 1064 ncc.
3419 1027 3542 1065 Lxx.
3603 1026 3679 1065 vx.
3737 1016 3793 1064 et
3847 1007 3962 1065 ᾖ.
4016 1027 4064 1065 c.
4119 1028 4203 1065 xc.
4261 1028 4320 1065 ιι.
4371 1028 4439 1065 ea
4495 1017 4584 1066 est
4632 1029 4764 1066 cccc.
4815 1031 4897 1069 xu.

3242 1099 3415 1167 hujus
3444 1099 3745 1153 dimidiam
3783 1115 3967 1166 sumo,
4023 1104 4178 1153 sunt.
4226 1116 4305 1154 cc.
4365 1116 4483 1153 vm.
4535 1100 4686 1155 hanc
4736 1102 4901 1171 adjicio

3243 1184 3337 1241 ἧῖ.
3368 1204 3478 1241 occ.
3514 1204 3633 1241 Lxx.
3660 1203 3736 1240 vr.
3770 1185 4034 1241 tientia-1.
4076 1203 4247 1242 ncccc.
4306 1204 4466 1242 Lxxx.
4514 1205 4619 1242 ιιιι.
4683 1205 4799 1258 quae
4842 1192 4898 1243 sit

3245 1278 3310 1331 D.
3345 1277 3661 1345 parhypate
3691 1276 3944 1346 hypaton
3975 1276 4364 1330 enarmonios.
4417 1277 4567 1331 Sunt
4604 1276 4776 1347 igitur
4799 1279 4899 1332 dua

3244 1364 3446 1429 diescs,
3473 1381 3588 1417 una
3610 1364 3859 1435 quidem,
3892 1380 4021 1435 quae
4056 1369 4141 1418 est
4174 1364 4324 1418 inter
4372 1365 4647 1435 lychanos
4691 1367 4901 1436 hypaton

3244 1453 3644 1519 enarmonion,
3678 1459 3734 1506 et
3761 1453 4079 1523 parhypate
4130 1453 4384 1523 hypaton
4446 1455 4835 1517 enarmonion,
4862 1456 4901 1508 id

3243 1541 3503 1594 estinter
3534 1538 3629 1594 in.
3673 1557 3787 1595 occ.
3821 1558 3941 1595 Lxx.
3992 1558 4066 1595 v1.
4114 1547 4171 1595 et
4199 1540 4296 1596 ᾖ.
4360 1559 4543 1596 ncccc.
4599 1559 4762 1598 LXXX.
4823 1561 4899 1597 nu.

3244 1631 3435 1684 Altera
3514 1646 3668 1696 vero,
3737 1646 3865 1700 quae
3926 1635 4013 1683 est
4076 1630 4228 1685 inter
4268 1632 4633 1701 parhypaten
4690 1631 4900 1702 hypaton

3245 1719 3632 1782 enarmonios,
3672 1723 3729 1771 et
3779 1718 4030 1789 hypaten
4080 1720 4357 1789 hypaton,
4409 1719 4469 1772 id
4515 1723 4605 1772 est
4647 1720 4789 1772 inter
4825 1718 4897 1776 ᾖ.

3247 1823 3420 1860 ncccc.
3454 1823 3611 1861 Lxxx.
3654 1821 3762 1871 ιιιι,
3787 1812 3842 1859 et
3872 1804 3990 1862 v—u'i.
4024 1824 4071 1862 c.
4113 1824 4197 1862 xc.
4233 1825 4292 1861 ιι.
4328 1814 4496 1862 tonus
4523 1824 4663 1861 vero
4706 1810 4902 1862 ultimus

1442 1895 1687 1961 mouios,
1723 1911 1854 1965 qua:
1882 1895 1952 1947 ab
1977 1895 2186 1965 hypate
2214 1911 2414 1948 meson
2455 1895 2677 1948 duobus
2707 1896 2855 1948 tonis
2894 1895 3134 1963 integris
3244 1894 3394 1947 inter
3418 1895 4037 1963 proslambanomenon
4094 1901 4150 1948 et
4171 1896 4421 1966 hypaten
4448 1896 4732 1965 hypaton,
4762 1897 4810 1950 id
4844 1906 4906 1952 est

1442 1983 1648 2037 differt.
1686 1985 1878 2037 Restat
1911 1982 2088 2052 igitur
2130 1998 2197 2036 ex
2247 1983 2597 2036 diatessaron
2645 1984 3019 2037 consonantia
3049 2000 3137 2036 se-
3177 2023 3217 2077 Β
3247 1983 3397 2036 inter
3433 1980 3549 2035 V—ll—l.
3592 1999 3671 2035 cc.
3722 1998 3832 2036 xvx.
3872 1987 3929 2037 et
3952 1980 4071 2039 πῖι.
4114 1999 4159 2037 c.
4192 2000 4279 2039 xc.
4345 2001 4406 2038 ιι.
4456 1983 4798 2037 continetur.
4834 1986 4902 2038 Di-

1442 2070 1774 2129 mitonium.
1817 2070 1974 2141 quod
2008 2075 2092 2123 est
2133 2070 2284 2124 inter
2321 2071 2593 2140 lychanos
2648 2072 2901 2140 hypaton
2964 2087 3138 2125 enar-
3177 2070 3213 2077 ⁷
3248 2071 3427 2124 visum
3492 2075 3575 2124 est
3620 2070 3797 2140 igitur
3840 2071 4095 2142 hypaton
4145 2072 4575 2126 tetrachordum
4634 2073 4905 2127 secundum

1445 2159 1696 2223 monios,
1739 2162 1796 2212 et
1837 2159 2091 2229 hypaten
2126 2159 2402 2229 hypaton,
2441 2158 2495 2213 id
2554 2164 2635 2212 est
2674 2159 2823 2212 inter
2873 2155 2970 2213 v—ii.
3021 2176 3136 2213 ncc.
3247 2160 3355 2213 tria
3388 2174 3598 2229 genera
3616 2158 4419 2226 diatonicum,chromaticum
4446 2161 4854 2214 enarmonium.

1516 2290 1626 2360 (75)
1660 2290 1758 2343 Hic
1779 2290 2111 2344 addendum
2167 2290 2391 2344 videtur
2420 2294 2470 2343 et
2510 2292 2737 2344 alterum
2764 2293 2905 2344 inter
2930 2291 3240 2360 parhypate
3271 2292 3515 2360 hypaton
3542 2289 3601 2343 id
3638 2296 3715 2345 est
3774 2294 3917 2345 inter
3973 2307 4068 2346 vn.
4122 2308 4239 2347 occ.
4314 2308 4439 2347 ω.
4520 2308 4600 2348 νι.
4653 2298 4703 2347 et
4746 2310 4903 2347 vm.c.

1445 2377 1532 2414 xc.
1568 2378 1624 2414 ιι.
1649 2361 1712 2413 id
1736 2366 1833 2426 est,
1861 2363 2059 2430 hypate
2090 2362 2348 2430 hypaton.

2880 2668 3026 2705 ANNO
3075 2666 3263 2705 DOIINI
3304 2666 3511 2703 XXXVII.

1743 2826 2877 3000 SANCTUS
3060 2828 4670 3005 ROMUALDUS

2228 3110 2503 3177 ABBAS,
2563 3111 2897 3165 0RDINIS
2952 3112 3627 3167 CAMALDULENSIS
3677 3114 4198 3181 INSTITUTOR,

1919 3417 2354 3491 NOTITIA
2420 3419 3001 3493 HISTORICA
3060 3420 3167 3491 IN
3229 3420 3731 3493 SANCTUM
3792 3420 4479 3494 ROMUALDUM

2561 3574 2745 3644 (Apud
2782 3574 2995 3629 Fabric.
3032 3574 3289 3629 Biblioth.
3320 3574 3459 3627 med.
3488 3579 3538 3627 et
3567 3576 3671 3641 inf.
3702 3574 3849 3639 Lat.)

1520 3828 1892 3895 Romualdus,
1922 3837 2121 3885 auctor
2148 3830 2366 3884 ordinis
2396 3832 2947 3891 Camaldulensium.
2986 3835 3267 3885 Ravenna:
3297 3847 3327 3885 e
3350 3831 3529 3885 nobili
3560 3831 3770 3885 ducum
3807 3830 4028 3885 familia
4068 3835 4228 3884 ortus
4274 3834 4330 3883 et
4375 3831 4593 3884 studiis
4635 3830 4910 3884 liberalibus

1449 3899 2025 4023 intzbtuluiséoeremum
2064 3901 2252 3971 petiit,
2284 3908 2339 3955 et
2396 3903 2612 3956 ordinis
2641 3902 2695 3957 S.
2759 3903 3047 3957 Benedicti
3079 3902 3351 3956 laxiorem
3408 3901 3767 3972 disciplinam
3827 3902 4111 3972 corrigere
4156 3902 4393 3955 studuit.
4480 3902 4647 3956 Obiit
4704 3902 4909 3962 a.102‘i,

1449 3985 1496 4023 ω
1526 3986 1556 4023 a
1585 3987 1632 4022 ιδ
1774 4010 1785 4022 .

1449 3985 1632 4023 anatis
1667 3985 1686 4023 1
1699 3985 1785 4023 2U.

1522 4042 1656 4112 Ejus
1686 4040 2142 4094 Commentarius
2170 4042 2229 4094 in
2258 4043 2499 4112 psalmos
2546 4058 2649 4096 ms.
2686 4048 2772 4095 est
2801 4043 2859 4096 in
2921 4042 3266 4096 monasterio
3324 4042 3767 4107 Camaldulensi,
3800 4042 3856 4094 in
3910 4042 4072 4109 cujus
4124 4041 4398 4110 operculo
4457 4042 4588 4095 haec
4639 4042 4909 4111 leguntur:

1449 4110 1616 4163 Istud
1642 4114 1963 4182 psalterium
1991 4115 2214 4180 scripsit
2241 4110 2291 4166 et
2328 4115 2588 4180 glossavit
2612 4130 2778 4167 manu
2826 4129 2925 4168 sua
2978 4116 3210 4182 propria
3264 4116 3636 4167 sanctissimus
3668 4129 3730 4166 ac
3780 4114 4117 4165 beatissimus
4150 4112 4506 4175 Romualdus,
4542 4118 4687 4167 sicut
4712 4110 4719 4111 ί
4742 4126 4906 4181 praef.

1447 4186 1612 4254 perat,
1632 4180 1742 4233 sibi
1769 4184 1925 4246 Deus,
1960 4183 2178 4250 quando
2207 4185 2317 4247 fuit
2338 4191 2528 4252 raptus
2550 4188 2608 4237 in
2638 4180 2997 4254 paradisum,
3025 4180 3295 4238 celebrans
3318 4187 3538 4237 missam
3571 4187 3626 4236 in
3656 4200 3827 4237 eremo
3855 4185 4075 4250 Sytriae,
4124 4189 4183 4236 ut
4237 4184 4429 4236 scribit
4482 4184 4681 4236 beatus
4744 4180 4910 4236 Petrus

1455 4253 1773 4323 Damianus,
1803 4254 2091 4323 presbyter
2120 4255 2439 4319 cardinalis,
2472 4258 2534 4309 in
2559 4253 2809 4321 Legenda
2836 4271 2956 4309 sua.
2995 4257 3121 4308 Haec
3136 4256 3296 4309 Joan.
3340 4255 3701 4307 Mabillonius
3733 4256 3861 4308 ltin.
3904 4255 4078 4307 ltalici
4134 4270 4265 4322 pag.
4316 4258 4439 4307 179.
4503 4254 4905 4321 Expositionem

1454 4322 1628 4375 etiam
1674 4321 1733 4375 in
1755 4321 2031 4377 nonnulla
2054 4326 2470 4395 prophetarum
2500 4330 2719 4379 cantica
2753 4325 3084 4379 elaboravit.
3122 4325 3281 4379 Adde
3313 4326 3681 4379 Posseviuum
3713 4330 3850 4378 tum.
3887 4325 3931 4378 ΙΙ
3966 4321 4309 4395 Apparatus,
4371 4340 4507 4394 pag.
4546 4328 4678 4378 256.

2514 4593 3081 4684 PRO(EMIA
3163 4612 3871 4685 MABILLONII

2068 4781 2147 4829 AD
2189 4780 2396 4830 VITAM
2438 4781 2488 4829 S.
2530 4780 2893 4831 ROMUALDI
2937 4783 2973 4830 Α
3012 4780 3263 4831 SANCTO
3305 4779 3523 4831 PETRO
3569 4779 3869 4830 DAMIANI
3912 4779 4280 4830 SCRIPTAM.

2356 4911 2516 4977 (Acta
2545 4910 2866 4965 Sanctorum
2894 4912 2951 4965 S.
2985 4909 3104 4963 ord.
3136 4908 3356 4976 Bened.,
3389 4913 3531 4962 tom.
3566 4909 3711 4977 Vlll,
3738 4923 3867 4979 pag.
3903 4910 4049 4969 277.)

1532 5164 1574 5215 l.
1626 5161 1978 5216 Romualdus
2002 5176 2103 5215 seu
2131 5161 2446 5227 Romaldus,
2480 5163 2562 5216 uti
2594 5166 2921 5216 constanter
2949 5161 3149 5215 scribi-
3187 5162 3227 5217 C
3257 5161 3315 5214 in
3348 5161 3473 5215 aliis
3501 5160 3618 5215 suis
3639 5159 3865 5230 scriptis
3902 5164 4340 5214 commemorat.
4391 5158 4612 5213 litum
4668 5165 4751 5212 est
4782 5166 4909 5226 quam

1455 5254 1549 5303 tur
1576 5250 1637 5303 in
1664 5249 1956 5320 primariis
1984 5250 2175 5304 Eremi
2224 5250 2675 5305 Camaldulensis
2728 5251 3145 5318 monumentis,
3255 5250 3457 5305 leviter
3495 5249 3566 5303 ah
3587 5248 3812 5315 eodem,
3846 5253 3947 5301 aut
3991 5262 4065 5301 ne
4109 5247 4310 5301 leviter
4356 5247 4629 5317 quidem,
4673 5243 4914 5319 perstricta

1454 5338 1707 5407 primum
1735 5338 1873 5392 Vita;
1895 5354 2013 5392 sum
2030 5339 2367 5409 scriptorem
2391 5340 2620 5393 sortitus
2648 5345 2732 5393 est
2756 5341 2987 5393 Petrum
3034 5339 3148 5392 Da-

1457 5426 1653 5493 miani,
1684 5426 1786 5497 qui
1806 5432 1935 5496 post
1961 5430 2070 5481 tria
2109 5429 2225 5494 fere
2282 5429 2458 5482 lustra
2504 5427 2575 5480 ab
2608 5427 2735 5496 ejus
2772 5427 2929 5481 obitu
2966 5433 3146 5480 trans-

1456 5520 1581 5568 acta
1605 5513 1785 5585 (quod
1804 5514 1924 5585 ipse
1948 5515 2009 5569 in
2038 5516 2276 5586 prologo
2299 5514 2525 5582 asserit)
2545 5514 2602 5568 id
2632 5514 2820 5582 operis
2843 5529 3148 5584 aggressus

1459 5608 1562 5656 est.
1598 5603 1717 5657 Hoc
1744 5617 1888 5672 opus
1913 5618 2030 5656 non
2058 5602 2201 5657 adeo
2240 5607 2503 5656 accurate
2535 5617 2600 5655 ac
2644 5601 2950 5670 diligenter
2997 5616 3147 5672 prae-

1460 5690 1623 5754 stitit,
1656 5690 1797 5759 quin
1826 5691 2003 5744 multa
2028 5691 2345 5761 prudenter
2364 5688 2648 5756 omiserit,
2677 5705 2793 5743 non
2834 5692 3005 5744 modo
3041 5691 3147 5744 mi-

1462 5778 1674 5843 racula,
1705 5777 2192 5847 quemadmodum
2237 5778 2392 5831 idem
2433 5778 2494 5831 in
2542 5777 2780 5848 prologo
2824 5777 3147 5847 proﬁtetur,

1466 5863 1564 5917 sed
1592 5865 1769 5920 etiam
1800 5864 1945 5917 dicta
1973 5870 2030 5917 et
2056 5864 2205 5918 facta
2235 5880 2249 5918 :
2282 5880 2346 5919 ex
2374 5866 2585 5936 quibus
2632 5866 2912 5920 nonnulla
2951 5867 3150 5921 Petrus

3256 5339 3331 5392 sit
3358 5339 3641 5393 institutio
3663 5342 3788 5392 tum
3816 5337 4278 5407 congregationis
4312 5336 4620 5392 ordinisve
4666 5332 4913 5392 Catualda-

3256 5428 3451 5492 lensis,
3483 5431 3609 5480 tum
3641 5426 3901 5497 primarii
3929 5425 4149 5480 ordinis
4180 5424 4534 5493 Eremitorii,
4584 5441 4622 5479 a
4681 5440 4790 5495 quo
4832 5432 4913 5488 ipse

3256 5515 3396 5569 ordo
3423 5514 3764 5568 vocabulum
3796 5514 3988 5567 traxit.
4025 5514 4194 5569 Plura
4222 5512 4329 5567 hac
4352 5512 4424 5567 de
4475 5528 4544 5567 re
4598 5515 4850 5582 leguntur
4877 5506 4912 5555 in

3258 5618 3522 5656 sermone
3552 5602 3772 5671 prolixo
3821 5601 3891 5655 de
3922 5601 4179 5670 ejusdem
4226 5600 4542 5656 Romualdi
4598 5601 4744 5667 Vita,
4789 5606 4911 5667 quem

3261 5690 3641 5762 Hieronymus
3667 5707 3701 5743 a
3741 5691 3945 5759 Praga,
3995 5688 4236 5743 eremita
4291 5687 4778 5749 Camaldulensis,
4812 5684 4911 5735 alius

3258 5779 3331 5833 ab
3362 5778 3655 5849 tequivoco
3688 5778 3980 5842 hwretico,
4004 5776 4187 5831 edidit
4226 5791 4378 5830 anno
4430 5778 4600 5832 1433.
4654 5777 4909 5839 Utrumque

3264 5872 3517 5922 actorem
3581 5866 3822 5923 eruditis
3879 5864 4312 5922 commentariis
4348 5865 4672 5921 illustravit
4723 5866 4908 5919 Joannes
