4944 6490
602 320 718 369 1121

1981 319 2250 375 NOTITIA
2294 318 2661 374 HISTORICA
2673 359 2685 371 .

3945 332 4078 383 1122

598 436 896 492 Bollandus
928 436 985 490 in
1023 438 1314 492 Februarii
1339 443 1493 493 tomo
1543 441 1610 493 ll.
1644 441 1906 510 Ejusdem
1946 442 2083 496 Vitas
2124 459 2274 497 com-
2311 446 2354 497 A
2382 444 2452 497 ad
2485 460 2651 497 usum
2678 448 2730 498 et
2764 449 3056 514 sumptum
3102 446 3471 515 confratrum,
3511 450 3863 506 eremiticam
3899 454 4069 509 vitam
4126 460 4132 469 '

597 525 861 596 pendium
892 532 1072 579 exstat
1118 527 1269 596 apud
1302 531 1561 581 sanctum
1623 530 1997 597 Antoninum,
2045 532 2276 585 Petrum

601 613 939 685 Equilinum,
976 616 1301 681 Gononum,
1334 620 1388 669 et
1427 617 1601 682 alios;
1635 618 1777 670 Item
1807 617 1866 670 in
1892 619 2137 671 Historia
2175 620 2275 673 Ca-

601 702 955 771 maldulensi,
980 719 1153 773 quam
1179 703 1531 773 Augustinus
1550 704 1911 758 Florentinus
1934 707 2277 775 composuit.

599 791 795 846 Eadem
846 791 968 844 Vita
1024 791 1324 861 Hispanico
1358 792 1565 861 scripta
1614 796 1697 845 est
1745 808 1777 845 a
1830 793 2046 847 Joanne
2088 794 2279 848 Catas-

599 879 811 949 gnizza,
845 878 1128 932 monacho
1182 879 1605 946 Vallisoletano,
1662 884 1861 949 postea
1894 881 2103 948 ltalice,
2163 882 2313 935 imo.

598 969 766 1022 etiam
804 968 1011 1022 Gallice
1066 967 1307 1021 reddita.
1352 968 1537 1021 Unum
1594 968 1685 1021 hic
1734 970 1966 1023 Petrum
2024 970 2309 1023 Damiani

600 1056 862 1110 exhibere
890 1056 1029 1109 satis
1072 1055 1264 1121 fuerit,
1328 1055 1495 1125 cujus
1553 1056 1922 1126 scriptionem
1973 1057 2031 1111 in
2091 1058 2283 1112 codice

599 1143 934 1198 Salemensis
989 1145 1048 1196 in
1096 1143 1302 1197 Suevia
1357 1146 1687 1197 monasterii
1739 1145 1997 1199 vidimus.
2054 1147 2128 1200 De
2169 1148 2281 1201 Ro-

600 1232 826 1286 mualdo
855 1231 975 1301 agit
1018 1232 1190 1285 etiam
1222 1232 1329 1284 Leo
1376 1232 1647 1286 Ostiensis
1700 1234 1756 1285 in
1811 1235 2076 1288 Clironici
2128 1236 2281 1289 Casi-

602 1319 785 1372 nensis
818 1319 910 1373 lib.
941 1320 1011 1386 II,
1038 1336 1203 1389 capp.
1246 1322 1329 1387 18,
1366 1322 1427 1373 19
1463 1324 1518 1373 et
1547 1321 1633 1373 24.

666 1411 717 1460 2.
758 1409 968 1462 Praeter
996 1408 1208 1461 librum
1240 1408 1309 1462 de
1365 1407 1669 1463 Romualdi
1702 1409 1839 1477 Vita,
1873 1426 2043 1480 quem
2072 1410 2282 1464 librum

602 1498 794 1550 Petrus
837 1496 1100 1550 Damiani
1147 1497 1499 1566 conscripsit,
1544 1498 1804 1566 quaedam
1858 1499 1926 1551 de
1983 1499 2183 1553 eodem
2224 1500 2285 1553 in

599 1586 723 1638 aliis
762 1587 878 1638 suis
908 1586 1133 1655 scriptis
1168 1586 1361 1638 refert.
1390 1587 1457 1638 Et
1504 1586 1692 1655 primo
1736 1586 1966 1656 quidem
2017 1587 2074 1639 in
2106 1604 2284 1657 opus-

598 1675 708 1728 culi
737 1676 799 1727 15
827 1690 949 1744 cap.
993 1677 1075 1741 16,
1112 1674 1207 1727 ubi
1237 1690 1411 1743 agens
1443 1674 1511 1727 de
1546 1674 1884 1727 discretione
1919 1691 1931 1727 :
1967 1692 1993 1723 α
2048 1677 2188 1729 Nam
2229 1680 2286 1729 et

598 1779 697 1816 nos
729 1763 1137 1832 approbemus,
1176 1763 1278 1826 ait,
1307 1762 1456 1832 quod
1488 1763 1604 1814 suis
1636 1779 1784 1831 saepe
1817 1763 2111 1832 discipulis
2152 1764 2284 1816 bea-

598 1856 685 1904 tus
715 1850 1068 1904 Romualdus
1111 1850 1313 1903 dixisse
1371 1850 1751 1919 perhibetur:
1822 1852 2139 1918 Dummodo,
2195 1852 2283 1904 in-

598 1938 738 2009 quit,
770 1940 951 2003 frater
990 1938 1215 2005 quilibet
1244 1939 1431 1991 cellam
1467 1954 1573 1991 non
1603 1938 1834 2006 deserat,
1882 1942 2042 1992 etiam
2100 1956 2286 1995 carnes

594 2029 949 2095 permittatur
978 2041 1045 2078 ea:
1075 2025 1392 2078 discretione
1440 2026 1724 2093 comedere,
1754 2029 1804 2080 si
1843 2032 1953 2081 tam
1997 2030 2285 2081 inevitabi-

598 2118 665 2169 lis
704 2114 960 2168 videatur
1012 2115 1303 2167 necessitas
1350 2115 1649 2179 imminere,
1694 2133 1721 2164 ι)
1755 2117 1860 2168 etc.
1915 2116 1977 2168 Et
2025 2116 2083 2168 in
2114 2131 2285 2184 opus-

598 2203 710 2257 culi
740 2203 811 2256 49
843 2218 966 2272 cap.
1009 2205 1039 2256 9
1074 2218 1086 2255 :
1126 2223 1153 2250 ‹‹
1194 2202 1305 2255 Nec
1334 2202 1565 2271 ineptus
1626 2204 1874 2272 applices
1923 2205 2076 2273 quod
2136 2220 2287 2274 saepe

596 2292 713 2345 suis
742 2289 1040 2359 discipulis
1069 2289 1155 2342 vir
1204 2290 1431 2343 Domini
1470 2290 1819 2344 Romualdus
1862 2291 2091 2345 aiebat:
2152 2293 2289 2345 Fra-

600 2384 724 2445 tres,
758 2377 971 2449 inquit,
997 2393 1115 2432 cum
1147 2379 1205 2431 in
1234 2379 1594 2446 quorumlibet
1638 2384 1897 2433 conventu
1926 2383 2169 2448 reﬁcitis,
2199 2383 2286 2434 in-

602 2470 760 2521 tentis
786 2467 865 2520 ad
909 2467 1085 2520 czbum
1109 2469 1333 2532 caeteris,
1362 2469 1418 2519 in
1452 2470 1567 2535 ipso
1606 2470 1913 2533 refectionis
1953 2471 2111 2522 initio
2152 2486 2290 2538 par-

598 2558 726 2620 cite;
760 2560 812 2610 et
847 2570 966 2609 cum
996 2556 1110 2608 illis
1146 2555 1267 2622 jam
1298 2570 1361 2608 ea:
1403 2561 1563 2622 parte
1587 2558 1933 2620 satisfactum
1962 2552 2150 2621 fuerit,
2195 2572 2288 2611 vos

600 2646 867 2709 inchoate,
909 2648 1173 2712 quatenus
1208 2648 1259 2696 et
1304 2644 1604 2710 hypocrisis
1656 2649 1837 2696 notam
1888 2647 2110 2711 possitis
2162 2660 2283 2697 eva-

597 2734 739 2799 dere,
772 2737 825 2785 et
877 2731 1183 2785 sobrietatis
1238 2732 1481 2797 regulam
1509 2733 1626 2784 sine
1671 2731 1958 2798 offensione
1994 2747 2224 2786 servare.
2257 2753 2285 2780 ››

598 2821 859 2890 Denique
890 2820 951 2872 in
985 2819 1246 2888 opusculi
1275 2821 1342 2872 49
1393 2835 1517 2887 cap.
1548 2822 1577 2873 3
1612 2835 1624 2872 :
1665 2838 1693 2868 α
1729 2820 1927 2873 Beatus
1980 2821 2287 2890 aliquando

596 2909 974 2974 Romualdus,
1023 2909 1307 2963 rediensa
1361 2908 1585 2977 Sibylla:
1634 2907 1941 2961 comitissae
1978 2907 2286 2977 colloquio,

2388 531 2492 585 sub
2535 549 2601 585 eo
2634 532 2989 602 degentium,
3039 534 3271 605 suisque
3320 538 3737 592 successoribus
3788 542 4065 605 eremitis,

2389 618 2696 686 quamdam
2737 618 3034 671 ecclesiam
3067 618 3121 671 in
3156 621 3362 674 mediis
3390 624 3645 692 Alpibus,
3684 626 3831 695 juris
3861 628 4079 697 episco-

2388 705 2470 774 pii
2500 706 2678 758 sancti
2730 706 2955 772 Donati,
2990 723 3163 777 quam
3205 725 3309 762 nos
3339 716 3544 780 rogatu
3582 713 3797 767 domini
3852 717 4076 784 praefati

2390 794 2647 847 Romaldi
2677 795 2930 848 eremitze
2975 798 3429 851 consecravimus
3469 801 3573 853 sub
3622 802 3838 855 honore
3887 809 3942 857 et
3990 822 4082 859 no-

2391 882 2544 935 mine
2574 882 2638 934 D.
2671 882 2734 935 N.
2787 883 2834 935 J.
2870 883 2927 937 C.
2979 884 3158 937 sancti
3205 885 3531 951 Salvatoris,
3576 890 3981 945 consistentem
4019 892 4081 945 in

2390 968 2677 1023 territorio
2708 975 2914 1039 (nempe
2950 974 3113 1025 unius
3145 973 3258 1025 diei
3294 976 3484 1028 itinere
3521 976 3589 1029 ab
3631 978 3843 1048 Aretio)
3894 980 3964 1033 ad
3995 997 4083 1033 ra-

2390 1057 2543 1111 dices
2574 1056 2803 1126 Alpium
2831 1058 3206 1113 dividentium
3237 1061 3498 1115 Tusciam
3538 1069 3592 1116 et
3624 1064 3985 1132 Romaniam,
4020 1066 4080 1119 in

2392 1147 2515 1200 loco
2544 1146 2641 1216 qui
2676 1146 2883 1199 dicitur
2929 1148 3420 1217 Campo-Malduli,
3468 1168 3569 1222 per
3608 1170 3707 1206 sua
3757 1156 3880 1208 loca
3929 1154 4081 1209 desi-

2393 1238 2586 1303 gnata.
2622 1234 2812 1287 Primo
2843 1235 3018 1303 igitur
3052 1238 3221 1290 latere
3252 1241 3553 1307 praecurrit
3597 1243 3749 1294 rivus
3780 1243 3879 1312 qui
3912 1259 4080 1297 voca-

2393 1328 2487 1375 tur
2511 1323 2696 1391 Niger,
2733 1323 2823 1375 cui
2855 1338 2883 1375 e
2915 1328 3113 1377 contra
3142 1326 3328 1379 obviat
3358 1327 3589 1397 quidam
3621 1330 3768 1383 alius
3803 1332 3954 1385 rivus
3983 1332 4081 1402 qui

2393 1410 2601 1464 dicitur
2626 1411 2692 1463 de
2724 1411 2949 1477 Tellito,
2974 1414 3141 1467 ambo
3176 1415 3390 1483 pariter
3411 1424 3767 1487 emergentes
3799 1419 3857 1472 in
3888 1418 4081 1473 sinum

2392 1499 2687 1567 cujusdam
2743 1498 3015 1553 ﬂuminis.
3072 1502 3146 1553 De
3199 1504 3445 1557 secundo
3502 1506 3676 1558 latere
3709 1512 3794 1559 est
3825 1507 3911 1560 via
3948 1508 4077 1561 des-

2393 1587 2638 1639 cendens
2692 1604 2724 1639 a
2773 1588 3010 1640 summis
3051 1590 3205 1660 jugis
3252 1592 3500 1661 Alpium.
3540 1595 3613 1646 De
3680 1596 3847 1648 tertio
3906 1598 4081 1650 latere

2396 1680 2527 1728 sunt
2575 1675 2678 1727 feri
2730 1682 2949 1729 montes
3005 1684 3177 1747 atque
3233 1679 3453 1733 intonsa
3506 1682 3645 1749 juga
3702 1684 3953 1753 Alpium.
4005 1686 4081 1738 De

2398 1768 2599 1833 quarto
2632 1763 2804 1815 latere
2837 1770 2969 1817 sunt
2990 1766 3224 1833 siclieta,
3256 1771 3705 1838 prmrumpentia
3756 1771 3815 1824 in
3873 1774 4080 1841 prmfa-

2396 1856 2517 1904 tum
2565 1850 2751 1904 rivum
2807 1853 3062 1922 Nigrum.
3112 1856 3264 1908 Intra
3296 1857 3553 1925 praeﬁxos
3587 1859 3762 1927 igitur
3806 1861 4080 1913 terminos

2397 1938 2572 1991 enitet
2618 1939 2712 1991 ille
2761 1938 2917 1993 locus
2947 1941 3046 2011 qui
3078 1942 3287 1995 dicitur
3311 1943 3810 2013 Campo-Malduli,
3846 1964 4079 2017 campus

2397 2026 2681 2096 speciosus
2736 2032 2791 2079 et
2850 2028 3127 2095 amabilis,
3182 2030 3279 2083 ubi
3334 2037 3467 2084 sunt
3526 2038 3742 2101 septem
3792 2034 4084 2103 purissimi

2398 2114 2581 2167 fontes
2615 2118 2671 2167 et
2698 2130 2924 2169 amoena
2955 2116 3154 2173 vireta.
3197 2120 3356 2171 Hunc
3386 2118 3596 2173 scilicet
3624 2121 3805 2174 locum
3836 2121 4083 2175 domnus

2398 2202 2729 2268 Romaldus,
2764 2203 2893 2272 pius
2936 2205 3303 2259 eremitarum
3353 2212 3532 2277 pater,
3582 2209 3813 2278 delegit,
3844 2214 3899 2262 et
3932 2226 4085 2279 prie—

2400 2290 2541 2344 vidit
2615 2290 2974 2361 aptissimum
3047 2295 3745 2365 congruentissimumque
3820 2297 3940 2351 fore
4014 2298 4084 2351 ad

2398 2379 2630 2432 cellulas
2681 2379 2922 2432 fratrum
2973 2381 3341 2434 eremitarum
3374 2383 3663 2451 sigillatim
3722 2384 3779 2437 in
3834 2390 4089 2439 contem-

2397 2466 2608 2534 plativa
2639 2466 2752 2519 vita
2811 2468 2924 2519 Deo
2973 2468 3391 2523 servientium:
3443 2476 3884 2541 constructaque
3941 2471 4087 2525 inibi

2397 2554 2629 2606 basilica
2663 2553 2851 2607 Sancti
2885 2555 3211 2619 Salvatoris,
3259 2557 3515 2627 quinque
3544 2559 3775 2612 cellulas
3806 2576 3935 2612 cum
3969 2560 4088 2613 suis

2398 2641 2776 2695 tabernaculis
2834 2643 3048 2696 ibidem
3083 2643 3339 2697 distinxit
3384 2649 3556 2714 atque
3596 2646 3665 2698 ab
3708 2646 3949 2700 invicem
4001 2663 4090 2700 se-

2398 2728 2639 2800 paravit,
2674 2728 2770 2781 sed
2832 2734 2888 2783 et
2934 2730 3175 2801 singulis
3228 2732 3445 2784 cellulis
3494 2733 3749 2799 singulos
3796 2735 4089 2804 deputavit

2397 2820 2599 2872 fratres
2630 2818 2894 2871 eremitas
2942 2818 3062 2888 qui,
3120 2819 3487 2873 saecularibus
3519 2823 3668 2873 curis
3706 2828 3762 2875 et
3802 2823 4085 2875 sollicitu-

2399 2907 2531 2960 dine
2588 2910 2825 2972 remota,
2872 2906 2978 2959 soli
3026 2906 3232 2961 divinas
3286 2909 3754 2978 contemplationi
3801 2910 4083 2964 insistant.

597 2998 900 3051 comitanti
955 2998 1139 3051 fertur
1178 2996 1379 3050 callide
1402 2997 1610 3050 dixisse
1643 2996 1925 3065 discipulo
1952 3012 1963 3048 :
1988 2996 2158 3061 Quam
2196 2997 2289 3049 ele-
2329 3004 2366 3057 C
2397 2995 2612 3058 Quibus
2629 2995 2795 3047 etiam
2819 2995 3097 3048 domnum
3122 2997 3746 3051 Petrumvenerabilem
3761 2999 4083 3065 eremitam,

594 3087 803 3152 gantis,
836 3086 936 3152 ait,
969 3090 1020 3139 et
1050 3087 1262 3139 venusti
1296 3086 1477 3138 vultus
1507 3086 1734 3150 femina,
1766 3086 1892 3151 nisi,
1922 3086 2061 3152 proh
2110 3083 2295 3138 dolor!

596 3177 757 3228 unius
788 3175 935 3229 oculi
981 3174 1267 3243 dispendio
1298 3174 1586 3227 laboraret.
1641 3172 1742 3227 Cui
1782 3172 2092 3241 discipulus
2122 3189 2135 3225 :
2167 3173 2291 3226 Ab-

593 3261 708 3314 sit!
760 3264 1046 3329 magister,
1100 3260 1307 3331 inquit.
1364 3258 1515 3315 Sicut
1553 3260 1746 3313 decora
1791 3263 1927 3313 certe
1976 3261 2167 3325 facies,
2210 3262 2292 3313 ita

596 3364 815 3416 quoque
873 3350 1033 3415 oculi,
1078 3352 1240 3416 prout
1296 3350 1565 3414 sagaciter
1611 3347 1955 3416 deprehendi,
2013 3347 2293 3401 nihilomi~

593 3452 697 3490 nus
739 3438 1034 3491 incolumes
1066 3440 1266 3504 vigent.
1317 3437 1493 3499 Quem
1539 3435 1813 3505 magister
1841 3435 2119 3489 acerrima
2152 3451 2293 3505 pro—

595 3526 753 3577 tinus
788 3524 1288 3577 animadversione
1344 3523 1655 3592 corripiens
1689 3539 1701 3576 :
1736 3526 1805 3577 Et
1840 3525 1960 3590 quis
1992 3528 2058 3588 te,
2089 3522 2291 3593 inquit,

596 3616 653 3665 in
680 3614 888 3679 faciem
926 3614 1258 3678 feminarum
1304 3615 1565 3680 respicere
1620 3611 1836 3666 docuit?
1891 3612 2045 3665 Tunc
2093 3611 2189 3665 ille
2234 3627 2292 3666 se

595 3700 1059 3755 circumventum
1105 3717 1225 3754 esse
1280 3700 1647 3770 perspiciens,
1704 3699 2037 3770 paenitentia
2094 3700 2294 3753 ductus

596 3789 856 3857 erubuit,
892 3794 949 3842 et
996 3789 1065 3842 de
1116 3795 1321 3841 cretero
1352 3788 1662 3841 cautiorem
1692 3804 1749 3841 se
1807 3787 1929 3841 fore
1961 3786 2293 3841 obstinatis-

595 3877 742 3930 sima
772 3877 1193 3947 pollicitatione
1224 3877 1470 3930 devovit.
1505 3897 1526 3924 ι

667 3968 719 4019 3.
794 3967 879 4019 De
936 3965 1264 4035 primordiis
1319 3964 1534 4018 ordinis
1592 3964 2063 4032 Camaldulensis,
2133 3965 2296 4034 cujus

593 4059 801 4107 auctor
844 4054 1217 4117 Romualdus,
1276 4053 1513 4105 obscura
1573 4058 1659 4105 est
1703 4052 1936 4106 omnino
1989 4053 2137 4106 Petri
2196 4054 2296 4105 Da-

593 4142 781 4196 miani
810 4141 1116 4196 sententia.
1153 4142 1362 4195 Locum
1383 4140 1521 4194 adiit
1554 4141 1640 4193 vir
1669 4146 1894 4194 sanctus
1922 4141 2026 4194 sub
2056 4140 2296 4211 pontiﬁ-

589 4235 723 4284 catu
766 4229 1089 4284 Theodaldi
1147 4229 1400 4299 episcopi
1454 4229 1694 4297 Aretini,
1752 4229 1813 4282 in
1852 4230 2014 4299 cujus
2070 4228 2295 4283 dimcesi

588 4318 699 4371 sita
741 4323 831 4372 est
884 4318 1335 4372 Camaldulensis
1388 4318 1644 4370 Eremus.
1692 4317 2048 4371 Theodaldus
2098 4317 2293 4372 sedere

586 4407 767 4478 coepit
801 4423 957 4460 anno
980 4407 1200 4469 ‘Christi
1252 4409 1406 4474 1023,
1448 4412 1511 4459 ut
1542 4422 1609 4459 ex
1640 4406 1903 4475 subjectis
1951 4406 2296 4459 instrumen-

586 4496 660 4547 tis
718 4494 1097 4548 manifestum
1138 4499 1242 4547 est.
1288 4493 1478 4547 Primo
1512 4494 1895 4547 instrumento
1926 4494 2077 4547 idem
2109 4494 2295 4547 Theo-

582 4583 799 4637 daldus
865 4583 1398 4652 Campum-Malduli
1447 4582 1548 4651 (ita
1604 4582 1757 4635 enim
1814 4582 2023 4648 scribit)
2094 4581 2295 4635 tribuit

584 4674 759 4726 Petro
817 4671 1003 4742 priori
1054 4687 1227 4725 sacrae
1288 4672 1473 4724 Eremi
1528 4687 1677 4724 anno
1734 4673 1892 4736 1027,
1953 4675 2009 4723 et
2060 4670 2293 4739 quidem

580 4769 825 4814 mortuo
882 4760 1225 4825 Romualdo,
1277 4764 1340 4812 ut
1392 4776 1496 4812 nos
1531 4759 1696 4812 docet
1724 4759 2114 4811 authenticum
2170 4759 2293 4828 ejus

577 4848 1073 4912 instrumentum,
1122 4864 1237 4917 quo
1270 4849 1497 4901 nullum
1546 4846 1837 4916 antiquius
1877 4846 2200 4899 invenimus
2232 4846 2292 4898 in

576 4937 823 4991 archivo
892 4936 1080 4989 Fontis
1136 4935 1297 5001 Boni,
1348 4935 1449 4988 ubi
1496 4936 1707 4988 charta:
1739 4939 1795 4987 et
1827 4934 2142 5003 diplomata
2190 4934 2295 4987 Ca-

575 5024 832 5079 malduli
886 5028 1267 5077 asservantur.
1321 5023 1593 5086 Quaedam
1641 5038 1706 5075 ex
1755 5023 1859 5076 hoc
1910 5021 2292 5075 instrumento

564 5113 743 5184 juvat
787 5112 1049 5166 delibare
1085 5128 1099 5165 :
1136 5132 1163 5160 «
1191 5111 1529 5177 Teodaldus,
1578 5111 1758 5165 sancti
1792 5110 1996 5164 Donati
2048 5110 2292 5163 vicarius

569 5204 681 5268 (ita
701 5202 933 5269 passim
962 5199 1181 5253 Aretini
1193 5201 1429 5268 episcopi
1450 5214 1559 5253 sese
1578 5198 1814 5267 vocant).
1840 5198 2111 5254 Omnium
2150 5198 2291 5251 ﬁde-

568 5290 723 5343 lium
767 5289 885 5342 hoc
920 5287 1147 5341 dilectio
1184 5287 1407 5341 noverit
1434 5287 1585 5357 quod
1620 5303 1742 5353 nos,
1790 5287 1863 5340 ob
1896 5302 2150 5340 amorem
2180 5286 2289 5355 pile

569 5375 1011 5432 recordationis
1052 5376 1232 5430 Patris
1271 5375 1671 5429 nostridomni
1703 5374 1967 5429 Romaldi
1988 5373 2290 5427 clarissimi

569 5466 871 5530 eremitaz,
917 5465 1211 5518 communi
1232 5464 1467 5518 consilio
1508 5464 1746 5517 fratrum
1781 5464 2118 5517 clericorum
2152 5478 2291 5515 nos-

568 5560 809 5606 trorum
851 5552 1202 5604 donamus...
1235 5553 1446 5605 domno
1492 5552 1659 5605 Petro
1690 5550 2003 5605 venerabili
2031 5551 2289 5605 eremitte

2402 3087 2673 3152 tanquam
2734 3082 2963 3136 ﬁdelem
2994 3083 3322 3137 ministrum
3371 3091 3427 3138 et
3457 3092 3865 3155 prmceptorem
3909 3087 4084 3140 dedit.

2401 3170 2504 3224 Cui
2548 3186 2653 3224 nos
2699 3186 2926 3241 quoque
2959 3187 3088 3225 cum
3122 3172 3331 3225 nostris
3378 3174 3618 3242 posteris
3649 3174 4086 3240 successoribus,

2400 3264 2464 3312 ut
2492 3275 2622 3312 cum
2649 3259 3020 3313 denominato
3070 3267 3262 3314 sancto
3316 3262 3458 3326 viro,
3524 3263 3795 3316 Romaldo
3854 3262 4086 3329 scilicet,

2400 3351 2619 3416 partem
2655 3347 2713 3400 in
2747 3354 2959 3401 aeterna
2984 3348 3094 3402 vita
3128 3349 3456 3415 habeamus,
3490 3351 3786 3416 donamus,
3812 3351 4091 3421 largimur

2400 3439 2776 3504 praetentum
2852 3437 3058 3501 locum,
3118 3442 3225 3490 etc.
3285 3439 3490 3491 Datum
3552 3455 3700 3492 anno
3779 3438 4089 3493 Dominicze

2401 3521 2809 3576 incarnationis
2870 3526 3024 3590 1027,
3082 3541 3231 3577 anno
3287 3542 3418 3579 vero
3473 3527 3831 3595 pontificatus
3890 3527 4089 3581 domui

2400 3609 2708 3664 Theodaldi
2738 3611 2989 3680 episcopi
3030 3628 3080 3671 ν,
3131 3628 3326 3666 mense
3365 3617 3644 3684 Augusto,
3679 3614 3987 3669 indictione
4030 3631 4085 3667 x.

2400 3701 2601 3753 Actum
2632 3698 2694 3751 in
2727 3699 2986 3753 claustris
3017 3701 3439 3755 canonicorum.
3475 3721 3501 3753 ι)
3536 3704 3766 3756 Petrum
3812 3703 4087 3772 priorem,

2402 3803 2573 3857 quem
2627 3790 2934 3853 Dagninum
2974 3789 3441 3858 cognominatum
3494 3791 3665 3844 fuisse
3719 3791 3902 3857 aiunt,
3958 3808 4089 3845 cum

2402 3876 2553 3930 beati
2587 3875 2751 3929 titulo
2782 3876 2842 3929 in
2884 3877 3197 3946 Menologio
3252 3879 3618 3933 Benedictino
3676 3884 4092 3934 commemorat

2406 3964 2708 4017 Bucelinus
2761 3964 2852 4018 die
2911 3968 2942 4018 2
3002 3966 3353 4032 Novembris,
3415 3984 3528 4037 quo
3596 3984 3725 4021 cum
3787 3968 4091 4022 decessisse

2405 4068 2555 4105 anno
2600 4054 2723 4105 1051
2767 4068 2835 4105 ex
2892 4053 3131 4124 vulgatis
3188 4056 3513 4108 auctoribus
3571 4056 3787 4109 scribit.
3837 4057 4091 4111 Alterum

2405 4142 2851 4195 instrumentum
2899 4148 3001 4209 est,
3035 4160 3146 4213 quo
3192 4144 3341 4197 idem
3380 4145 3735 4199 Theodaldus
3787 4166 3807 4195 ι
3843 4145 4093 4199 decimas

2408 4245 2607 4283 omnes
2636 4246 2832 4284 earum
2885 4248 3075 4285 rerum
3108 4248 3233 4301 qua:
3265 4233 3562 4286 vendendo
3609 4238 3661 4286 et
3717 4234 3957 4287 emendo
4001 4250 4105 4299 ac:

2408 4317 2737 4387 quiruntur,
2772 4319 3029 4371 omnium
3070 4320 3435 4372 Aretinorum
3466 4321 3691 4387 civium,
3744 4323 4092 4375 urbanorum

2403 4410 2460 4458 et
2515 4406 2993 4469 suburbanornm,
3032 4426 3057 4456 ››
3094 4406 3333 4475 largitur
3364 4430 3384 4455 ι
3421 4409 3790 4477 charissimis,
3819 4429 3846 4459 ι)
3880 4410 4087 4478 inquit,

2408 4514 2429 4540 ι
2464 4492 2734 4545 fratribus
2788 4495 2993 4546 nostris
3040 4495 3309 4559 eremitis,
3345 4497 3444 4564 qui
3473 4501 3603 4549 sunt
3635 4502 3692 4550 et
3748 4496 3924 4549 futuri
3959 4502 4093 4550 sunt

2403 4580 2463 4633 in
2513 4596 2703 4633 eremo
2753 4587 2943 4634 nostra
3004 4598 3132 4650 quae
3181 4582 3389 4635 dicitur
3437 4584 3966 4653 Campus-Malduli.
4020 4585 4092 4639 ad

2403 4670 2697 4722 ecclesiam
2768 4669 2956 4723 Sancti
3027 4668 3354 4733 Salvatoris,
3416 4687 3558 4739 quos
3629 4670 3795 4723 nobis
3881 4676 4091 4725 sanctas

2403 4757 2696 4811 memorias
2745 4760 2904 4825 pater
2937 4756 3251 4810 Romaldus
3312 4758 3701 4826 procurandos
3762 4759 4092 4827 gubernan-

2403 4846 2618 4915 dosque
2650 4844 3092 4899 commendavit.
3134 4846 3274 4899 Data
3320 4861 3419 4900 xui
3451 4847 3573 4900 Kal.
3631 4847 3805 4912 Junii,
3839 4863 3991 4901 anno
4022 4848 4091 4901 ab

2402 4932 2793 4986 incarnatione
2854 4932 3080 4986 Domini
3130 4934 3283 5001 1033,
3317 4950 3466 4987 anno
3537 4950 3670 4987 vero
3729 4936 4094 5005 pontiﬁcatus

2404 5021 2622 5076 domini
2671 5020 2981 5075 Theodaldi
3012 5020 3262 5091 episcopi
3299 5038 3355 5087 χ,
3402 5022 3712 5077 indictione
3747 5041 3783 5076 ι.
3832 5045 3853 5071 ι
3917 5025 4092 5077 Porro

2403 5111 2649 5180 primam
2712 5110 2876 5163 istius
2944 5108 3121 5162 eremi
3186 5111 3612 5165 concessionem
3682 5128 3715 5163 a
3767 5111 4093 5165 Theodaldo

2402 5198 2668 5268 episcopo
2719 5197 2927 5251 factam
2980 5197 3151 5250 fuisse
3205 5198 3406 5268 probat
3471 5204 3594 5252 tum
3651 5201 3835 5265 Immo,
3899 5201 3995 5267 qui
4044 5203 4095 5253 et

2401 5286 2805 5352 Herenfredus,
2838 5286 2961 5354 ejus
2983 5302 3286 5350 successor,
3323 5286 3526 5340 litteris
3557 5286 3702 5340 datis
3737 5303 3888 5341 anno
3935 5290 4091 5353 1037,

2402 5375 2462 5428 in
2539 5375 2747 5444 quibus
2827 5375 3349 5428 Camaldulensium
3424 5376 3760 5444 praeclarum
3832 5376 4088 5446 elogium

2402 5464 2687 5517 habetur:
2747 5468 2869 5515 tum
2932 5463 3201 5516 Henricus
3257 5463 3538 5517 secundus
3604 5464 3935 5534 imperator,
3988 5464 4091 5534 qui

2404 5550 2768 5605 donationem
2853 5551 3111 5604 omnium
3183 5550 3487 5617 bonorum,
3574 5568 3703 5622 quae
3771 5553 4097 5607 venerabilis
