4944 6552
1220 467 1352 518 1123

1220 584 1569 641 Theudaldus
1626 582 1881 637 eremitis
1936 581 1997 636 in
2052 581 2178 636 loco
2232 582 2713 651 Campo-Amabili
2762 583 2912 638 dicto
2949 585 2995 639 Δ
3024 583 3234 654 aliique
3256 583 3601 637 recentiores
3619 581 4232 654 nonnullisupremum
4258 584 4389 654 ejus
4426 582 4720 655 assignant

1213 670 1708 728 commaneutihus
1749 669 2081 737 tradiderat,
2126 675 2305 725 ratam
2356 670 2530 725 habet
2555 687 2708 725 anno
2742 672 2906 738 £047;

1212 767 1334 815 tum
1389 760 1638 830 denique
1691 758 1868 814 Guido
1916 760 2212 813 monachus
2253 764 2302 812 et
2341 764 2609 828 peccator,
2660 762 2909 828 quamvis

1212 849 1496 915 indignus,
1531 849 1627 902 Dei
1644 850 1832 915 gratia
1854 847 2101 901 Aretinse
2128 849 2271 901 sedis
2294 850 2591 916 episcopus.
2615 848 2697 901 uti
2738 848 2911 902 habet

1214 936 1426 991 chartas
1458 935 1794 1004 inscriptio;
1824 935 1923 1005 qui
1950 935 2134 989 Guido
2163 935 2351 988 oblata
2380 936 2682 1006 privilegia
2718 937 2912 990 Eremi

1218 1024 1645 1082 Camaldulensis
1682 1040 1780 1093 per
1814 1024 2062 1077 domuum
2117 1022 2417 1077 Johannem
2459 1026 2638 1078 vimm
2688 1040 2905 1078 veneru-

1222 1113 1399 1181 bilcm,
1448 1114 1669 1180 ejusque
1704 1113 1806 1165 loci
1855 1114 2108 1181 priorem,
2166 1112 2496 1181 conﬁrmat;
2540 1118 2589 1165 et
2637 1112 2911 1181 quidquid

1218 1201 1629 1271 praedecessores
1659 1202 1751 1253 sui
1802 1199 2159 1265 Tlieodaldns,
2192 1201 2373 1259 Immo.
2418 1206 2468 1252 et
2507 1202 2906 1264 Constantinus,

1221 1296 1386 1358 atque
1444 1290 1734 1357 Gregorius
1786 1292 2181 1342 concesserant
2245 1287 2432 1341 eidem
2496 1289 2635 1341 loco.
2705 1288 2910 1341 Datum

1224 1393 1365 1433 anno
1404 1376 1472 1430 ab
1513 1379 1616 1432 inc.
1650 1378 1865 1432 Domini
1918 1379 2071 1442 1116,
2116 1376 2214 1430 sub
2265 1378 2494 1430 Henrico
2537 1391 2678 1445 rege,
2736 1391 2913 1430 mense

1222 1466 1458 1530 Octobri,
1507 1466 1801 1519 indictione
1850 1480 1904 1517 x.
1940 1465 2189 1518 Butanus
2214 1463 2521 1533 episcopus
2551 1463 2817 1517 Aretinus
2849 1464 2908 1517 in

1222 1554 1445 1621 litteris,
1491 1554 1683 1607 domno
1740 1554 1924 1606 Λιοηί
1971 1551 2408 1605 Camaldulensis
2438 1553 2665 1605 ecclesiae
2714 1552 2909 1606 archi-

1217 1644 1504 1698 mandritas
1544 1641 1853 1710 inscriptis,
1904 1639 2182 1710 quidquid
2237 1640 2423 1692 eidem
2452 1641 2585 1706 ,loco
2636 1641 2905 1693 collatum

1217 1733 1403 1785 fuerat
1462 1746 1563 1800 per
1615 1728 2028 1794 Theodaldum,
2059 1728 2516 1793 Constantinum,
2556 1728 2906 1781 Gualterium

1223 1836 1285 1874 ac
1338 1818 1656 1873 Guidonem
1706 1816 2026 1886 episcopos,
2087 1816 2364 1886 approbat
2423 1832 2571 1869 anno
2626 1820 2779 1870 1132.
2832 1817 2907 1869 Ex

1220 1908 1427 1979 quibus
1466 1905 1812 1975 intelligitur
1859 1904 2248 1958 Theobaldum
2293 1904 2464 1957 fuisse
2499 1904 2748 1973 primum
2809 1904 2907 1973 qui

1221 1995 1406 2051 Eremi
1425 1993 1875 2049 Camaldulensis
1897 1992 2264 2046 donationem
2286 1992 2419 2045 fecit
2439 1993 2756 2045 liumualdo
2774 2008 2785 2045 :
2806 1991 2909 2062 qui

1217 2082 1459 2156 proinde
1488 2082 1675 2135 istlmc
1718 2097 1834 2135 non
1864 2085 1993 2135 ante
2033 2097 2244 2134 annum
2285 2081 2416 2133 1023
2452 2081 2729 2134 admissus
2779 2080 2902 2134 fuit.

1219 2172 1585 2227 Recentiorcs
1616 2170 1853 2224 tradunt
1874 2169 2059 2222 locum
2093 2184 2126 2221 a
2156 2168 2397 2222 Maldulo
2420 2168 2692 2221 traditum
2734 2168 2906 2223 fuisse

1220 2259 1561 2315 Romualdo.
1605 2260 1677 2312 At
1722 2273 1923 2310 vereor
1959 2261 2023 2310 ut
2066 2256 2120 2309 id
2156 2261 2372 2309 certum
2422 2257 2511 2310 sit.
2551 2258 2690 2309 Nam
2751 2257 2905 2310 locus

1216 2354 1353 2404 tunc
1376 2347 1665 2419 pendebat
1687 2346 1758 2400 ab
1790 2345 2030 2399 Ecclesia
2059 2346 2312 2410 Aretina,
2345 2360 2594 2415 eumque
2634 2349 2769 2397 tunc
2820 2362 2906 2398 oc-

1216 2438 1463 2507 cupabat
1514 2433 1897 2489 Bernardiuus
1926 2433 2172 2487 Sidonias
2247 2432 2417 2495 ﬁlius,
2499 2432 2906 2503 comprobante

1219 2525 1490 2595 Gregorio
1522 2525 1813 2593 episcopo,
1846 2522 1945 2592 qui
1976 2521 2281 2575 venerabili
2315 2521 2462 2590 patri
2492 2521 2729 2574 Martino
2776 2538 2909 2575 con-

1219 2614 1413 2669 ﬁrmat
1465 2613 1615 2667 bona
1669 2613 1830 2664 eremi
1860 2610 2339 2676 Camalduliensis,
2374 2625 2491 2677 quae
2527 2610 2906 2663 Bernardinus

1220 2704 1457 2759 Sidoniae
1503 2703 1670 2769 ﬁlius,
1717 2704 1809 2752 aut
1861 2703 2021 2767 pater
2050 2700 2165 2767 ejus
2195 2698 2261 2750 ab
2293 2698 2513 2751 ecclesia
2568 2698 2757 2752 Sancti
2801 2701 2906 2752 Do—

1216 2795 1337 2846 nati
1375 2792 1674 2844 lenuerunt.
1708 2790 1908 2842 Datum
1956 2788 2013 2839 in
2041 2802 2211 2839 eremo
2242 2785 2682 2840 Camalduliense
2707 2800 2782 2837 lll.
2817 2784 2902 2837 1d.

1217 2879 1421 2943 Octob.,
1452 2892 1594 2931 anno
1650 2876 1937 2930 Dominica
1980 2876 2084 2928 inc.
2149 2876 2304 2939 1016,
2336 2873 2528 2926 indict.
2591 2888 2682 2937 xv,
2729 2872 2906 2940 ponti-

1213 2971 1404 3037 ﬁcatus
1435 2965 1675 3035 ejusdem
1709 2964 1957 3030 Gregorii
2006 2978 2147 3017 anno
2200 2962 2463 3027 secundo;
2498 2961 2705 3032 quibus
2757 2961 2903 3014 litte-

1215 3059 1294 3111 ris
1324 3055 1575 3125 sigillum
1607 3052 1844 3106 afﬁxum
1877 3056 2015 3105 erat.

2559 465 2613 516 ὃ.
2659 461 2799 517 ROM
2810 462 3010 518 UALDI
3050 462 3358 517 ABBATIS.

4584 462 4704 514 1124

3016 688 3233 726 annum
3267 674 3419 739 1027,
3443 670 3542 742 qui
3563 672 3792 725 videtur
3820 671 4181 726 retinendus.
4215 672 4435 727 Saltem
4466 673 4722 726 Romual-

3014 760 3151 815 dum
3180 776 3300 814 non
3328 759 3636 813 excessisse
3680 761 3833 813 hunc
3868 775 4087 813 annum
4136 765 4366 815 constat
4410 777 4482 816 ex
4527 760 4718 814 litteris

3015 850 3324 904 Theodaldi
3375 849 3624 919 episcopi
3674 848 3917 917 Aretini,
3959 849 4108 903 datis
4166 854 4300 920 post
4346 850 4475 920 ejus
4504 849 4717 904 obitum

3015 954 3165 992 anno
3198 940 3354 1004 1027,
3386 942 3443 991 et
3489 937 3723 1008 quidem
3779 952 3975 991 mense
4027 939 4310 1008 Augusto,
4367 954 4437 991 ac
4484 938 4716 1007 proinde

3016 1042 3130 1079 uno
3182 1026 3402 1079 circiter
3457 1042 3649 1079 mense
3704 1030 3835 1095 post
3887 1030 4135 1079 mortem
4220 1026 4559 1093 Romualdi,
4622 1026 4713 1097 qui

3017 1113 3159 1166 obiit
3181 1128 3275 1166 xm
3328 1114 3451 1166 Kal.
3480 1111 3683 1166 Julius.
3719 1113 3783 1166 Et
3813 1128 3949 1166 vera
3989 1119 4122 1167 ante
4161 1129 4382 1167 annum
4415 1116 4578 1179 1027,
4609 1115 4710 1167 viri

3016 1201 3194 1253 sancti
3217 1201 3405 1253 obitus
3427 1200 3513 1254 vix
3543 1200 3749 1270 reponi
3779 1205 3986 1270 potest.
4022 1201 4317 1271 Siquidem
4351 1202 4420 1256 ad
4457 1218 4710 1256 eremnm

3017 1286 3510 1341 Camaldulensem
3543 1302 3661 1340 non
3690 1286 3925 1340 accessit
3953 1292 4087 1339 ante
4140 1302 4361 1341 annum
4415 1291 4579 1354 1023,
4621 1290 4714 1359 qui

3015 1376 3237 1446 primus
3266 1376 3372 1429 fuit
3401 1374 3765 1445 pontiﬁcatus
3791 1375 4127 1441 Theodaldi,
4159 1391 4193 1429 a
4222 1392 4339 1446 quo
4372 1378 4425 1430 is
4447 1383 4713 1447 exceptus

3016 1469 3117 1518 est.
3147 1468 3337 1518 Annos
3370 1464 3549 1518 aetatis
3582 1470 3812 1518 centum
3843 1469 3899 1519 et
3926 1463 4133 1534 viginti
4162 1465 4365 1520 tribuit
4394 1467 4713 1520 Romualdo

3017 1554 3216 1607 Petrus
3261 1552 3523 1606 Damiani
3572 1568 3730 1607 num.
3771 1555 3893 1621 101,
3946 1552 4102 1624 quod
4147 1552 4288 1607 item
4338 1554 4716 1608 conﬁrmatur

3018 1656 3082 1694 ex
3115 1657 3273 1694 num.
3306 1644 3393 1705 77,
3426 1645 3486 1693 ut
3534 1655 3838 1694 numerum
3880 1656 4168 1695 annorum
4218 1646 4572 1712 corruptum
4603 1658 4715 1696 esse

3017 1744 3134 1782 non
3166 1729 3237 1781 sit
3268 1729 3383 1782 veri
3432 1729 3634 1782 simile.
3685 1729 3807 1782 Non
3854 1730 4063 1799 probat
4096 1729 4382 1784 Baronius
4412 1730 4564 1784 adeo
4591 1731 4717 1784 lon-

3018 1832 3234 1885 gaevam
3281 1819 3554 1870 artatem:
3606 1823 3917 1885 propterea
3957 1817 4107 1887 quod
4159 1818 4528 1872 Romualdus
4578 1834 4717 1871 anno

3018 1906 3200 1957 {etatis
3233 1906 3520 1973 vicesimo,
3554 1910 3618 1959 ut
3646 1906 3706 1958 in
3736 1906 3849 1958 ﬁne
3874 1906 4012 1959 Vita:
4043 1906 4278 1975 legitur,
4306 1906 4611 1961 admissus
4657 1909 4717 1960 sit

3019 1994 3077 2047 in
3109 1996 3398 2048 Classense
3432 1994 3842 2047 monasterium
3860 1994 3964 2048 sub
3997 1995 4248 2049 Houesto
4276 1996 4718 2066 archiepiscopo

3018 2081 3365 2147 Ravennate,
3412 2081 3514 2151 qui
3558 2080 3705 2134 hanc
3736 2082 3932 2135 sedem
3961 2082 4090 2135 iniit
4139 2098 4296 2136 anno
4328 2086 4466 2149 971,
4534 2084 4719 2138 Hubeo

3017 2175 3391 2223 contestante.
3451 2171 3515 2223 Et
3577 2170 3810 2239 quidem
3867 2170 4069 2223 Petrus
4114 2170 4388 2224 Damiani
4463 2170 4529 2224 in
4586 2187 4721 2240 opu-

3017 2258 3155 2309 sculi
3192 2259 3252 2309 19
3296 2273 3419 2326 cap.
3452 2260 3485 2310 2
3526 2256 3775 2309 afﬁrmat
3836 2258 4149 2311 Honestum
4198 2259 4375 2311 Petro
4431 2258 4720 2328 archiepi-

3016 2345 3228 2414 scopali
3274 2344 3553 2413 dignitate
3610 2349 3813 2415 sponte
3842 2344 4067 2398 cedenti
4120 2345 4508 2411 successisse,
4559 2350 4723 2415 primo

3015 2434 3202 2487 Ottone
3242 2433 3476 2485 habenas
3524 2434 3745 2501 imperii
3785 2433 4163 2503 gubernante.
4207 2437 4326 2488 Aut
4358 2434 4562 2505 igitur
4611 2451 4726 2488 cor-

3014 2522 3253 2592 rigenda
3292 2522 3591 2575 Romualdi
3621 2526 3780 2590 astas,
3813 2526 3911 2577 aut
3938 2539 4070 2577 eum
4103 2523 4275 2577 annis
4337 2524 4727 2578 maturiorem

3016 2610 3073 2663 in
3101 2612 3389 2665 Classense
3421 2611 3834 2665 monasterium
3866 2612 4188 2677 accessisse,
4229 2616 4335 2666 aut
4354 2619 4550 2678 certe,
4587 2614 4729 2684 quod

3015 2698 3206 2753 forsan
3265 2699 3635 2768 probabilius,
3711 2704 3842 2753 ante
3896 2699 4131 2753 Honesti
4178 2700 4638 2769 pontiﬁcatum,
4689 2702 4731 2753 si

3015 2792 3199 2839 tamen
3252 2804 3367 2840 non
3418 2788 3553 2853 duo,
3597 2788 3693 2840 sed
3739 2787 3941 2839 unicus
3972 2788 4080 2841 hoc
4120 2788 4368 2841 nomine
4428 2790 4733 2843 Ravennas

3016 2876 3475 2945 archiepiscopus
3515 2876 3721 2929 saeculo
3750 2875 3973 2930 decimo
4021 2876 4431 2931 admittendus
4469 2886 4581 2932 est.
4646 2880 4736 2932 Ve-

3015 2980 3142 3017 rum
3192 2980 3320 3017 cum
3354 2964 3659 3017 Homualdi
3690 2970 3854 3033 pater
3894 2964 4083 3019 adhuc
4119 2964 4180 3018 in
4230 2965 4386 3019 vivis
4419 2966 4613 3021 fuerit
4642 2984 4731 3020 an-

3017 3069 3089 3105 no
3165 3055 3288 3118 982,
3361 3052 3667 3106 Romualdi
3731 3056 3871 3107 aetas
3932 3052 4125 3122 potius
4152 3053 4527 3124 corrigenda
4581 3056 4731 3109 nobis

1285 3154 1338 3198 ιἰι.
1370 3142 1588 3198 Saeculo
1644 3140 1816 3194 tertio
1867 3138 2086 3193 decimo
2143 3139 2415 3193 cellarum
2467 3139 2527 3192 in
2565 3138 2662 3191 illa
2715 3153 2907 3191 eremo
2946 3143 2983 3197 C
3013 3140 3254 3194 videtur.

1218 3248 1497 3287 numerus
1555 3233 1811 3283 creverat
1864 3227 1981 3280 fere
2019 3226 2091 3280 ad
2140 3227 2398 3295 triginta,
2454 3231 2696 3279 testante
2748 3226 2901 3279 Guil-

1217 3322 1390 3375 lelmo
1424 3318 1667 3373 Aretino
1699 3316 1972 3381 antistite,
2002 3314 2102 3384 qui
2133 3314 2391 3367 subditos
2422 3313 2529 3367 sibi
2559 3314 2904 3366 dioecesauos

1220 3409 1482 3463 hortatur
1520 3411 1587 3459 ut
1633 3404 1889 3457 subsidia
1940 3402 2128 3455 ferant
2175 3402 2242 3455 ad
2302 3402 2619 3471 reparanda
2669 3401 2905 3453 aediﬁcia

1220 3512 1393 3551 sacrae
1445 3494 1644 3556 eremi,
1695 3496 1752 3545 in
1811 3507 1920 3561 qua
1972 3495 2115 3556 sunt,
2187 3490 2392 3559 inquit,
2452 3491 2647 3555 viginti
2699 3494 2748 3542 et
2794 3494 2905 3542 octo

1218 3586 1380 3640 cells.
1412 3584 1549 3647 Quae
1583 3583 1781 3635 litterae
1812 3580 1956 3633 datae
1989 3583 2121 3631 sunt
2150 3595 2299 3631 anno
2353 3579 2508 3631 1246.
2566 3577 2904 3631 lmminutus

1220 3678 1344 3727 erat
1380 3673 1475 3727 hic
1506 3685 1780 3725 numerus
1810 3674 2067 3738 tempore
2102 3668 2431 3735 Hieronymi
2474 3666 2542 3719 de
2592 3667 2790 3735 Praga,
2847 3664 2904 3718 id

1219 3766 1302 3816 est
1330 3776 1480 3815 anno
1520 3760 1674 3824 1433,
1704 3774 1819 3827 quo
1854 3761 2109 3825 tempore
2135 3770 2458 3808 sermonem
2488 3755 2808 3824 composuit
2834 3754 2903 3807 de

1214 3848 1381 3904 beato
1433 3844 1752 3903 Romualdo
1797 3844 1857 3897 in
1899 3858 2014 3912 quo
2074 3842 2197 3895 hinc
2246 3841 2460 3895 habet:
2518 3863 2539 3889 ι
2575 3841 2670 3895 Est
2711 3847 2902 3893 autem

1215 3937 1336 3992 haec
1367 3952 1524 3990 sacra
1560 3949 1788 3989 eremus
1827 3930 2142 3985 Camalduli
2194 3930 2254 3984 in
2302 3930 2483 3994 Italia,
2537 3928 2594 3982 in
2647 3929 2904 3999 partibus

1217 4024 1630 4089 Romandiolas,
1682 4022 1899 4076 distans
1946 4019 2153 4073 itinere
2213 4019 2384 4071 unius
2429 4018 2542 4072 diei
2594 4034 2625 4070 a
2679 4017 2903 4071 civitate

1219 4114 1476 4181 Aretina,
1500 4112 1561 4165 in
1591 4126 1705 4181 qua
1731 4113 1866 4163 sunt
1906 4108 2063 4161 cellae
2108 4107 2310 4177 viginti
2336 4112 2583 4178 quatuor
2639 4107 2897 4161 eremitao

1215 4218 1348 4257 rum
1401 4204 1697 4271 separatas.
1758 4198 1822 4251 Et
1888 4195 2120 4267 quidam
2185 4200 2315 4249 sunt
2390 4194 2642 4249 eremitas
2697 4194 2901 4263 aperti,

3086 3232 3136 3282 6.
3172 3249 3199 3276 ‹‹
3233 3229 3363 3281 Post
3406 3226 3866 3297 quinquennium
3910 3243 3944 3281 a
3982 3228 4165 3282 sancti
4195 3228 4311 3283 viri
4359 3230 4571 3299 obitu,
4598 3254 4625 3280 ιο
4679 3238 4728 3285 ut

3017 3317 3211 3369 scribit
3252 3318 3448 3369 Petrus
3490 3316 3750 3370 Damiani
3786 3315 3848 3369 iu
3890 3315 4005 3370 ﬁne
4059 3316 4224 3385 Vitae,
4269 3337 4295 3366 ι
4354 3317 4509 3372 data
4550 3336 4727 3372 mona-

3014 3405 3133 3457 chis
3185 3404 3255 3457 ab
3313 3405 3624 3473 apostolica
3675 3398 3806 3456 sede
3846 3403 4093 3471 licentia,
4152 3420 4333 3475 supra
4397 3409 4726 3461 venerabile

3015 3509 3220 3563 corpus
3270 3493 3392 3561 ejus
3439 3493 3615 3546 altare
3672 3496 4062 3546 constructum
4108 3498 4214 3546 est.
4270 3511 4302 3544 ιι
4365 3494 4439 3549 Id
4494 3496 4724 3566 proinde

3013 3582 3226 3635 factum
3273 3582 3502 3634 sedente
3535 3580 3802 3650 pontiﬁce
3845 3581 4065 3635 Joanne
4093 3581 4197 3635 XX.
4247 3582 4503 3638 Nullam
4551 3589 4727 3637 tamen

3010 3668 3245 3723 Joannis
3277 3685 3441 3738 papas
3471 3669 3823 3723 mentionem
3853 3668 3987 3722 facit
4006 3669 4161 3723 idem
4191 3670 4409 3725 Petrus
4476 3674 4543 3727 in
4603 3689 4727 3742 opu-

3015 3756 3152 3810 sculi
3184 3760 3241 3810 51
3275 3772 3399 3826 cap.
3439 3761 3486 3823 1,
3535 3757 3635 3811 ubi
3675 3756 3979 3811 Romualdi
4031 3759 4408 3814 sanctitatem
4465 3761 4546 3815 ab
4612 3778 4729 3831 apo-

3014 3845 3213 3898 stolica
3282 3845 3413 3899 sede
3480 3845 3854 3916 approbatam
3921 3845 4099 3900 fuisse
4161 3848 4485 3904 contendit
4546 3858 4731 3904 contra

3013 3934 3334 3986 Tenzonem
3376 3934 3740 4002 monachum,
3788 3932 3889 4005 qui
3919 3949 4038 3987 non
4066 3934 4206 3988 satis
4232 3935 4521 3991 modeste
4556 3938 4630 3992 de
4680 3954 4731 3991 es

3015 4020 3372 4090 loquebatur.
3424 4020 3577 4074 Petri
3632 4020 3803 4075 verba
3850 4037 3919 4075 ex
3949 4022 4057 4076 hoc
4086 4022 4213 4075 loco
4257 4022 4381 4076 huc
4430 4023 4732 4079 referenda

3014 4114 3182 4163 sunt:
3219 4130 3246 4157 «
3278 4109 3537 4179 Cumque
3590 4124 3764 4179 super
3808 4109 4061 4180 quodam
4091 4110 4559 4180 disceptationis
4608 4114 4730 4167 arti-

3014 4197 3138 4251 culo
3192 4202 3417 4251 sanctus
3465 4197 3819 4251 Romualdus
3847 4197 3907 4251 in
3948 4197 4350 4253 testimonium
4395 4199 4731 4259 duceretur,

1220 4290 1319 4345 alii
1348 4306 1480 4343 vero
1530 4290 1662 4341 sunt
1717 4285 1940 4339 reclusi.
1993 4284 2203 4338 Omnes
2250 4289 2443 4338 tamen
2502 4282 2757 4338 eremitas
2803 4299 2905 4354 per

1216 4384 1403 4433 totum
1461 4392 1678 4431 annum
1720 4373 1987 4445 jejunant
2039 4372 2221 4425 tribus
2271 4371 2474 4426 diebus
2529 4371 2591 4425 in
2637 4387 2785 4441 pane
2848 4375 2906 4425 et

1218 4483 1366 4538 aqua
1387 4464 1640 4537 qualibet
1669 4462 2005 4533 septimana,
2044 4459 2215 4513 nudis
2250 4459 2492 4529 pedibus
2530 4460 2791 4513 sedentes
2844 4458 2905 4513 in

1215 4561 1367 4611 terra
1431 4553 1681 4622 exceptis
1741 4551 1963 4605 duabus
2037 4548 2517 4618 Quadragesimis,
2576 4548 2636 4601 in
2698 4548 2905 4618 quibus

1216 4643 1512 4700 Dominica
1539 4646 1763 4696 tantum
1788 4644 1843 4692 et
1872 4638 2014 4692 feria
2043 4637 2248 4707 quinta
2287 4636 2541 4690 eremitis
2580 4636 2751 4689 datur
2778 4640 2903 4689 tan-

3012 4290 3223 4355 prmsto
3248 4285 3554 4357 qumsitum
3584 4291 3669 4340 est
3699 4290 3892 4340 utrum
3910 4285 4033 4356 ipse
4052 4286 4425 4342 Romualdus
4454 4296 4571 4343 aut
4612 4294 4731 4341 tunc

2943 4415 2986 4469 Β
3015 4374 3293 4427 exstiterit
3321 4377 3566 4440 sanctus,
3600 4374 3689 4428 vel
3736 4389 3889 4429 nunc
3920 4374 3993 4428 sit
4014 4374 4075 4429 in
4121 4375 4407 4445 paradiso
4440 4383 4732 4448 receptus.

3013 4462 3101 4526 Et,
3128 4461 3259 4514 licet
3285 4465 3482 4515 contra
3514 4460 3688 4515 ﬁdem
3719 4461 3894 4515 totius
3928 4462 4191 4516 Ecclesiae
4214 4468 4581 4519 nostrarum
4604 4481 4732 4535 pro-

3015 4549 3326 4603 vinciarum
3356 4550 3477 4603 haec
3506 4549 3576 4604 de
3607 4554 3800 4604 sancto
3831 4550 3952 4604 viro
3983 4550 4227 4621 quaestio
4259 4560 4647 4619 moveretur,
4675 4552 4734 4605 ad

3014 4638 3377 4691 astruendam
3407 4641 3601 4692 tamen
3648 4638 3826 4709 partis
3855 4643 4065 4694 nostra:
4094 4641 4456 4694 sententiam
4516 4642 4659 4695 illos
4685 4644 4733 4694 in

3014 4725 3405 4780 testimonium
3427 4730 3652 4779 sanctos
3681 4726 4009 4795 ascivimus,
4037 4742 4292 4796 quorum
4343 4729 4736 4784 celeberrima

3015 4820 3071 4868 et
3094 4820 3255 4867 vetus
3296 4814 3494 4883 opinio
3524 4815 3699 4868 etiam
3744 4814 3897 4884 apud
3924 4815 4213 4885 quoslibet
4243 4821 4301 4870 et
4333 4816 4596 4887 ignaros
4647 4834 4735 4871 nu-

3014 4906 3134 4956 tare
3160 4918 3276 4955 non
3314 4902 3509 4972 possit,
3545 4903 3789 4956 Leonem
3842 4903 4107 4957 videlicet
4130 4909 4308 4975 atque
4352 4907 4735 4976 Gregorium.

3016 4990 3359 5044 clarissimos
3390 4991 3527 5044 olim
3584 4991 3859 5045 Romanae
3891 4991 4040 5045 sedis
4086 4994 4384 5047 antitistes
4418 5011 4435 5049 :
4484 5012 4735 5066 quorum

3014 5079 3245 5149 quidem
3290 5080 3435 5133 alter
3479 5080 3809 5134 authentica
3838 5095 4127 5135 canonum
4180 5081 4423 5136 decreta
4481 5086 4737 5155 promul-

3014 5171 3130 5236 gat,
3160 5168 3303 5220 alter
3324 5167 3628 5220 Ecclesiam
3659 5167 3977 5237 perspicuis
4025 5183 4091 5221 ac
4113 5169 4435 5237 profundis
4493 5174 4735 5225 caelestis

3015 5255 3357 5324 eloquentia:
3396 5255 3649 5309 fontibus
3671 5255 3891 5326 irrigat.
3916 5275 3945 5306 ι»
3997 5257 4209 5309 Verum
4240 5258 4337 5311 his
4394 5262 4735 5315 nominibus

3015 5358 3135 5397 non
3185 5344 3430 5398 Leonem
3462 5344 3527 5397 IX
3559 5360 3624 5397 ac
3651 5344 3991 5414 Gregorium
4021 5345 4111 5412 VI,
4159 5347 4264 5400 sed
4318 5348 4595 5405 Leonem
4623 5350 4735 5419 pri-

3014 5447 3175 5485 mum
3206 5448 3269 5485 ac
3296 5431 3635 5502 Gregorium
3667 5432 3865 5485 itidem
3898 5431 4156 5503 primum
4189 5434 4517 5507 designari
4547 5440 4732 5493 existi-

3014 5533 3128 5585 mo,
3149 5534 3399 5589 quorum
3439 5519 3783 5573 testimoniis
3823 5521 4022 5574 Petrus
4052 5526 4493 5582 auctoritatem
4548 5529 4736 5582 Roma-

3011 5622 3103 5660 nae
3133 5606 3281 5661 sedis
3310 5607 3371 5661 in
3429 5608 3732 5662 asserenda
3760 5613 4092 5664 sanctorum
4114 5616 4589 5672 canonizatione
4618 5630 4734 5671 usus

3013 5695 3087 5748 sit
3105 5700 3303 5749 contra
3332 5695 3673 5751 Teuzonem.

1214 4739 1335 4789 tum
1362 4748 1540 4787 unum
1579 4731 1963 4801 pulmentum.
2016 4725 2239 4780 Reclusi
2272 4730 2463 4779 autem
2508 4725 2762 4795 quotidie
2810 4724 2902 4778 di-

860 4857 867 4885 .
1213 4827 1351 4877 cunt
1378 4826 1562 4876 totum
1595 4817 1953 4889 psalterium,
1988 4814 2173 4885 aperti
2230 4830 2358 4868 vero
2402 4814 2603 4867 dicunt
2648 4813 2905 4867 medium

1213 4926 1459 4981 semper,
1507 4927 1535 4959 ιο
1588 4913 1694 4961 etc.
1757 4907 1917 4959 Hunc
1969 4903 2159 4957 locum
2219 4902 2471 4957 adiimus
2527 4918 2677 4955 anno
2749 4904 2902 4968 1686,

1215 4996 1576 5053 hebdomada
1602 5011 1777 5055 sacra,
1813 4994 2008 5063 ibique
2041 4990 2306 5046 eremitas
2331 5006 2461 5045 cum
2506 5006 2715 5058 magna
2760 4988 2902 5041 tedi-

1210 5087 1483 5140 ﬁcatione
1520 5083 1918 5154 spectavimus.
1957 5081 2036 5134 De
2066 5080 2192 5133 aliis
2223 5096 2352 5151 qum
2402 5079 2473 5133 ad
2510 5079 2769 5132 ordinem
2802 5078 2905 5131 Ca-

1217 5173 1633 5230 maldulensem
1679 5170 1987 5241 pertinent,
2048 5169 2279 5223 consule
2334 5166 2640 5224 Historiam
2692 5169 2905 5235 Augus-

1214 5263 1324 5318 tini
1367 5259 1701 5317 Florentini.
1751 5258 2095 5312 Primarium
2127 5258 2295 5329 hujus
2328 5256 2577 5311 instituti
2622 5255 2904 5308 fervorem

1213 5351 1412 5407 laudat
1441 5350 1741 5403 Anselmus
1771 5345 2238 5414 Havelbergensis
2256 5346 2317 5400 in
2338 5345 2439 5401 lib.
2462 5361 2484 5398 1
2509 5343 2901 5413 Dialogorum,

1213 5446 1372 5495 tomo
1399 5438 1511 5504 XII,
1543 5435 1856 5507 Spicilegii,
1890 5450 2020 5507 pag.
2055 5437 2175 5489 112.

1286 5531 1339 5581 5.
1385 5527 1508 5590 Quo
1554 5541 1705 5579 anno
1750 5522 2103 5578 Romualdus
2132 5521 2193 5574 in
2223 5524 2373 5574 terra
2405 5519 2593 5572 vivere
2644 5517 2898 5585 desierit,

1215 5631 1331 5671 non
1362 5613 1629 5686 exprimit
1649 5611 1849 5666 Petrus
1876 5608 2156 5675 Damiani,
2190 5623 2295 5661 nec
2322 5604 2507 5676 quivis
2535 5605 2682 5659 alius
2707 5606 2905 5676 (quem

1217 5703 1450 5773 quidem
1507 5698 1773 5767 sciamus)
1820 5699 1943 5765 ejus
2000 5695 2279 5766 temporis
2310 5693 2568 5763 scriptor.
2632 5693 2905 5749 Batonius
