4944 6478
622 304 746 355 1125

1868 303 2227 358 EXPOSITIO
2270 305 2334 359 IN
2379 304 2561 359 PSAL.
2616 304 2839 360 LXVIII.

3970 310 4102 362 H26

680 438 728 486 7.
758 432 1064 487 Romualdi
1115 433 1323 486 festum
1374 432 1694 486 celebratur
1748 432 2041 486 Februarii
2088 434 2179 487 die
2238 438 2292 499 7,
2333 436 2379 486 Α
2408 439 2496 487 cet
2525 435 2771 489 residere
2804 434 3008 488 habeat
3033 451 3095 487 ac
3148 434 3384 499 servari,
3418 434 3761 488 Fabrianine
3793 435 3850 487 in
3903 451 4101 490 mona-

616 521 708 592 qui
736 521 854 573 dies
886 527 971 573 est.
1002 522 1123 589 ejus
1174 520 1563 574 translationis
1604 536 1673 575 ex
1730 520 1923 574 Aisino
1982 522 2192 591 oppido
2241 521 2301 574 in

615 609 810 662 urbem
843 608 1208 676 Fabrianum,
1241 625 1370 678 quin
1429 609 1534 661 sita
1597 614 1680 661 est
1719 609 1780 662 in
1813 609 2045 661 marcha
2075 609 2298 663 Anche-

615 699 827 751 nitana.
862 699 990 751 Haec
1029 694 1327 751 translatio
1375 697 1615 766 contigit
1673 713 1821 750 anno
1854 698 1982 751 1481
2044 702 2302 767 tempore

613 786 762 840 Petri
788 785 1059 856 Delphini
1116 786 1417 855 generalis,
1471 786 1570 856 qui
1616 785 1684 839 de
1714 802 1779 839 ea
1817 786 1937 856 agit
1966 786 2024 838 in
2057 786 2302 856 quadam

613 873 828 928 inedita
861 874 1103 944 epistola
1141 874 1212 928 ad
1245 875 1610 927 Benedictum
1658 876 1922 928 abbatem
1978 876 2169 929 Sancti
2212 876 2305 928 Mi-

611 963 821 1016 chaelis
877 963 1028 1032 apud
1081 964 1380 1016 Muranum
1414 979 1426 1016 :
1466 983 1489 1011 ι
1541 963 1621 1017 De
1679 979 1914 1032 corpore
1964 963 2301 1016 sanctissimi

614 1051 940 1117 Romualdi,
971 1051 1126 1121 quod
1158 1051 1321 1104 initio
1353 1051 1716 1120 generalatus
1766 1052 1879 1105 mei
1906 1068 1936 1104 a
1969 1052 2146 1106 tribus
2179 1068 2298 1105 mo-

614 1141 813 1194 nachis
852 1141 1064 1194 nostris
1110 1156 1177 1193 ex
1227 1139 1625 1210 antiquissimo
1675 1141 1845 1192 Vallis
1904 1140 2084 1193 Castri
2115 1155 2301 1193 sarco-

613 1231 807 1299 phago
835 1229 984 1283 furto
1035 1229 1344 1293 sublatum,
1399 1234 1569 1298 atque
1620 1230 1688 1281 ad
1738 1230 1971 1282 Esinum
2023 1229 2300 1298 oppidum

608 1318 949 1371 translatum
1008 1317 1214 1383 fuerat,
1270 1318 1754 1387 postmodumque
1802 1317 1961 1386 jussu
2013 1318 2300 1387 pontiﬁcis

608 1405 1090 1459 Fabrianensibus
1118 1406 1470 1469 restitutum,
1506 1421 1568 1458 ex
1600 1410 1918 1459 memorato
1952 1406 2069 1458 cive
2120 1407 2300 1459 multa

605 1500 661 1547 te
691 1494 960 1548 didicisse
993 1509 1110 1547 non
1141 1494 1340 1547 dubito
1373 1510 1385 1547 :
1438 1494 1609 1564 idque
1658 1494 1717 1545 in
1757 1493 1978 1563 primis,
2013 1493 2113 1546 ubi
2144 1493 2297 1547 scili-

2410 521 2582 574 sterio
2612 521 2802 576 Sancti
2833 522 3020 587 Blasii,
3071 522 3168 576 ubi
3228 538 3379 575 nunc
3426 528 3530 582 est.
3583 539 3655 575 an
3686 522 3743 575 in
3776 523 3945 577 Vallis
3999 525 4100 579 Ca-

2412 611 2515 663 stri
2544 611 2825 672 coenobio,
2878 612 2977 665 ubi
3007 611 3167 680 prius
3200 612 3475 680 jacuerat.
3531 613 3641 680 ligo
3671 611 3903 681 quidem
3936 614 4104 666 certis

2412 699 2728 752 rationibus
2760 699 3027 769 expedire
3086 699 3330 768 iudicavi
3359 704 3422 753 ut
3453 700 3715 753 Fabriani
3758 708 4098 755 remaneret.

2415 788 2555 839 Nam
2587 792 2644 840 et
2669 786 2844 841 tutius
2872 788 2930 841 in
2977 788 3116 840 urbe
3149 787 3359 840 servari
3391 804 3556 856 posse
3607 793 3827 841 certum
3875 792 3977 852 est,
4031 806 4102 843 ne

2412 876 2617 929 iterum
2669 875 3075 945 subriperetur,
3128 879 3185 928 et
3240 875 3646 929 Fabrianenses
3702 878 3884 929 multa
3932 893 3990 930 se
4042 878 4099 930 in

2411 964 2625 1017 honore
2685 980 2971 1017 sacrarum
3028 964 3423 1033 reliquiarum,
3459 964 3505 1016 si
3547 964 3756 1017 ibidem
3807 965 4100 1035 relinque-

2411 1057 2631 1119 rentur,
2678 1052 2923 1105 facturos
2987 1052 3428 1122 spoponderant.
3495 1052 3701 1121 itaque
3761 1051 3992 1121 cognito
4036 1068 4100 1105 ex

2411 1140 2757 1193 revelatione
2811 1140 3300 1205 Fabrianensium,
3361 1139 3657 1209 negotium
3718 1140 3869 1193 istud
3916 1140 4100 1194 cardi-

2410 1229 2526 1281 nali
2582 1229 2771 1281 Sancti
2824 1228 3066 1298 Georgii,
3128 1229 3314 1298 legato
3363 1229 3485 1298 agri
3528 1228 3739 1293 Piceni,
3792 1245 3824 1281 a
3873 1244 4100 1282 summo

2410 1316 2678 1386 pontiﬁce
2726 1316 2897 1371 fuisse
2950 1317 3292 1387 iniunctum,
3358 1316 3741 1370 necessarium
3793 1317 3932 1370 duxi
3986 1317 4098 1370 Ma-

2410 1409 2611 1457 cerata:
2674 1404 2835 1457 illum
2921 1405 3242 1471 convenire,
3312 1409 3416 1458 etc.
3496 1406 3568 1457 Ex
3598 1408 3832 1458 Ancona
3885 1404 3976 1459 die
4038 1407 4100 1458 16

2409 1493 2538 1547 Maii
2572 1494 2726 1547 1481.
2762 1514 2782 1542 ι
2815 1494 2941 1547 Hac
2974 1493 3032 1546 in
3063 1497 3419 1547 antecessum
3451 1494 3603 1547 satis.

1063 1750 1425 1851 VITA
1492 1749 2031 1852 SANCTI
2113 1748 2929 1852 ROMUALDI
2997 1749 3648 1851 ABBATIS

1824 1916 2151 1969 AUCTORE
2190 1915 2244 1969 S.
2290 1915 2517 1969 PETRO
2557 1915 2894 1970 DAMIANI.

1098 2038 1256 2108 (Vide
1291 2038 1438 2092 inter
1469 2038 1655 2108 Opera
1684 2038 1738 2091 S.
1776 2038 1926 2091 Petri
1961 2037 2240 2119 Damiani,
2274 2036 2443 2103 infra,
2482 2010 2821 2106 Patrologiaa
2853 2042 2992 2091 tom.
3027 2036 3242 2103 CXLIV,
3280 2036 3383 2090 sub
3410 2036 3626 2103 ﬁnem.)

1988 2290 2733 2363 FRAGMENTUM

1016 2442 2301 2569 EXPOSITIONIS
2382 2443 3044 2566 PSALMI
3136 2443 3705 2565 LXVIII

1744 2642 1902 2706 QUzE
1942 2641 2322 2695 TBIBUITUR
2363 2641 2526 2695 Βινο
2565 2640 2966 2696 ROMUALDO.

895 2774 1130 2844 (Annal.
1159 2774 1480 2843 Camaldul,
1512 2773 1554 2839 Ι,
1588 2774 1713 2839 237,
1747 2789 1809 2826 ex
1842 2770 2394 2840 membranagsasculi
2428 2788 2481 2824 x1
2514 2771 2843 2825 monasterii
2877 2770 3063 2826 Sancti
3088 2771 3373 2826 Michaelis
3405 2771 3475 2826 de
3508 2773 3811 2841 Muriano.)

583 2993 933 3045 Extraneus
988 2991 1168 3055 factus
1223 3004 1339 3043 sum
1390 2989 1661 3054 fratribus
1692 2991 1844 3058 meis,
1885 2993 1935 3042 et
1986 2992 2305 3057 peregrinus
2345 2992 2386 3046 B
2418 2989 2585 3043 nibus
2631 2990 2837 3043 sanctis
2905 2989 3349 3044 vicissitudinem
3399 2992 3705 3045 redderent
3752 2993 4105 3064 jurgiorum,

1182 3081 1314 3148 ﬁliis
1356 3080 1551 3132 matris
1578 3094 1721 3131 meae.

666 3173 795 3224 Vox
830 3168 1062 3223 Christi.
1094 3168 1322 3223 Judazos
1372 3167 1463 3220 hic
1493 3167 1743 3236 appellat
1787 3166 1984 3221 fratres
2014 3167 2113 3237 qui
2146 3171 2308 3221 erant

575 3260 636 3314 ei
672 3257 997 3328 sanguinis
1027 3256 1315 3309 vicinitate
1367 3254 1685 3324 conjuncti;
1746 3254 1953 3324 quibus
2007 3260 2307 3310 extraneas

574 3349 785 3401 factus
827 3351 933 3411 est,
975 3344 1205 3415 quando
1241 3344 1293 3397 ei
1342 3343 1571 3397 credere
1606 3343 1945 3408 noluerunt;
2006 3361 2136 3397 nam
2176 3360 2305 3398 cum

567 3438 709 3507 ipse
778 3438 940 3489 esset
967 3434 1036 3487 de
1090 3432 1306 3486 semine
1347 3431 1654 3493 Abraham,
1705 3433 2019 3485 secundum
2054 3449 2304 3499 carnem,

563 3526 687 3590 illi,
716 3523 907 3578 malis
954 3521 1225 3593 operibus
1280 3520 1509 3585 addicti,
1560 3538 1592 3572 a
1645 3520 1983 3589 patriarcha:
2035 3525 2168 3575 sunt
2200 3521 2309 3574 ori-

564 3613 721 3683 gine
759 3610 1078 3682 segregati,
1108 3609 1253 3663 sicut
1282 3608 1359 3662 ait
1385 3608 1443 3661 in
1466 3608 1772 3678 Evangelio
1803 3624 1815 3662 :
1848 3610 1908 3664 Si
1935 3609 2044 3679 filii
2068 3610 2307 3664 Abrahae

562 3703 813 3766 essetis,
865 3714 1030 3767 opera
1075 3698 1314 3752 Abrahz
1338 3699 1566 3763 fecistis.
1599 3696 1818 3766 Adjecit
1851 3713 1863 3750 :
1923 3718 1951 3745 ‹‹
2007 3699 2072 3751 Et
2099 3697 2307 3768 hospes

560 3789 721 3843 filiis
752 3786 969 3842 matris
1023 3802 1184 3840 meae.
1224 3806 1251 3835 »
1306 3785 1598 3855 Hospitem
1654 3785 1908 3838 dicamus
1968 3786 2303 3855 quemlibet,

562 3879 846 3932 domum
913 3879 1166 3928 nostram
1234 3875 1469 3942 adeptus
1527 3871 1617 3944 [ad
1650 3876 1891 3943 tempus]
1930 3874 2305 3941 habitantem,

563 3967 682 4039 qui
720 3981 861 4019 non
884 3963 1120 4016 nomine
1170 3962 1701 4031 consanguinitatis,
1736 3962 1832 4015 sed
1886 3966 2159 4032 tanquam
2208 3979 2307 4032 pe-

558 4055 901 4126 regrinus,
935 4052 1231 4121 excipitur.
1297 4052 1528 4104 Matrem
1559 4066 1692 4103 vero
1754 4066 1914 4103 suam
1947 4050 2307 4122 Synagogam

557 4145 729 4197 dicit
766 4143 849 4195 de
882 4156 995 4211 qua
1026 4145 1183 4193 ortus
1211 4145 1313 4205 est,
1344 4139 1483 4192 dum
1511 4139 1706 4193 Iudaea
1737 4144 1904 4209 gente
1926 4139 2081 4193 nasci
2114 4140 2308 4210 digna-

552 4239 665 4287 tus
706 4236 839 4287 est.

554 4322 887 4387 Quoniam
939 4318 1081 4371 zelus
1133 4316 1319 4370 domus
1350 4320 1454 4369 tua:
1491 4315 1713 4369 comedit
1753 4332 1853 4378 me,
1911 4320 1961 4370 et
2016 4316 2310 4385 opprobria

821 4406 1279 4474 exprobrantium
1325 4404 1426 4458 tibi
1464 4404 1766 4458 ceciderunt
1795 4420 1957 4473 super
1983 4421 2083 4459 me.

637 4501 783 4551 Vox
827 4494 1057 4549 Christi.
1090 4494 1234 4557 Quia
1286 4494 1546 4547 fecerunt
1603 4510 1728 4547 eam
1771 4494 2103 4563 speluncam
2131 4493 2305 4546 latro-

546 4604 753 4645 num.
828 4582 1312 4653 Exprobrentium
1337 4583 1493 4636 enim
1522 4582 1794 4651 injuriam
1817 4598 1989 4652 super
2018 4597 2149 4635 eum
2171 4597 2308 4651 pro-

538 4677 896 4749 jecerunt,
931 4687 1061 4725 cum
1105 4687 1233 4725 eum
1284 4676 1338 4725 et
1383 4670 1804 4725 Samaritanum
1845 4676 1901 4723 et
1957 4670 2308 4723 daemonium

539 4768 927 4824 habentem
980 4764 1267 4825 vocarent,
1317 4765 1373 4813 et
1408 4760 1590 4813 illud:
1653 4761 1713 4814 Si
1755 4759 1934 4812 Filius
1980 4761 2075 4811 Dei
2116 4774 2188 4823 es,
2212 4757 2308 4810 de-

538 4852 791 4909 scende
821 4848 895 4901 de
926 4863 1096 4913 cruce,
1149 4851 1254 4899 etc.
1306 4846 1651 4899 Comedebat
1706 4862 1837 4898 eum
1892 4844 2047 4897 zelus
2106 4845 2310 4897 domus

538 4942 698 5008 Dei,
746 4936 1025 5008 quando,
1072 4934 1327 4987 funiculo
1384 4935 1550 5000 facto,
1613 4933 1908 4987 cathedras
1937 4932 2309 4985 vendentium

537 5028 909 5087 columbas
940 5028 997 5077 et
1026 5023 1544 5077 nummulariorum
1598 5038 1821 5076 mensas
1853 5020 2075 5087 evertit,
2103 5020 2313 5074 docens

537 5119 739 5179 aliud
775 5130 917 5170 esse
938 5114 1220 5181 templum
1250 5117 1531 5179 sanctum,
1564 5110 1719 5164 aliud
1754 5104 2164 5179 negociationis
2194 5109 2315 5163 ofﬁ-

537 5214 765 5267 cium.
817 5201 939 5256 Sed
995 5201 1143 5254 istud
1195 5201 1383 5254 zelum
1434 5200 1528 5270 qui
1577 5199 1749 5253 fuerit
1791 5202 2161 5253 consecutum
2210 5214 2310 5267 po-

537 5307 785 5357 tenter
826 5290 1217 5359 adjungitur:
1280 5292 1347 5343 Et
1394 5288 1688 5357 Opprobria
1731 5288 2176 5356 exprobrantium
2211 5286 2314 5339 tibi

538 5384 923 5445 :eciderunt
949 5393 1113 5447 super
1133 5393 1233 5431 me.
1285 5378 1425 5430 Nam
1459 5381 1781 5447 postquam,
1814 5375 2062 5445 indigni,
2094 5376 2308 5429 saluta-

537 5481 740 5535 ribus
787 5467 1042 5524 monitis
1068 5466 1533 5536 increpabantur,
1584 5464 1892 5534 opprobria
1943 5480 2115 5534 supra
2156 5479 2307 5530 eum,

538 5565 747 5643 Iuasi
837 5556 1102 5610 conferta
1164 5556 1297 5621 tela,
1359 5555 1656 5613 miserunt,
1706 5558 1769 5606 ut
1822 5570 1925 5623 pro
1971 5552 2313 5607 admonitio-

2347 4273 2388 4328 C

2418 3083 2483 3134 Et
2531 3081 2720 3147 operui
2745 3080 2805 3132 in
2830 3079 3040 3147 jejunio
3088 3081 3326 3132 animam
3355 3096 3551 3145 meam,
3582 3086 3631 3133 et
3684 3082 3886 3151 factum
3939 3087 4016 3136 est
4044 3086 4104 3137 in

3016 3169 3310 3238 opprobria
3337 3170 3492 3222 mihi.

2486 3255 2872 3325 Opprobrium
2952 3255 3005 3309 ei
3060 3255 3270 3309 inferre
3312 3256 3642 3321 conabatur,
3702 3273 3832 3311 cum
3881 3262 4106 3311 tentans

2416 3358 2547 3395 eum
2580 3336 2786 3397 Satana
2817 3343 3038 3397 dicebat
3071 3360 3083 3396 :
3136 3346 3229 3397 Dic
3256 3349 3317 3396 ut
3338 3344 3545 3413 lapides
3602 3346 3699 3398 isti
3724 3360 3894 3413 panes
3945 3347 4101 3413 ﬁant.

2412 3431 2701 3498 Jejunium
2734 3431 2976 3484 dicimus
3025 3432 3248 3501 quoties
3300 3448 3329 3483 a
3373 3432 3512 3485 cibis
3563 3433 3885 3486 carnalibus
3932 3433 4105 3487 absti-

2414 3536 2638 3585 nemus,
2670 3536 2773 3574 nec
2806 3521 3048 3573 esuriem
3082 3526 3335 3574 nostram
3388 3521 3578 3591 aliqua
3626 3522 3969 3576 comestione
4017 3538 4108 3574 sa-

2419 3607 2648 3661 tiamus.
2676 3607 2762 3661 Ad
2791 3623 2964 3677 quam
2988 3607 3424 3661 similitudinem
3449 3609 3741 3678 jejunasse
3758 3608 3894 3663 dicit
3916 3609 4106 3663 Domi-

2415 3712 2522 3749 nus
2555 3695 2830 3763 Christus,
2864 3697 2999 3766 quia
3041 3695 3335 3749 hominum
3363 3696 3549 3760 ﬁdem,
3580 3713 3753 3767 quam
3783 3698 3945 3752 valde
3975 3713 4105 3751 esu-

2416 3784 2616 3853 riebat,
2646 3786 2884 3839 minime
2914 3790 3139 3856 poterat
3188 3785 3471 3839 invenire.
3524 3787 3743 3855 Operui,
3774 3786 3935 3850 dixit,
3980 3789 4104 3840 ani-

2415 3891 2578 3941 mam,
2613 3875 2777 3946 quasi
2808 3875 3002 3945 aliquo
3026 3874 3197 3944 pallio
3219 3875 3464 3928 tristitiae
3481 3875 3877 3929 circumdedit.
3903 3875 4103 3945 Sequi-

2418 3968 2512 4017 tur
2545 3979 2558 4016 :
2594 3964 2666 4017 Et
2698 3966 2907 4029 factum
2934 3968 3011 4017 est
3039 3965 3177 4017 mihi
3208 3966 3265 4016 in
3292 3964 3657 4033 opprobrium.
3693 3964 3930 4033 Semper
3969 3962 4109 4017 boni

2418 4051 2587 4104 malis
2618 4051 2929 4121 opprobrio
2960 4057 3111 4118 sunt,
3147 4053 3279 4123 quia
3312 4052 3548 4105 minime
3574 4068 3769 4105 eorum
3804 4050 4109 4105 sceleribus

2418 4140 2806 4210 acquiescunt,
2836 4140 2973 4194 dum
3008 4140 3120 4193 illis
3154 4140 3341 4193 studio
3399 4140 3484 4194 sui
3518 4140 3844 4206 detrahunt,
3903 4138 4109 4209 quibus

2420 4230 2577 4282 nulla
2622 4229 2888 4282 societate
2932 4230 3278 4299 junguntur.
3327 4230 3632 4282 Testantur
3675 4230 3825 4282 enim
3873 4227 3980 4281 ista
4012 4244 4110 4298 op-

2418 4316 2653 4387 propria
2707 4318 2920 4387 alapas,
3006 4317 3251 4386 ﬂagella,
3316 4322 3592 4386 consputa
3648 4333 3775 4387 quae
3836 4316 4110 4370 Dominus

2421 4405 2676 4459 Salvator
2705 4406 2774 4458 ab
2802 4405 2999 4458 insana
3029 4405 3191 4474 plebe
3218 4420 3519 4473 perpessus
3552 4409 3652 4457 est.

2418 4494 2497 4546 Et
2538 4495 2699 4563 posui
2746 4497 3116 4547 vestimentum
3170 4508 3343 4546 meum
3385 4495 3639 4557 cilicium,
3676 4498 3725 4547 et
3764 4494 3947 4559 factus
3990 4508 4109 4548 sum

2982 4582 3093 4633 illis
3124 4583 3181 4632 in
3196 4580 3536 4648 parabolam.

2492 4669 2604 4721 Vox
2645 4667 2868 4722 Christi.
2902 4668 2964 4720 In
3021 4684 3180 4720 sacco
3234 4668 3417 4720 luctus
3461 4668 3779 4721 ostenditur
3806 4668 3892 4721 vel
3923 4668 4107 4736 ﬂetus,

2420 4773 2532 4827 quo
2564 4756 2623 4809 in
2666 4760 2845 4810 morte
2894 4755 3088 4808 Lazari
3132 4772 3265 4808 usus
3320 4760 3439 4820 est;
3490 4755 3546 4807 in
3603 4756 3876 4825 parabola
3930 4756 4108 4810 factus

2420 4850 2503 4898 est
2526 4844 2761 4910 Iudaeis,
2813 4860 2939 4897 cum
2993 4860 3058 4897 eo
3092 4844 3261 4898 ﬂente
3303 4843 3604 4897 dicerent:
3659 4846 3801 4898 Ecce
3849 4844 4107 4914 quomodo

2418 4933 2641 4988 amabat
2669 4948 2819 4999 eum;
2871 4934 2970 4986 alii
3018 4948 3143 4985 rero
3177 4949 3189 4985 :
3250 4934 3369 4988 Non
3395 4937 3612 5001 poterat
3639 4931 3725 4985 hic
3769 4934 3865 4999 qui
3894 4932 4108 4999 aperuit

2418 5022 2593 5074 oculos
2647 5023 2771 5074 caeci
2828 5022 2949 5073 nati
3005 5024 3185 5086 facere
3232 5025 3291 5074 ut
3352 5022 3436 5073 hic
3483 5036 3589 5074 non
3633 5025 3945 5073 moreretur.
4004 5020 4110 5071 Per

2419 5111 2656 5163 cilicium
2704 5107 2932 5161 tristitia
2982 5109 3355 5178 signiﬁcatur,
3390 5114 3447 5162 et
3500 5110 3766 5178 lacryma:
3824 5123 3964 5177 quas
3997 5107 4108 5159 Do-

2419 5198 2628 5258 minus,
2660 5197 2899 5251 humani
2955 5198 3180 5267 generis
3236 5198 3605 5252 inbecillitate
3658 5201 3972 5266 permotus,
4013 5212 4105 5249 su-

2420 5285 2723 5339 scitaturus
2776 5287 3048 5340 Lazarum
3080 5286 3266 5352 flevit;
3326 5301 3611 5355 nusquam
3673 5285 3829 5338 enim
3899 5284 4110 5353 legitur

2420 5375 2728 5427 Dominum
2788 5391 2953 5427 usum
3029 5375 3201 5429 fuisse
3235 5375 3439 5428 cilicio.
3495 5374 3694 5427 Factus
3749 5378 3833 5427 est
3874 5389 4106 5443 quoque

2417 5462 2629 5516 Iudaeis
2686 5462 2747 5516 in
2776 5463 3050 5532 parabola
3092 5463 3322 5533 quando
3354 5478 3457 5531 per
3488 5461 3889 5515 similitudines
3938 5475 4108 5530 quas-

2420 5550 2551 5605 dam
2595 5551 2882 5603 carnalem
2916 5550 3196 5619 populum
3227 5549 3428 5603 docere
3466 5548 3780 5614 videbatur,
3840 5548 3986 5602 sicut
4039 5548 4098 5602 in
