3966 6392
281 301 410 352 1127

281 429 593 499 Evangelio
651 427 866 497 legitur
901 442 914 480 :

281 519 523 583 turbam;
556 521 612 570 et
640 517 697 569 in
731 515 845 569 alio
896 516 1116 584 psalmo
1161 531 1174 568 :
1223 518 1482 583 Aperiam
1509 520 1568 569 in
1603 517 1884 586 parabolis
1932 533 1990 573 os

278 622 472 660 meum.
508 605 785 659 Parabola
816 609 901 656 est
943 605 1098 656 enim
1131 610 1335 656 natura
1393 604 1844 674 discrepantium
1897 622 1986 660 re-

278 711 427 756 rum,
498 694 603 747 sub
657 693 854 762 aliqua
924 692 1320 757 similitudine,
1397 694 1547 746 facta
1613 695 1983 764 comparatio,

282 799 442 836 more
473 782 854 852 providentiae
885 797 1022 845 suae,
1055 787 1118 834 ut
1173 781 1273 851 qui
1327 783 1576 835 coelestia
1605 798 1810 852 capere
1871 800 1983 834 nun

280 875 568 939 poterant,
602 886 704 939 per
734 875 990 922 terrenas
1033 869 1438 922 similitudines
1468 870 1663 923 audita
1692 870 1986 940 percipere

283 958 623 1029 potuissent.

353 1048 660 1102 Adversum
690 1063 773 1101 me
819 1048 1178 1116 loquebantur
1227 1051 1324 1115 qui
1349 1047 1607 1102 sedebant
1634 1049 1693 1101 in
1717 1052 1904 1117 porta,
1938 1053 1988 1101 et

285 1139 342 1189 in
368 1151 450 1190 me
473 1136 782 1204 psallebant
812 1138 907 1203 qui
931 1135 1179 1189 bibebant
1205 1139 1413 1190 vinum.

358 1224 419 1276 In
451 1223 564 1276 illis
595 1223 831 1290 scilicet,
863 1222 1016 1293 quia,
1042 1223 1315 1276 habentes
1339 1223 1555 1276 clavem
1584 1223 1858 1288 scientiae,
1883 1238 1984 1276 ne-

285 1326 396 1382 que
421 1311 738 1364 introibant
777 1325 961 1381 neque
992 1312 1133 1364 alios
1155 1311 1396 1364 introire
1425 1311 1812 1380 pertinebant,
1838 1312 1986 1365 Scri-

284 1401 370 1454 ba:
407 1405 464 1453 et
495 1399 786 1465 Pharisaei,
817 1400 913 1470 qui
955 1400 1356 1471 discernebant
1404 1416 1603 1452 causas
1653 1415 1783 1452 cum
1831 1401 1988 1453 sede-

284 1491 423 1542 bant
453 1490 511 1542 in
543 1489 772 1557 publico
789 1489 1049 1557 judicio;
1081 1495 1132 1542 et
1155 1493 1212 1541 in
1249 1503 1331 1540 me
1362 1489 1667 1555 psallebant
1714 1491 1810 1556 qui
1848 1490 1988 1541 bibe-

288 1577 417 1630 bant
444 1579 648 1641 vinum,
693 1576 899 1646 repleti
949 1578 1103 1630 enim
1157 1577 1292 1628 vino
1339 1576 1683 1646 iniquitatis.
1730 1577 1988 1640 Qualiter

287 1682 417 1719 eum
450 1666 842 1718 interlicerent
897 1665 1350 1728 concinnabant;
1402 1666 1571 1717 stulte
1622 1665 1774 1718 enim
1835 1667 1984 1735 psal-

286 1754 551 1816 lentium,
586 1753 719 1807 audi
752 1752 1002 1824 qualiter
1049 1752 1248 1805 doceat
1296 1768 1393 1805 vos
1427 1769 1440 1806 :
1473 1755 1713 1811 Psallite.
1772 1755 1980 1822 inquit,

282 1845 574 1911 sapienter.
627 1844 721 1895 Vel
743 1840 886 1895 ebrii
915 1847 1079 1894 erant
1108 1841 1176 1894 de
1208 1839 1361 1907 vino,
1388 1843 1616 1910 quando
1649 1843 1988 1912 operiebant

284 1935 458 2000 caput
492 1931 635 2000 ejus,
693 1935 751 1984 et
797 1929 1100 1982 dicebant:
1156 1929 1481 1997 Prophetiza
1526 1931 1700 1995 nobis,
1753 1933 1982 1997 Christe,

286 2023 408 2088 quis
437 2025 515 2073 est
545 2021 642 2086 qui
666 2023 714 2071 te
742 2019 1028 2086 percussit.
1096 2017 1155 2070 ln
1201 2017 1383 2087 portis
1445 2017 1646 2072 sedent
1695 2017 1795 2088 qui
1844 2034 1984 2071 con-

285 2108 548 2162 ventibus
597 2107 924 2170 hominum,
977 2105 1176 2159 sedula
1239 2105 1592 2172 curiositate,
1650 2106 1982 2159 miscentur.

287 2195 432 2249 Dicit
490 2194 645 2247 enim
693 2193 1019 2263 passionem
1075 2209 1236 2246 suam
1292 2193 1450 2262 genti
1506 2193 1758 2246 Judaicaa
1812 2193 1988 2246 fuisse

286 2283 562 2347 fabulam,
595 2289 657 2336 ut
689 2282 879 2334 nullus
911 2283 1270 2351 exciperetur
1292 2283 1444 2351 quia
1477 2282 1573 2334 tali
1615 2282 1989 2336 collocatione

286 2355 626 2424 redderetur
677 2371 918 2424 alienus.
971 2371 1046 2423 De
1101 2369 1426 2440 opprobriis
1468 2387 1532 2423 ac
1579 2369 1845 2423 conviciis
1897 2372 1992 2424 Ju-

289 2461 549 2514 deeorum
571 2459 844 2512 hactenus
871 2460 1112 2512 locutus.
1143 2461 1320 2524 Nunc,
1347 2463 1628 2528 quantum
1653 2459 1792 2512 mihi
1828 2460 1989 2512 vide-

288 2557 401 2614 tur,
435 2547 502 2600 de
534 2547 797 2601 ﬁdelibus
829 2547 964 2600 dicit
997 2563 1009 2600 :
1043 2549 1113 2602 Et
1136 2550 1194 2600 in
1224 2563 1305 2600 me
1341 2549 1650 2616 psallebant
1702 2549 1799 2615 qui
1851 2548 1992 2600 bibe-

290 2637 419 2690 bant
451 2638 655 2689 vinum.
694 2637 757 2689 In
793 2637 1101 2689 Dominum
1127 2637 1380 2704 psallunt
1404 2637 1502 2706 qui
1537 2636 1758 2690 actione
1783 2637 1990 2706 proba-

289 2725 388 2778 bili
429 2725 778 2793 diriguntur,
841 2729 896 2777 et
945 2725 1216 2794 operibus
1266 2725 1517 2779 reddunt
1568 2741 1697 2795 qua:
1756 2725 1992 2778 monitis

289 2812 540 2866 caelestia
567 2812 833 2865 mandata
864 2812 1204 2882 suscipiunt.

291 2903 404 2968 Ego
458 2916 582 2954 vero
641 2903 938 2954 orationem
980 2915 1152 2954 meam
1217 2899 1295 2953 ad
1341 2905 1407 2962 te,
1482 2902 1732 2965 Domine;
1781 2905 1990 2970 tempus

873 2989 1208 3056 beneplaciti,
1249 2989 1411 3042 Deus.

364 3079 479 3130 Vox
507 3077 714 3131 Christi
743 3078 813 3130 ad
845 3078 1087 3130 Patrem.
1134 3077 1258 3130 Non
1310 3076 1463 3130 enim
1502 3077 1697 3130 vincor
1726 3077 1813 3130 his
1861 3095 1988 3148 pas-

292 3166 572 3231 sionibus,
604 3166 740 3236 quia
770 3169 960 3218 tecum
995 3181 1122 3218 sum
1155 3165 1213 3218 in
1246 3165 1536 3231 oratione;
1571 3182 1664 3233 ego
1702 3182 1824 3220 vero
1868 3182 1990 3221 ora-

296 3257 491 3308 tionem
516 3270 688 3307 meam
721 3254 795 3307 ad
827 3259 895 3319 te,
920 3257 1160 3307 Domine.
1191 3253 1405 3307 Judaais
1438 3255 1580 3307 mihi
1612 3255 1759 3307 male
1799 3255 1991 3307 dicen-

297 3343 492 3396 tibus:
555 3343 826 3409 cruciﬁge,
885 3343 1135 3409 cruci/Ege
1180 3357 1327 3407 eum;
1381 3357 1485 3410 ego
1535 3357 1639 3409 pro
1691 3342 1771 3394 eis
1822 3358 1993 3395 orans

298 3431 614 3501 loquebar:
650 3433 830 3495 Pater,
883 3434 1096 3498 ignosce
1126 3433 1222 3483 eis.
1259 3431 1388 3483 Non
1437 3433 1578 3483 enim
1628 3433 1806 3484 sciunt
1857 3432 1994 3498 quid

289 3521 524 3585 faciunt.
557 3519 806 3588 Tempus
862 3518 1147 3588 placendi,
1205 3519 1499 3572 Dominus.
1545 3519 1662 3572 Hic
1693 3526 1773 3574 est
1799 3521 1990 3586 Filius,

292 3608 475 3662 Filius
502 3622 648 3661 meus
681 3609 737 3660 in
767 3623 872 3675 quo
900 3608 1039 3660 mihi
1092 3608 1410 3675 complacui.
1464 3606 1630 3660 Venit
1656 3607 1724 3660 ad
1757 3609 1992 3660 tertium

292 3705 483 3770 caput,
520 3700 617 3753 ubi
647 3705 847 3753 contra
879 3699 1175 3752 maledicta
1207 3699 1534 3752 Judasorum
1567 3698 1843 3752 orationis
1876 3715 1993 3752 suae

294 3790 484 3860 posuit
513 3789 874 3842 sanctitatem
905 3788 1148 3841 caelestis
1186 3789 1410 3852 Doctor,
1459 3786 1758 3840 insinuans
1783 3787 1993 3856 jurgiis

295 3879 598 3932 hominum
629 3892 742 3928 non
774 3877 1146 3929 inflammatis
1178 3875 1333 3941 rixis,
1366 3876 1463 3928 sed
1494 3875 1602 3945 piis
1637 3876 1994 3928 orationibus

294 3967 662 4020 obviendum.
689 3966 1110 4035 Videamusque
1134 3981 1305 4031 nunc,
1339 3965 1492 4034 quod
1517 3964 1588 4017 sit
1606 3970 1812 4033 tempus
1839 3965 1993 4018 bene-

262 4047 510 4123 'placiti.
565 4054 709 4108 Illud
759 4059 988 4122 tempus
1033 4059 1115 4106 est
1156 4054 1496 4121 bencplaciti,
1526 4053 1780 4122 quando,
1814 4052 1995 4105 incar-

295 4143 546 4196 nationis
577 4158 696 4195 sna:
722 4141 1024 4207 beneﬁcio,
1073 4141 1492 4210 periclitantem
1545 4141 1828 4194 mundum
1878 4141 1992 4194 im-

298 4231 539 4285 minenti
564 4230 826 4284 liberavit
853 4231 1044 4284 exitio.
1083 4231 1195 4283 Hoc
1244 4235 1473 4298 tempus
1504 4234 1586 4282 est
1644 4230 1990 4298 beneplaciti,

296 4321 363 4374 de
403 4335 517 4389 quo
551 4324 608 4372 et
635 4320 942 4388 Apostolus
974 4319 1053 4372 ait
1085 4335 1098 4371 :
1139 4321 1270 4372 .Ecce
1308 4334 1451 4372 nunc
1482 4323 1688 4386 tempus
1745 4324 1991 4386 accepta-

297 4407 418 4473 bile,
461 4422 572 4460 ecce
597 4423 740 4460 nunc
767 4407 880 4461 dies
911 4409 1112 4461 salutis

295 4497 359 4550 In
388 4495 736 4550 multitudine
766 4497 1152 4550 misericordix
1208 4500 1311 4549 tua:
1363 4494 1571 4548 exaudi
1608 4511 1709 4560 me,
1750 4496 1809 4549 in
1851 4497 1996 4549 veri-

903 4591 1012 4639 tate
1035 4587 1234 4639 salutis
1266 4590 1389 4638 tuae.

373 4675 440 4727 Ut
462 4678 592 4742 post
617 4689 809 4727 veram
861 4679 1108 4727 mortem
1152 4672 1590 4727 resurrectionis
1637 4673 1845 4726 veritas
1895 4688 1998 4742 ap-

297 4763 594 4832 probetur.
618 4763 743 4816 Non
766 4762 919 4816 enim
940 4778 1114 4832 parva
1140 4761 1535 4816 misericordia
1559 4761 1687 4826 fuit,
1724 4778 1855 4831 quas
1881 4765 2000 4815 tam

299 4851 524 4920 ingenti
543 4851 611 4904 ad
635 4857 932 4920 peccatum
955 4851 1242 4921 superavit
1263 4852 1404 4920 (sic).
1441 4849 1740 4904 Multitudo
1766 4849 2001 4919 quidem

304 4941 414 4994 fuit
445 4938 657 4998 delicti,
692 4939 789 4992 sed
820 4939 1001 4993 multo
1053 4938 1418 4992 numerosior
1467 4936 1858 4990 misericordia
1902 4937 2003 4990 illa

304 5044 434 5098 quae
463 5027 614 5092 vicit,
638 5043 790 5090 cum,
815 5032 1136 5080 memorato
1158 5031 1418 5096 tempore
1441 5023 1850 5078 misericordiae
1873 5039 2002 5094 quae

299 5116 581 5188 passionis
611 5117 852 5170 salutem
887 5116 1098 5170 mundo
1140 5115 1428 5186 praestitit,
1479 5129 1837 5184 consequens
1893 5112 2003 5166 fuit

301 5210 366 5260 ut
395 5210 450 5260 et
499 5205 980 5260 resurrectionem
1032 5205 1139 5258 sibi
1190 5203 1384 5258 venire
1429 5208 1778 5272 precaretur,
1829 5217 2002 5272 quam

301 5295 362 5348 in
392 5295 627 5348 veritate
679 5294 964 5362 pollicitus
1016 5295 1202 5348 fuerat
1233 5309 1335 5364 per
1366 5291 1696 5362 prophetas.
1734 5291 2003 5344 Precatur

303 5397 440 5449 ergo
470 5384 693 5436 Patrem
722 5399 838 5436 non
874 5389 1076 5436 natura
1133 5381 1380 5446 deitatis,
1424 5395 1554 5451 quas
1584 5379 1839 5449 ejusdem
1871 5394 2002 5448 per-

304 5469 542 5537 aequatis
569 5475 675 5533 est,
708 5471 807 5523 sed
838 5470 1140 5524 inﬁrmitas
1170 5473 1467 5539 assumpta
1495 5467 1764 5532 hominis,
1800 5467 1856 5519 in
1890 5481 2004 5536 qua

309 5555 498 5609 minor
528 5564 614 5610 est
639 5558 814 5611 Patri.

1636 297 1692 352 S.
1737 297 2094 352 ROMUALDI
2131 293 2438 352 ABBATIS.

1005 426 1166 500 Dixit
1233 429 1484 482 Dominus
1533 429 1857 498 parabolam
1914 430 1990 484 ad
2027 433 2070 486 A
2102 431 2266 498 Eripe
2294 444 2374 482 me
2405 428 2469 481 de
2507 428 2638 492 luto,
2687 433 2748 481 ut
2786 443 2892 482 non
2952 430 3184 496 inﬁgar;
3231 429 3406 483 libera
3468 444 3552 483 me
3609 431 3678 484 ab
3712 433 3797 485 his

3660 301 3797 353 H28

2291 519 2388 584 qui
2415 515 2644 568 oderunt
2681 532 2782 581 me,
2807 524 2857 570 et
2882 517 2948 570 de
2973 517 3274 586 profundis
3304 533 3597 585 aquarum.

2167 608 2376 674 Aperte
2409 605 2529 657 hazc
2560 605 2630 657 de
2659 604 2892 673 Judaais,
2943 605 3042 675 qui
3099 621 3232 658 eum
3286 621 3440 659 nunc
3494 623 3673 676 quam
3712 607 3798 661 di-

2094 692 2360 746 lexerunt
2388 692 2507 762 (sic)
2540 692 2680 746 dicit
2713 695 2819 747 :Et
2846 693 2910 746 de
2926 693 3224 761 profundis
3257 709 3551 763 aquarum.
3588 697 3799 749 Demus

2097 797 2329 851 operam
2385 785 2448 834 ut
2497 780 2722 834 hisdem
2767 781 2953 834 verbis
3007 787 3066 836 et
3113 798 3216 835 nos
3270 783 3582 837 Dominum
3626 800 3797 854 roge-

2096 885 2244 935 mus,
2289 870 2497 938 quibus
2553 871 2734 939 Caput
2755 876 3015 924 nostrum
3065 887 3329 924 exorasse
3374 872 3794 942 cognoscimus.

2097 959 2208 1011 Hoc
2238 957 2402 1028 plane
2433 957 2718 1011 subtiliter
2771 959 3247 1028 perscrutandum
3291 964 3377 1013 est
3405 975 3584 1028 quare
3624 975 3794 1028 supe-

2097 1047 2214 1099 rius
2243 1046 2421 1099 inﬁxo
2463 1046 2600 1099 limo
2651 1046 2851 1100 dixerit
2911 1051 2967 1100 et
3013 1047 3104 1100 hic
3163 1064 3233 1100 ne
3283 1049 3343 1100 in
3401 1048 3524 1118 ipso
3578 1048 3798 1101 haerere

2095 1135 2276 1205 possit
2306 1140 2522 1188 exorat.
2548 1136 2758 1188 lnﬁxus
2781 1136 2983 1205 utique
3007 1136 3142 1188 limo
3171 1136 3303 1200 fuit,
3331 1151 3510 1206 quum
3535 1141 3799 1206 suscepta

2095 1223 2282 1276 carnis
2338 1223 2674 1276 inﬁrmitate
2731 1223 3066 1288 tenebatur;
3127 1223 3282 1277 unde
3333 1224 3507 1277 etiam
3543 1230 3794 1277 mortem

2095 1312 2276 1365 crucis
2317 1312 2550 1382 accepit.
2606 1311 2706 1365 Hic
2754 1318 2949 1366 autem
3005 1318 3398 1382 competenter
3435 1313 3687 1383 exposcit
3735 1316 3802 1364 ut

2096 1399 2289 1454 anima
2333 1402 2457 1469 ejus
2507 1417 2540 1452 a
2594 1400 2892 1454 desideriis
2943 1401 3130 1465 luteis,
3185 1402 3240 1455 id
3274 1407 3359 1455 est
3393 1402 3564 1469 huius
3595 1399 3801 1454 mundi

2095 1489 2520 1558 cupiditatibus,
2557 1489 2826 1542 reddatur
2857 1489 3066 1554 aliena,
3103 1491 3256 1560 quod
3309 1492 3455 1543 bene
3489 1489 3802 1559 suscipitur

2096 1594 2129 1630 a
2186 1584 2344 1647 parte
2402 1577 2812 1642 membrorum,
2858 1594 2972 1648 qua
3010 1580 3104 1631 ille
3180 1580 3300 1631 luto
3342 1579 3624 1632 inhaerere
3680 1593 3799 1631 non

2097 1670 2313 1734 poterat
2353 1666 2450 1735 qui
2483 1667 2693 1735 peccati
2728 1669 3009 1720 maculam
3042 1683 3155 1720 non
3190 1668 3453 1721 habebat.
3491 1668 3688 1721 Libera
3717 1682 3802 1719 me

2096 1769 2162 1805 ex
2195 1754 2500 1808 odientibus
2533 1770 2633 1815 me,
2675 1755 2824 1808 istud
2863 1755 2932 1808 ad
2985 1755 3282 1808 Judaicum
3347 1756 3624 1824 populum
3676 1770 3797 1806 ma-

2097 1842 2367 1896 nifestum
2436 1848 2518 1896 est
2582 1844 2890 1912 pertinere.
2952 1844 3158 1908 Quare,
3210 1848 3481 1912 surgente
3546 1843 3796 1908 Christo,

2095 1947 2296 1984 eorum
2339 1931 2472 1985 odia
2519 1932 2790 1985 frustrata
2827 1937 3183 1997 vanuerunt;
3220 1947 3354 1985 nam
3403 1932 3558 2001 quod
3607 1931 3795 1984 dixit:

2095 2020 2489 2087 Deprofundis
2523 2035 2816 2089 aquarum,
2856 2020 2926 2074 ad
2978 2021 3256 2090 populum
3309 2020 3496 2088 ipsum
3548 2035 3665 2072 non
3716 2023 3802 2071 est

2097 2107 2337 2160 dubium
2374 2109 2684 2176 pertinere,
2734 2108 2869 2177 quia
2899 2108 3220 2178 profundus
3265 2111 3388 2161 erat
3436 2106 3801 2177 malignitate

2096 2195 2344 2255 consilii,
2379 2203 2435 2250 et
2465 2196 2846 2250 seditionibus
2876 2197 3260 2250 turbulentus.

2096 2285 2228 2338 Non
2279 2300 2360 2337 me
2408 2285 2682 2352 demergat
2741 2290 3027 2353 tempestas
3069 2300 3246 2353 aquae,
3290 2299 3460 2351 neque
3515 2283 3804 2337 absorbeat

2167 2387 2250 2425 me
2302 2372 2659 2440 profundum,
2699 2388 2870 2442 neque
2907 2378 3097 2439 urgeat
3147 2387 3309 2440 super
3364 2387 3446 2424 me
3491 2377 3686 2440 puteus
3743 2387 3802 2426 os

2169 2475 2346 2514 suum.

2170 2550 2285 2602 Vox
2319 2549 2524 2602 Christi
2575 2550 2714 2604 inid
2763 2549 2916 2620 quod
2967 2549 3140 2602 homo
3195 2552 3300 2601 est.
3349 2549 3477 2601 Hazc
3529 2547 3805 2617 passioni-

2101 2637 2208 2690 bus
2239 2643 2545 2706 tempestas
2578 2654 2694 2692 non
2734 2654 2866 2692 eum
2918 2638 2977 2690 in
3010 2637 3406 2706 profunditate
3441 2636 3628 2705 abyssi
3657 2636 3802 2688 reti—

2103 2731 2233 2778 neat
2287 2726 2604 2779 infernalis.
2655 2729 2833 2793 Neque
2881 2725 3165 2779 absorbeat
3209 2741 3290 2778 me
3330 2724 3684 2793 profundum,
3740 2723 3803 2777 in

2102 2830 2236 2884 quo,
2271 2815 2409 2867 dum
2471 2831 2574 2884 per
2630 2820 2869 2867 mortem
2941 2813 3254 2876 descendit,
3311 2828 3427 2866 non
3494 2811 3804 2865 devoretur

2102 2902 2172 2954 ab
2205 2903 2313 2968 eis;
2342 2918 2509 2970 neque
2552 2907 2741 2970 urgeat
2769 2918 2932 2971 super
2969 2918 3050 2955 me
3093 2907 3288 2970 puteus
3319 2916 3374 2954 os
3400 2917 3576 2964 suum,
3611 2899 3802 2954 aditus

2030 2992 2068 3043 C
2100 2991 2328 3050 inferni.
2384 2993 2499 3044 sive
2532 2991 2811 3045 diabolus.
2862 2992 3048 3060 Rogat
3100 2990 3252 3043 enim
3315 3005 3385 3042 ne
3418 2994 3714 3058 mergatur
3769 3003 3804 3042 a

2103 3079 2391 3142 ﬂuctibus,
2454 3078 2511 3131 id
2570 3083 2655 3131 est
2700 3095 2732 3131 a
2777 3079 2970 3131 seaculi
3017 3078 3180 3131 istius
3215 3082 3556 3146 tempestate
3615 3078 3803 3129 saevis-

2103 3167 2263 3232 sima,
2301 3183 2428 3237 quas
2460 3167 2517 3219 in
2553 3166 2786 3220 modum
2818 3165 2993 3220 maris
3025 3157 3248 3219 animas
3278 3165 3516 3228 sorbuit,
3567 3166 3803 3235 quando

2104 3273 2198 3309 eas
2256 3255 2391 3308 vitio
2461 3255 2757 3324 pravitatis
2802 3255 3154 3320 involverat;
3215 3253 3298 3306 ait
3349 3253 3550 3306 enim:
3610 3255 3799 3321 Neque

2103 3344 2385 3397 absorbeat
2425 3359 2507 3396 me
2533 3343 2890 3412 profundum.
2945 3342 3301 3396 Profundum
3350 3342 3550 3411 utique
3600 3357 3803 3410 pecca-

2103 3438 2225 3485 tum
2270 3438 2377 3495 est,
2419 3432 2570 3501 quod
2619 3432 2928 3484 voracitate
2978 3430 3228 3498 quadam
3279 3429 3526 3498 deglutit
3576 3429 3801 3481 animas

2103 3521 2436 3590 impiorum,
2467 3524 2531 3573 ut
2586 3519 2656 3573 ad
2689 3519 3108 3589 paenitudinem
3159 3518 3344 3571 redire
3376 3523 3672 3587 nequeant
3703 3517 3808 3587 qui

2104 3611 2175 3663 de
2228 3615 2459 3662 actuum
2517 3623 2749 3661 suorum
2824 3607 3132 3677 iniquitate
3215 3606 3540 3674 desperant.
3625 3608 3808 3673 Neque

2103 3702 2294 3764 urgeat
2339 3712 2502 3765 super
2549 3712 2631 3750 me
2674 3701 2867 3764 puteus
2909 3710 2966 3749 os
3015 3710 3192 3750 suum.
3228 3696 3440 3748 Puteus
3509 3693 3665 3747 enim
3719 3699 3810 3746 est

2103 3793 2270 3840 terra:
2302 3786 2470 3839 altius
2502 3789 2766 3838 excavata
2795 3783 3184 3853 profunditas;
3234 3783 3297 3836 in
3350 3797 3483 3852 quo,
3537 3799 3640 3853 per
3670 3783 3807 3836 alle-

2104 3874 2347 3944 goriam,
2383 3890 2511 3928 vere
2561 3873 2825 3928 incidunt
2870 3878 3216 3942 peccatores,
3276 3873 3507 3942 quando
3554 3888 3610 3924 se
3656 3887 3689 3924 a
3718 3872 3804 3924 vi-

2102 3963 2249 4016 tiosa
2293 3963 2588 4015 voluntate
2644 3977 2762 4015 non
2839 3961 3210 4026 abstrahunt;
3287 3965 3568 4029 urgetque
3629 3975 3807 4028 super

2105 4066 2202 4105 eos
2231 4067 2293 4104 os
2325 4066 2493 4104 suum
2523 4050 2883 4116 concludere,
2937 4065 3066 4103 cum
3118 4064 3300 4118 usque
3330 4049 3398 4102 ad
3429 4048 3628 4101 mortis
3684 4063 3806 4101 suae

2107 4145 2331 4208 tempus
2363 4139 2424 4191 in
2456 4138 2704 4208 pessima
2733 4139 3029 4191 voluntate
3068 4137 3402 4206 persistunt.

2108 4228 2341 4281 Exaudi
2366 4243 2467 4291 me,
2498 4229 2738 4294 Domine,
2768 4229 3024 4294 quoniam
3050 4225 3280 4291 benigna
3309 4230 3388 4278 est
3433 4227 3815 4279 misericordia

2182 4320 2296 4379 tua,
2349 4315 2642 4370 secundum
2688 4315 3092 4369 multitudinem
3134 4315 3545 4368 .miserationum
3593 4319 3815 4368 tuarum

2180 4407 2386 4473 respice
2418 4407 2478 4458 in
2508 4420 2609 4458 me.

2182 4493 2292 4546 Vox
2342 4491 2548 4547 Christi
2605 4491 2672 4545 ad
2719 4492 2950 4545 Patrem
3016 4505 3120 4560 pro
3168 4494 3332 4560 parte
3395 4490 3602 4543 carnis.
3661 4491 3812 4556 Haec,

2111 4581 2425 4635 secundum
2457 4580 2854 4634 inﬁrmitatem
2885 4579 3200 4633 humanam
3249 4580 3524 4648 postulat,
3579 4578 3810 4634 dicens:

2111 4670 2255 4736 Quia
2285 4670 2424 4724 alios
2456 4686 2586 4724 mea
2637 4669 2902 4740 passione
2941 4666 3254 4731 redemisti,
3288 4683 3379 4719 me
3424 4665 3815 4736 praecurrente

2111 4758 2508 4813 misericordia
2557 4759 2966 4826 contemplare.
3022 4756 3167 4810 Dicit
3213 4755 3368 4810 enim
3403 4771 3417 4807 :
3449 4751 3675 4808 Exaudi
3711 4766 3811 4816 me,

2113 4851 2362 4913 Domine;
2402 4863 2747 4918 causamque
2783 4862 2962 4916 quare
2992 4845 3332 4899 exaudiatur
3364 4841 3652 4911 adjungit,
3696 4855 3816 4893 non

2113 4937 2249 5007 quia
2277 4942 2530 4990 meretur
2562 4935 2910 4998 humanitas,
2947 4934 3044 4987 sed
3077 4935 3212 5000 quia
3261 4929 3636 4984 misericordia
3697 4929 3818 4981 Do-

2111 5027 2250 5079 mini
2304 5028 2382 5078 est
2449 5025 2683 5091 benigna
2768 5036 3111 5090 semperque
3190 5019 3259 5072 ad
3339 5015 3818 5071 benefaciendum

2111 5119 2332 5184 parata,
2361 5128 2492 5166 cum
2523 5117 2716 5165 tamen
2745 5110 2840 5179 pie
2867 5109 3100 5180 petitur,
3133 5111 3190 5162 et
3219 5108 3273 5160 ei
3336 5105 3640 5176 purissime
3688 5119 3815 5173 sup-

2113 5202 2374 5272 plicetur.
2402 5201 2487 5267 Et,
2549 5204 2616 5252 ut
2704 5198 2885 5268 ipsam
2948 5195 3366 5266 benignitatem
3431 5193 3560 5263 pius
3623 5191 3822 5246 doctor

2112 5293 2444 5359 exponeret,
2489 5287 2746 5356 adjecit:
2789 5285 3093 5340 Secundum
3139 5281 3545 5336 multitudinem
3591 5281 3820 5333 misera-

2115 5380 2320 5432 tionum
2349 5379 2577 5429 tuarum
2604 5377 2810 5442 respice
2839 5375 2898 5426 in
2943 5388 3044 5426 me.
3079 5371 3165 5426 Ad
3193 5371 3378 5440 ipsam
3411 5385 3638 5439 semper
3686 5368 3820 5422 red-

2115 5467 2198 5520 dit
2218 5466 2342 5533 (sic)
2376 5478 2549 5534 quam
2572 5462 2856 5517 debilibus
2874 5461 2948 5515 sit
2967 5465 3230 5532 patrona,
3259 5459 3352 5513 cui
3370 5459 3565 5512 omnia
3589 5462 3820 5527 peccata

2114 5555 2347 5618 cedunt,
2381 5552 2644 5623 quamvis
2670 5549 3145 5606 numerosissima
3170 5548 3637 5620 comprobantur.
