3966 6400
164 294 232 345 17
1308 295 1585 350 ΝΟΤΙἸΊΑ
1625 294 1801 350 HlS'l‘t

2040 295 2122 348 ΕΤ
2161 294 2499 351 BIBIJOGH.
3551 301 3617 356 ιι

158 413 455 485 qumdam
484 414 745 487 sumpsit
772 414 1034 484 (53),alia
1065 418 1177 485 (3t)
1205 433 1274 471 ex
1300 417 1629 473 Annalibus
1661 418 1835 490 Aqui-
1865 422 1909 473 Α

158 503 401 570 tunicis,
434 520 594 575 quos
624 510 680 559 et
706 504 833 576 ipse
865 504 1196 561 Ademarus
1237 506 1568 573 habuerat;
1616 508 1672 561 in
1707 507 1836 562 aliis

159 606 308 647 cum
341 593 533 648 Gestis
564 592 991 665 episcoporum
1032 593 1573 663 Engolismensium
1622 612 1838 651 conve—

160 680 249 737 nit
282 682 417 753 (55).
456 683 727 747 Quorum
757 687 965 738 auctor
991 700 1129 738 cum
1156 683 1297 739 alibi
1319 700 1541 756 purum
1562 685 1841 741 Ademari

159 774 397 825 textum
431 775 721 843 sequatur
747 772 880 842 (56),
921 788 1043 828 non
1092 773 1294 845 ipsum
1348 775 1551 829 codice
1582 775 1841 845 interpo-

157 858 286 913 lato
314 875 521 925 usum,
546 860 655 915 sed
686 860 883 932 potius
909 878 980 916 ex
1005 863 1192 916 Gestis
1222 863 1503 934 qua'dam
1545 864 1841 919 Ademaro

155 953 376 1004 assuta
407 965 541 1003 esse
583 949 867 1021 putarim,
919 951 1249 1023 prtesertim
1300 968 1439 1006 eum
1492 952 1671 1008 etiam
1716 953 1843 1008 aliis

151 1038 312 1095 locis
341 1039 643 1110 ejusmodi
674 1056 769 1095 res
802 1057 838 1095 a
865 1044 1179 1096 Gestorum
1211 1043 1495 1113 scriptore
1520 1030 1843 1098 narrationi

150 1143 233 1183 ex
262 1128 569 1185 Ademaro
601 1130 828 1186 haustae
859 1130 1079 1186 addita:
1109 1130 1223 1186 sint
1247 1135 1374 1195 (57).
1416 1132 1549 1187 Ideo
1583 1149 1703 1187 non
1736 1149 1836 1187 an-

151 1221 212 1271 te
248 1216 357 1271 sed
389 1221 611 1289 posta.
668 1222 823 1284 1159,
878 1235 1002 1290 quo
1056 1221 1227 1274 Gesta
1284 1219 1379 1275 illa
1433 1220 1652 1294 scripta
1704 1238 1836 1276 esse

150 1310 418 1372 constat,
468 1306 955 1379 interpolatorem
1014 1323 1168 1379 opus
1231 1325 1408 1363 suum
1477 1309 1833 1381 compilasse

147 1399 322 1450 recte
348 1399 606 1451 statuere
636 1396 785 1451 mihi
831 1397 1055 1453 videor.
1091 1398 1199 1463 Qui
1236 1415 1371 1453 cum
1404 1416 1495 1453 res
1525 1400 1603 1454 .in
1631 1416 1831 1455 emno-

150 1484 259 1539 bio
294 1486 352 1539 S.
387 1484 666 1541 Martialis
702 1485 1105 1541 Lemovicensi
1134 1492 1349 1555 gestas,
1381 1488 1507 1557 jam
1550 1489 1626 1542 ab
1681 1488 1830 1545 Adc-

146 1588 336 1629 maro
386 1573 530 1629 satis
576 1580 853 1630 accurate
907 1576 1228 1647 expositas,
1288 1577 1576 1647 singlari
1635 1579 1830 1633 studio

143 1667 567 1735 prosequatur
612 1665 770 1735 (58),
821 1664 1045 1720 ibidem
1101 1666 1315 1721 vixisse
1370 1667 1672 1738 putandus
1722 1674 1827 1733 est,

145 1752 420 1824 ideoque
450 1752 511 1807 in
533 1753 626 1808 his
653 1753 832 1809 etiam
865 1755 1159 1823 majorem
1190 1756 1371 1811 tidem
1406 1761 1684 1812 meretur.

226 1845 295 1897 In
327 1841 440 1896 hac
471 1840 749 1897 Ademari
778 1842 1035 1898 editione
1065 1843 1127 1898 id
1155 1845 1414 1900 maxime
1444 1845 1671 1900 consilii
1713 1847 1827 1915 egi,

144 1935 212 1986 ut
247 1930 451 2003 primo
483 1930 615 1986 loco
646 1931 941 2000 integrum
995 1937 1050 1987 et
1098 1949 1319 2003 purum
1360 1934 1545 2005 ipsius
1604 1939 1827 1991 textum

143 2020 529 2089 exhiberem,
576 2019 780 2075 codice
827 2021 1207 2093 potissimum
1267 2039 1408 2077 usus
1464 2024 1829 2096 prmstantis-

143 2126 278 2166 mo.

224 2200 281 2269 1)
311 2197 480 2266 regio
510 2198 822 2255 Parisiensi
852 2215 912 2254 ιι.
947 2203 1108 2269 5927,
1142 2200 1295 2256 inbr.
1358 2200 1479 2271 fol.,
1509 2200 1651 2256 olim
1686 2205 1722 2257 l.
1756 2206 1822 2258 Α.

141 2287 405 2354 Thuani,
434 2287 539 2359 qui
568 2288 789 2344 saeculo
816 2304 874 2343 ιιι
898 2288 1099 2343 medio
1128 2305 1265 2345 cum
1298 2306 1523 2359 magna
1572 2290 1821 2357 diligen-

143 2377 230 2433 tia
258 2382 316 2433 et
345 2378 490 2434 satis
525 2376 828 2447 eleganter
875 2378 936 2433 in
976 2380 1346 2435 membranis
1403 2381 1643 2452 optimis
1700 2398 1819 2437 non

144 2481 273 2522 una
307 2483 499 2523 manu
528 2472 827 2534 exaratus,
859 2467 1063 2523 litteris
1087 2484 1242 2541 quas
1272 2469 1477 2526 dicunt
1498 2470 1822 2526 initialibus

141 2556 420 2630 pulchris
447 2561 505 2612 et
534 2557 713 2613 variis
744 2557 1047 2613 coloribus
1074 2558 1266 2629 pictus
1299 2565 1566 2627 ornatus,
1604 2566 1700 2616 165
1734 2559 1822 2615 foe

142 2644 240 2701 liis
275 2650 536 2712 constat,
564 2662 826 2717 quorum
858 2646 1043 2702 modo
1075 2646 1266 2718 plura,
1325 2649 1507 2704 modo
1539 2649 1824 2720 pauciora

144 2731 474 2801 conjuncta
507 2735 665 2785 sunt.
694 2731 974 2786 Ademari
1009 2732 1250 2788 historia
1285 2738 1376 2789 131
1415 2733 1630 2805 explet.
1658 2737 1822 2791 Hunc

140 2819 368 2876 librum
402 2818 620 2891 partim
652 2818 963 2891 descripsi,
997 2821 1217 2893 partim
1246 2838 1382 2877 cum
1430 2822 1563 2877 editi
1584 2840 1599 2870 ξ
1652 2840 1823 2879 accu-

140 2910 447 2966 ratissime
505 2910 748 2978 contuli,
802 2910 1029 2982 quippe
1076 2911 1180 2983 qui
1238 2928 1459 2984 purum
1523 2913 1823 2970 contineat

141 3004 397 3067 textum,
426 2999 829 3072 paucissimas
862 3004 1096 3056 tantum
1128 3016 1350 3073 easque
1380 3001 1630 3057 leviores
1659 3020 1825 3059 men-

137 3088 252 3146 das
300 3087 551 3158 habeat,
610 3094 668 3143 et
697 3088 757 3143 in
784 3088 1123 3160 Aquitania,
1183 3089 1435 3145 fortasse
1464 3091 1820 3159 Engolismte
1851 3132 1890 3184 η

138 3183 246 3235 aut
278 3176 636 3247 Lemovicar,
669 3177 946 3251 scriptus,
980 3178 1251 3250 proxime
1270 3179 1345 3235 ad
1373 3182 1817 3253 autograplium

138 3267 433 3323 accedere
488 3267 780 3324 videatur.
837 3267 1157 3324 Historiam
1202 3268 1285 3324 ibi
1327 3269 1493 3326 nullo
1542 3271 1709 3326 titulo
1738 3271 1793 3326 in

141 3356 462 3432 scriptam,
486 3362 543 3414 et
572 3356 842 3428 singulos
871 3356 1056 3413 libros
1086 3356 1263 3413 nullis
1293 3357 1490 3414 rubris
1512 3359 1819 3416 distinctos

138 3447 406 3518 legimus
431 3465 446 3515 ξ
477 3446 675 3520 primo
701 3451 903 3503 tamen
931 3447 1196 3519 capitum
1247 3446 1425 3503 index
1470 3450 1818 3521 praemissus

140 3543 252 3607 est,
288 3537 540 3593 secundi
566 3553 705 3592 vero
736 3540 792 3591 et
833 3536 983 3593 tertii
1028 3536 1265 3592 initium
1318 3538 1579 3610 capitulo
1623 3540 1820 3611 primo

142 3625 751 3700 ascriptoindieatur.
789 3627 950 3682 Idem
981 3626 1263 3683 volumen
1320 3628 1582 3683 continet
1635 3628 1671 3684 f.
1720 3633 1818 3685 132

142 3714 419 3790 diploma
452 3716 640 3774 Caroli
672 3716 826 3786 regis
855 3714 930 3772 de
972 3719 1169 3772 castro
1201 3717 1521 3773 Fronciaeo
1553 3717 1817 3773 ecclesiae.

147 3803 587 3875 Engolismensi
641 3804 1019 3870 conﬁrmato,
1079 3804 1117 3859 f.
1192 3809 1292 3861 133
1362 3807 1816 3862 conventionem

147 3892 420 3949 Willelmi
474 3896 532 3948 et
586 3891 850 3962 Hugonis
879 3908 951 3947 ex
1001 3894 1134 3964 ipso
1183 3893 1387 3948 codice
1418 3909 1454 3950 a
1483 3894 1718 3950 Labbeo
1751 3898 1815 3965 ll,

145 3985 369 4056 p.135,
429 3981 674 4050 editam,
729 3986 786 4037 et
835 3980 873 4037 Ι.
932 3984 1035 4037 MO
1082 3998 1214 4054 sqq.
1266 3982 1589 4049 Eginhardi
1626 3983 1817 4040 Vitam

147 4072 343 4130 Caroli
369 4072 564 4143 Magni
594 4088 897 4129 mancam.
952 4074 1035 4127 Ex
1077 4072 1192 4127 hoc
1233 4073 1438 4128 codice
1482 4072 1817 4147 descriptus

149 4167 236 4218 est

223 4256 303 4320 1³)
338 4250 540 4322 regius
571 4250 917 4307 Parisiensis
952 4250 1157 4323 Suppl.
1189 4253 1309 4308 Lat.
1344 4267 1403 4307 ιι.
1442 4255 1564 4320 142,
1605 4254 1817 4325 chart.,

151 4359 196 4398 s.
225 4358 326 4413 xv,
361 4340 488 4410 fol.,
535 4340 640 4414 qui
688 4340 903 4396 eadem
954 4355 1140 4413 opera
1193 4341 1455 4398 continet
1506 4348 1562 4398 et
1606 4343 1819 4400 iisdem

150 4430 476 4502 Eginhardi
502 4429 699 4486 verbis
728 4429 873 4485 ﬁnit.
932 4432 1200 4487 Fortasse
1254 4429 1350 4486 hic
1395 4435 1482 4486 est
1526 4448 1706 4505 quem
1755 4433 1816 4490 in

151 4519 403 4589 collegio
456 4517 924 4577 Claromontano
982 4516 1130 4574 vidit
1177 4517 1469 4587 Labbeus,
1526 4518 1629 4592 qui
1663 4524 1815 4577 certe

151 4605 287 4664 huic
315 4606 702 4664 silimillimus
731 4604 859 4663 fuit.

220 4694 587 4772 interpolata
614 4694 861 4753 historia
885 4699 1077 4753 exstat
1094 4696 1154 4752 in
1186 4695 1389 4752 codice

2018 422 2072 475 2)
2114 417 2278 485 regio
2312 419 2570 474 Paricnsi
2606 434 2663 474 ιι.
2699 422 2860 485 5926,
2896 418 3073 483 mbr.,
3120 435 3252 473 sive.
3284 433 3363 475 xu
3393 435 3614 477 excun-

1953 506 2039 571 tis,
2072 507 2167 562 l'ol.
2207 508 2375 576 iniu.,
2410 508 2550 562 oliui
2580 512 2709 564 ⁸ιιιι.
2741 511 2946 577 Faure,
2988 525 3168 579 quem
3202 524 3271 563 ex
3304 508 3617 566 bibliothe-

1950 612 2021 649 ca
2052 595 2230 650 Hadr.
2269 596 2475 651 Vult-sil
2509 596 2727 668 recepit
2761 595 3053 650 Labbeus.
3110 596 3398 652 Volumen
3448 603 3509 654 17
3560 602 3618 655 et

1951 684 2131 738 semis
2164 685 2660 755 quaternionibus
2691 689 2948 753 constat,
2978 684 3081 755 qui
3112 683 3169 739 in
3224 685 3430 742 ultimo
3475 686 3616 742 folio

1952 790 2051 829 a-r
2081 774 2293 839 signati
2327 779 2484 829 sunt.
2517 778 2573 828 In
2607 773 2999 845 quaternione
3030 790 3085 828 iu
3129 773 3233 830 tria
3259 774 3480 831 desunt
3525 775 3614 831 to-

1950 862 2046 916 lia.
2083 862 2199 917 Fui.
2244 868 2358 917 l-tili
2413 863 2595 916 libros
2641 868 2673 917 2
2731 862 2957 934 priores
3006 862 3284 918 Ade-mari
3332 864 3613 933 continet,

1954 951 2053 1006 fol.
2090 958 2256 1006 iiIi-7‘.)
2291 952 2607 1021 ligiuliardi
2636 954 2827 1007 Vitam
2860 951 3075 1019 Karoli,
3098 951 3194 1006 l'o].
3220 957 3339 1009 79-1
3359 954 3434 1009 Μ’
3462 958 3616 1009 Ano-

1952 1040 2118 1111 nymi
2156 1040 2342 1094 Vitam
2375 1040 2649 1094 Ludovici
2682 1040 2782 1105 Pii,
2831 1040 2928 1094 fol.
2976 1032 3100 1095 ἰι-ι’
3147 1056 3278 1113 sqq.
3334 1041 3615 1099 Ademari

1950 1128 2260 1183 Historiam
2292 1130 2426 1183 inde
2458 1146 2493 1184 a
2521 1147 2596 1195 ιιι,
2646 1135 2706 1184 tti
2734 1129 3134 1201 prosequitur.
3194 1130 3382 1202 Ipsius
3430 1132 3615 1189 verba

1945 1217 2120 1273 etiam
2150 1218 2450 1290 prioribus
2484 1218 2647 1273 libris
2672 1218 3001 1290 saepissime
3031 1220 3300 1287 mutavit,
3334 1226 3389 1277 et
3426 1221 3612 1277 modo

1944 1306 2163 1378 ipsum,
2199 1307 2381 1362 modo
2412 1324 2564 1379 quos
2608 1307 2914 1379 exscripsit
2944 1308 3155 1377 fontes,
3210 1312 3381 1364 Gesta
3429 1311 3609 1366 Fran-

1943 1412 2148 1451 corum
2184 1401 2240 1451 ct
2269 1397 2524 1451 Annales
2563 1396 2999 1465 Laurisscnses,
3056 1402 3294 1453 secutus
3350 1403 3437 1454 est
3474 1402 3609 1470 (559),

1940 1486 2019 1541 ita
2052 1491 2113 1540 ut
2148 1485 2440 1551 Labbcus,
2471 1503 2610 1541 cum
2641 1486 2822 1541 etiam
2853 1486 3113 1555 integras
3159 1486 3349 1542 Caroli
3398 1492 3456 1543 et
3497 1491 3609 1544 Lu-

1940 1575 2135 1631 dovici
2185 1574 2339 1629 Vitas
2398 1575 2648 1630 insertas
2698 1574 2956 1641 vidisset,
2991 1575 3233 1630 nonnisi
3278 1580 3609 1633 extremam

1939 1668 2173 1734 partem
2204 1662 2502 1717 Adeinaro
2535 1662 2957 1719 ascribendam
2990 1679 3117 1717 esse
3160 1668 3412 1735 putaret.
3461 1668 3606 1721 Tex-

1860 1773 1900 1825 B
1939 1756 2053 1815 tus,
2083 1767 2307 1815 magna
2340 1751 2701 1820 negligentia
2731 1751 3087 1823 descriptus,
3132 1752 3367 1807 mendis
3398 1752 3606 1808 {mdis-

1940 1841 2104 1896 simis
2132 1845 2333 1906 scatet,
2367 1857 2502 1912 qtae
2536 1840 2887 1913 scriptorem
2917 1841 3151 1909 rudem,
3194 1856 3390 1913 neque
3417 1842 3477 1897 in
3504 1857 3605 1898 ve-

1940 1930 2161 1986 teribus
2193 1931 2357 1986 libris
2384 1931 2651 1999 legendis
2681 1947 2876 2002 neque
2907 1930 2967 1984 in
3017 1930 3334 1986 scribendo
3383 1932 3604 1989 exerci-

1938 2026 2128 2077 tatum
2157 2027 2435 2091 arguunt.
2492 2022 2816 2077 Literarum
2864 2021 3079 2090 forma,
3138 2022 3380 2093 qualem
3427 2022 3487 2078 in
3535 2022 3604 2078 li-

1935 2108 2058 2164 bris
2107 2109 2528 2181 inaunscriptis
2587 2109 3105 2164 Lemoviceusibus
3175 2110 3397 2182 saepius
3453 2110 3597 2179 vidi,

1936 2199 2114 2268 hujus
2191 2199 2352 2253 urbis
2432 2199 2803 2254 monachum
2857 2197 3122 2254 indicare
3182 2200 3433 2267 videtur,
3501 2199 3602 2255 ubi

1934 2288 2113 2345 etiam
2145 2289 2341 2361 ipsum
2375 2289 2861 2360 interpolatorem
2918 2288 3196 2357 deguisse
3248 2303 3435 2362 supra
3471 2306 3603 2345 mo-

1934 2378 2057 2434 nui.
2092 2379 2276 2433 litiam
2309 2378 2367 2434 in
2397 2379 2507 2433 hoc
2540 2378 2766 2446 codice,
2822 2394 3005 2450 quem
3059 2394 3129 2433 ex
3184 2384 3203 2434 t
3265 2379 3600 2435 derivatum

1935 2469 2216 2540 quamvis
2275 2484 2395 2523 non
2456 2468 2824 2540 ex~eriptum
2873 2484 3005 2523 esse
3055 2484 3174 2524 non
3230 2468 3441 2525 dubito
3466 2470 3601 2541 (60),

1931 2558 2177 2613 historia
2207 2558 2373 2613 titulo
2401 2561 2579 2613 caret.

2003 2648 2057 2715 3)
2086 2646 2321 2701 Plurimi
2354 2646 2453 2717 qui
2488 2649 2725 2701 exstant
2766 2645 3047 2701 Ademari
3097 2646 3333 2702 codices
3384 2663 3457 2703 ex
3507 2662 3603 2704 eo.

1931 2735 2069 2790 dem
2123 2734 2452 2806 exemplari
2501 2735 2618 2789 tine
2671 2733 2952 2789 destituto
3004 2734 3325 2803 fluxerunt,
3371 2735 3598 2808 quippe

1930 2824 2033 2896 qui
2066 2840 2146 2894 ιιι,
2178 2827 2268 2889 2i,
2311 2823 2507 2879 verbis
2562 2840 2574 2878 :
2632 2824 2861 2879 vicaria
2913 2824 3251 2879 Piliaeense
3309 2827 3387 2892 (et
3441 2826 3598 2880 alia:

1931 2930 2109 2985 quam
2131 2916 2435 2983 plurimas
2457 2912 2752 2984 ecclesias)
2780 2912 3089 2969 historiam
3111 2913 3597 2971 tiniant.Textum

1930 3003 2107 3058 nullis
2133 3002 2695 3076 iuterpolationibus
2742 3002 3117 3060 maculatum
3160 3003 3407 3061 habent.
3460 3008 3595 3078 Ipse

1934 3099 2046 3148 tres
2079 3092 2199 3148 vidi
2225 3094 2354 3165 (61).

2000 3183 2083 3254 3")
2116 3182 2730 3255 Montispessnlanum
2774 3197 2835 3238 ιι.
2892 3186 2982 3252 94,
3042 3182 3220 3240 mbr.,
3257 3200 3304 3237 s.
3336 3200 3435 3249 xu,
3470 3182 3594 3250 fol.,

1929 3269 2071 3327 olim
2126 3271 2357 3342 collegii
2412 3272 2734 3339 'I‘recensis,
2790 3272 2895 3345 qui
2943 3287 3139 3345 neque
3185 3270 3384 3327 titulos
3415 3272 3596 3328 liabet

1928 3377 2124 3433 neque
2158 3360 2393 3417 tertium
2420 3360 2640 3417 librum
2673 3360 3003 3430 distinguit.

2000 3450 2082 3520 3b)
2114 3448 2713 3521 Montispessulanum
2746 3464 2806 3503 ιι.
2833 3453 2961 3520 227,
2994 3448 3173 3515 mbr.,
3223 3447 3348 3519 fol.,
3397 3467 3443 3505 s.
3486 3466 3595 3505 xu-

1900 3537 2046 3604 ‘xm,
2077 3542 2207 3607 8vo,
2240 3538 2343 3609 qui
2369 3538 2531 3610 operi
2585 3537 2819 3593 titulum
2871 3539 3164 3607 Hysteria
3215 3538 3594 3593 Francorum

1929 3625 2214 3695 inscribit,
2256 3631 2313 3681 et
2340 3625 2589 3695 singulis
2616 3625 2780 3682 libris
2818 3624 3082 3699 capitum
3130 3625 3391 3682 indicem
3444 3640 3595 3699 prae-

1928 3715 2121 3771 mittit.

1999 3809 2079 3873 3°)
2110 3803 2711 3877 Montispessulanum
2736 3820 2796 3859 ιι.
2827 3810 2918 3869 27,
2959 3804 3138 3873 mbr.,
3190 3820 3236 3859 s.
3290 3818 3412 3874 xw,
3462 3802 3591 3871 fol.,

1928 3892 2031 3966 qui
2058 3909 2194 3948 cum
2227 3893 2289 3949 3b
2310 3893 2667 3965 plerumque
2689 3892 2987 3960 convenit,
3018 3892 3078 3948 in
3101 3894 3369 3966 capitum
3390 3897 3593 3949 tamen

1929 3981 2078 4039 tertii
2109 3981 2242 4038 libri
2272 3981 2480 4037 ordine
2512 3982 2589 4039 ab
2617 3981 2751 4055 ipso
2782 3981 2997 4055 differt,
3058 3987 3120 4041 18
3166 3998 3276 4056 pro
3320 3987 3389 4039 22
3437 3980 3597 4039 exhi-

1927 4072 2100 4128 hens.

2000 4161 2109 4218 Alii
2139 4162 2437 4234 ejusmodi
2464 4161 2701 4218 codices
2731 4162 3114 4219 inveniuntur

2003 4252 2087 4325 3“)
2119 4255 2316 4309 Romae
2341 4253 2402 4308 in
2432 4251 2575 4308 bibl.
2615 4254 2813 4308 Vat.n.
2854 4258 3011 4323 1795,
3040 4253 3223 4323 mbr.,
3258 4252 3358 4309 fol.
3394 4270 3442 4308 s.
3472 4268 3594 4308 xm.

1932 4342 2128 4414 (Arch.
2160 4344 2225 4412 v,
2256 4360 2317 4415 p.
2358 4346 2497 4413 116).

2002 4432 2077 4501 3e)
2119 4434 2321 4487 Romae
2374 4431 2434 4487 in
2483 4431 2631 4488 bibl.
2685 4431 2898 4489 Christ.
2958 4447 3018 4486 ιι.
3070 4436 3193 4499 905,
3254 4430 3436 4498 mbr.,
3490 4429 3591 4486 fol.

1856 4490 1899 4542 Β
1930 4490 2125 4587 (Arci).
2160 4523 2249 4587 Ill,
2282 4537 2341 4591 p.
2375 4523 2498 4585 422,
2526 4523 2650 4586 423,
2680 4519 2813 4575 coll.
2846 4534 2905 4575 v.
2937 4534 2999 4591 p.
3041 4490 3310 4591 tt7),'qui
3333 4490 3594 4574 eundem

1928 4609 2193 4682 capitum
2224 4608 2499 4664 ordinem
2530 4624 2714 4681 quem
2746 4607 2807 4663 3b
2827 4607 3052 4664 habere
3080 4607 3332 4663 videtur.

1999 4703 2071 4766 3f)
2107 4703 2308 4755 Bernae
2336 4714 2396 4754 ιι.
2430 4701 2555 4767 208,
2589 4696 2770 4766 mbr.,
2803 4716 2850 4754 s.
2883 4713 2984 4753 xui
3016 4697 3209 4769 (Arcb.
3247 4700 3310 4768 V,
3348 4712 3410 4771 p.
3440 4700 3590 4771 488).

1762 4877 1992 4934 ΝΟΤίΕ.

243 5055 337 5110 531
368 5067 449 5110 ιιι.
482 5054 567 5107 16.

482 5054 578 5193 ‘tg,
614 5125 700 5178 19.
762 5120 877 5178 Sed
926 5119 1056 5177 haec
1115 5120 1259 5178 satis
1317 5118 1623 5187 infeliciter
1683 5137 1823 5180 cum

242 5194 433 5251 emari
464 5194 808 5250 narratione
839 5192 1170 5251 coniunxit.

154 5192 445 5251 Ademari’
464 5194 808 5250 narratione
839 5192 1170 5264 conjunxit.

224 5268 336 5339 (55)
370 5264 456 5324 Cf.
489 5282 570 5337 ιιι,
601 5270 689 5339 16,
722 5264 805 5339 de
830 5268 1083 5339 moneta
1105 5265 1432 5339 Engolism.
1481 5278 1619 5322 cum
1667 5269 1821 5339 Gest.

156 5355 204 5394 c.
233 5335 325 5404 13,
362 5354 441 5403 ιιι,
474 5335 566 5404 24,
599 5337 674 5391 de
706 5335 971 5409 reliquiis
1022 5336 1435 5409 Hierosolyma
1462 5338 1777 5409 reportatis
1808 5356 1822 5408 ;

156 5413 210 5465 et
260 5413 331 5465 28
387 5425 530 5465 eum
588 5410 742 5464 Gest.
771 5423 822 5463 c.
860 5409 945 5474 19,
1004 5423 1085 5478 ιιι,
1146 5412 1258 5477 60;
1311 5413 1369 5465 et
1406 5413 1472 5465 66
1504 5424 1643 5465 cum
1670 5410 1820 5466 Gest.

158 5496 204 5537 c.
231 5485 321 5538 25.

226 5552 336 5623 (58)
377 5548 463 5613 Cf,
497 5550 655 5606 Gest.
690 5565 743 5623 ο.
780 5554 835 5605 11
873 5563 1015 5606 cum
1062 5549 1326 5607 Ademar
1371 5566 1453 5621 ιιι,
1501 5555 1609 5619 20;
1668 5554 1819 5609 Gest.

160 5639 206 5679 c.
235 5621 328 5693 ⁷14,
365 5625 452 5690 16,
487 5636 630 5677 cum
658 5621 868 5677 Adem.
902 5637 982 5689 ιιι,
1009 5625 1231 5694 23,ίθῑο.
1264 5623 1404 5694 Quae
1454 5626 1605 5679 Gest.
1658 5640 1709 5680 c.
1755 5628 1824 5679 25

160 5694 436 5824 gagunttur
493 5708 786 5764 magnam
816 5696 1049 5766 partem
1105 5693 1166 5749 in
1223 5693 1428 5750 codice
1470 5694 1829 5775 interpolata

199 5781 347 5824 esun
379 5808 392 5824 .

199 5781 392 5825 θειωῑ.

2002 5054 2116 5181 (37)
2147 5054 2230 5113 Cf.
2254 5071 2306 5113 c.
2341 5059 2395 5126 9,
2433 5059 2517 5138 10,
2545 5058 2602 5112 et
2628 5054 2957 5138 praesertim
3003 5068 3053 5109 c.
3102 5059 3190 5121 25,
3235 5056 3325 5121 26,
3375 5051 3478 5108 ubi
3516 5051 3592 5108 de

1934 5124 2093 5207 Wille
2120 5142 2219 5183 mo
2252 5126 2685 5207 Engolismensi
2737 5130 2950 5207 comite
2990 5124 3179 5207 multa
3204 5139 3368 5207 nova
3380 5122 3595 5207 legun:

1934 5202 2048 5268 tur,
2076 5193 2507 5272 quorumfpars
2534 5203 2766 5255 tantum
2797 5198 2875 5272 in
2926 5193 3283 5272 interpolato
3312 5193 3594 5272 Adefnari

1934 5264 2398 5343 textu'occurrif,
2426 5286 2562 5343 quae
2593 5284 2735 5327 vero
2760 5268 2839 5327 ab
2866 5281 2991 5325 uno
3015 5264 3352 5341 eodemque
3381 5264 3594 5339 procul

1932 5340 2120 5414 dubio
2146 5341 2366 5414 scripta
2398 5340 2554 5397 sunt.

2004 5411 2118 5485 (58)
2157 5429 2235 5485 ιιι,
2266 5411 2335 5469 i9
2366 5415 2831 5485 [20122,_25,A35,
2859 5415 2949 5479 43,
2981 5415 3071 5485 49,
3100 5416 3191 5480 57,
3221 5413 3330 5467 etc.

2005 5480 2120 5557 (59)
2161 5481 2245 5557 ϐξ.
2278 5480 2414 5557 quae
2444 5480 2971 5557 Archiv._’Vol._Vltt
2995 5483 3263 5557 dicturus
3289 5496 3445 5557 sum.

2006 5550 2120 5628 (eo)
2160 5554 2244 5613 Cf.
2276 5550 2411 5628 quae
2442 5556 2516 5611 de
2547 5554 2884 5624 Eginhardo
2913 5552 3056 5612 dicit
3082 5557 3245 5611 Pertz
3290 5550 3329 5610 1.
3379 5555 3421 5621 ι,
3478 5552 3595 5610 Ρα-

1934 5626 2204 5697 tralogia:
2228 5626 2370 5683 tom.
2402 5629 2577 5685 XCVI.

2008 5702 2121 5769 (61)
2169 5698 2251 5755 Cf.
2284 5698 2516 5755 Archiv.
2551 5701 2664 5770 VII,
2689 5713 2833 5777 pag.
2860 5701 2989 5769 433,
3014 5714 3149 5776 sqq.
