4944 6546
1390 443 1455 496 19
2570 438 2880 494 ADEMARl
2926 439 2980 490 S.
3024 433 3300 490 CIBABDI
3341 432 3649 487 MONACHI
4743 432 4808 483 20

1455 562 1512 632 4)
1548 561 1731 617 Paris.
1763 576 1824 616 n.
1872 566 2010 618 6190
2060 564 2193 633 (62).
2245 562 2442 617 Glabri
2500 561 2791 633 Rodulphi
2852 558 3037 614 codici
3078 559 3122 612 A
3150 554 3394 623 singulis
3423 555 3793 627 quibusdam
3824 555 3969 611 locis
3999 559 4233 612 tantum
4271 554 4501 610 codicis
4549 552 4813 609 Thuanei

1384 654 1644 723 quatuor
1670 648 1812 705 folia
1837 665 1971 704 srec.
2004 667 2168 705 Xl-Xll
2224 654 2428 705 assuta
2468 655 2625 717 sunt,
2682 666 2816 721 qum
2876 647 3038 701 varia

1383 754 1455 795 ex
1483 738 1782 793 Ademaro
1813 743 2092 810 excerpta
2117 738 2441 804 continent,
2469 743 2679 810 postea
2725 755 2791 791 ex
2826 736 3038 791 eodem

1380 826 1540 882 fonte
1573 830 1768 882 aucta.
1801 829 1963 893 Quae,
1992 826 2158 881 nullo
2189 826 2397 881 ordine
2445 827 2682 899 scripta,
2734 825 2916 880 modo
2950 824 3037 897 ip-

1384 916 1508 971 sius
1538 915 1725 971 verba
1748 915 2020 981 retinent,
2050 916 2232 971 modo
2263 920 2492 971 mutato
2539 915 2691 986 stylo
2735 914 2907 969 valde
2955 913 3038 968 di-

1380 1021 1620 1061 versam
1651 1003 1938 1060 narrandi
1960 1004 2250 1060 rationem
2280 1004 2619 1073 ostendunt,
2655 1008 2728 1072 et,
2762 1003 3039 1075 quamvis

1385 1111 1458 1151 ex
1487 1094 1692 1151 codice
1720 1111 1842 1150 non
1871 1094 2226 1167 interpolata
2255 1094 2573 1166 descripta,
2593 1095 2652 1149 in
2674 1094 3038 1165 quibusdam

1386 1189 1588 1241 tamen
1617 1200 1755 1239 cum
1784 1189 1817 1238 2
1848 1184 2207 1239 conveniunt
2230 1186 2243 1253 (
2253 1185 2361 1253 63),
2391 1184 2469 1238 ita
2505 1189 2565 1239 ut
2606 1184 2848 1238 fortasse
2893 1183 3041 1237 inter

1384 1272 1573 1346 ipsius
1600 1272 1716 1328 sint
1746 1272 2055 1328 referenda
2078 1272 2287 1327 fontes.

1456 1360 1735 1417 Ademari
1762 1360 1912 1415 liber
1940 1359 2165 1429 integer
2187 1376 2503 1432 nunquam
2542 1359 2780 1432 prodiit.
2818 1362 3034 1415 Secun-

1384 1449 1532 1504 dum
1557 1447 1779 1505 librum
1808 1447 2065 1502 Pithmus
2093 1448 2196 1503 SS.
2234 1450 2357 1503 XII
2382 1450 2665 1503 coa’lauei
2689 1448 2782 1501 ed.
2826 1450 2951 1501 I’ar.
2982 1452 3033 1511 2,

1382 1552 1442 1610 p.
1476 1541 1529 1603 6,
1562 1535 1775 1591 Francf
1799 1551 1858 1608 p.
1892 1539 2018 1596 230)
2053 1535 2283 1607 primus
2317 1553 2389 1591 ex
2417 1536 2549 1591 cod.
2585 1541 2600 1591 I
2642 1535 2844 1601 edidit,
2887 1534 3036 1588 Ade-

1382 1623 1535 1680 mari
1570 1622 1813 1679 nomine
1846 1639 2210 1695 suppresso;
2264 1624 2521 1696 indeque
2575 1623 2797 1678 transiit
2842 1622 2899 1676 in
2929 1623 3039 1675 Du-

1384 1711 1610 1767 chesnii
1639 1713 1734 1767 SS.
1773 1712 1854 1781 (ll,
1882 1728 1939 1783 p.
1976 1713 2060 1781 68)
2089 1715 2145 1766 et
2172 1714 2269 1768 SS.
2306 1712 2683 1784 Kulpisianos
2724 1714 2797 1781 (3,
2833 1728 2889 1782 ι).
2926 1714 3034 1764 iiii.

1382 1800 1547 1856 Idem
1572 1799 1829 1854 Pithoeus
1861 1799 2136 1854 Ademari
2166 1806 2441 1872 excerpta
2470 1818 2514 1855 s.
2548 1806 2584 1856 t.
2613 1826 2637 1849 ‹‹
2673 1800 3038 1871 Aquitanicae

1382 1888 1639 1946 historiae
1670 1888 2074 1957 fragmentum
2110 1912 2134 1937 ››
2184 1905 2256 1943 ex
2301 1890 2501 1944 codice
2545 1893 2576 1944 4
2624 1888 2844 1961 publici
2890 1888 3040 1957 juris
3074 1910 3110 1961 Β

1382 1978 1517 2033 fecit
1550 1978 1676 2043 (SS.
1720 1979 1846 2033 XII
1870 1983 2032 2033 coa't.
2067 1978 2159 2033 ed.
2192 1982 2318 2033 I‘ar.
2362 1984 2411 2043 2,
2442 1995 2499 2050 p.
2534 1982 2656 2043 416,
2690 1978 2783 2033 ed.
2810 1977 3035 2033 Franci.

1384 2083 1442 2138 p.
1474 2072 1597 2132 517,
1650 2071 1706 2121 et
1755 2066 1855 2121 SS.
1904 2068 2027 2121 ΧΙΙ
2055 2070 2339 2122 σολνίηηθί
2372 2084 2430 2139 p.
2478 2075 2590 2138 79),
2637 2084 2771 2139 quae
2814 2068 3039 2121 llllClIO-

1386 2155 1621 2219 snii,ex
1650 2154 1838 2227 ipsius
1868 2155 2145 2210 Adcmari
2196 2160 2258 2211 ut
2308 2156 2539 2210 videtur
2589 2156 2790 2209 codice
2844 2160 3038 2219 aucta,

1381 2243 1784 2315 repetiverunt
1815 2244 1935 2314 (SS.
1970 2248 2032 2310 ll,
2066 2261 2126 2317 p.
2162 2250 2299 2311 632;
2340 2248 2425 2313 IV,
2453 2262 2511 2316 p.
2546 2250 2655 2305 8m.
2694 2248 2866 2298 Breve
2900 2244 3041 2297 Adc-

1383 2331 1537 2387 mari
1590 2332 1994 2401 fragmentum
2053 2339 2117 2387 Α.
2196 2333 2562 2387 IIuchcsnius
2641 2334 2813 2387 etiam
2905 2333 3037 2386 llist.

1385 2424 1584 2475 Norm.
1650 2424 1747 2476 SS.
1811 2421 2138 2476 collectioni
2194 2424 2274 2493 ('p.
2338 2428 2421 2475 Ith
2473 2422 2735 2476 inseruit.
2799 2423 3041 2491 Majores

1382 2508 1550 2564 locos
1610 2524 1835 2580 eosque
1887 2526 1958 2564 ex
2016 2510 2244 2581 optimo
2290 2511 2511 2573 codice,
2556 2512 2799 2564 fortasse.
2830 2510 3040 2564 codem

1382 2612 1565 2669 quem
1602 2602 1647 2652 I.
1677 2599 2007 2667 nominavi,
2039 2599 2368 2671 descriptos
2404 2604 2530 2669 (ut),
2566 2599 2783 2653 Ιὶιιλιίιις
2816 2600 2871 2653 in
2910 2615 3039 2670 pro-

1380 2685 1726 2741 bationibus
1785 2687 2039 2748 historiae
2089 2688 2373 2742 comitum
2431 2689 2859 2742 l’iclavensium
2924 2692 3034 2744 diri)

1381 2774 1667 2830 exhibuit.
1699 2776 2011 2830 Historiam
2044 2794 2113 2830 ex
2146 2777 2442 2832 Adcmaro
2472 2778 2717 2849 aliisque
2749 2777 3033 2847 compila-

1380 2868 1505 2921 tam
1555 2867 1755 2920 Petrus
1809 2882 1843 2920 a
1902 2868 1956 2921 S.
2009 2867 2339 2920 Itomualdo
2388 2867 2499 2921 Inui
2543 2867 2860 2926 deditum).
2896 2867 3038 2919 Lab-

1378 2954 1528 3009 beus
1558 2954 1740 3025 paulo
1769 2960 1903 3026 post
1945 2955 2267 3010 editionem
2323 2956 2664 3011 absolutam
2720 2972 3037 3025 aggressus

1379 3048 1486 3115 est,
1540 3043 1732 3098 tribus
1786 3044 2094 3098 codicibus
2145 3062 2328 3116 supra
2385 3046 2656 3100 indicatis
2706 3050 2773 3113 (I,
2830 3051 2906 3107 1η,
2961 3052 3035 3112 2.)

1378 3148 1567 3199 usus;
1627 3132 1733 3186 sed
1779 3132 2063 3201 singulari
2114 3150 2310 3187 errore
2366 3134 2583 3189 librum
2614 3134 3035 3205 interpolatum

1381 3225 1636 3286 secutus,
1692 3219 1987 3289 integram
2042 3221 2319 3276 Ademari
2374 3222 2685 3277 Historiam
2763 3222 3033 3289 neglexit,

3148 643 3330 698 verba
3380 643 3657 699 referens.
3714 648 3791 700 Ex
3830 645 4026 718 primo
4074 644 4227 699 libro
4257 642 4502 699 nonnisi
4534 646 4815 713 excerpta
4878 652 4889 667 ‘

3146 731 3427 803 quaedam
3474 732 3653 797 dedit,
3706 733 4039 788 secundum
4091 737 4386 804 tanquam
4440 732 4578 803 jam
4642 735 4814 785 antea

3146 818 3371 874 editum
3397 821 3787 891 praetermisit,
3845 822 3992 877 tertii
4048 836 4291 893 quoque
4339 820 4512 876 initio
4552 818 4814 893 plurima

3147 923 3217 962 ex
3274 914 3424 963 Ann.
3487 910 3970 965 Laurissensibus
4019 910 4235 965 hausta
4301 908 4669 982 suppressit.
4742 910 4815 962 Ex

3151 997 3367 1052 Labbei
3417 1003 3473 1053 et
3528 999 3841 1054 Duchesnii
3891 999 4252 1054 editionibus
4299 1000 4504 1070 major
4533 997 4816 1053 Ademari

3150 1087 3414 1142 Historia:
3470 1104 3609 1159 pars
3662 1088 3722 1144 in
3783 1089 4068 1161 Bouqueti
4117 1088 4531 1143 collectionem
4578 1091 4819 1158 recepta

3149 1182 3235 1231 est
3294 1178 3376 1245 (II,
3429 1193 3485 1249 p.
3548 1181 3697 1244 liti;
3750 1180 3812 1245 V,
3873 1194 3932 1250 p.
3992 1181 4131 1241 I8-i;
4209 1180 4295 1243 Vl,
4349 1193 4411 1249 p.
4469 1180 4633 1242 223;
4712 1178 4820 1245 Vll,

3144 1283 3202 1337 p.
3266 1271 3409 1331 225;
3483 1269 3615 1333 VIII,
3674 1282 3731 1338 p.
3788 1271 3938 1334 232;
3990 1270 4051 1335 Χ,
4109 1282 4167 1339 p.
4229 1267 4484 1336 144-164)
4538 1264 4821 1337 notisque

3144 1353 3449 1409 illustrata.

3220 1444 3403 1498 Etiam
3434 1444 3492 1498 in
3525 1445 3635 1500 hac
3664 1461 3849 1516 quam
3876 1443 4102 1500 institui
4151 1459 4311 1499 nova
4370 1443 4643 1499 editione
4701 1459 4823 1498 non

3145 1532 3623 1605 integrum'opus
3654 1532 3769 1588 luci
3800 1533 4071 1589 dandum
4102 1536 4247 1597 erat,
4282 1532 4388 1587 sed
4412 1533 4549 1587 baro
4581 1535 4821 1587 tantum

3146 1622 3547 1693 cxbibuiquze
3591 1622 3924 1679 Ademarus
3984 1622 4249 1678 fontibus
4310 1621 4426 1677 illis
4476 1620 4825 1692 majoribus

3147 1711 3360 1780 adjecit
3411 1716 3514 1765 aut
3565 1712 3807 1784 proprio
3862 1715 4035 1767 Marte
4093 1710 4471 1783 conscripsit.
4524 1714 4591 1765 In
4636 1726 4822 1782 quem

3146 1800 3327 1854 tinem
3359 1800 3623 1855 codicem
3656 1806 3673 1855 1
3704 1800 3925 1873 perlegi
3956 1800 4280 1873 omniaque
4308 1799 4614 1855 memoria
4638 1799 4826 1868 digna

3148 1905 3217 1943 ex
3250 1888 3456 1960 primis
3484 1889 3645 1944 libris
3676 1890 3979 1961 exscripsi.
4016 1894 4078 1945 In
4105 1889 4505 1961 sequentibus
4529 1888 4825 1943 eumdem

3149 1976 3412 2031 codicem
3444 1983 3714 2033 accurate
3759 1978 4218 2050 exprimendum
4277 1977 4507 2043 curavi,
4573 1981 4635 2031 et
4690 1992 4824 2047 quae

3148 2067 3371 2122 correxi
3403 2068 3459 2122 in
3488 2068 3641 2123 notis
3672 2084 3907 2141 semper
3932 2068 4101 2123 retuli
4148 2072 4281 2135 (67).
4337 2072 4397 2122 In
4449 2067 4668 2122 codice
4724 2084 4824 2119 sa»

3148 2157 3281 2229 pius
3304 2173 3338 2211 (ι
3372 2174 3479 2229 pro
3506 2176 3535 2213 θ
3565 2158 3853 2219 scribitur,
3896 2157 4059 2229 quod
4091 2173 4163 2212 ex
4190 2157 4516 2211 verborum
4545 2172 4823 2228 pronun-

3150 2246 3388 2300 tiatione
3442 2246 3499 2300 in
3557 2247 3887 2318 Aquitaniae
3933 2246 4277 2315 regionibus
4333 2246 4561 2301 usitata
4621 2250 4822 2300 ortum

3150 2350 3279 2388 esse
3308 2335 3538 2389 videtur
3568 2353 3578 2388 :
3604 2352 3654 2400 e,
3691 2351 3802 2403 gr.,
3858 2337 4357 2404 Nannclansium,
4408 2337 4820 2400 Rotomansis,

3150 2424 3476 2487 biamzium,
3511 2425 3868 2489 mnandalio,
3891 2426 4397 2493 commandalum,
4423 2424 4827 2493 epulantissi-

3149 2528 3325 2579 mam,
3357 2513 3852 2580 ampleclabamr,
3888 2528 4217 2581 assumans,
4248 2519 4591 2578 rererlans,
4650 2513 4821 2568 deco-

3149 2616 3300 2670 ram,
3331 2602 3845 2669 Engolismensam
3875 2610 3883 2657 ξ
3897 2606 4006 2671 68).
4069 2604 4199 2657 Haec
4253 2617 4331 2657 an
4369 2600 4688 2656 Ademaro
4736 2601 4827 2655 tri-

3147 2689 3389 2743 buerem
3423 2689 3704 2756 haesitavi,
3739 2690 3998 2761 recipere
4031 2695 4232 2746 tamen
4262 2690 4449 2745 nolui.
4480 2691 4635 2755 Quae
4685 2691 4749 2745 in
4796 2696 4825 2743 2

3146 2778 3467 2841 adduntur,
3501 2782 3601 2832 aut
3630 2783 3855 2833 mutata
3885 2778 4180 2847 leguntur,
4232 2778 4387 2833 infra
4438 2778 4683 2842 addidi,
4732 2794 4826 2832 ne-

3145 2883 3260 2937 que
3293 2871 3491 2921 tamen
3518 2884 3726 2922 omnes
3756 2885 3975 2939 easque
4005 2884 4161 2939 saepe
4207 2868 4567 2923 falsissimas
4618 2867 4826 2921 lectio-

3148 2972 3251 3009 ucs
3284 2956 3537 3010 cnotavi.
3568 2960 3626 3010 In
3656 2957 3924 3026 margine
3966 2961 4192 3011 certum
4228 2956 4509 3011 ordinem
4566 2956 4827 3009 chrono-

3147 3044 3406 3110 Iogicum
3440 3044 3718 3110 stabilire,
3752 3045 3811 3100 in
3838 3045 3994 3100 notis
4032 3060 4260 3100 errores
4291 3045 4597 3111 corrigere
4650 3049 4711 3099 et
4737 3060 4825 3097 res

3146 3133 3527 3203 Aquitanicas
3556 3134 3822 3205 aliasque
3854 3133 4145 3189 memoria
4175 3133 4392 3203 dignas
4438 3148 4647 3205 quam
4698 3131 4826 3186 bre-

3146 3222 3382 3276 vissime
3414 3222 3707 3293 explicare
3739 3227 3987 3278 conatus
4018 3238 4175 3278 sum.
4457 3224 4527 3277 (Ξ.
4564 3223 4791 3275 ΨΑιη.

2986 3347 3204 3401 ΝΟΤᾸί.

1454 3445 1568 3515 (62)
1608 3440 1806 3515 Codex
1831 3441 1971 3515 olim
2006 3444 2063 3515 ΕΛ.
2104 3442 2282 3497 Vincti
2330 3449 2535 3515 pOstca
2583 3445 2809 3500 Thuani
2859 3445 3034 3499 fuisse

1383 3512 1652 3588 videtur;
1685 3512 1772 3588 cf.
1797 3512 1960 3588 Bcsly
1992 3513 2132 3567 Hist.
2168 3512 2453 3569 comitum
2495 3516 2733 3583 l’ictav.,
2794 3533 2850 3588 p.
2910 3522 3026 3570 199.

1456 3586 1569 3722 ἓ63)
1608 3599 1688 3649 ιιι,
1722 3587 1809 3647 28,
1845 3587 1931 3637 :ti.

1464 3658 1545 3722 ‘6'!-
1608 3671 1660 3709 v.
1691 3670 1749 3722 p.
1792 3658 1906 3709 I99.

1480 3658 1569 3722 6i)
1608 3671 1660 3709 v.
1691 3670 1749 3725 p.
1792 3658 1906 3709 I99.

1454 3716 1565 3793 (63)
1604 3716 1865 3779 Histoire
1895 3726 1995 3780 (les
2025 3733 2237 3782 comles
2264 3728 2336 3783 de
2364 3729 2607 3783 Poictou
2648 3737 2700 3785 et
2750 3731 2850 3785 des
2886 3730 3030 3785 ducs

1382 3796 1765 3872 tleiGug/enne
1786 3811 1905 3872 par
1932 3798 2207 3872 I._Besly.
2235 3798 2411 3863 Paris,
2444 3804 2596 3865 1647,
2622 3801 2745 3869 fol.,
2779 3801 3027 3872 passim.

1454 3867 1564 3935 (66)
1604 3868 1888 3923 Historia.)
1951 3869 2327 3924 Francorum
2382 3886 2481 3925 seu
2534 3867 2818 3926 Chronici
2880 3873 3033 3926 Ade-

1382 3939 1539 3992 mari
1566 3938 2032 4005 Engclismensis
2058 3940 2307 4007 epitome
2336 3972 2402 3979 -—
2432 3957 2561 3996 cum
2596 3945 2748 3997 nolis
2781 3945 3030 3997 nonnul-

1385 4010 1571 4077 lisque
1617 4009 1994 4076 interpolatis
2053 4012 2404 4079 quibusdam
2454 4016 2629 4068 etiam
2714 4016 2931 4069 odditis
2995 4031 3030 4070 α

1382 4079 1598 4133 domno
1636 4078 1815 4133 Petro
1871 4095 1907 4133 a
1963 4080 2024 4133 S.
2058 4078 2388 4137 Romualdo
2437 4084 2722 4140 Fuliensi.
2779 4087 3031 4141 Parisiis

1409 4210 2055 4222 -——_——.——

1458 4568 1507 4617 I.
1548 4563 1905 4637 Principium
1933 4568 2098 4637 regni
2132 4572 2513 4645 Francorum,
2558 4580 2691 4644 etc.,
2746 4584 2809 4633 ut
2860 4580 3033 4638 Gesta

1378 4652 1777 4709 Francorum.

1456 4745 1539 4795 II.
1582 4745 1759 4810 (Gest.
1792 4746 2167 4805 Francorum
2196 4768 2245 4807 c.
2276 4756 2355 4825 Is)
2397 4756 2525 4813 hmc
2554 4759 2867 4817 adduntur
2903 4779 2923 4818 .·
2955 4766 3034 4818 Eo

1378 4834 1646 4920 tempore
1671 4839 1913 4889 sanctus
1948 4839 2273 4907 Eparchius
2306 4850 2481 4900 natus
2516 4853 2602 4902 est
2627 4854 2793 4920 patre
2821 4852 3033 4907 comite

1377 4919 1763 5009 Petrogoricae
1788 4924 2031 4979 nomine
2065 4927 2265 5000 Felice,
2294 4933 2397 5003 qui
2428 4919 2644 5006 postea
2662 4937 2872 5009 plenus
2900 4957 3033 4995 san-

1379 5005 1572 5061 ctitate
1604 5012 1893 5079 patronus
1916 5013 2224 5082 Egolismte
2256 5005 2506 5077 civitatis
2536 5005 2725 5080 factus
2756 5031 2861 5082 est.

1453 5096 1562 5187 itii.
1593 5096 1731 5164 (An.
1766 5102 1887 5153 508.
1922 5102 2075 5157 (ἔθει.
2106 5119 2154 5159 c.
2194 5110 2279 5177 t7)
2330 5110 2470 5165 add.
2504 5129 2517 5165 :
2548 5116 2609 5167 In
2652 5114 2784 5187 ipsa
2835 5115 3033 5173 civita-

1378 5185 1433 5271 te
1464 5182 1541 5253 (1)
1571 5200 1917 5243 consecrare
1946 5188 2083 5247 fecit
2122 5191 2182 5248 in
2235 5197 2584 5271 episcopatu
2630 5182 3030 5262 venerabilem

1376 5270 1575 5325 virum
1590 5276 1917 5369 “Aptonium
1950 5280 2331 5352 capellanum
2365 5270 2562 5356 suum,
2605 5294 2860 5365 expulso
2918 5296 3032 5367 pri-

3146 3446 3309 3512 (ιρίαί
3336 3446 3398 3499 L.
3434 3445 3863 3513 Chamhoudry
3919 3449 4074 3513 I652,
4140 3449 4223 3500 t2.
4287 3444 4489 3501 Simile
4537 3462 4708 3513 opus
4738 3464 4825 3501 ex-

3142 3521 3251 3569 stat
3282 3518 3339 3570 in
3368 3516 3499 3570 cod.
3534 3519 3660 3571 Par.
3696 3533 3754 3571 ιι.
3786 3520 3943 3581 6182,
3995 3516 4206 3585 chart.,
4265 3535 4311 3570 s.
4345 3532 4469 3570 xvn
4506 3535 4520 3571 :
4578 3516 4675 3574 De
4716 3521 4826 3573 ori-

3139 3589 3275 3655 gine
3322 3588 3693 3660 Francorum
3744 3603 3819 3643 cx
3862 3589 4144 3643 chronica
4185 3588 4486 3643 Ademari
4528 3589 4823 3660 Engolis-

3140 3660 3351 3713 mensis
3382 3659 3663 3713 monachi
3688 3661 3885 3714 sancti
3920 3659 4245 3714 Martialis.

3212 3732 3491 3803 (67)-1100Δ
3515 3746 3635 3784 uno
3664 3735 3932 3803 excepto,
3964 3729 4129 3800 quod
4155 3729 4215 3784 in
4264 3729 4532 3803 genitivo
4581 3748 4829 3803 semper

3142 3816 3187 3854 a’
3219 3800 3604 3874 scribendum
3636 3817 3762 3855 esse
3794 3800 3959 3874 duxi,
3987 3816 4125 3855 cum
4148 3801 4357 3874 codex
4401 3802 4521 3874 sibi
4552 3803 4677 3874 ipsi
4708 3800 4825 3857 non

3141 3877 3423 3943 constans
3452 3872 3632 3925 modo
3660 3889 3706 3926 (νε
3738 3872 3920 3926 modo
3946 3888 3976 3927 ρ
4016 3872 4420 3943 (potissimum
4456 3872 4521 3927 in
4576 3872 4829 3928 iirbium

3143 3942 3485 3997 nominibus
3518 3944 3877 4012 Engolisme,
3908 3942 4231 4007 Lemovice,
4259 3946 4398 4013 etc.)
4434 3944 4758 4000 exhibeat.

3213 4020 3324 4081 (68)
3368 4017 3495 4068 llzec
3527 4014 3823 4069 interdum
3848 4015 3976 4083 jam
4008 4014 4068 4068 in
4099 4014 4303 4069 codice
4336 4021 4625 4071 correcta
4654 4024 4828 4071 sunt:

3141 4086 3333 4139 classa
3364 4101 3514 4139 corr.
3545 4087 3749 4151 classe,
3781 4087 4164 4141 Salasensam
4215 4102 4369 4141 corr.
4404 4088 4829 4143 Salasensem.

2458 4324 2938 4414 LIBER
3067 4324 3716 4417 PRIMUS.

3212 4588 3299 4641 24.
3329 4587 3469 4656 (An.
3504 4591 3625 4642 581.
3661 4587 3729 4642 G.
3761 4600 3811 4642 ε.
3845 4588 3935 4657 25)
3958 4585 4097 4642 add.
4136 4604 4149 4641 :
4198 4588 4305 4640 Per
4364 4584 4540 4641 idem
4587 4593 4837 4662 tempus

3144 4680 3383 4732 sanctus
3440 4675 3764 4750 Eparchius
3815 4674 4035 4748 prmsul
4064 4677 4086 4709 ²
4131 4673 4478 4731 Sanctionis
4539 4682 4607 4733 et
4670 4685 4839 4751 pater

3145 4767 3570 4835 Egolismcnsis
3597 4765 3873 4835 migravit
3896 4765 3974 4820 ad
3996 4764 4295 4821 Christum
4311 4763 4409 4819 die
4436 4766 4661 4837 primo
4682 4768 4834 4823 Julii.

3212 4862 3298 4912 29.
3331 4859 3420 4923 (G.
3454 4873 3504 4912 c.
3536 4858 3625 4926 30)
3652 4856 3792 4911 add.
3825 4873 3838 4910 :
3872 4857 3948 4910 Eo
3982 4859 4249 4925 tempore
4293 4860 4557 4910 sanctus
4616 4860 4837 4926 (nego.

3140 4945 3263 5000 rius
3292 4946 3775 5019 archiepiscopus
3816 4944 4178 5000 Turonensis
4218 4944 4471 5011 magnis
4503 4945 4838 5002 virtutibus

3142 5034 3540 5104 fulgebat.Per
3558 5034 3719 5089 idem
3750 5038 3986 5105 tempus
4010 5036 4252 5088 sanctus
4297 5033 4667 5090 Germanus
4694 5034 4839 5090 Pari-

3142 5123 3368 5180 siorum
3399 5125 3738 5197 episcopus,
3764 5122 3984 5177 missus
4004 5138 4040 5177 a
4058 5136 4197 5189 rege
4220 5120 4597 5179 Cbariberto
4623 5125 4839 5194 Egolis-

3140 5228 3306 5268 mam
3333 5213 3653 5279 civitatem,
3681 5210 4054 5267 consecravit
4078 5209 4400 5265 basilicam
4429 5213 4645 5269 sancti
4668 5217 4840 5286 Epar-

3138 5298 3275 5368 chii,
3312 5301 3415 5356 ubi
3440 5302 3566 5373 ipse
3587 5316 3781 5373 nuper
3809 5298 4078 5371 sepultus
4098 5297 4294 5353 fuerat
4325 5316 4340 5365 ;
4370 5299 4591 5357 adfuit
4612 5320 4758 5358 cum
4778 5317 4840 5356 eo

3138 5390 3498 5447 venerabilis
3529 5389 3845 5459 Gregorius
3874 5388 4193 5461 episcopus
4227 5389 4648 5460 Turonensis,
4708 5398 4763 5448 et
4790 5393 4839 5445 in

2748 5481 2976 5537 VARUS
3021 5484 3425 5544 LECTIONES.

1402 5619 1412 5629 ,
1451 5552 1466 5584 ¹
1500 5567 1550 5605 α.
1581 5557 1665 5635 16.
1703 5555 2011 5639 Gestorum
2047 5575 2117 5628 (ο.
2149 5569 2256 5633 15.)
2286 5569 2465 5625 verba
2496 5572 2583 5626 ita
2616 5574 2900 5642 leguntur
2931 5595 2943 5632 :
2971 5582 3256 5646 Deinceps
3286 5598 3503 5640 omnes
3536 5584 3819 5640 (ecclesiae
3865 5582 3963 5639 Dei
4009 5598 4145 5637 cum
4177 5585 4570 5645 auctoritate
4618 5594 4843 5662 aposto-

1375 5619 1483 5676 lJce
1515 5624 1642 5693 (διε)
1672 5628 1923 5683 Romam
1954 5630 2068 5684 hoc
2097 5638 2437 5693 exemplum
2466 5648 2923 5693 agentesngmm
2977 5652 3050 5693 ad
3096 5668 3345 5693 nrounnc
3400 5654 3560 5693 ίηρςια
3610 5655 3879 5693 ιωιοηίαο
3940 5654 4251 5693 triduana:
4300 5655 4560 5693 ultimm
4605 5659 4839 5693 ...διοινδ

2132 5648 2708 5736 ξίηθηιξλξξιξι-ξξξξξεθηθῑθξ
2734 5662 2923 5736 usque
2976 5652 3054 5736 ad
3096 5668 3345 5736 presens
3400 5654 3561 5736 ipsas
3607 5655 3881 5715 laetanias
3940 5654 4251 5710 triduanas
4300 5655 4560 5731 ubique
4603 5648 4839 5718 célebre

1378 5680 1643 5749 recolunt
1667 5680 1817 5752 ante
1831 5680 2525 5768 άξέἑὲιὲίοῆἔηῗ

1446 5855 1462 5921 (
1476 5863 1491 5909 1
1510 5862 1524 5926 )
1566 5861 1926 5927 Engolisma.

2605 5717 2625 5748 ε
2665 5731 2723 5786 p.
2762 5732 2810 5769 s.
2844 5724 2898 5774 et
2922 5729 3055 5789 post
3081 5717 3255 5782 érasa
3288 5732 3337 5783 I.

2985 5821 3183 5877 NOTAE
