3966 6448
126 296 210 351 21
1277 297 1753 355 HISTORIARUM
1793 299 1969 353 LIBRI
2016 297 2210 352 TRES.
2245 328 2312 336 ——-
2348 298 2473 353 LIB.
2517 300 2556 353 1.
3568 306 3635 357 '22

128 416 302 489 ipsa
333 414 597 473 basilica
628 417 819 473 multa
849 417 1106 491 pignora
1119 418 1509 492 reliquiarum
1538 421 1697 477 beati
1721 424 1861 477 Mar-
1900 427 1945 478 Α
1966 418 2280 488 Martellns,
2312 419 2642 492 Chilperico
2688 428 2950 492 recepto,
2982 435 3185 489 regem
3242 437 3381 477 eum
3413 424 3634 480 consti-

130 505 264 561 tini
331 506 612 580 episcopi
670 507 1055 579 collocantes,
1109 508 1581 566 dedicaverunt3
1612 527 1745 567 eam
1794 509 1857 565 in
1965 508 2093 577 tuit,
2122 508 2343 564 oblitus
2398 514 2755 565 cunctorum
2808 526 2943 581 qgaa
3001 509 3061 564 in
3104 526 3175 564 eo
3208 510 3425 566 fecerat
3449 511 3636 568 malo-

130 595 453 667 ejusdem
485 597 676 653 sancti
705 597 931 654 Martini
994 599 1243 654 honore.
1282 600 1543 673 Denique
1585 600 1646 655 in
1675 600 1858 655 altare
1963 613 2119 665 rum,
2154 598 2259 653 sed
2280 614 2420 653 cum
2450 597 2782 655 Raenfredo
2812 598 3103 653 amicitias
3137 601 3155 633 τ
3181 599 3375 654 facere
3419 600 3629 657 noluit.

130 683 362 756 ipsius
410 683 490 740 ab
542 684 758 741 eodem
806 689 1016 741 sancto
1067 688 1362 743 Germano
1414 691 1593 760 atque
1651 691 1856 743 sancto
1964 689 2085 742 Rex
2111 686 2496 760 Chilpericus,
2531 686 2681 742 urbe
2733 686 3067 743 Noviomo8
3102 687 3368 758 veniens,
3415 689 3632 746 morbo

136 771 468 843 Gregorio
519 778 871 829 consecrato
925 779 1148 831 sanctae
1179 776 1370 832 crucis
1397 780 1643 832 actenus
1664 791 1855 849 appa-
1963 776 2128 845 obiit,
2152 782 2209 832 et
2238 776 2507 847 regnavit
2538 776 2714 833 annis
2742 793 2864 832 sex.
2914 776 3117 833 Franci
3147 793 3289 832 vero
3320 779 3632 835 Theoderi-

135 866 295 918 rent
326 862 635 936 impressa
661 862 994 934 signacula.
1028 868 1172 920 ltein
1194 864 1255 920 in
1285 866 1512 922 honore
1534 865 1723 921 sancti
1751 868 1854 920 Pe-
1964 881 2124 934 cum,
2154 864 2344 921 ﬁlium
2373 865 2689 934 Dagoberti
2712 864 2990 937 junioris,
3017 866 3081 921 in
3099 866 3468 923 monasterio
3491 868 3631 925 Cala

138 950 224 1007 tri
259 958 786 1008 consecraverunt
844 952 1177 1010 mcclesiam
1228 954 1388 1010 sedis
1432 953 1787 1028 episcopalis
1811 955 1854 1039 ⁸,
1962 955 2307 1024 enutritum,
2338 972 2518 1028 super
2541 972 2603 1011 se
2627 970 2832 1025 regem
2865 959 3155 1025 statuunt,
3184 972 3486 1013 consensu
3518 961 3629 1012 1(a-

139 1055 365 1113 quam
398 1040 733 1097 Clodoveus
778 1057 882 1097 rex
935 1042 1319 1115 supradictus
1347 1061 1384 1100 a
1437 1059 1597 1099 novo
1628 1043 1850 1099 incoari
1961 1043 2348 1100 roliMartelli.
2410 1043 2660 1099 Kal-olus
2708 1061 2850 1100 vero
2878 1043 3157 1117 princeps
3230 1046 3628 1103 ltaenfredum

136 1129 457 1200 jusserat,
488 1128 791 1185 destructa
821 1130 1006 1203 priori
1058 1131 1218 1201 sede,
1251 1147 1439 1204 quam
1470 1130 1640 1188 Gothi
1665 1131 1854 1187 Arria-
1958 1133 2283 1204 insecutus,
2315 1133 2651 1203 Andegavis
2708 1133 3007 1190 civitatem
3034 1133 3287 1201 obsedit,
3311 1139 3367 1190 et
3395 1139 3630 1192 vastata

139 1233 236 1273 na
271 1216 696 1274 maculatione
727 1217 1118 1285 fmdaverant,
1148 1219 1209 1274 in
1263 1221 1493 1276 honore
1538 1220 1727 1275 sancti
1756 1222 1855 1276 Sa-
1959 1222 2202 1293 regione
2232 1223 2466 1289 eadem,
2496 1239 2634 1278 cum
2666 1222 2940 1294 plurimis
2970 1222 3177 1295 spoliis
3209 1239 3482 1279 reversus
3513 1230 3626 1295 est,

144 1304 420 1361 turnini.
481 1304 1041 1379 Ordinaveruntque
1090 1307 1152 1362 in
1194 1308 1327 1381 ipsa
1368 1308 1599 1364 civitate
1625 1308 1851 1381 episco-
1960 1317 2015 1367 et
2043 1312 2240 1383 major
2268 1313 2486 1368 domus
2519 1312 2763 1367 effectus
2796 1316 2883 1367 est
2898 1311 3030 1384 ipse
3053 1312 3305 1367 Karolus
3334 1312 3628 1369 Martellus

145 1411 324 1469 pum
360 1394 612 1451 nomine
638 1396 945 1452 Mererium
975 1396 1067 1467 (2),
1096 1396 1197 1469 qui
1231 1398 1292 1453 in
1320 1397 1564 1453 Francia
1595 1398 1849 1471 capella-
1957 1401 2017 1456 in
2039 1416 2225 1471 regno
2250 1404 2631 1457 Francorum.
2668 1400 2947 1472 Sequenti
2972 1416 3134 1456 anno
3177 1400 3515 1471 Andegavis
3542 1401 3625 1457 ci-

144 1500 281 1540 nus
362 1484 524 1555 regis
553 1484 764 1541 fuerat.
801 1485 1092 1558 Aptonius
1120 1487 1278 1542 enim
1311 1488 1655 1560 nuperrime
1684 1488 1848 1543 obie-
1955 1490 2199 1546 vitatem
2244 1489 2562 1545 fortissime
2593 1487 2906 1544 debellans
2939 1488 3137 1560 caepit,
3184 1493 3259 1555 et,
3291 1488 3624 1545 ltaenfredo

142 1579 252 1630 rat
285 1573 358 1629 in
390 1573 642 1631 Chrir‘to.
1956 1579 2282 1647 interfecto,
2316 1594 2593 1635 reversus
2619 1584 2725 1633 est.

227 1668 330 1720 31.
365 1664 510 1736 (An.
543 1668 666 1719 575.
695 1665 850 1720 Gest.
877 1680 927 1720 c.
953 1669 1043 1733 B2)
1070 1665 1198 1722 hrec
1219 1667 1536 1736 leguntur:
1558 1666 1668 1732 Qui
1689 1682 1849 1723 com—
2152 1671 2269 1739 (An
2289 1674 2412 1726 732.
2445 1670 2769 1739 Fredegar.
2795 1686 2845 1725 c.
2886 1668 3003 1739 108)
3024 1675 3160 1737 post
3192 1685 3205 1723 :
3239 1669 3424 1723 victor
3452 1671 3626 1724 Fran-

142 1758 487 1809 moventes
520 1754 866 1823 exercitum,
901 1753 1192 1810 adversus
1244 1771 1384 1811 eum
1408 1760 1667 1828 pergunt
1709 1772 1848 1812 con-
1884 1781 1924 1834 Β
1954 1759 2106 1815 ciam
2138 1758 2309 1814 rediit
2334 1759 2474 1814 add.
2502 1774 2522 1813 .·
2552 1762 2608 1813 et
2636 1762 2854 1813 extunc
2885 1771 3096 1812 omnes
3126 1760 3435 1828 coeperunt
3480 1772 3623 1812 eum

146 1845 252 1896 tra
286 1840 685 1913 Egolismam,
720 1842 823 1899 ubi
849 1844 1152 1901 residebat
1171 1850 1416 1919 propter
1442 1845 1848 1902 fortitudinem
1958 1848 2387 1918 cognominare
2418 1846 2765 1913 Martellum,
2797 1845 2941 1918 quia
2973 1844 3125 1900 sicut
3150 1844 3454 1899 martellus
3478 1860 3622 1900 cun-

144 1946 517 1988 murorum.
554 1932 652 1988 llle
682 1949 927 2006 quoque
958 1933 1276 1990 derelictus
1306 1951 1343 1991 a
1374 1935 1496 1990 suis
1528 1951 1669 1991 cum
1700 1952 1848 2009 pau-
1958 1945 2119 1995 ctum
2144 1940 2367 1996 ferrum
2400 1938 2734 2008 subigit,sic
2755 1937 2885 2010 ipse
2914 1939 3033 1992 Deo
3054 1936 3378 2007 adjuvante
3407 1941 3623 1994 cuncta

148 2019 243 2075 cis
276 2020 596 2089 remansit,
632 2021 741 2078 sed
770 2027 972 2078 tamen
1005 2023 1085 2079 ad
1133 2022 1365 2080 bellum
1390 2024 1473 2080 ire
1513 2040 1637 2080 non
1676 2023 1850 2080 dubi-
1958 2028 2155 2101 przelia
2188 2027 2521 2099 frangebat.

149 2111 264 2165 tat.
298 2108 738 2183 Venientesque
769 2110 848 2166 ad
869 2126 1141 2184 pugnam
1166 2115 1301 2168 octo
1326 2111 1849 2185 millibusabEgo-
2030 2121 2115 2172 54.
2150 2119 2267 2185 (An.
2290 2120 2413 2171 736.
2450 2116 2624 2170 Fred.
2668 2132 2717 2169 c.
2757 2113 2877 2185 109)
2909 2113 3049 2169 add.
3085 2131 3099 2169 :
3132 2115 3293 2169 Tunc
3349 2118 3622 2171 mortuus

149 2197 345 2254 lisma
360 2198 537 2269 juxta
550 2198 811 2255 ﬂuvium
830 2202 1150 2257 Carantam
1167 2217 1338 2257 secus
1358 2200 1574 2257 silvam
1598 2204 1845 2269 Buxam,
1957 2211 2044 2260 est
2072 2204 2468 2261 'l‘heoderieus
2498 2220 2621 2265 rex,
2678 2202 2832 2257 titius
2887 2201 3204 2272 Dagoberti
3260 2202 3531 2270 minoris,
3567 2208 3624 2259 et

150 2287 612 2344 Theodebertus
661 2289 931 2346 devictus
986 2290 1399 2364 prosternitur,
1448 2296 1847 2365 mortuusque
1960 2294 2207 2350 Karolus
2237 2292 2528 2348 Mai-tellus
2557 2292 2617 2346 in
2647 2291 2782 2363 ipsa
2809 2289 3147 2346 infirmitate
3179 2290 3269 2345 sui
3295 2290 3475 2362 jussit
3506 2291 3621 2347 ele-

156 2381 252 2432 est
276 2375 387 2433 ibi.
420 2375 510 2432 Ab
532 2377 795 2435 Annulfo
817 2395 1063 2452 quoque
1083 2379 1236 2436 duce
1269 2380 1571 2447 collectus,
1608 2381 1847 2451 Egolisi-
1960 2400 2095 2438 vare
2126 2382 2187 2437 in
2216 2398 2417 2449 regem
2445 2380 2805 2435 Hildcricum
2832 2379 3074 2435 fratrem
3101 2379 3462 2435 Theoderici.
3515 2379 3623 2445 Qui

156 2479 309 2521 nam
341 2464 645 2520 civitatem
665 2470 962 2539 portatus,
994 2465 1219 2523 ibidem
1254 2467 1523 2540 sepultus
1565 2474 1653 2526 est
1680 2471 1846 2543 apud
1960 2487 2164 2525 vecors
2203 2475 2347 2535 erat,
2377 2468 2529 2524 sicut
2557 2473 2611 2522 et
2641 2467 2818 2522 frater
2848 2468 2977 2537 ejus
3026 2466 3217 2522 fuerat
3248 2485 3260 2532 ;
3295 2468 3397 2522 sed
3422 2467 3623 2523 melio-

164 2555 464 2611 Sanctum
491 2554 875 2628 Eparchium.
928 2555 1270 2627 Sigebertus
1298 2573 1441 2613 vero
1462 2564 1517 2613 et
1569 2559 1845 2632 Chilperi-

161 2659 273 2699 cus
300 2642 666 2717 pugnabant
716 2643 868 2700 inter
912 2661 974 2701 se
1022 2643 1085 2701 in
1116 2645 1380 2703 Francia.
1416 2648 1577 2703 Tunc
1618 2647 1844 2721 Chilpe-

162 2748 398 2790 l'lCllS...

234 2826 330 2879 33.
368 2823 550 2891 (Gest.
583 2839 634 2879 ι’.
665 2826 732 2879 34
785 2824 978 2895 initio)
1032 2824 1173 2881 add.
1208 2843 1223 2881 ε
1286 2827 1422 2881 Erat
1446 2825 1606 2881 enim
1637 2825 1737 2883 illa
1768 2828 1844 2898 (3)

163 2910 391 2968 ancilla
446 2911 840 2984 nequissima,
891 2913 994 2969 sed
1043 2917 1289 2988 propter
1336 2912 1843 2987 pulchritudinem

160 2999 367 3057 vultus
428 3017 563 3057 eam
590 3016 695 3058 rex
726 3000 906 3058 nimis
953 3003 1221 3072 amabat,
1282 3008 1339 3059 et
1375 3004 1539 3060 mala
1595 3005 1844 3061 consilia

1955 2576 2081 2614 rem
2113 2559 2211 2614 illo
2238 2574 2360 2613 non
2391 2561 2667 2629 poterant
2718 2556 2921 2611 Franci
2951 2554 3216 2611 invenire
3238 2556 3312 2611 de
3346 2557 3509 2628 prole
3535 2572 3622 2612 re-

1956 2648 2186 2718 gali.....

2029 2740 2162 2809 (An.
2197 2741 2321 2792 7H.
2355 2737 2534 2793 ινφ-θα.
2571 2754 2619 2790 c.
2657 2741 2672 2789 -t
2696 2738 2846 2805 10)...
2900 2753 2969 2787 eo
3000 2738 3197 2806 pacto,
3225 2738 3285 2789 ut
3320 2738 3620 2790 Romanos

1954 2826 2295 2881 defenderet
2316 2825 2390 2880 de
2416 2822 2844 2893 Langobardis,
2877 2822 2981 2894 qui
3001 2821 3191 2877 multa
3222 2822 3382 2878 mala
3410 2825 3469 2877 in
3506 2827 3617 2878 ter-

1956 2932 2019 2970 ra
2046 2918 2066 2949 υ
2098 2914 2284 2970 sancti
2314 2912 2456 2967 Petri
2486 2911 2802 2967 faciebant.
2839 2914 3035 2982 Ipse...

2028 3002 2313 3059 .....or.'lo
2374 3000 2816 3056 sacratissimus
2874 2998 3176 3071 paschalis
3234 2999 3503 3054 turbatus
3531 3004 3619 3055 est

165 3106 411 3165 semper
440 3090 727 3147 audiebat
777 3091 856 3148 ab
908 3091 1028 3160 illa,
1076 3098 1132 3148 et
1160 3108 1297 3149 eam
1349 3093 1630 3150 credebat
1658 3110 1840 3167 super
1878 3134 1920 3191 ϐ
1954 3109 2062 3165 per
2091 3092 2309 3146 multas
2343 3090 2613 3159 regiones
2667 3104 2773 3161 per
2826 3104 3088 3143 errorem
3120 3093 3176 3143 et
3214 3086 3617 3157 ignorantiam

160 3195 380 3236 omnes
414 3179 789 3236 consiliarios
815 3183 1201 3238 Francorum.

231 3273 326 3326 41.
354 3269 451 3338 (G.
489 3285 541 3327 c.
560 3271 648 3342 42)
677 3270 817 3327 add.
850 3286 874 3328 .'
897 3273 1059 3328 Tunc
1082 3270 1345 3328 Eraclius
1374 3270 1839 3344 imperatorcru-

161 3373 297 3414 cem
331 3357 568 3414 Domini
622 3358 697 3415 de
727 3358 870 3416 fano
902 3360 1183 3430 Cosdroe,
1215 3361 1382 3433 quod
1407 3367 1534 3418 erat
1560 3362 1619 3417 in
1652 3362 1837 3419 Persi-

160 3446 258 3519 de,
290 3446 481 3503 victor
507 3447 716 3505 detulit
743 3448 805 3504 in
830 3448 1290 3518 Hierusalem,et
1312 3450 1590 3508 exaltatio
1617 3455 1837 3507 sanctae

162 3536 356 3593 crucis
380 3535 443 3592 in
484 3552 659 3594 suam
692 3538 712 3571 ⁵
744 3536 1042 3595 civitatem
1072 3543 1214 3595 tunc
1241 3538 1401 3596 facta
1428 3544 1537 3596 est.
1573 3542 1654 3596 Eo
1684 3544 1834 3597 tem-

163 3641 311 3699 pore
339 3625 653 3699 piissimus
674 3626 1000 3700 imperator
1031 3627 1296 3684 Eraclius
1331 3629 1666 3699 Dagoberto
1698 3645 1835 3684 mu-

166 3729 311 3771 nera
330 3713 511 3783 misit,
546 3719 602 3771 et
625 3715 943 3786 rogavitut
965 3716 1269 3790 baptizare
1301 3716 1684 3792 compelleret
1708 3734 1834 3774 om-

166 3820 272 3861 nes
294 3803 516 3860 Judeos
544 3804 651 3878 qui
675 3810 848 3862 erant
872 3804 937 3862 in
966 3806 1133 3862 omni
1162 3821 1349 3876 regno
1377 3808 1426 3878 ej
1438 3825 1505 3864 us
1541 3826 1553 3875 ;
1586 3805 1752 3880 quod
1778 3811 1836 3863 et

169 3893 390 3951 factum
411 3897 520 3949 est.

238 3988 327 4040 49.
354 3983 497 4054 (An.
538 3986 663 4040 714.
696 3984 766 4040 G.
801 3984 888 4056 51)
940 3985 1067 4041 haec
1100 3986 1426 4056 leguntur:
1457 3988 1537 4041 Eo
1566 3989 1834 4058 tempore

170 4071 406 4146 Pipinus
438 4072 636 4128 Brevis
667 4073 1071 4147 supradictus,
1097 4079 1268 4147 pater
1296 4074 1589 4145 Drogonis
1628 4078 1684 4130 et
1715 4075 1833 4131 Gri-

170 4161 350 4218 maldi
373 4166 432 4218 et
462 4161 655 4218 Caroli
685 4162 927 4219 Martelli
958 4165 1001 4231 ⁸,
1052 4168 1361 4237 correptus
1420 4164 1584 4219 febre
1612 4163 1826 4233 valida,

169 4255 433 4307 mortuus
456 4256 634 4308 est....
663 4251 939 4308 discreto.
973 4255 1040 4309 Et
1084 4257 1412 4326 postquam
1436 4256 1710 4309 mortuus
1741 4257 1831 4310 est

171 4340 540 4414 supradictus
599 4341 842 4415 Pipinus
896 4342 1138 4398 Vetulus
1176 4343 1269 4399 vel
1309 4343 1527 4413 Brevis,
1567 4343 1673 4416 qui
1721 4343 1829 4400 fuit

169 4446 421 4504 proavus
453 4429 665 4487 domui
694 4430 894 4488 Karoli
935 4431 1312 4504 imperatoris
1357 4432 1582 4502 magni,
1618 4432 1825 4489 Franci

170 4518 226 4576 in
257 4522 512 4575 Francos
545 4519 801 4576 invicem
846 4520 1080 4577 irruunt
1106 4520 1169 4576 in
1195 4520 1372 4578 Cosia
1417 4520 1633 4578 silva...
1663 4524 1825 4578 'l‘unc

170 4606 506 4674 Plectrudis,
537 4623 691 4663 uxor
722 4608 907 4681 Pipini
940 4608 1146 4680 Vetuli,
1175 4608 1354 4682 erepit
1380 4623 1488 4681 per
1514 4608 1825 4679 ingenium

174 4694 442 4751 Karolum
491 4695 839 4765 Martellum,
894 4696 1087 4753 ﬁlium
1132 4697 1327 4770 Pipini
1385 4697 1712 4770 supradicti
1749 4697 1824 4753 de

172 4782 280 4840 alia
307 4800 489 4839 uxore
520 4784 827 4858 Calpiade,
858 4785 983 4859 qui,
1016 4786 1165 4842 dum
1194 4785 1308 4841 sub
1352 4785 1621 4842 custodia
1672 4791 1823 4843 tene-

172 4877 339 4941 retur,
370 4872 695 4930 auxiliante
724 4875 867 4943 Deo,
892 4875 992 4931 vix
1017 4874 1223 4931 evasit.

237 4966 319 5017 51.
349 4961 436 5032 (G.
471 4978 522 5018 c.
546 4962 725 5034 33)ita
750 4964 1059 5020 Gestorum
1089 4965 1505 5021 narrationem
1534 4979 1667 5020 cum
1690 4978 1826 5020 con-

176 5052 459 5108 tinuatore
486 5053 842 5123 Fredegarii
859 5055 1176 5123 conjunxit
1191 5071 1215 5111 .·
1230 5054 1397 5109 Eudo
1427 5053 1822 5126 Chilpericum

176 5140 224 5199 ei
269 5141 524 5198 reddidit
570 5158 711 5198 cum
771 5142 975 5199 multis
1022 5143 1428 5210 muneribus;
1484 5147 1541 5199 et
1572 5142 1821 5198 Karolus

1949 3183 2401 3252 calculatorum,
2452 3180 2555 3252 qui
2612 3179 2764 3234 bene
2812 3178 3233 3233 nesciebant'0
3298 3178 3617 3233 terminum

1950 3271 2297 3345 paschalem
2330 3268 2605 3342 reperire,
2657 3272 2714 3323 et
2746 3282 2853 3339 per
2900 3267 3118 3322 multas
3178 3266 3442 3322 civitates
3474 3266 3619 3323 cele-

1947 3364 2187 3417 bratum
2220 3365 2307 3416 est
2344 3359 2573 3432 pascha
2604 3358 2691 3413 vel
2722 3359 2780 3412 in
2836 3357 3048 3413 Marcio
3081 3357 3171 3413 vel
3199 3357 3254 3411 in
3285 3356 3467 3428 Aprili
3522 3357 3615 3413 vel

1946 3452 2005 3506 in
2038 3450 2276 3507 Maio....
2328 3448 2641 3504 Carolus...
2698 3446 2845 3502 obiit
2872 3447 2929 3502 in
2958 3462 3106 3519 pace
3129 3462 3291 3502 anno
3321 3448 3361 3481 “
3393 3446 3615 3518 septin-

1946 3541 2280 3611 gentesimo
2324 3536 2794 3610 quadragesimo
2839 3537 3033 3609 primo
3085 3535 3164 3590 ab
3202 3535 3614 3591 incarnatione

1948 3628 2200 3686 Domini.
2265 3632 2328 3683 Et
2400 3630 2557 3681 retro
2632 3625 2690 3680 in
2747 3625 2865 3680 alio
2937 3639 3099 3680 anno
3147 3624 3295 3678 dum
3352 3624 3611 3680 turbatio

1942 3719 2052 3773 fuit
2079 3717 2153 3772 de
2185 3716 2430 3789 pascha,
2463 3712 2671 3769 debuit
2699 3729 2831 3768 esse
2862 3711 3207 3768 Dominicus
3257 3711 3383 3766 dies
3412 3728 3609 3768 resur-

1944 3806 2220 3863 rectionis
2252 3803 2463 3860 Christi
2509 3806 2723 3859 octavo
2773 3801 3070 3858 Kalendas
3117 3799 3268 3871 Maii,
3303 3800 3469 3873 quod
3502 3800 3610 3857 fuit

1939 3896 2002 3952 in
2058 3896 2269 3951 ultimo
2337 3910 2498 3950 anno
2563 3892 2692 3949 cicli
2766 3889 3309 3957 decemnovenalis,
3380 3891 3608 3963 fuitque

1941 3985 2231 4042 terminus
2308 3983 2547 4056 paschte
2601 3981 2906 4038 dominica
2956 3983 3000 4015 ¹²
3060 3982 3303 4036 Osanna
3356 3984 3416 4034 1ξὶ
3478 3979 3602 4035 Kal.

1939 4075 2088 4133 Maii.
2145 4073 2430 4143 Regnavit
2458 4076 2658 4128 autem
2714 4074 2758 4105 ’3
2791 4070 3043 4126 Karolus
3080 4070 3122 4103 “
3155 4069 3329 4125 annis
3377 4074 3465 4137 23,
3500 4069 3605 4124 sed

1937 4179 2060 4219 non
2091 4167 2179 4218 est
2206 4166 2454 4218 vocatus
2522 4177 2646 4230 rex,
2687 4159 2830 4232 quia
2876 4159 3006 4231 ipse
3056 4173 3178 4213 non
3226 4153 3608 4229 permittebat

1938 4269 1999 4308 se
2060 4268 2264 4322 regem
2312 4250 2536 4319 vocari,
2584 4249 2700 4304 nisi
2750 4248 2966 4304 ducem
3022 4250 3406 4311 Francorum,
3459 4243 3604 4315 quia

1936 4340 2138 4413 pueris
2166 4338 2410 4408 regibus
2457 4336 2762 4393 deferebat
2790 4336 3083 4391 honorem
3139 4331 3400 4390 nominis
3428 4345 3601 4401 rega-

1935 4429 2028 4499 lis,
2068 4428 2430 4485 Theoderico
2479 4425 2747 4483 videlicet
2804 4430 2861 4481 et
2916 4422 3263 4489 Childerico,
3321 4420 3602 4493 quamvis

1936 4520 2172 4593 ineptis,
2213 4517 2533 4592 prudentia
2579 4521 2636 4572 et
2693 4531 2873 4572 sensu
2920 4512 3262 4570 carentibus
3320 4513 3385 4565 ιδ.
3446 4509 3601 4566 Obiit

1937 4616 1993 4666 11
2053 4607 2176 4663 Kal.
2213 4605 2524 4675 Novemb.,
2582 4604 2811 4661 cunctis
2842 4603 2904 4659 in
2933 4619 3084 4675 gyro
3136 4600 3335 4671 regnis
3392 4599 3601 4671 adqui-

1934 4697 2079 4766 sitis,
2132 4694 2521 4767 sepultusque
2566 4698 2658 4748 est
2708 4692 2769 4747 in
2826 4690 3079 4747 basilica
3130 4689 3320 4746 sancti
3355 4687 3599 4743 Dionisii

1932 4784 2208 4842 martiris.
2270 4782 2514 4855 Pipinus
2581 4783 2781 4836 autem
2850 4778 3093 4835 Vetulus
3144 4779 3189 4813 ¹⁶
3246 4780 3416 4851 pater
3467 4775 3598 4846 ejus

1930 4870 2205 4943 regnavit
2273 4875 2332 4925 t7
2390 4868 2565 4925 annis
2635 4868 2696 4924 in
2762 4883 3088 4941 puerorum
3153 4881 3367 4937 regum
3408 4862 3600 4920 ﬁdeli-

1929 4967 2068 5020 tate.

2003 5056 2090 5108 56.
2122 5052 2308 5118 (Ann.
2340 5050 2527 5104 Laur.
2554 5063 2612 5104 a.
2640 5048 2787 5119 749).
2825 5090 2838 5103 .
2878 5049 3040 5103 Tunc
3063 5043 3330 5100 dolentes
3360 5042 3591 5108 Franci,

1932 5141 2076 5215 quia
2103 5154 2228 5196 non
2256 5136 2566 5194 habebant
2588 5136 2946 5209 prudentem
2975 5131 3323 5204 regem,sed
3334 5131 3465 5203 jam
3484 5146 3593 5203 per

1534 5294 1767 5349 VARUE
1807 5293 2209 5350 LECTIONES.

243 5419 264 5454 ³
287 5417 727 5474 dedecaverunt
756 5433 915 5474 corr.
945 5416 1377 5474 dedicaverunt
1409 5421 1457 5472 t.
1520 5418 1543 5452 ⁸
1569 5432 1600 5473 e
1624 5432 1780 5473 corr.
1819 5421 1865 5472 t.
1922 5417 1942 5451 ⁵
1975 5418 2246 5473 sanctam
2278 5414 2306 5469 ?
2365 5415 2386 5448 δ
2415 5414 2502 5469 ita
2524 5412 2778 5469 Carolus
2801 5410 2978 5467 etiam
3002 5426 3052 5464 ρ.
3088 5414 3155 5464 60
3185 5410 3405 5480 (Gesta.
3440 5424 3471 5463 ιτ
3492 5412 3585 5480 52»

183 5491 527 5561 appellatur.
586 5489 604 5522 τ
638 5488 890 5561 amicias
924 5493 972 5544 1.
1033 5490 1054 5523 ⁸
1086 5489 1350 5561 noviono
1433 5493 1480 5543 1.

1543 5490 1563 5523 ⁹
1599 5493 1648 5543 1.
1682 5505 1729 5560 s.
1761 5504 1822 5560 p.
1858 5488 1943 5543 bis
1989 5488 2279 5560 scriptam
2314 5490 2362 5540 l.
2427 5486 2473 5519 ¹⁰
2502 5482 2747 5539 nuntius
2787 5486 2840 5537 2.
2896 5483 2936 5515 ¹¹
2967 5481 3126 5536 deest
3154 5478 3208 5535 2.
3264 5481 3308 5514 ¹²
3338 5478 3587 5535 domina

184 5557 230 5618 2'.
248 5557 316 5597 ”¹³
344 5562 503 5618 deest
526 5564 581 5617 2.
628 5560 673 5594 ³⁸
706 5559 952 5616 Carolus
978 5559 1271 5617 Martellus
1300 5563 1354 5615 2.
1427 5561 1472 5593 ¹⁵
1499 5557 1804 5618 arentibus
1832 5563 1885 5613 2.
1948 5561 1993 5594 ¹⁶
2022 5557 2289 5631 sepultus
2313 5561 2366 5612 2.

1764 5659 1987 5714 ΝΟΤᾸΞ.

249 5758 317 5830 (2)
342 5756 746 5817 Maracharius
777 5756 944 5830 apud
975 5758 1144 5828 Greg.
1177 5759 1337 5827 Tur.,
1366 5760 1429 5826 V,
1458 5762 1546 5815 37.

2010 5755 2090 5827 (3)
2120 5750 2547 5823 Fredegundis.
