  <div class='ocr_page' id='page_1' title='image "/cluster/home/n/w/nwhite01/storage/ocr_20150623/140-141/uc1.31175018559917/588.png"; bbox 0 0 4944 6496; ppageno 0'>
   <div class='ocr_carea' id='block_1_1' title="bbox 648 273 1302 339">
    <p class='ocr_par' dir='ltr' id='par_1_1' title="bbox 648 273 1302 339">
     <span class='ocr_line' id='line_1_1' title="bbox 648 273 1302 339; baseline 0.003 -2"><span class='ocrx_word' id='word_1_1' title='bbox 648 273 718 326; x_wconf 61' lang='lat'>35</span> <span class='ocrx_word' id='word_1_2' title='bbox 1254 306 1302 339; x_wconf 72' lang='grc' dir='ltr'><strong><em>ρ</em></strong></span> 
     </span>
    </p>
   </div>
   <div class='ocr_carea' id='block_1_2' title="bbox 1707 268 2985 344">
    <p class='ocr_par' dir='ltr' id='par_1_2' title="bbox 1707 268 2985 344">
     <span class='ocr_line' id='line_1_2' title="bbox 1707 268 2985 344; baseline 0.006 -19"><span class='ocrx_word' id='word_1_3' title='bbox 1707 271 2179 328; x_wconf 61' lang='lat' dir='ltr'>HISTORIAM)!</span> <span class='ocrx_word' id='word_1_4' title='bbox 2218 268 2378 324; x_wconf 68' lang='grc' dir='ltr'>ιβιιι</span> <span class='ocrx_word' id='word_1_5' title='bbox 2409 269 2606 328; x_wconf 80' lang='lat' dir='ltr'>TRES.</span> <span class='ocrx_word' id='word_1_6' title='bbox 2646 297 2718 315; x_wconf 65' lang='grc' dir='ltr'>ιι-</span> <span class='ocrx_word' id='word_1_7' title='bbox 2754 274 2877 332; x_wconf 81' lang='lat' dir='ltr'>LlB.</span> <span class='ocrx_word' id='word_1_8' title='bbox 2921 279 2985 344; x_wconf 87' lang='lat' dir='ltr'>ll,</span> 
     </span>
    </p>
   </div>
   <div class='ocr_carea' id='block_1_3' title="bbox 645 392 4071 470">
    <p class='ocr_par' dir='ltr' id='par_1_3' title="bbox 645 392 4071 470">
     <span class='ocr_line' id='line_1_3' title="bbox 645 392 4071 470; baseline 0.004 -22"><span class='ocrx_word' id='word_1_9' title='bbox 645 393 944 449; x_wconf 87' lang='lat' dir='ltr'>domuum</span> <span class='ocrx_word' id='word_1_10' title='bbox 969 408 1172 464; x_wconf 86' lang='lat' dir='ltr'>regem</span> <span class='ocrx_word' id='word_1_11' title='bbox 1201 398 1532 463; x_wconf 82' lang='lat' dir='ltr'>Augustum</span> <span class='ocrx_word' id='word_1_12' title='bbox 1549 395 1970 468; x_wconf 89' lang='lat' dir='ltr'>imperatorem</span> <span class='ocrx_word' id='word_1_13' title='bbox 1994 392 2295 449; x_wconf 83' lang='lat' dir='ltr'>Karolum.</span> <span class='ocrx_word' id='word_1_14' title='bbox 2329 397 2374 447; x_wconf 85' lang='lat' dir='ltr'><strong>A</strong></span> <span class='ocrx_word' id='word_1_15' title='bbox 2416 395 2662 452; x_wconf 84' lang='lat' dir='ltr'>Romani</span> <span class='ocrx_word' id='word_1_16' title='bbox 2721 399 3026 470; x_wconf 89' lang='lat' dir='ltr'>elegerunt</span> <span class='ocrx_word' id='word_1_17' title='bbox 3085 402 3196 457; x_wconf 89' lang='lat' dir='ltr'>sibi</span> <span class='ocrx_word' id='word_1_18' title='bbox 3255 403 3618 460; x_wconf 84' lang='lat' dir='ltr'>advocatum</span> <span class='ocrx_word' id='word_1_19' title='bbox 3677 405 3864 461; x_wconf 88' lang='lat' dir='ltr'>sancti</span> <span class='ocrx_word' id='word_1_20' title='bbox 3922 408 4071 464; x_wconf 82' lang='lat' dir='ltr'>Petri</span> 
     </span>
    </p>
   </div>
   <div class='ocr_carea' id='block_1_4' title="bbox 645 483 2303 549">
    <p class='ocr_par' dir='ltr' id='par_1_4' title="bbox 645 483 2303 549">
     <span class='ocr_line' id='line_1_4' title="bbox 645 483 2303 549; baseline 0.001 -14"><span class='ocrx_word' id='word_1_21' title='bbox 645 484 912 537; x_wconf 91' lang='lat' dir='ltr'>Domnus</span> <span class='ocrx_word' id='word_1_22' title='bbox 941 483 1188 537; x_wconf 86' lang='lat' dir='ltr'>Karolus</span> <span class='ocrx_word' id='word_1_23' title='bbox 1221 483 1423 549; x_wconf 89' lang='lat' dir='ltr'>genuit</span> <span class='ocrx_word' id='word_1_24' title='bbox 1475 484 1770 540; x_wconf 88' lang='lat' dir='ltr'>domuum</span> <span class='ocrx_word' id='word_1_25' title='bbox 1819 484 2146 540; x_wconf 82' lang='lat' dir='ltr'>Ludoicum</span> <span class='ocrx_word' id='word_1_26' title='bbox 2194 483 2303 536; x_wconf 91' lang='lat' dir='ltr'>im-</span> 
     </span>
    </p>
   </div>
   <div class='ocr_carea' id='block_1_5' title="bbox 644 571 2306 643">
    <p class='ocr_par' dir='ltr' id='par_1_5' title="bbox 644 571 2306 643">
     <span class='ocr_line' id='line_1_5' title="bbox 644 571 2306 643; baseline 0.001 -17"><span class='ocrx_word' id='word_1_27' title='bbox 644 576 1006 643; x_wconf 80' lang='lat' dir='ltr'>peratorem.</span> <span class='ocrx_word' id='word_1_28' title='bbox 1037 571 1330 626; x_wconf 85' lang='lat' dir='ltr'>Ludoicus</span> <span class='ocrx_word' id='word_1_29' title='bbox 1363 575 1565 640; x_wconf 86' lang='lat' dir='ltr'>genuit</span> <span class='ocrx_word' id='word_1_30' title='bbox 1609 575 1886 630; x_wconf 87' lang='lat' dir='ltr'>Carolum</span> <span class='ocrx_word' id='word_1_31' title='bbox 1940 573 2187 630; x_wconf 89' lang='lat' dir='ltr'>Calvum</span> <span class='ocrx_word' id='word_1_32' title='bbox 2233 588 2306 627; x_wconf 88' lang='lat' dir='ltr'>ex</span> 
     </span>
    </p>
   </div>
   <div class='ocr_carea' id='block_1_6' title="bbox 643 661 2300 730">
    <p class='ocr_par' dir='ltr' id='par_1_6' title="bbox 643 661 2300 730">
     <span class='ocr_line' id='line_1_6' title="bbox 643 661 2300 730; baseline 0.001 -16"><span class='ocrx_word' id='word_1_33' title='bbox 643 661 800 716; x_wconf 82' lang='lat' dir='ltr'>Judit</span> <span class='ocrx_word' id='word_1_34' title='bbox 840 661 1069 729; x_wconf 77' lang='lat' dir='ltr'>regina.</span> <span class='ocrx_word' id='word_1_35' title='bbox 1132 661 1244 717; x_wconf 88' lang='lat' dir='ltr'>Sed</span> <span class='ocrx_word' id='word_1_36' title='bbox 1297 668 1559 718; x_wconf 89' lang='lat' dir='ltr'>revertar</span> <span class='ocrx_word' id='word_1_37' title='bbox 1617 664 1692 718; x_wconf 86' lang='lat' dir='ltr'>ad</span> <span class='ocrx_word' id='word_1_38' title='bbox 1749 664 2019 718; x_wconf 85' lang='lat' dir='ltr'>ordinem</span> <span class='ocrx_word' id='word_1_39' title='bbox 2071 677 2300 730; x_wconf 89' lang='lat' dir='ltr'>regum.</span> 
     </span>
    </p>
   </div>
   <div class='ocr_carea' id='block_1_7' title="bbox 644 749 2304 822">
    <p class='ocr_par' dir='ltr' id='par_1_7' title="bbox 644 749 2304 822">
     <span class='ocr_line' id='line_1_7' title="bbox 644 749 2304 822; baseline 0 -18"><span class='ocrx_word' id='word_1_40' title='bbox 644 753 779 805; x_wconf 83' lang='lat' dir='ltr'>Post</span> <span class='ocrx_word' id='word_1_41' title='bbox 830 749 1153 805; x_wconf 86' lang='lat' dir='ltr'>Clotarium</span> <span class='ocrx_word' id='word_1_42' title='bbox 1207 751 1479 816; x_wconf 83' lang='lat' dir='ltr'>regnavit</span> <span class='ocrx_word' id='word_1_43' title='bbox 1530 753 1898 822; x_wconf 88' lang='lat' dir='ltr'>Dagobertus</span> <span class='ocrx_word' id='word_1_44' title='bbox 1945 752 2102 806; x_wconf 91' lang='lat' dir='ltr'>ﬁlius</span> <span class='ocrx_word' id='word_1_45' title='bbox 2152 752 2304 820; x_wconf 90' lang='lat' dir='ltr'>ejus,</span> 
     </span>
    </p>
   </div>
   <div class='ocr_carea' id='block_1_8' title="bbox 643 841 2299 912">
    <p class='ocr_par' dir='ltr' id='par_1_8' title="bbox 643 841 2299 912">
     <span class='ocr_line' id='line_1_8' title="bbox 643 841 2299 912; baseline 0.001 -20"><span class='ocrx_word' id='word_1_46' title='bbox 643 851 766 909; x_wconf 90' lang='lat' dir='ltr'>quo</span> <span class='ocrx_word' id='word_1_47' title='bbox 823 843 1093 910; x_wconf 91' lang='lat' dir='ltr'>tempore</span> <span class='ocrx_word' id='word_1_48' title='bbox 1153 844 1395 895; x_wconf 84' lang='lat' dir='ltr'>sanctus</span> <span class='ocrx_word' id='word_1_49' title='bbox 1447 841 1679 909; x_wconf 88' lang='lat' dir='ltr'>Elegius</span> <span class='ocrx_word' id='word_1_50' title='bbox 1727 841 2044 912; x_wconf 85' lang='lat' dir='ltr'>episcopus</span> <span class='ocrx_word' id='word_1_51' title='bbox 2074 841 2299 895; x_wconf 79' lang='lat' dir='ltr'>claruit.</span> 
     </span>
    </p>
   </div>
   <div class='ocr_carea' id='block_1_9' title="bbox 643 926 2314 1008">
    <p class='ocr_par' dir='ltr' id='par_1_9' title="bbox 643 926 2314 1008">
     <span class='ocr_line' id='line_1_9' title="bbox 643 926 2314 1008; baseline 0.002 -27"><span class='ocrx_word' id='word_1_52' title='bbox 643 926 747 982; x_wconf 86' lang='lat' dir='ltr'>Cui</span> <span class='ocrx_word' id='word_1_53' title='bbox 780 927 1114 995; x_wconf 85' lang='lat' dir='ltr'>Dagoberto</span> <span class='ocrx_word' id='word_1_54' title='bbox 1146 927 1254 983; x_wconf 87' lang='lat' dir='ltr'>fuit</span> <span class='ocrx_word' id='word_1_55' title='bbox 1285 929 1526 1001; x_wconf 89' lang='lat' dir='ltr'>Pipinus</span> <span class='ocrx_word' id='word_1_56' title='bbox 1555 931 1751 999; x_wconf 86' lang='lat' dir='ltr'>major</span> <span class='ocrx_word' id='word_1_57' title='bbox 1780 930 2000 985; x_wconf 88' lang='lat' dir='ltr'>domus</span> <span class='ocrx_word' id='word_1_58' title='bbox 2033 930 2116 985; x_wconf 89' lang='lat' dir='ltr'>vir</span> <span class='ocrx_word' id='word_1_59' title='bbox 2141 945 2314 1008; x_wconf 14' lang='lat' dir='ltr'>egre-h</span> 
     </span>
    </p>
   </div>
   <div class='ocr_carea' id='block_1_10' title="bbox 641 1015 2304 1089">
    <p class='ocr_par' dir='ltr' id='par_1_10' title="bbox 641 1015 2304 1089">
     <span class='ocr_line' id='line_1_10' title="bbox 641 1015 2304 1089; baseline 0.003 -19"><span class='ocrx_word' id='word_1_60' title='bbox 641 1015 799 1084; x_wconf 84' lang='lat' dir='ltr'>gius,</span> <span class='ocrx_word' id='word_1_61' title='bbox 827 1017 998 1086; x_wconf 87' lang='lat' dir='ltr'>cujus</span> <span class='ocrx_word' id='word_1_62' title='bbox 1029 1017 1215 1088; x_wconf 90' lang='lat' dir='ltr'>Pipini</span> <span class='ocrx_word' id='word_1_63' title='bbox 1252 1017 1436 1074; x_wconf 86' lang='lat' dir='ltr'>ﬁliam</span> <span class='ocrx_word' id='word_1_64' title='bbox 1467 1019 1711 1074; x_wconf 87' lang='lat' dir='ltr'>nomine</span> <span class='ocrx_word' id='word_1_65' title='bbox 1752 1020 1992 1089; x_wconf 90' lang='lat' dir='ltr'>[Begam</span> <span class='ocrx_word' id='word_1_66' title='bbox 2026 1020 2092 1089; x_wconf 69' lang='lat'>*3]</span> <span class='ocrx_word' id='word_1_67' title='bbox 2141 1035 2304 1074; x_wconf 87' lang='lat' dir='ltr'>acce-</span> 
     </span>
    </p>
   </div>
   <div class='ocr_carea' id='block_1_11' title="bbox 638 1105 2300 1180">
    <p class='ocr_par' dir='ltr' id='par_1_11' title="bbox 638 1105 2300 1180">
     <span class='ocr_line' id='line_1_11' title="bbox 638 1105 2300 1180; baseline 0.003 -21"><span class='ocrx_word' id='word_1_68' title='bbox 638 1105 723 1178; x_wconf 92' lang='lat' dir='ltr'>pit</span> <span class='ocrx_word' id='word_1_69' title='bbox 768 1106 829 1160; x_wconf 90' lang='lat' dir='ltr'>in</span> <span class='ocrx_word' id='word_1_70' title='bbox 861 1121 1110 1162; x_wconf 78' lang='lat' dir='ltr'>uxorem</span> <span class='ocrx_word' id='word_1_71' title='bbox 1167 1107 1447 1162; x_wconf 83' lang='lat' dir='ltr'>Arnulfus</span> <span class='ocrx_word' id='word_1_72' title='bbox 1504 1109 1590 1164; x_wconf 91' lang='lat' dir='ltr'>vir</span> <span class='ocrx_word' id='word_1_73' title='bbox 1642 1109 2072 1174; x_wconf 88' lang='lat' dir='ltr'>nobilissimus,</span> <span class='ocrx_word' id='word_1_74' title='bbox 2133 1114 2300 1180; x_wconf 89' lang='lat' dir='ltr'>pater</span> 
     </span>
    </p>
   </div>
   <div class='ocr_carea' id='block_1_12' title="bbox 638 1194 2296 1266">
    <p class='ocr_par' dir='ltr' id='par_1_12' title="bbox 638 1194 2296 1266">
     <span class='ocr_line' id='line_1_12' title="bbox 638 1194 2296 1266; baseline 0.003 -18"><span class='ocrx_word' id='word_1_75' title='bbox 638 1194 947 1264; x_wconf 71' lang='lat' dir='ltr'>Ansegisili</span> <span class='ocrx_word' id='word_1_76' title='bbox 979 1197 1045 1250; x_wconf 67' lang='grc'>’⁵.</span> <span class='ocrx_word' id='word_1_77' title='bbox 1119 1199 1250 1250; x_wconf 88' lang='lat' dir='ltr'>Post</span> <span class='ocrx_word' id='word_1_78' title='bbox 1312 1198 1715 1266; x_wconf 90' lang='lat' dir='ltr'>Dagobertum</span> <span class='ocrx_word' id='word_1_79' title='bbox 1763 1198 2033 1266; x_wconf 86' lang='lat' dir='ltr'>regnavit</span> <span class='ocrx_word' id='word_1_80' title='bbox 2086 1197 2296 1254; x_wconf 91' lang='lat' dir='ltr'>Clodo-</span> 
     </span>
    </p>
   </div>
   <div class='ocr_carea' id='block_1_13' title="bbox 636 1283 2295 1357">
    <p class='ocr_par' dir='ltr' id='par_1_13' title="bbox 636 1283 2295 1357">
     <span class='ocr_line' id='line_1_13' title="bbox 636 1283 2295 1357; baseline 0.002 -19"><span class='ocrx_word' id='word_1_81' title='bbox 636 1299 778 1338; x_wconf 87' lang='lat' dir='ltr'>veus</span> <span class='ocrx_word' id='word_1_82' title='bbox 821 1283 980 1338; x_wconf 85' lang='lat' dir='ltr'>ﬁlius</span> <span class='ocrx_word' id='word_1_83' title='bbox 1013 1285 1164 1354; x_wconf 85' lang='lat' dir='ltr'>ejus,</span> <span class='ocrx_word' id='word_1_84' title='bbox 1222 1286 1324 1357; x_wconf 91' lang='lat' dir='ltr'>qui</span> <span class='ocrx_word' id='word_1_85' title='bbox 1356 1286 1567 1342; x_wconf 83' lang='lat' dir='ltr'>habuit</span> <span class='ocrx_word' id='word_1_86' title='bbox 1597 1292 1867 1342; x_wconf 87' lang='lat' dir='ltr'>sanctam</span> <span class='ocrx_word' id='word_1_87' title='bbox 1922 1286 2206 1342; x_wconf 85' lang='lat' dir='ltr'>Baltidem</span> <span class='ocrx_word' id='word_1_88' title='bbox 2235 1287 2295 1342; x_wconf 90' lang='lat' dir='ltr'>in</span> 
     </span>
    </p>
   </div>
   <div class='ocr_carea' id='block_1_14' title="bbox 635 1371 2295 1448">
    <p class='ocr_par' dir='ltr' id='par_1_14' title="bbox 635 1371 2295 1448">
     <span class='ocr_line' id='line_1_14' title="bbox 635 1371 2295 1448; baseline 0.002 -21"><span class='ocrx_word' id='word_1_89' title='bbox 635 1371 1036 1429; x_wconf 89' lang='lat' dir='ltr'>matrimonio.</span> <span class='ocrx_word' id='word_1_90' title='bbox 1072 1376 1200 1438; x_wconf 87' lang='lat' dir='ltr'>Quo</span> <span class='ocrx_word' id='word_1_91' title='bbox 1232 1379 1496 1445; x_wconf 89' lang='lat' dir='ltr'>tempore</span> <span class='ocrx_word' id='word_1_92' title='bbox 1528 1376 1716 1430; x_wconf 79' lang='lat' dir='ltr'>sancti</span> <span class='ocrx_word' id='word_1_93' title='bbox 1752 1375 2048 1430; x_wconf 85' lang='lat' dir='ltr'>Benedicti</span> <span class='ocrx_word' id='word_1_94' title='bbox 2077 1391 2295 1448; x_wconf 90' lang='lat' dir='ltr'>corpus</span> 
     </span>
    </p>
   </div>
   <div class='ocr_carea' id='block_1_15' title="bbox 634 1461 2294 1533">
    <p class='ocr_par' dir='ltr' id='par_1_15' title="bbox 634 1461 2294 1533">
     <span class='ocr_line' id='line_1_15' title="bbox 634 1461 2294 1533; baseline 0.003 -18"><span class='ocrx_word' id='word_1_95' title='bbox 634 1461 989 1518; x_wconf 88' lang='lat' dir='ltr'>translatum</span> <span class='ocrx_word' id='word_1_96' title='bbox 1019 1467 1106 1517; x_wconf 89' lang='lat' dir='ltr'>est</span> <span class='ocrx_word' id='word_1_97' title='bbox 1137 1463 1211 1517; x_wconf 92' lang='lat' dir='ltr'>de</span> <span class='ocrx_word' id='word_1_98' title='bbox 1241 1466 1570 1519; x_wconf 83' lang='lat' dir='ltr'>Benevento</span> <span class='ocrx_word' id='word_1_99' title='bbox 1600 1465 1659 1518; x_wconf 92' lang='lat' dir='ltr'>in</span> <span class='ocrx_word' id='word_1_100' title='bbox 1691 1464 2022 1533; x_wconf 88' lang='lat' dir='ltr'>Franciam,</span> <span class='ocrx_word' id='word_1_101' title='bbox 2064 1465 2124 1520; x_wconf 89' lang='lat' dir='ltr'>in</span> <span class='ocrx_word' id='word_1_102' title='bbox 2154 1466 2294 1522; x_wconf 90' lang='lat' dir='ltr'>villa</span> 
     </span>
    </p>
   </div>
   <div class='ocr_carea' id='block_1_16' title="bbox 637 1549 2292 1623">
    <p class='ocr_par' dir='ltr' id='par_1_16' title="bbox 637 1549 2292 1623">
     <span class='ocr_line' id='line_1_16' title="bbox 637 1549 2292 1623; baseline 0.004 -20"><span class='ocrx_word' id='word_1_103' title='bbox 637 1549 915 1607; x_wconf 85' lang='lat' dir='ltr'>Floriaco.</span> <span class='ocrx_word' id='word_1_104' title='bbox 951 1555 1088 1607; x_wconf 87' lang='lat' dir='ltr'>Post</span> <span class='ocrx_word' id='word_1_105' title='bbox 1115 1552 1481 1608; x_wconf 88' lang='lat' dir='ltr'>Clodoveum</span> <span class='ocrx_word' id='word_1_106' title='bbox 1511 1555 1782 1623; x_wconf 82' lang='lat' dir='ltr'>regnavit</span> <span class='ocrx_word' id='word_1_107' title='bbox 1811 1554 2098 1611; x_wconf 88' lang='lat' dir='ltr'>Clotarius</span> <span class='ocrx_word' id='word_1_108' title='bbox 2137 1553 2292 1610; x_wconf 89' lang='lat' dir='ltr'>ﬁlius</span> 
     </span>
    </p>
   </div>
   <div class='ocr_carea' id='block_1_17' title="bbox 633 1640 2293 1710">
    <p class='ocr_par' dir='ltr' id='par_1_17' title="bbox 633 1640 2293 1710">
     <span class='ocr_line' id='line_1_17' title="bbox 633 1640 2293 1710; baseline 0.004 -17"><span class='ocrx_word' id='word_1_109' title='bbox 633 1640 780 1708; x_wconf 87' lang='lat' dir='ltr'>ejus.</span> <span class='ocrx_word' id='word_1_110' title='bbox 810 1643 948 1695; x_wconf 87' lang='lat' dir='ltr'>Post</span> <span class='ocrx_word' id='word_1_111' title='bbox 981 1641 1302 1697; x_wconf 90' lang='lat' dir='ltr'>Clotarium</span> <span class='ocrx_word' id='word_1_112' title='bbox 1341 1644 1610 1710; x_wconf 75' lang='lat' dir='ltr'>regnavit</span> <span class='ocrx_word' id='word_1_113' title='bbox 1647 1643 2040 1699; x_wconf 83' lang='lat' dir='ltr'>Theodericus</span> <span class='ocrx_word' id='word_1_114' title='bbox 2085 1643 2293 1700; x_wconf 89' lang='lat' dir='ltr'>fratrer</span> 
     </span>
    </p>
   </div>
   <div class='ocr_carea' id='block_1_18' title="bbox 2415 489 4068 566">
    <p class='ocr_par' dir='ltr' id='par_1_18' title="bbox 2415 489 4068 566">
     <span class='ocr_line' id='line_1_18' title="bbox 2415 489 4068 566; baseline 0.009 -29"><span class='ocrx_word' id='word_1_115' title='bbox 2415 489 2620 541; x_wconf 89' lang='lat' dir='ltr'>contra</span> <span class='ocrx_word' id='word_1_116' title='bbox 2645 503 2813 556; x_wconf 88' lang='lat' dir='ltr'>reges</span> <span class='ocrx_word' id='word_1_117' title='bbox 2841 491 3392 559; x_wconf 78' lang='lat' dir='ltr'>Langobardorum.</span> <span class='ocrx_word' id='word_1_118' title='bbox 3430 493 3648 549; x_wconf 87' lang='lat' dir='ltr'>Deinde</span> <span class='ocrx_word' id='word_1_119' title='bbox 3665 493 3865 566; x_wconf 92' lang='lat' dir='ltr'>ipsum</span> <span class='ocrx_word' id='word_1_120' title='bbox 3895 495 4068 552; x_wconf 89' lang='lat' dir='ltr'>dom-</span> 
     </span>
    </p>
   </div>
   <div class='ocr_carea' id='block_1_19' title="bbox 2413 577 4072 654">
    <p class='ocr_par' dir='ltr' id='par_1_19' title="bbox 2413 577 4072 654">
     <span class='ocr_line' id='line_1_19' title="bbox 2413 577 4072 654; baseline 0.009 -27"><span class='ocrx_word' id='word_1_121' title='bbox 2413 589 2560 628; x_wconf 90' lang='lat' dir='ltr'>num</span> <span class='ocrx_word' id='word_1_122' title='bbox 2591 577 2868 634; x_wconf 90' lang='lat' dir='ltr'>Carolum</span> <span class='ocrx_word' id='word_1_123' title='bbox 2898 579 3202 648; x_wconf 87' lang='lat' dir='ltr'>elegerunt</span> <span class='ocrx_word' id='word_1_124' title='bbox 3228 581 3340 636; x_wconf 86' lang='lat' dir='ltr'>sibi</span> <span class='ocrx_word' id='word_1_125' title='bbox 3397 582 3456 636; x_wconf 93' lang='lat' dir='ltr'>in</span> <span class='ocrx_word' id='word_1_126' title='bbox 3505 582 3822 654; x_wconf 88' lang='lat' dir='ltr'>patricium</span> <span class='ocrx_word' id='word_1_127' title='bbox 3862 587 4072 642; x_wconf 82' lang='lat' dir='ltr'>Roma-</span> 
     </span>
    </p>
   </div>
   <div class='ocr_carea' id='block_1_20' title="bbox 2413 666 4072 744">
    <p class='ocr_par' dir='ltr' id='par_1_20' title="bbox 2413 666 4072 744">
     <span class='ocr_line' id='line_1_20' title="bbox 2413 666 4072 744; baseline 0.008 -28"><span class='ocrx_word' id='word_1_128' title='bbox 2413 677 2649 720; x_wconf 83' lang='lat' dir='ltr'>norum.</span> <span class='ocrx_word' id='word_1_129' title='bbox 2712 666 2931 722; x_wconf 87' lang='lat' dir='ltr'>Deinde</span> <span class='ocrx_word' id='word_1_130' title='bbox 2981 669 3360 725; x_wconf 88' lang='lat' dir='ltr'>elevaverunt</span> <span class='ocrx_word' id='word_1_131' title='bbox 3410 670 3473 726; x_wconf 90' lang='lat' dir='ltr'>in</span> <span class='ocrx_word' id='word_1_132' title='bbox 3537 671 3958 744; x_wconf 83' lang='lat' dir='ltr'>imperatorem</span> <span class='ocrx_word' id='word_1_133' title='bbox 4013 678 4072 729; x_wconf 90' lang='lat' dir='ltr'>et</span> 
     </span>
    </p>
   </div>
   <div class='ocr_carea' id='block_1_21' title="bbox 2411 753 4072 828">
    <p class='ocr_par' dir='ltr' id='par_1_21' title="bbox 2411 753 4072 828">
     <span class='ocr_line' id='line_1_21' title="bbox 2411 753 4072 828; baseline 0.009 -27"><span class='ocrx_word' id='word_1_134' title='bbox 2411 753 2768 818; x_wconf 80' lang='lat' dir='ltr'>Augustum.</span> <span class='ocrx_word' id='word_1_135' title='bbox 2802 758 3127 828; x_wconf 90' lang='lat' dir='ltr'>Tcnuitque</span> <span class='ocrx_word' id='word_1_136' title='bbox 3176 758 3438 814; x_wconf 90' lang='lat' dir='ltr'>domnus</span> <span class='ocrx_word' id='word_1_137' title='bbox 3488 759 3753 826; x_wconf 87' lang='lat' dir='ltr'>Carolus,</span> <span class='ocrx_word' id='word_1_138' title='bbox 3802 764 3919 816; x_wconf 92' lang='lat' dir='ltr'>Deo</span> <span class='ocrx_word' id='word_1_139' title='bbox 3958 761 4072 816; x_wconf 88' lang='lat' dir='ltr'>lar-</span> 
     </span>
    </p>
   </div>
   <div class='ocr_carea' id='block_1_22' title="bbox 2412 837 4066 914">
    <p class='ocr_par' dir='ltr' id='par_1_22' title="bbox 2412 837 4066 914">
     <span class='ocr_line' id='line_1_22' title="bbox 2412 837 4066 914; baseline 0.009 -23"><span class='ocrx_word' id='word_1_140' title='bbox 2412 837 2629 910; x_wconf 83' lang='lat' dir='ltr'>giente,</span> <span class='ocrx_word' id='word_1_141' title='bbox 2657 841 2715 896; x_wconf 90' lang='lat' dir='ltr'>in</span> <span class='ocrx_word' id='word_1_142' title='bbox 2749 849 3040 914; x_wconf 85' lang='lat' dir='ltr'>potestate</span> <span class='ocrx_word' id='word_1_143' title='bbox 3069 862 3178 901; x_wconf 90' lang='lat' dir='ltr'>sua</span> <span class='ocrx_word' id='word_1_144' title='bbox 3210 863 3452 903; x_wconf 91' lang='lat' dir='ltr'>omnem</span> <span class='ocrx_word' id='word_1_145' title='bbox 3506 852 3723 905; x_wconf 87' lang='lat' dir='ltr'>terram</span> <span class='ocrx_word' id='word_1_146' title='bbox 3770 849 3844 904; x_wconf 91' lang='lat' dir='ltr'>de</span> <span class='ocrx_word' id='word_1_147' title='bbox 3894 866 4066 905; x_wconf 91' lang='lat' dir='ltr'>mon-</span> 
     </span>
    </p>
   </div>
   <div class='ocr_carea' id='block_1_23' title="bbox 2410 930 4067 1009">
    <p class='ocr_par' dir='ltr' id='par_1_23' title="bbox 2410 930 4067 1009">
     <span class='ocr_line' id='line_1_23' title="bbox 2410 930 4067 1009; baseline 0.008 -29"><span class='ocrx_word' id='word_1_148' title='bbox 2410 931 2464 981; x_wconf 89' lang='lat' dir='ltr'>te</span> <span class='ocrx_word' id='word_1_149' title='bbox 2496 930 2768 998; x_wconf 85' lang='lat' dir='ltr'>Gargano</span> <span class='ocrx_word' id='word_1_150' title='bbox 2799 948 2988 1004; x_wconf 91' lang='lat' dir='ltr'>usque</span> <span class='ocrx_word' id='word_1_151' title='bbox 3015 933 3075 988; x_wconf 94' lang='lat' dir='ltr'>in</span> <span class='ocrx_word' id='word_1_152' title='bbox 3125 934 3468 990; x_wconf 83' lang='lat' dir='ltr'>Cordubam</span> <span class='ocrx_word' id='word_1_153' title='bbox 3518 935 3814 991; x_wconf 87' lang='lat' dir='ltr'>civitatem</span> <span class='ocrx_word' id='word_1_154' title='bbox 3858 937 4067 1009; x_wconf 85' lang='lat' dir='ltr'>Hispa-</span> 
     </span>
    </p>
   </div>
   <div class='ocr_carea' id='block_1_24' title="bbox 2410 1016 4068 1098">
    <p class='ocr_par' dir='ltr' id='par_1_24' title="bbox 2410 1016 4068 1098">
     <span class='ocr_line' id='line_1_24' title="bbox 2410 1016 4068 1098; baseline 0.007 -28"><span class='ocrx_word' id='word_1_155' title='bbox 2410 1016 2542 1071; x_wconf 80' lang='lat' dir='ltr'>niae.</span> <span class='ocrx_word' id='word_1_156' title='bbox 2576 1018 2815 1090; x_wconf 91' lang='lat' dir='ltr'>Pipinus</span> <span class='ocrx_word' id='word_1_157' title='bbox 2840 1037 2978 1077; x_wconf 89' lang='lat' dir='ltr'>vero</span> <span class='ocrx_word' id='word_1_158' title='bbox 3010 1022 3165 1090; x_wconf 88' lang='lat' dir='ltr'>Pius,</span> <span class='ocrx_word' id='word_1_159' title='bbox 3200 1027 3368 1096; x_wconf 89' lang='lat' dir='ltr'>pater</span> <span class='ocrx_word' id='word_1_160' title='bbox 3407 1023 3614 1079; x_wconf 88' lang='lat' dir='ltr'>domui</span> <span class='ocrx_word' id='word_1_161' title='bbox 3646 1024 3858 1089; x_wconf 84' lang='lat' dir='ltr'>Caroli,</span> <span class='ocrx_word' id='word_1_162' title='bbox 3905 1031 4068 1098; x_wconf 91' lang='lat' dir='ltr'>post-</span> 
     </span>
    </p>
   </div>
   <div class='ocr_carea' id='block_1_25' title="bbox 2407 1106 4066 1185">
    <p class='ocr_par' dir='ltr' id='par_1_25' title="bbox 2407 1106 4066 1185">
     <span class='ocr_line' id='line_1_25' title="bbox 2407 1106 4066 1185; baseline 0.008 -28"><span class='ocrx_word' id='word_1_163' title='bbox 2407 1117 2593 1172; x_wconf 84' lang='lat' dir='ltr'>quam</span> <span class='ocrx_word' id='word_1_164' title='bbox 2624 1106 2887 1163; x_wconf 87' lang='lat' dir='ltr'>elevatus</span> <span class='ocrx_word' id='word_1_165' title='bbox 2914 1110 3089 1164; x_wconf 87' lang='lat' dir='ltr'>estin</span> <span class='ocrx_word' id='word_1_166' title='bbox 3117 1127 3340 1180; x_wconf 88' lang='lat' dir='ltr'>regem,</span> <span class='ocrx_word' id='word_1_167' title='bbox 3375 1113 3646 1181; x_wconf 82' lang='lat' dir='ltr'>regnavit</span> <span class='ocrx_word' id='word_1_168' title='bbox 3688 1118 3916 1185; x_wconf 88' lang='lat' dir='ltr'>septem</span> <span class='ocrx_word' id='word_1_169' title='bbox 3962 1129 4066 1170; x_wconf 91' lang='lat' dir='ltr'>an-</span> 
     </span>
    </p>
   </div>
   <div class='ocr_carea' id='block_1_26' title="bbox 2408 1196 4068 1270">
    <p class='ocr_par' dir='ltr' id='par_1_26' title="bbox 2408 1196 4068 1270">
     <span class='ocr_line' id='line_1_26' title="bbox 2408 1196 4068 1270; baseline 0.008 -24"><span class='ocrx_word' id='word_1_170' title='bbox 2408 1206 2538 1261; x_wconf 89' lang='lat' dir='ltr'>nos,</span> <span class='ocrx_word' id='word_1_171' title='bbox 2567 1200 2622 1250; x_wconf 92' lang='lat' dir='ltr'>et</span> <span class='ocrx_word' id='word_1_172' title='bbox 2654 1196 2799 1251; x_wconf 92' lang='lat' dir='ltr'>obiit</span> <span class='ocrx_word' id='word_1_173' title='bbox 2843 1199 3368 1270; x_wconf 75' lang='lat' dir='ltr'>septingentesimo</span> <span class='ocrx_word' id='word_1_174' title='bbox 3429 1201 3806 1270; x_wconf 88' lang='lat' dir='ltr'>sexagesimo</span> <span class='ocrx_word' id='word_1_175' title='bbox 3853 1207 4068 1259; x_wconf 89' lang='lat' dir='ltr'>octavo</span> 
     </span>
    </p>
   </div>
   <div class='ocr_carea' id='block_1_27' title="bbox 2406 1283 4063 1367">
    <p class='ocr_par' dir='ltr' id='par_1_27' title="bbox 2406 1283 4063 1367">
     <span class='ocr_line' id='line_1_27' title="bbox 2406 1283 4063 1367; baseline 0.007 -31"><span class='ocrx_word' id='word_1_176' title='bbox 2406 1297 2566 1338; x_wconf 89' lang='lat' dir='ltr'>anno</span> <span class='ocrx_word' id='word_1_177' title='bbox 2597 1283 2674 1339; x_wconf 92' lang='lat' dir='ltr'>ab</span> <span class='ocrx_word' id='word_1_178' title='bbox 2704 1285 3110 1343; x_wconf 87' lang='lat' dir='ltr'>incarnatione</span> <span class='ocrx_word' id='word_1_179' title='bbox 3143 1290 3394 1346; x_wconf 90' lang='lat' dir='ltr'>Domini.</span> <span class='ocrx_word' id='word_1_180' title='bbox 3455 1293 3520 1346; x_wconf 89' lang='lat' dir='ltr'>Et</span> <span class='ocrx_word' id='word_1_181' title='bbox 3569 1290 3702 1363; x_wconf 91' lang='lat' dir='ltr'>ipso</span> <span class='ocrx_word' id='word_1_182' title='bbox 3740 1307 3900 1347; x_wconf 89' lang='lat' dir='ltr'>anno</span> <span class='ocrx_word' id='word_1_183' title='bbox 3925 1307 4063 1367; x_wconf 85' lang='lat' dir='ltr'>om-</span> 
     </span>
    </p>
   </div>
   <div class='ocr_carea' id='block_1_28' title="bbox 2404 1363 4067 1446">
    <p class='ocr_par' dir='ltr' id='par_1_28' title="bbox 2404 1363 4067 1446">
     <span class='ocr_line' id='line_1_28' title="bbox 2404 1363 4067 1446; baseline 0.007 -22"><span class='ocrx_word' id='word_1_184' title='bbox 2404 1386 2508 1424; x_wconf 91' lang='lat' dir='ltr'>nes</span> <span class='ocrx_word' id='word_1_185' title='bbox 2537 1373 2740 1428; x_wconf 86' lang='lat' dir='ltr'>Franci</span> <span class='ocrx_word' id='word_1_186' title='bbox 2767 1391 2990 1444; x_wconf 89' lang='lat' dir='ltr'>magno</span> <span class='ocrx_word' id='word_1_187' title='bbox 3039 1377 3259 1446; x_wconf 90' lang='lat' dir='ltr'>gaudio</span> <span class='ocrx_word' id='word_1_188' title='bbox 3299 1377 3632 1433; x_wconf 86' lang='lat' dir='ltr'>exultantes</span> <span class='ocrx_word' id='word_1_189' title='bbox 3680 1363 4067 1436; x_wconf 81' lang='lat' dir='ltr'>elevaveruut</span> 
     </span>
    </p>
   </div>
   <div class='ocr_carea' id='block_1_29' title="bbox 2403 1460 4060 1536">
    <p class='ocr_par' dir='ltr' id='par_1_29' title="bbox 2403 1460 4060 1536">
     <span class='ocr_line' id='line_1_29' title="bbox 2403 1460 4060 1536; baseline 0.007 -23"><span class='ocrx_word' id='word_1_190' title='bbox 2403 1460 2514 1514; x_wconf 88' lang='lat' dir='ltr'>sibi</span> <span class='ocrx_word' id='word_1_191' title='bbox 2543 1460 2602 1515; x_wconf 91' lang='lat' dir='ltr'>in</span> <span class='ocrx_word' id='word_1_192' title='bbox 2633 1478 2833 1532; x_wconf 84' lang='lat' dir='ltr'>regem</span> <span class='ocrx_word' id='word_1_193' title='bbox 2865 1464 3158 1521; x_wconf 89' lang='lat' dir='ltr'>domuum</span> <span class='ocrx_word' id='word_1_194' title='bbox 3187 1467 3463 1523; x_wconf 82' lang='lat' dir='ltr'>Carolum</span> <span class='ocrx_word' id='word_1_195' title='bbox 3495 1471 3773 1536; x_wconf 88' lang='lat' dir='ltr'>Magnum</span> <span class='ocrx_word' id='word_1_196' title='bbox 3801 1483 3961 1524; x_wconf 90' lang='lat' dir='ltr'>anno</span> <span class='ocrx_word' id='word_1_197' title='bbox 3982 1469 4060 1524; x_wconf 89' lang='lat' dir='ltr'>ab</span> 
     </span>
    </p>
   </div>
   <div class='ocr_carea' id='block_1_30' title="bbox 2398 1549 4062 1627">
    <p class='ocr_par' dir='ltr' id='par_1_30' title="bbox 2398 1549 4062 1627">
     <span class='ocr_line' id='line_1_30' title="bbox 2398 1549 4062 1627; baseline 0.006 -26"><span class='ocrx_word' id='word_1_198' title='bbox 2398 1549 2810 1610; x_wconf 81' lang='lat' dir='ltr'>incarnatione</span> <span class='ocrx_word' id='word_1_199' title='bbox 2845 1551 3076 1608; x_wconf 90' lang='lat' dir='ltr'>Domini</span> <span class='ocrx_word' id='word_1_200' title='bbox 3107 1558 3230 1608; x_wconf 88' lang='lat'>768.</span> <span class='ocrx_word' id='word_1_201' title='bbox 3283 1554 3372 1610; x_wconf 90' lang='lat' dir='ltr'>Sic</span> <span class='ocrx_word' id='word_1_202' title='bbox 3425 1554 3584 1609; x_wconf 89' lang='lat' dir='ltr'>enim</span> <span class='ocrx_word' id='word_1_203' title='bbox 3635 1558 4062 1627; x_wconf 89' lang='lat' dir='ltr'>computantur</span> 
     </span>
    </p>
   </div>
   <div class='ocr_carea' id='block_1_31' title="bbox 2401 1636 4058 1714">
    <p class='ocr_par' dir='ltr' id='par_1_31' title="bbox 2401 1636 4058 1714">
     <span class='ocr_line' id='line_1_31' title="bbox 2401 1636 4058 1714; baseline 0.005 -24"><span class='ocrx_word' id='word_1_204' title='bbox 2401 1636 2542 1690; x_wconf 89' lang='lat' dir='ltr'>anni</span> <span class='ocrx_word' id='word_1_205' title='bbox 2573 1637 2650 1692; x_wconf 86' lang='lat' dir='ltr'>ab</span> <span class='ocrx_word' id='word_1_206' title='bbox 2681 1639 2906 1708; x_wconf 87' lang='lat' dir='ltr'>origine</span> <span class='ocrx_word' id='word_1_207' title='bbox 2958 1641 3168 1696; x_wconf 86' lang='lat' dir='ltr'>mundi</span> <span class='ocrx_word' id='word_1_208' title='bbox 3222 1657 3411 1714; x_wconf 87' lang='lat' dir='ltr'>usque</span> <span class='ocrx_word' id='word_1_209' title='bbox 3458 1642 3535 1697; x_wconf 91' lang='lat' dir='ltr'>ad</span> <span class='ocrx_word' id='word_1_210' title='bbox 3587 1642 4058 1700; x_wconf 85' lang='lat' dir='ltr'>incarnationem</span> 
     </span>
    </p>
   </div>
   <div class='ocr_carea' id='block_1_32' title="bbox 633 1727 4058 1804">
    <p class='ocr_par' dir='ltr' id='par_1_32' title="bbox 633 1727 4058 1804">
     <span class='ocr_line' id='line_1_32' title="bbox 633 1727 4058 1804; baseline 0.004 -27"><span class='ocrx_word' id='word_1_211' title='bbox 633 1729 783 1798; x_wconf 79' lang='lat' dir='ltr'>ejus,</span> <span class='ocrx_word' id='word_1_212' title='bbox 818 1730 915 1784; x_wconf 81' lang='lat' dir='ltr'>cui</span> <span class='ocrx_word' id='word_1_213' title='bbox 947 1730 1237 1786; x_wconf 79' lang='lat' dir='ltr'>Ebroinus</span> <span class='ocrx_word' id='word_1_214' title='bbox 1267 1730 1374 1786; x_wconf 76' lang='lat' dir='ltr'>fuit</span> <span class='ocrx_word' id='word_1_215' title='bbox 1405 1733 1599 1800; x_wconf 68' lang='lat' dir='ltr'>major</span> <span class='ocrx_word' id='word_1_216' title='bbox 1645 1732 1862 1787; x_wconf 84' lang='lat' dir='ltr'>domus</span> <span class='ocrx_word' id='word_1_217' title='bbox 1899 1751 1911 1799; x_wconf 85' lang='grc'>;</span> <span class='ocrx_word' id='word_1_218' title='bbox 1971 1737 2028 1788; x_wconf 73' lang='lat' dir='ltr'>et</span> <span class='ocrx_word' id='word_1_219' title='bbox 2071 1733 2286 1788; x_wconf 75' lang='lat' dir='ltr'>Leode-</span> <span class='ocrx_word' id='word_1_220' title='bbox 2325 1745 2369 1798; x_wconf 68' lang='grc' dir='ltr'><strong>Β</strong></span> <span class='ocrx_word' id='word_1_221' title='bbox 2406 1727 2636 1781; x_wconf 88' lang='lat' dir='ltr'>Domini</span> <span class='ocrx_word' id='word_1_222' title='bbox 2691 1729 3022 1785; x_wconf 87' lang='lat' dir='ltr'>secundum</span> <span class='ocrx_word' id='word_1_223' title='bbox 3086 1731 3463 1804; x_wconf 82' lang='lat' dir='ltr'>septuaginta</span> <span class='ocrx_word' id='word_1_224' title='bbox 3529 1736 3898 1803; x_wconf 89' lang='lat' dir='ltr'>lnterpretes.</span> <span class='ocrx_word' id='word_1_225' title='bbox 3967 1733 4058 1789; x_wconf 80' lang='lat' dir='ltr'>Ab</span> 
     </span>
    </p>
   </div>
   <div class='ocr_carea' id='block_1_33' title="bbox 634 1817 2298 1892">
    <p class='ocr_par' dir='ltr' id='par_1_33' title="bbox 634 1817 2298 1892">
     <span class='ocr_line' id='line_1_33' title="bbox 634 1817 2298 1892; baseline 0.003 -20"><span class='ocrx_word' id='word_1_226' title='bbox 634 1817 831 1882; x_wconf 79' lang='lat' dir='ltr'>garius</span> <span class='ocrx_word' id='word_1_227' title='bbox 863 1823 1106 1873; x_wconf 85' lang='lat' dir='ltr'>sanctus</span> <span class='ocrx_word' id='word_1_228' title='bbox 1137 1819 1458 1892; x_wconf 88' lang='lat' dir='ltr'>episcopus</span> <span class='ocrx_word' id='word_1_229' title='bbox 1490 1821 1722 1891; x_wconf 85' lang='lat' dir='ltr'>claruit,</span> <span class='ocrx_word' id='word_1_230' title='bbox 1768 1838 1950 1892; x_wconf 85' lang='lat' dir='ltr'>quem</span> <span class='ocrx_word' id='word_1_231' title='bbox 2007 1822 2298 1877; x_wconf 85' lang='lat' dir='ltr'>interemit</span> 
     </span>
    </p>
   </div>
   <div class='ocr_carea' id='block_1_34' title="bbox 633 1905 2297 1980">
    <p class='ocr_par' dir='ltr' id='par_1_34' title="bbox 633 1905 2297 1980">
     <span class='ocr_line' id='line_1_34' title="bbox 633 1905 2297 1980; baseline 0.004 -22"><span class='ocrx_word' id='word_1_232' title='bbox 633 1905 754 1976; x_wconf 88' lang='lat' dir='ltr'>ipse</span> <span class='ocrx_word' id='word_1_233' title='bbox 787 1906 1102 1961; x_wconf 85' lang='lat' dir='ltr'>Ebroinus.</span> <span class='ocrx_word' id='word_1_234' title='bbox 1138 1909 1264 1970; x_wconf 86' lang='lat' dir='ltr'>Quo</span> <span class='ocrx_word' id='word_1_235' title='bbox 1311 1913 1574 1979; x_wconf 89' lang='lat' dir='ltr'>tempore</span> <span class='ocrx_word' id='word_1_236' title='bbox 1623 1909 1861 1980; x_wconf 84' lang='lat' dir='ltr'>Pipinus</span> <span class='ocrx_word' id='word_1_237' title='bbox 1917 1909 2152 1964; x_wconf 92' lang='lat' dir='ltr'>Vetulus</span> <span class='ocrx_word' id='word_1_238' title='bbox 2192 1910 2297 1965; x_wconf 79' lang='lat' dir='ltr'>fuit</span> 
     </span>
    </p>
   </div>
   <div class='ocr_carea' id='block_1_35' title="bbox 632 1994 2294 2064">
    <p class='ocr_par' dir='ltr' id='par_1_35' title="bbox 632 1994 2294 2064">
     <span class='ocr_line' id='line_1_35' title="bbox 632 1994 2294 2064; baseline 0.003 -16"><span class='ocrx_word' id='word_1_239' title='bbox 632 1994 826 2064; x_wconf 85' lang='lat' dir='ltr'>major</span> <span class='ocrx_word' id='word_1_240' title='bbox 853 1994 1075 2048; x_wconf 88' lang='lat' dir='ltr'>domus</span> <span class='ocrx_word' id='word_1_241' title='bbox 1106 1995 1167 2049; x_wconf 91' lang='lat' dir='ltr'>in</span> <span class='ocrx_word' id='word_1_242' title='bbox 1198 1997 1511 2050; x_wconf 79' lang='lat' dir='ltr'>Austrasiis</span> <span class='ocrx_word' id='word_1_243' title='bbox 1536 2014 1672 2052; x_wconf 90' lang='lat' dir='ltr'>cum</span> <span class='ocrx_word' id='word_1_244' title='bbox 1695 1997 1939 2063; x_wconf 84' lang='lat' dir='ltr'>regibus</span> <span class='ocrx_word' id='word_1_245' title='bbox 1967 1997 2294 2053; x_wconf 82' lang='lat' dir='ltr'>Childerico</span> 
     </span>
    </p>
   </div>
   <div class='ocr_carea' id='block_1_36' title="bbox 630 2082 2295 2158">
    <p class='ocr_par' dir='ltr' id='par_1_36' title="bbox 630 2082 2295 2158">
     <span class='ocr_line' id='line_1_36' title="bbox 630 2082 2295 2158; baseline 0.003 -22"><span class='ocrx_word' id='word_1_246' title='bbox 630 2087 682 2136; x_wconf 92' lang='lat' dir='ltr'>et</span> <span class='ocrx_word' id='word_1_247' title='bbox 712 2082 1086 2138; x_wconf 86' lang='lat' dir='ltr'>Childeberto</span> <span class='ocrx_word' id='word_1_248' title='bbox 1105 2084 1361 2154; x_wconf 90' lang='lat' dir='ltr'>juniore.</span> <span class='ocrx_word' id='word_1_249' title='bbox 1395 2086 1504 2150; x_wconf 88' lang='lat' dir='ltr'>Qui</span> <span class='ocrx_word' id='word_1_250' title='bbox 1533 2086 1773 2158; x_wconf 90' lang='lat' dir='ltr'>Pipinus</span> <span class='ocrx_word' id='word_1_251' title='bbox 1803 2087 2105 2142; x_wconf 88' lang='lat' dir='ltr'>consensit</span> <span class='ocrx_word' id='word_1_252' title='bbox 2126 2087 2295 2142; x_wconf 65' lang='lat' dir='ltr'>nobi‘</span> 
     </span>
    </p>
   </div>
   <div class='ocr_carea' id='block_1_37' title="bbox 632 2170 2291 2248">
    <p class='ocr_par' dir='ltr' id='par_1_37' title="bbox 632 2170 2291 2248">
     <span class='ocr_line' id='line_1_37' title="bbox 632 2170 2291 2248; baseline 0.003 -24"><span class='ocrx_word' id='word_1_253' title='bbox 632 2170 785 2226; x_wconf 89' lang='lat' dir='ltr'>libus</span> <span class='ocrx_word' id='word_1_254' title='bbox 821 2173 1056 2227; x_wconf 84' lang='lat' dir='ltr'>Francis</span> <span class='ocrx_word' id='word_1_255' title='bbox 1086 2172 1414 2229; x_wconf 87' lang='lat' dir='ltr'>interﬁcere</span> <span class='ocrx_word' id='word_1_256' title='bbox 1441 2175 1784 2231; x_wconf 79' lang='lat' dir='ltr'>Ebroinum.</span> <span class='ocrx_word' id='word_1_257' title='bbox 1809 2180 1870 2231; x_wconf 84' lang='lat' dir='ltr'>Et</span> <span class='ocrx_word' id='word_1_258' title='bbox 1896 2177 2022 2248; x_wconf 88' lang='lat' dir='ltr'>ipse</span> <span class='ocrx_word' id='word_1_259' title='bbox 2053 2176 2291 2248; x_wconf 89' lang='lat' dir='ltr'>Pipinus</span> 
     </span>
    </p>
   </div>
   <div class='ocr_carea' id='block_1_38' title="bbox 635 2261 2288 2335">
    <p class='ocr_par' dir='ltr' id='par_1_38' title="bbox 635 2261 2288 2335">
     <span class='ocr_line' id='line_1_38' title="bbox 635 2261 2288 2335; baseline 0.004 -21"><span class='ocrx_word' id='word_1_260' title='bbox 635 2261 848 2330; x_wconf 82' lang='lat' dir='ltr'>Brevis,</span> <span class='ocrx_word' id='word_1_261' title='bbox 881 2267 1124 2334; x_wconf 89' lang='lat' dir='ltr'>propter</span> <span class='ocrx_word' id='word_1_262' title='bbox 1164 2263 1560 2319; x_wconf 87' lang='lat' dir='ltr'>Childericum</span> <span class='ocrx_word' id='word_1_263' title='bbox 1606 2281 1808 2335; x_wconf 84' lang='lat' dir='ltr'>regem</span> <span class='ocrx_word' id='word_1_264' title='bbox 1848 2266 2288 2321; x_wconf 82' lang='lat' dir='ltr'>Austrasiorum</span> 
     </span>
    </p>
   </div>
   <div class='ocr_carea' id='block_1_39' title="bbox 633 2350 2288 2424">
    <p class='ocr_par' dir='ltr' id='par_1_39' title="bbox 633 2350 2288 2424">
     <span class='ocr_line' id='line_1_39' title="bbox 633 2350 2288 2424; baseline 0.002 -20"><span class='ocrx_word' id='word_1_265' title='bbox 633 2365 666 2404; x_wconf 88' lang='lat' dir='ltr'>a</span> <span class='ocrx_word' id='word_1_266' title='bbox 696 2350 934 2405; x_wconf 79' lang='lat' dir='ltr'>Francis</span> <span class='ocrx_word' id='word_1_267' title='bbox 969 2351 1258 2419; x_wconf 85' lang='lat' dir='ltr'>occisum,</span> <span class='ocrx_word' id='word_1_268' title='bbox 1290 2352 1564 2424; x_wconf 71' lang='lat' dir='ltr'>praelium</span> <span class='ocrx_word' id='word_1_269' title='bbox 1595 2354 1726 2409; x_wconf 89' lang='lat' dir='ltr'>fecit</span> <span class='ocrx_word' id='word_1_270' title='bbox 1758 2371 1895 2408; x_wconf 92' lang='lat' dir='ltr'>cum</span> <span class='ocrx_word' id='word_1_271' title='bbox 1927 2354 2288 2409; x_wconf 82' lang='lat' dir='ltr'>Theoderico</span> 
     </span>
    </p>
   </div>
   <div class='ocr_carea' id='block_1_40' title="bbox 628 2440 2288 2515">
    <p class='ocr_par' dir='ltr' id='par_1_40' title="bbox 628 2440 2288 2515">
     <span class='ocr_line' id='line_1_40' title="bbox 628 2440 2288 2515; baseline 0.005 -25"><span class='ocrx_word' id='word_1_272' title='bbox 628 2452 760 2506; x_wconf 88' lang='lat' dir='ltr'>rege</span> <span class='ocrx_word' id='word_1_273' title='bbox 796 2440 1180 2508; x_wconf 84' lang='lat' dir='ltr'>Francorum,</span> <span class='ocrx_word' id='word_1_274' title='bbox 1214 2445 1269 2494; x_wconf 91' lang='lat' dir='ltr'>et</span> <span class='ocrx_word' id='word_1_275' title='bbox 1298 2441 1513 2495; x_wconf 87' lang='lat' dir='ltr'>devicit</span> <span class='ocrx_word' id='word_1_276' title='bbox 1546 2457 1704 2506; x_wconf 86' lang='lat' dir='ltr'>eum,</span> <span class='ocrx_word' id='word_1_277' title='bbox 1739 2448 1794 2498; x_wconf 92' lang='lat' dir='ltr'>et</span> <span class='ocrx_word' id='word_1_278' title='bbox 1821 2460 1958 2498; x_wconf 90' lang='lat' dir='ltr'>cum</span> <span class='ocrx_word' id='word_1_279' title='bbox 1988 2460 2058 2498; x_wconf 91' lang='lat' dir='ltr'>eo</span> <span class='ocrx_word' id='word_1_280' title='bbox 2081 2448 2288 2515; x_wconf 88' lang='lat' dir='ltr'>postea</span> 
     </span>
    </p>
   </div>
   <div class='ocr_carea' id='block_1_41' title="bbox 630 2527 2286 2600">
    <p class='ocr_par' dir='ltr' id='par_1_41' title="bbox 630 2527 2286 2600">
     <span class='ocr_line' id='line_1_41' title="bbox 630 2527 2286 2600; baseline 0.005 -21"><span class='ocrx_word' id='word_1_281' title='bbox 630 2527 1022 2594; x_wconf 88' lang='lat' dir='ltr'>concordans,</span> <span class='ocrx_word' id='word_1_282' title='bbox 1064 2529 1260 2598; x_wconf 83' lang='lat' dir='ltr'>major</span> <span class='ocrx_word' id='word_1_283' title='bbox 1305 2529 1522 2586; x_wconf 89' lang='lat' dir='ltr'>domus</span> <span class='ocrx_word' id='word_1_284' title='bbox 1577 2531 1762 2586; x_wconf 79' lang='lat' dir='ltr'>extitit</span> <span class='ocrx_word' id='word_1_285' title='bbox 1798 2532 1859 2587; x_wconf 92' lang='lat' dir='ltr'>in</span> <span class='ocrx_word' id='word_1_286' title='bbox 1921 2532 2182 2600; x_wconf 80' lang='lat' dir='ltr'>Francia,</span> <span class='ocrx_word' id='word_1_287' title='bbox 2231 2538 2286 2587; x_wconf 91' lang='lat' dir='ltr'>et</span> 
     </span>
    </p>
   </div>
   <div class='ocr_carea' id='block_1_42' title="bbox 629 2613 2284 2689">
    <p class='ocr_par' dir='ltr' id='par_1_42' title="bbox 629 2613 2284 2689">
     <span class='ocr_line' id='line_1_42' title="bbox 629 2613 2284 2689; baseline 0.005 -21"><span class='ocrx_word' id='word_1_288' title='bbox 629 2613 777 2670; x_wconf 89' lang='lat' dir='ltr'>bella</span> <span class='ocrx_word' id='word_1_289' title='bbox 816 2615 1009 2670; x_wconf 90' lang='lat' dir='ltr'>multa</span> <span class='ocrx_word' id='word_1_290' title='bbox 1038 2622 1247 2673; x_wconf 89' lang='lat' dir='ltr'>contra</span> <span class='ocrx_word' id='word_1_291' title='bbox 1279 2619 1502 2674; x_wconf 88' lang='lat' dir='ltr'>Suevos</span> <span class='ocrx_word' id='word_1_292' title='bbox 1558 2625 1613 2674; x_wconf 89' lang='lat' dir='ltr'>et</span> <span class='ocrx_word' id='word_1_293' title='bbox 1645 2620 1791 2676; x_wconf 88' lang='lat' dir='ltr'>alias</span> <span class='ocrx_word' id='word_1_294' title='bbox 1823 2627 2025 2689; x_wconf 82' lang='lat' dir='ltr'>gentes</span> <span class='ocrx_word' id='word_1_295' title='bbox 2065 2621 2284 2676; x_wconf 85' lang='lat' dir='ltr'>fortiter</span> 
     </span>
    </p>
   </div>
   <div class='ocr_carea' id='block_1_43' title="bbox 627 2701 2282 2779">
    <p class='ocr_par' dir='ltr' id='par_1_43' title="bbox 627 2701 2282 2779">
     <span class='ocr_line' id='line_1_43' title="bbox 627 2701 2282 2779; baseline 0.003 -24"><span class='ocrx_word' id='word_1_296' title='bbox 627 2701 774 2758; x_wconf 84' lang='lat' dir='ltr'>fecit.</span> <span class='ocrx_word' id='word_1_297' title='bbox 811 2707 877 2759; x_wconf 88' lang='lat' dir='ltr'>Et</span> <span class='ocrx_word' id='word_1_298' title='bbox 906 2703 1030 2774; x_wconf 86' lang='lat' dir='ltr'>ipse</span> <span class='ocrx_word' id='word_1_299' title='bbox 1059 2705 1297 2777; x_wconf 90' lang='lat' dir='ltr'>Pipinus</span> <span class='ocrx_word' id='word_1_300' title='bbox 1323 2708 1516 2762; x_wconf 90' lang='lat' dir='ltr'>Brevis</span> <span class='ocrx_word' id='word_1_301' title='bbox 1547 2708 1620 2762; x_wconf 94' lang='lat' dir='ltr'>de</span> <span class='ocrx_word' id='word_1_302' title='bbox 1654 2725 1834 2764; x_wconf 88' lang='lat' dir='ltr'>uxore</span> <span class='ocrx_word' id='word_1_303' title='bbox 1869 2725 1979 2763; x_wconf 86' lang='lat' dir='ltr'>sua</span> <span class='ocrx_word' id='word_1_304' title='bbox 2003 2706 2282 2779; x_wconf 89' lang='lat' dir='ltr'>Calpiade</span> 
     </span>
    </p>
   </div>
   <div class='ocr_carea' id='block_1_44' title="bbox 626 2791 2280 2858">
    <p class='ocr_par' dir='ltr' id='par_1_44' title="bbox 626 2791 2280 2858">
     <span class='ocr_line' id='line_1_44' title="bbox 626 2791 2280 2858; baseline 0.002 -13"><span class='ocrx_word' id='word_1_305' title='bbox 626 2791 822 2858; x_wconf 81' lang='lat' dir='ltr'>genuit</span> <span class='ocrx_word' id='word_1_306' title='bbox 861 2793 1141 2849; x_wconf 89' lang='lat' dir='ltr'>Carolum</span> <span class='ocrx_word' id='word_1_307' title='bbox 1172 2795 1519 2852; x_wconf 85' lang='lat' dir='ltr'>Martellum.</span> <span class='ocrx_word' id='word_1_308' title='bbox 1554 2800 1687 2852; x_wconf 93' lang='lat' dir='ltr'>Post</span> <span class='ocrx_word' id='word_1_309' title='bbox 1716 2797 2140 2852; x_wconf 88' lang='lat' dir='ltr'>Theodericum</span> <span class='ocrx_word' id='word_1_310' title='bbox 2179 2811 2280 2849; x_wconf 88' lang='lat' dir='ltr'>ve-</span> 
     </span>
    </p>
   </div>
   <div class='ocr_carea' id='block_1_45' title="bbox 626 2884 2282 2957">
    <p class='ocr_par' dir='ltr' id='par_1_45' title="bbox 626 2884 2282 2957">
     <span class='ocr_line' id='line_1_45' title="bbox 626 2884 2282 2957; baseline 0.004 -24"><span class='ocrx_word' id='word_1_311' title='bbox 626 2896 688 2934; x_wconf 91' lang='lat' dir='ltr'>ro</span> <span class='ocrx_word' id='word_1_312' title='bbox 745 2895 948 2950; x_wconf 82' lang='lat' dir='ltr'>regem</span> <span class='ocrx_word' id='word_1_313' title='bbox 1003 2884 1274 2952; x_wconf 87' lang='lat' dir='ltr'>regnavit</span> <span class='ocrx_word' id='word_1_314' title='bbox 1332 2885 1683 2952; x_wconf 90' lang='lat' dir='ltr'>Clodoveus,</span> <span class='ocrx_word' id='word_1_315' title='bbox 1739 2887 1894 2942; x_wconf 87' lang='lat' dir='ltr'>ﬁlius</span> <span class='ocrx_word' id='word_1_316' title='bbox 1944 2887 2090 2957; x_wconf 89' lang='lat' dir='ltr'>ejus.</span> <span class='ocrx_word' id='word_1_317' title='bbox 2149 2889 2282 2940; x_wconf 88' lang='lat' dir='ltr'>Post</span> 
     </span>
    </p>
   </div>
   <div class='ocr_carea' id='block_1_46' title="bbox 627 2969 2280 3047">
    <p class='ocr_par' dir='ltr' id='par_1_46' title="bbox 627 2969 2280 3047">
     <span class='ocr_line' id='line_1_46' title="bbox 627 2969 2280 3047; baseline 0.006 -26"><span class='ocrx_word' id='word_1_318' title='bbox 627 2969 990 3026; x_wconf 83' lang='lat' dir='ltr'>Clodoveum</span> <span class='ocrx_word' id='word_1_319' title='bbox 1044 2974 1316 3042; x_wconf 89' lang='lat' dir='ltr'>regnavit</span> <span class='ocrx_word' id='word_1_320' title='bbox 1369 2975 1775 3030; x_wconf 86' lang='lat' dir='ltr'>Childebertus</span> <span class='ocrx_word' id='word_1_321' title='bbox 1828 2977 2050 3047; x_wconf 88' lang='lat' dir='ltr'>junior,</span> <span class='ocrx_word' id='word_1_322' title='bbox 2100 2975 2280 3032; x_wconf 86' lang='lat' dir='ltr'>frater</span> 
     </span>
    </p>
   </div>
   <div class='ocr_carea' id='block_1_47' title="bbox 2406 1815 4055 1887">
    <p class='ocr_par' dir='ltr' id='par_1_47' title="bbox 2406 1815 4055 1887">
     <span class='ocr_line' id='line_1_47' title="bbox 2406 1815 4055 1887; baseline 0.005 -20"><span class='ocrx_word' id='word_1_323' title='bbox 2406 1815 2596 1869; x_wconf 75' lang='lat' dir='ltr'>Adam</span> <span class='ocrx_word' id='word_1_324' title='bbox 2630 1833 2815 1887; x_wconf 89' lang='lat' dir='ltr'>usque</span> <span class='ocrx_word' id='word_1_325' title='bbox 2847 1818 2919 1872; x_wconf 90' lang='lat' dir='ltr'>ad</span> <span class='ocrx_word' id='word_1_326' title='bbox 2954 1819 3243 1874; x_wconf 90' lang='lat' dir='ltr'>diluvium</span> <span class='ocrx_word' id='word_1_327' title='bbox 3277 1818 3427 1874; x_wconf 89' lang='lat' dir='ltr'>ﬁunt</span> <span class='ocrx_word' id='word_1_328' title='bbox 3455 1821 3596 1874; x_wconf 91' lang='lat' dir='ltr'>anni</span> <span class='ocrx_word' id='word_1_329' title='bbox 3623 1820 3744 1874; x_wconf 89' lang='lat' dir='ltr'>duo</span> <span class='ocrx_word' id='word_1_330' title='bbox 3761 1821 3924 1876; x_wconf 89' lang='lat' dir='ltr'>milia</span> <span class='ocrx_word' id='word_1_331' title='bbox 3943 1821 4055 1876; x_wconf 90' lang='lat' dir='ltr'>du-</span> 
     </span>
    </p>
   </div>
   <div class='ocr_carea' id='block_1_48' title="bbox 2405 1904 4058 1979">
    <p class='ocr_par' dir='ltr' id='par_1_48' title="bbox 2405 1904 4058 1979">
     <span class='ocr_line' id='line_1_48' title="bbox 2405 1904 4058 1979; baseline 0.005 -22"><span class='ocrx_word' id='word_1_332' title='bbox 2405 1904 2555 1958; x_wconf 91' lang='lat' dir='ltr'>centi</span> <span class='ocrx_word' id='word_1_333' title='bbox 2582 1908 2670 1958; x_wconf 73' lang='grc'>42.</span> <span class='ocrx_word' id='word_1_334' title='bbox 2695 1912 2738 1959; x_wconf 81' lang='grc' dir='ltr'><strong>Α</strong></span> <span class='ocrx_word' id='word_1_335' title='bbox 2769 1906 2992 1961; x_wconf 89' lang='lat' dir='ltr'>diluvio</span> <span class='ocrx_word' id='word_1_336' title='bbox 3024 1925 3212 1979; x_wconf 88' lang='lat' dir='ltr'>usque</span> <span class='ocrx_word' id='word_1_337' title='bbox 3253 1909 3328 1962; x_wconf 90' lang='lat' dir='ltr'>ad</span> <span class='ocrx_word' id='word_1_338' title='bbox 3378 1909 3680 1964; x_wconf 75' lang='lat' dir='ltr'>Abraham</span> <span class='ocrx_word' id='word_1_339' title='bbox 3728 1909 3868 1964; x_wconf 90' lang='lat' dir='ltr'>anni</span> <span class='ocrx_word' id='word_1_340' title='bbox 3911 1925 4058 1966; x_wconf 84' lang='lat' dir='ltr'>nou-</span> 
     </span>
    </p>
   </div>
   <div class='ocr_carea' id='block_1_49' title="bbox 2405 1993 4057 2068">
    <p class='ocr_par' dir='ltr' id='par_1_49' title="bbox 2405 1993 4057 2068">
     <span class='ocr_line' id='line_1_49' title="bbox 2405 1993 4057 2068; baseline 0.005 -22"><span class='ocrx_word' id='word_1_341' title='bbox 2405 1993 2561 2059; x_wconf 88' lang='lat' dir='ltr'>genti</span> <span class='ocrx_word' id='word_1_342' title='bbox 2610 1997 2696 2064; x_wconf 78' lang='grc'>42.</span> <span class='ocrx_word' id='word_1_343' title='bbox 2752 1998 2828 2049; x_wconf 91' lang='lat' dir='ltr'>De</span> <span class='ocrx_word' id='word_1_344' title='bbox 2879 1995 3183 2051; x_wconf 78' lang='lat' dir='ltr'>Abraham</span> <span class='ocrx_word' id='word_1_345' title='bbox 3242 2014 3432 2068; x_wconf 89' lang='lat' dir='ltr'>usque</span> <span class='ocrx_word' id='word_1_346' title='bbox 3485 1997 3562 2052; x_wconf 92' lang='lat' dir='ltr'>ad</span> <span class='ocrx_word' id='word_1_347' title='bbox 3615 2000 3872 2068; x_wconf 86' lang='lat' dir='ltr'>Moysem</span> <span class='ocrx_word' id='word_1_348' title='bbox 3913 1998 4057 2054; x_wconf 87' lang='lat' dir='ltr'>anni</span> 
     </span>
    </p>
   </div>
   <div class='ocr_carea' id='block_1_50' title="bbox 2401 2082 4054 2159">
    <p class='ocr_par' dir='ltr' id='par_1_50' title="bbox 2401 2082 4054 2159">
     <span class='ocr_line' id='line_1_50' title="bbox 2401 2082 4054 2159; baseline 0.004 -23"><span class='ocrx_word' id='word_1_349' title='bbox 2401 2082 2712 2153; x_wconf 88' lang='lat' dir='ltr'>quingenti</span> <span class='ocrx_word' id='word_1_350' title='bbox 2742 2084 3026 2156; x_wconf 89' lang='lat' dir='ltr'>quinque.</span> <span class='ocrx_word' id='word_1_351' title='bbox 3049 2090 3093 2140; x_wconf 78' lang='grc' dir='ltr'>Α</span> <span class='ocrx_word' id='word_1_352' title='bbox 3115 2089 3309 2159; x_wconf 80' lang='lat' dir='ltr'>Moyse</span> <span class='ocrx_word' id='word_1_353' title='bbox 3341 2103 3530 2158; x_wconf 89' lang='lat' dir='ltr'>usque</span> <span class='ocrx_word' id='word_1_354' title='bbox 3561 2086 3639 2142; x_wconf 87' lang='lat' dir='ltr'>ad</span> <span class='ocrx_word' id='word_1_355' title='bbox 3674 2085 4054 2142; x_wconf 87' lang='lat' dir='ltr'>Salomonem</span> 
     </span>
    </p>
   </div>
   <div class='ocr_carea' id='block_1_51' title="bbox 2401 2171 4056 2247">
    <p class='ocr_par' dir='ltr' id='par_1_51' title="bbox 2401 2171 4056 2247">
     <span class='ocr_line' id='line_1_51' title="bbox 2401 2171 4056 2247; baseline 0.003 -22"><span class='ocrx_word' id='word_1_356' title='bbox 2401 2171 2544 2225; x_wconf 90' lang='lat' dir='ltr'>anni</span> <span class='ocrx_word' id='word_1_357' title='bbox 2573 2172 2955 2244; x_wconf 90' lang='lat' dir='ltr'>quadraginti</span> <span class='ocrx_word' id='word_1_358' title='bbox 2987 2175 3035 2208; x_wconf 80' lang='grc'>²⁶</span> <span class='ocrx_word' id='word_1_359' title='bbox 3066 2177 3153 2229; x_wconf 83' lang='grc'><strong>89.</strong></span> <span class='ocrx_word' id='word_1_360' title='bbox 3187 2179 3232 2229; x_wconf 78' lang='grc' dir='ltr'><strong>Α</strong></span> <span class='ocrx_word' id='word_1_361' title='bbox 3266 2174 3580 2230; x_wconf 90' lang='lat' dir='ltr'>Salomone</span> <span class='ocrx_word' id='word_1_362' title='bbox 3620 2191 3814 2247; x_wconf 87' lang='lat' dir='ltr'>usque</span> <span class='ocrx_word' id='word_1_363' title='bbox 3863 2175 3941 2230; x_wconf 90' lang='lat' dir='ltr'>ad</span> <span class='ocrx_word' id='word_1_364' title='bbox 3969 2191 4056 2230; x_wconf 90' lang='lat' dir='ltr'>re-</span> 
     </span>
    </p>
   </div>
   <div class='ocr_carea' id='block_1_52' title="bbox 2401 2261 4052 2334">
    <p class='ocr_par' dir='ltr' id='par_1_52' title="bbox 2401 2261 4052 2334">
     <span class='ocr_line' id='line_1_52' title="bbox 2401 2261 4052 2334; baseline 0.003 -21"><span class='ocrx_word' id='word_1_365' title='bbox 2401 2261 2826 2316; x_wconf 87' lang='lat' dir='ltr'>staurationem</span> <span class='ocrx_word' id='word_1_366' title='bbox 2860 2262 3063 2334; x_wconf 88' lang='lat' dir='ltr'>templi</span> <span class='ocrx_word' id='word_1_367' title='bbox 3091 2263 3204 2317; x_wconf 88' lang='lat' dir='ltr'>sub</span> <span class='ocrx_word' id='word_1_368' title='bbox 3236 2263 3410 2318; x_wconf 91' lang='lat' dir='ltr'>Dario</span> <span class='ocrx_word' id='word_1_369' title='bbox 3432 2279 3569 2330; x_wconf 83' lang='lat' dir='ltr'>rege</span> <span class='ocrx_word' id='word_1_370' title='bbox 3586 2267 3892 2318; x_wconf 89' lang='lat' dir='ltr'>Persarum</span> <span class='ocrx_word' id='word_1_371' title='bbox 3912 2264 4052 2319; x_wconf 92' lang='lat' dir='ltr'>anni</span> 
     </span>
    </p>
   </div>
   <div class='ocr_carea' id='block_1_53' title="bbox 2398 2350 4053 2425">
    <p class='ocr_par' dir='ltr' id='par_1_53' title="bbox 2398 2350 4053 2425">
     <span class='ocr_line' id='line_1_53' title="bbox 2398 2350 4053 2425; baseline 0.003 -23"><span class='ocrx_word' id='word_1_372' title='bbox 2398 2350 2707 2420; x_wconf 87' lang='lat' dir='ltr'>quingenti</span> <span class='ocrx_word' id='word_1_373' title='bbox 2753 2355 2840 2407; x_wconf 75' lang='grc'>42.</span> <span class='ocrx_word' id='word_1_374' title='bbox 2898 2358 2941 2408; x_wconf 87' lang='grc' dir='ltr'><strong>Α</strong></span> <span class='ocrx_word' id='word_1_375' title='bbox 2991 2352 3419 2408; x_wconf 88' lang='lat' dir='ltr'>restauratione</span> <span class='ocrx_word' id='word_1_376' title='bbox 3442 2355 3486 2386; x_wconf 64' lang='lat'>’7</span> <span class='ocrx_word' id='word_1_377' title='bbox 3523 2353 3722 2425; x_wconf 88' lang='lat' dir='ltr'>templi</span> <span class='ocrx_word' id='word_1_378' title='bbox 3750 2368 3944 2424; x_wconf 89' lang='lat' dir='ltr'>usque</span> <span class='ocrx_word' id='word_1_379' title='bbox 3974 2352 4053 2407; x_wconf 85' lang='lat' dir='ltr'>ad</span> 
     </span>
    </p>
   </div>
   <div class='ocr_carea' id='block_1_54' title="bbox 2397 2437 4051 2513">
    <p class='ocr_par' dir='ltr' id='par_1_54' title="bbox 2397 2437 4051 2513">
     <span class='ocr_line' id='line_1_54' title="bbox 2397 2437 4051 2513; baseline 0.004 -23"><span class='ocrx_word' id='word_1_380' title='bbox 2397 2437 2723 2494; x_wconf 89' lang='lat' dir='ltr'>adventum</span> <span class='ocrx_word' id='word_1_381' title='bbox 2757 2440 2988 2496; x_wconf 91' lang='lat' dir='ltr'>Domini</span> <span class='ocrx_word' id='word_1_382' title='bbox 3014 2441 3348 2495; x_wconf 88' lang='lat' dir='ltr'>secundum</span> <span class='ocrx_word' id='word_1_383' title='bbox 3399 2439 3785 2513; x_wconf 87' lang='lat' dir='ltr'>Septuaginta</span> <span class='ocrx_word' id='word_1_384' title='bbox 3815 2443 3862 2475; x_wconf 75' lang='grc'>³⁸</span> <span class='ocrx_word' id='word_1_385' title='bbox 3909 2441 4051 2496; x_wconf 90' lang='lat' dir='ltr'>anni</span> 
     </span>
    </p>
   </div>
   <div class='ocr_carea' id='block_1_55' title="bbox 2395 2526 4051 2601">
    <p class='ocr_par' dir='ltr' id='par_1_55' title="bbox 2395 2526 4051 2601">
     <span class='ocr_line' id='line_1_55' title="bbox 2395 2526 4051 2601; baseline 0.002 -21"><span class='ocrx_word' id='word_1_386' title='bbox 2395 2526 2703 2597; x_wconf 90' lang='lat' dir='ltr'>quingenti</span> <span class='ocrx_word' id='word_1_387' title='bbox 2734 2533 2819 2584; x_wconf 72' lang='grc'>18.</span> <span class='ocrx_word' id='word_1_388' title='bbox 2852 2532 2916 2584; x_wconf 85' lang='lat' dir='ltr'>Et</span> <span class='ocrx_word' id='word_1_389' title='bbox 2945 2529 3022 2584; x_wconf 91' lang='lat' dir='ltr'>ab</span> <span class='ocrx_word' id='word_1_390' title='bbox 3043 2529 3209 2584; x_wconf 89' lang='lat' dir='ltr'>initio</span> <span class='ocrx_word' id='word_1_391' title='bbox 3242 2529 3452 2584; x_wconf 91' lang='lat' dir='ltr'>mundi</span> <span class='ocrx_word' id='word_1_392' title='bbox 3491 2546 3682 2601; x_wconf 91' lang='lat' dir='ltr'>usque</span> <span class='ocrx_word' id='word_1_393' title='bbox 3735 2528 3814 2585; x_wconf 91' lang='lat' dir='ltr'>ad</span> <span class='ocrx_word' id='word_1_394' title='bbox 3861 2529 4051 2584; x_wconf 86' lang='lat' dir='ltr'>incar-</span> 
     </span>
    </p>
   </div>
   <div class='ocr_carea' id='block_1_56' title="bbox 2392 2614 4050 2689">
    <p class='ocr_par' dir='ltr' id='par_1_56' title="bbox 2392 2614 4050 2689">
     <span class='ocr_line' id='line_1_56' title="bbox 2392 2614 4050 2689; baseline 0.003 -22"><span class='ocrx_word' id='word_1_395' title='bbox 2392 2614 2696 2670; x_wconf 89' lang='lat' dir='ltr'>nationem</span> <span class='ocrx_word' id='word_1_396' title='bbox 2723 2616 2953 2671; x_wconf 89' lang='lat' dir='ltr'>Domini</span> <span class='ocrx_word' id='word_1_397' title='bbox 2981 2617 3314 2671; x_wconf 88' lang='lat' dir='ltr'>secundum</span> <span class='ocrx_word' id='word_1_398' title='bbox 3347 2617 3728 2689; x_wconf 87' lang='lat' dir='ltr'>septuaginta</span> <span class='ocrx_word' id='word_1_399' title='bbox 3767 2622 4050 2689; x_wconf 86' lang='lat' dir='ltr'>lnterpre-</span> 
     </span>
    </p>
   </div>
   <div class='ocr_carea' id='block_1_57' title="bbox 2391 2704 4045 2776">
    <p class='ocr_par' dir='ltr' id='par_1_57' title="bbox 2391 2704 4045 2776">
     <span class='ocr_line' id='line_1_57' title="bbox 2391 2704 4045 2776; baseline 0.001 -18"><span class='ocrx_word' id='word_1_400' title='bbox 2391 2708 2477 2758; x_wconf 92' lang='lat' dir='ltr'>tes</span> <span class='ocrx_word' id='word_1_401' title='bbox 2510 2708 2647 2758; x_wconf 89' lang='lat' dir='ltr'>sunt</span> <span class='ocrx_word' id='word_1_402' title='bbox 2674 2704 2814 2759; x_wconf 93' lang='lat' dir='ltr'>anni</span> <span class='ocrx_word' id='word_1_403' title='bbox 2845 2704 3112 2776; x_wconf 88' lang='lat' dir='ltr'>quinque</span> <span class='ocrx_word' id='word_1_404' title='bbox 3143 2705 3305 2760; x_wconf 90' lang='lat' dir='ltr'>milia</span> <span class='ocrx_word' id='word_1_405' title='bbox 3334 2710 3457 2760; x_wconf 90' lang='grc'><strong>200.</strong></span> <span class='ocrx_word' id='word_1_406' title='bbox 3513 2705 3852 2761; x_wconf 89' lang='lat' dir='ltr'>Secundum</span> <span class='ocrx_word' id='word_1_407' title='bbox 3899 2704 4045 2760; x_wconf 89' lang='lat' dir='ltr'>veri-</span> 
     </span>
    </p>
   </div>
   <div class='ocr_carea' id='block_1_58' title="bbox 2391 2792 4047 2865">
    <p class='ocr_par' dir='ltr' id='par_1_58' title="bbox 2391 2792 4047 2865">
     <span class='ocr_line' id='line_1_58' title="bbox 2391 2792 4047 2865; baseline 0 -18"><span class='ocrx_word' id='word_1_408' title='bbox 2391 2797 2572 2847; x_wconf 86' lang='lat' dir='ltr'>tatem</span> <span class='ocrx_word' id='word_1_409' title='bbox 2601 2792 2948 2848; x_wconf 86' lang='lat' dir='ltr'>Hebraicam</span> <span class='ocrx_word' id='word_1_410' title='bbox 2977 2793 3056 2848; x_wconf 86' lang='lat' dir='ltr'>ita</span> <span class='ocrx_word' id='word_1_411' title='bbox 3087 2797 3488 2865; x_wconf 76' lang='lat' dir='ltr'>computantur</span> <span class='ocrx_word' id='word_1_412' title='bbox 3525 2811 3537 2847; x_wconf 92' lang='lat'>:</span> <span class='ocrx_word' id='word_1_413' title='bbox 3581 2793 3669 2848; x_wconf 76' lang='lat' dir='ltr'>Ab</span> <span class='ocrx_word' id='word_1_414' title='bbox 3717 2794 3908 2849; x_wconf 79' lang='lat' dir='ltr'>Adam</span> <span class='ocrx_word' id='word_1_415' title='bbox 3954 2810 4047 2848; x_wconf 86' lang='lat' dir='ltr'>us-</span> 
     </span>
    </p>
   </div>
   <div class='ocr_carea' id='block_1_59' title="bbox 2388 2880 4043 2953">
    <p class='ocr_par' dir='ltr' id='par_1_59' title="bbox 2388 2880 4043 2953">
     <span class='ocr_line' id='line_1_59' title="bbox 2388 2880 4043 2953; baseline 0.001 -18"><span class='ocrx_word' id='word_1_416' title='bbox 2388 2897 2504 2953; x_wconf 88' lang='lat' dir='ltr'>que</span> <span class='ocrx_word' id='word_1_417' title='bbox 2535 2881 2609 2937; x_wconf 91' lang='lat' dir='ltr'>ad</span> <span class='ocrx_word' id='word_1_418' title='bbox 2645 2885 2761 2936; x_wconf 77' lang='lat' dir='ltr'>Noe</span> <span class='ocrx_word' id='word_1_419' title='bbox 2793 2880 2901 2936; x_wconf 86' lang='lat' dir='ltr'>fuit</span> <span class='ocrx_word' id='word_1_420' title='bbox 2929 2880 3123 2953; x_wconf 88' lang='lat' dir='ltr'>prima</span> <span class='ocrx_word' id='word_1_421' title='bbox 3147 2887 3310 2948; x_wconf 69' lang='lat' dir='ltr'>tetas,</span> <span class='ocrx_word' id='word_1_422' title='bbox 3344 2885 3400 2936; x_wconf 91' lang='lat' dir='ltr'>et</span> <span class='ocrx_word' id='word_1_423' title='bbox 3420 2880 3630 2936; x_wconf 89' lang='lat' dir='ltr'>habuit</span> <span class='ocrx_word' id='word_1_424' title='bbox 3659 2897 3852 2936; x_wconf 90' lang='lat' dir='ltr'>annos</span> <span class='ocrx_word' id='word_1_425' title='bbox 3884 2881 4043 2936; x_wconf 91' lang='lat' dir='ltr'>mille</span> 
     </span>
    </p>
   </div>
   <div class='ocr_carea' id='block_1_60' title="bbox 2387 2967 4043 3042">
    <p class='ocr_par' dir='ltr' id='par_1_60' title="bbox 2387 2967 4043 3042">
     <span class='ocr_line' id='line_1_60' title="bbox 2387 2967 4043 3042; baseline 0.001 -18"><span class='ocrx_word' id='word_1_426' title='bbox 2387 2975 2442 3024; x_wconf 91' lang='lat' dir='ltr'>et</span> <span class='ocrx_word' id='word_1_427' title='bbox 2473 2974 2784 3024; x_wconf 83' lang='lat' dir='ltr'>sexcentos</span> <span class='ocrx_word' id='word_1_428' title='bbox 2813 2973 2870 3025; x_wconf 92' lang='lat' dir='ltr'>et</span> <span class='ocrx_word' id='word_1_429' title='bbox 2891 2974 2976 3024; x_wconf 69' lang='lat'>56.</span> <span class='ocrx_word' id='word_1_430' title='bbox 3008 2969 3282 3026; x_wconf 87' lang='lat' dir='ltr'>Secunda</span> <span class='ocrx_word' id='word_1_431' title='bbox 3309 2974 3450 3025; x_wconf 67' lang='lat' dir='ltr'>(etas</span> <span class='ocrx_word' id='word_1_432' title='bbox 3479 2986 3515 3025; x_wconf 90' lang='lat' dir='ltr'>a</span> <span class='ocrx_word' id='word_1_433' title='bbox 3539 2971 3586 3003; x_wconf 83' lang='grc'>²⁹</span> <span class='ocrx_word' id='word_1_434' title='bbox 3611 2973 3728 3025; x_wconf 84' lang='lat' dir='ltr'>Noe</span> <span class='ocrx_word' id='word_1_435' title='bbox 3751 2986 3944 3042; x_wconf 90' lang='lat' dir='ltr'>usque</span> <span class='ocrx_word' id='word_1_436' title='bbox 3967 2967 4043 3026; x_wconf 84' lang='lat' dir='ltr'>ad</span> 
     </span>
    </p>
   </div>
   <div class='ocr_carea' id='block_1_61' title="bbox 625 3058 4044 3144">
    <p class='ocr_par' dir='ltr' id='par_1_61' title="bbox 625 3058 4044 3144">
     <span class='ocr_line' id='line_1_61' title="bbox 625 3058 4044 3144; baseline -0.002 -26"><span class='ocrx_word' id='word_1_437' title='bbox 625 3059 765 3128; x_wconf 67' lang='lat' dir='ltr'>Ejus.</span> <span class='ocrx_word' id='word_1_438' title='bbox 801 3062 935 3115; x_wconf 86' lang='lat' dir='ltr'>Post</span> <span class='ocrx_word' id='word_1_439' title='bbox 961 3061 1401 3118; x_wconf 85' lang='lat' dir='ltr'>Childebertum</span> <span class='ocrx_word' id='word_1_440' title='bbox 1428 3064 1728 3134; x_wconf 88' lang='lat' dir='ltr'>juniorem</span> <span class='ocrx_word' id='word_1_441' title='bbox 1777 3066 2045 3134; x_wconf 84' lang='lat' dir='ltr'>regnavit</span> <span class='ocrx_word' id='word_1_442' title='bbox 2093 3068 2276 3133; x_wconf 88' lang='lat' dir='ltr'>Dago—</span> <span class='ocrx_word' id='word_1_443' title='bbox 2315 3091 2354 3144; x_wconf 65' lang='grc' dir='ltr'>ο</span> <span class='ocrx_word' id='word_1_444' title='bbox 2386 3059 2692 3114; x_wconf 77' lang='lat' dir='ltr'>Abraham</span> <span class='ocrx_word' id='word_1_445' title='bbox 2718 3058 2928 3113; x_wconf 88' lang='lat' dir='ltr'>habuit</span> <span class='ocrx_word' id='word_1_446' title='bbox 2959 3073 3150 3112; x_wconf 91' lang='lat' dir='ltr'>annos</span> <span class='ocrx_word' id='word_1_447' title='bbox 3180 3058 3468 3114; x_wconf 91' lang='lat' dir='ltr'>ducentos</span> <span class='ocrx_word' id='word_1_448' title='bbox 3517 3063 3606 3114; x_wconf 86' lang='grc'><strong>92.</strong></span> <span class='ocrx_word' id='word_1_449' title='bbox 3663 3058 3863 3112; x_wconf 92' lang='lat' dir='ltr'>Tercia</span> <span class='ocrx_word' id='word_1_450' title='bbox 3901 3063 4044 3113; x_wconf 74' lang='lat' dir='ltr'>aetas</span> 
     </span>
    </p>
   </div>
   <div class='ocr_carea' id='block_1_62' title="bbox 623 3145 2273 3223">
    <p class='ocr_par' dir='ltr' id='par_1_62' title="bbox 623 3145 2273 3223">
     <span class='ocr_line' id='line_1_62' title="bbox 623 3145 2273 3223; baseline 0.005 -23"><span class='ocrx_word' id='word_1_451' title='bbox 623 3145 818 3202; x_wconf 88' lang='lat' dir='ltr'>bertus</span> <span class='ocrx_word' id='word_1_452' title='bbox 845 3147 1069 3218; x_wconf 90' lang='lat' dir='ltr'>junior,</span> <span class='ocrx_word' id='word_1_453' title='bbox 1101 3149 1260 3205; x_wconf 88' lang='lat' dir='ltr'>ﬁlius</span> <span class='ocrx_word' id='word_1_454' title='bbox 1291 3151 1442 3220; x_wconf 89' lang='lat' dir='ltr'>ejus.</span> <span class='ocrx_word' id='word_1_455' title='bbox 1501 3155 1637 3208; x_wconf 88' lang='lat' dir='ltr'>Post</span> <span class='ocrx_word' id='word_1_456' title='bbox 1683 3153 2082 3223; x_wconf 84' lang='lat' dir='ltr'>Dagobertum</span> <span class='ocrx_word' id='word_1_457' title='bbox 2113 3153 2273 3208; x_wconf 82' lang='lat' dir='ltr'>defe-</span> 
     </span>
    </p>
   </div>
   <div class='ocr_carea' id='block_1_63' title="bbox 626 3235 2273 3314">
    <p class='ocr_par' dir='ltr' id='par_1_63' title="bbox 626 3235 2273 3314">
     <span class='ocr_line' id='line_1_63' title="bbox 626 3235 2273 3314; baseline 0.005 -26"><span class='ocrx_word' id='word_1_458' title='bbox 626 3235 695 3290; x_wconf 90' lang='lat' dir='ltr'>cit</span> <span class='ocrx_word' id='word_1_459' title='bbox 725 3252 912 3305; x_wconf 88' lang='lat' dir='ltr'>genus</span> <span class='ocrx_word' id='word_1_460' title='bbox 946 3237 1142 3305; x_wconf 83' lang='lat' dir='ltr'>regale</span> <span class='ocrx_word' id='word_1_461' title='bbox 1173 3255 1209 3294; x_wconf 90' lang='lat' dir='ltr'>a</span> <span class='ocrx_word' id='word_1_462' title='bbox 1234 3240 1570 3312; x_wconf 86' lang='lat' dir='ltr'>prudentia,</span> <span class='ocrx_word' id='word_1_463' title='bbox 1605 3246 1659 3296; x_wconf 90' lang='lat' dir='ltr'>et</span> <span class='ocrx_word' id='word_1_464' title='bbox 1687 3242 1961 3311; x_wconf 87' lang='lat' dir='ltr'>regnavit</span> <span class='ocrx_word' id='word_1_465' title='bbox 2005 3247 2139 3314; x_wconf 89' lang='lat' dir='ltr'>post</span> <span class='ocrx_word' id='word_1_466' title='bbox 2185 3242 2273 3313; x_wconf 91' lang='lat' dir='ltr'>ip-</span> 
     </span>
    </p>
   </div>
   <div class='ocr_carea' id='block_1_64' title="bbox 626 3325 2273 3395">
    <p class='ocr_par' dir='ltr' id='par_1_64' title="bbox 626 3325 2273 3395">
     <span class='ocr_line' id='line_1_64' title="bbox 626 3325 2273 3395; baseline 0.005 -18"><span class='ocrx_word' id='word_1_467' title='bbox 626 3341 752 3378; x_wconf 86' lang='lat' dir='ltr'>sum</span> <span class='ocrx_word' id='word_1_468' title='bbox 787 3325 1188 3395; x_wconf 88' lang='lat' dir='ltr'>Dagobertum</span> <span class='ocrx_word' id='word_1_469' title='bbox 1215 3329 1459 3384; x_wconf 87' lang='lat' dir='ltr'>Danihel</span> <span class='ocrx_word' id='word_1_470' title='bbox 1492 3329 1739 3385; x_wconf 91' lang='lat' dir='ltr'>clericus</span> <span class='ocrx_word' id='word_1_471' title='bbox 1769 3331 2106 3386; x_wconf 89' lang='lat' dir='ltr'>insensatus</span> <span class='ocrx_word' id='word_1_472' title='bbox 2155 3331 2273 3386; x_wconf 89' lang='lat' dir='ltr'>fra-</span> 
     </span>
    </p>
   </div>
   <div class='ocr_carea' id='block_1_65' title="bbox 625 3414 2276 3486">
    <p class='ocr_par' dir='ltr' id='par_1_65' title="bbox 625 3414 2276 3486">
     <span class='ocr_line' id='line_1_65' title="bbox 625 3414 2276 3486; baseline 0.005 -20"><span class='ocrx_word' id='word_1_473' title='bbox 625 3416 704 3467; x_wconf 90' lang='lat' dir='ltr'>ter</span> <span class='ocrx_word' id='word_1_474' title='bbox 732 3414 877 3484; x_wconf 90' lang='lat' dir='ltr'>ejus,</span> <span class='ocrx_word' id='word_1_475' title='bbox 921 3431 1102 3486; x_wconf 92' lang='lat' dir='ltr'>quem</span> <span class='ocrx_word' id='word_1_476' title='bbox 1138 3417 1342 3472; x_wconf 84' lang='lat' dir='ltr'>Franci</span> <span class='ocrx_word' id='word_1_477' title='bbox 1372 3423 1600 3474; x_wconf 88' lang='lat' dir='ltr'>mutato</span> <span class='ocrx_word' id='word_1_478' title='bbox 1631 3419 1874 3474; x_wconf 89' lang='lat' dir='ltr'>nomine</span> <span class='ocrx_word' id='word_1_479' title='bbox 1915 3425 2276 3475; x_wconf 85' lang='lat' dir='ltr'>vocaverunt</span> 
     </span>
    </p>
   </div>
   <div class='ocr_carea' id='block_1_66' title="bbox 625 3502 2271 3580">
    <p class='ocr_par' dir='ltr' id='par_1_66' title="bbox 625 3502 2271 3580">
     <span class='ocr_line' id='line_1_66' title="bbox 625 3502 2271 3580; baseline 0.004 -24"><span class='ocrx_word' id='word_1_480' title='bbox 625 3502 1034 3575; x_wconf 88' lang='lat' dir='ltr'>Chilpericum.</span> <span class='ocrx_word' id='word_1_481' title='bbox 1071 3505 1433 3577; x_wconf 90' lang='lat' dir='ltr'>Chilpericus</span> <span class='ocrx_word' id='word_1_482' title='bbox 1465 3507 1572 3562; x_wconf 90' lang='lat' dir='ltr'>iste</span> <span class='ocrx_word' id='word_1_483' title='bbox 1603 3509 1838 3580; x_wconf 91' lang='lat' dir='ltr'>ineptus</span> <span class='ocrx_word' id='word_1_484' title='bbox 1877 3510 2059 3564; x_wconf 91' lang='lat' dir='ltr'>movit</span> <span class='ocrx_word' id='word_1_485' title='bbox 2106 3525 2271 3564; x_wconf 86' lang='lat' dir='ltr'>exer-</span> 
     </span>
    </p>
   </div>
   <div class='ocr_carea' id='block_1_67' title="bbox 623 3590 2272 3669">
    <p class='ocr_par' dir='ltr' id='par_1_67' title="bbox 623 3590 2272 3669">
     <span class='ocr_line' id='line_1_67' title="bbox 623 3590 2272 3669; baseline 0.004 -24"><span class='ocrx_word' id='word_1_486' title='bbox 623 3590 796 3646; x_wconf 88' lang='lat' dir='ltr'>citum</span> <span class='ocrx_word' id='word_1_487' title='bbox 827 3597 1037 3648; x_wconf 90' lang='lat' dir='ltr'>contra</span> <span class='ocrx_word' id='word_1_488' title='bbox 1060 3593 1338 3651; x_wconf 90' lang='lat' dir='ltr'>Carolum</span> <span class='ocrx_word' id='word_1_489' title='bbox 1370 3596 1716 3662; x_wconf 89' lang='lat' dir='ltr'>Martellum,</span> <span class='ocrx_word' id='word_1_490' title='bbox 1743 3598 1846 3669; x_wconf 90' lang='lat' dir='ltr'>qui</span> <span class='ocrx_word' id='word_1_491' title='bbox 1870 3603 2008 3654; x_wconf 88' lang='lat' dir='ltr'>tunc</span> <span class='ocrx_word' id='word_1_492' title='bbox 2035 3598 2272 3668; x_wconf 88' lang='lat' dir='ltr'>juvenis</span> 
     </span>
    </p>
   </div>
   <div class='ocr_carea' id='block_1_68' title="bbox 623 3680 2271 3753">
    <p class='ocr_par' dir='ltr' id='par_1_68' title="bbox 623 3680 2271 3753">
     <span class='ocr_line' id='line_1_68' title="bbox 623 3680 2271 3753; baseline 0.005 -21"><span class='ocrx_word' id='word_1_493' title='bbox 623 3684 741 3734; x_wconf 91' lang='lat' dir='ltr'>erat</span> <span class='ocrx_word' id='word_1_494' title='bbox 767 3680 827 3735; x_wconf 91' lang='lat' dir='ltr'>in</span> <span class='ocrx_word' id='word_1_495' title='bbox 854 3682 1194 3737; x_wconf 84' lang='lat' dir='ltr'>Austrasios</span> <span class='ocrx_word' id='word_1_496' title='bbox 1225 3685 1420 3753; x_wconf 90' lang='lat' dir='ltr'>major</span> <span class='ocrx_word' id='word_1_497' title='bbox 1449 3684 1668 3739; x_wconf 88' lang='lat' dir='ltr'>domus</span> <span class='ocrx_word' id='word_1_498' title='bbox 1716 3691 1770 3740; x_wconf 92' lang='lat' dir='ltr'>et</span> <span class='ocrx_word' id='word_1_499' title='bbox 1799 3687 1922 3740; x_wconf 89' lang='lat' dir='ltr'>dux</span> <span class='ocrx_word' id='word_1_500' title='bbox 1953 3702 2090 3741; x_wconf 91' lang='lat' dir='ltr'>cum</span> <span class='ocrx_word' id='word_1_501' title='bbox 2140 3686 2271 3741; x_wconf 91' lang='lat' dir='ltr'>Clo-</span> 
     </span>
    </p>
   </div>
   <div class='ocr_carea' id='block_1_69' title="bbox 624 3769 2272 3848">
    <p class='ocr_par' dir='ltr' id='par_1_69' title="bbox 624 3769 2272 3848">
     <span class='ocr_line' id='line_1_69' title="bbox 624 3769 2272 3848; baseline 0.004 -25"><span class='ocrx_word' id='word_1_502' title='bbox 624 3769 764 3824; x_wconf 82' lang='lat' dir='ltr'>tario</span> <span class='ocrx_word' id='word_1_503' title='bbox 793 3786 932 3840; x_wconf 87' lang='lat' dir='ltr'>rege</span> <span class='ocrx_word' id='word_1_504' title='bbox 965 3790 980 3838; x_wconf 87' lang='lat'>;</span> <span class='ocrx_word' id='word_1_505' title='bbox 1033 3776 1093 3828; x_wconf 89' lang='lat' dir='ltr'>et</span> <span class='ocrx_word' id='word_1_506' title='bbox 1145 3773 1334 3828; x_wconf 91' lang='lat' dir='ltr'>victus</span> <span class='ocrx_word' id='word_1_507' title='bbox 1381 3779 1469 3829; x_wconf 92' lang='lat' dir='ltr'>est</span> <span class='ocrx_word' id='word_1_508' title='bbox 1521 3775 1581 3830; x_wconf 92' lang='lat' dir='ltr'>in</span> <span class='ocrx_word' id='word_1_509' title='bbox 1609 3775 1767 3831; x_wconf 91' lang='lat' dir='ltr'>bello</span> <span class='ocrx_word' id='word_1_510' title='bbox 1799 3776 2182 3848; x_wconf 89' lang='lat' dir='ltr'>Chilpericus,</span> <span class='ocrx_word' id='word_1_511' title='bbox 2215 3781 2272 3831; x_wconf 90' lang='lat' dir='ltr'>et</span> 
     </span>
    </p>
   </div>
   <div class='ocr_carea' id='block_1_70' title="bbox 624 3858 2269 3921">
    <p class='ocr_par' dir='ltr' id='par_1_70' title="bbox 624 3858 2269 3921">
     <span class='ocr_line' id='line_1_70' title="bbox 624 3858 2269 3921; baseline 0.006 -10"><span class='ocrx_word' id='word_1_512' title='bbox 624 3858 796 3914; x_wconf 91' lang='lat' dir='ltr'>victor</span> <span class='ocrx_word' id='word_1_513' title='bbox 847 3860 1036 3916; x_wconf 88' lang='lat' dir='ltr'>extitit</span> <span class='ocrx_word' id='word_1_514' title='bbox 1089 3863 1335 3918; x_wconf 88' lang='lat' dir='ltr'>Carolus</span> <span class='ocrx_word' id='word_1_515' title='bbox 1389 3864 1702 3921; x_wconf 88' lang='lat' dir='ltr'>Martcllus.</span> <span class='ocrx_word' id='word_1_516' title='bbox 1745 3869 1904 3920; x_wconf 90' lang='lat' dir='ltr'>Tunc</span> <span class='ocrx_word' id='word_1_517' title='bbox 1953 3865 2116 3920; x_wconf 86' lang='lat' dir='ltr'>Eudo</span> <span class='ocrx_word' id='word_1_518' title='bbox 2146 3867 2269 3921; x_wconf 89' lang='lat' dir='ltr'>dux</span> 
     </span>
    </p>
   </div>
   <div class='ocr_carea' id='block_1_71' title="bbox 621 3949 2269 4025">
    <p class='ocr_par' dir='ltr' id='par_1_71' title="bbox 621 3949 2269 4025">
     <span class='ocr_line' id='line_1_71' title="bbox 621 3949 2269 4025; baseline 0.005 -23"><span class='ocrx_word' id='word_1_519' title='bbox 621 3949 1068 4018; x_wconf 78' lang='lat' dir='ltr'>Aquitaniorum</span> <span class='ocrx_word' id='word_1_520' title='bbox 1125 3951 1184 4005; x_wconf 89' lang='lat' dir='ltr'>in</span> <span class='ocrx_word' id='word_1_521' title='bbox 1233 3952 1522 4007; x_wconf 87' lang='lat' dir='ltr'>auxilium</span> <span class='ocrx_word' id='word_1_522' title='bbox 1602 3954 1907 4025; x_wconf 91' lang='lat' dir='ltr'>Chilperici</span> <span class='ocrx_word' id='word_1_523' title='bbox 1987 3954 2269 4010; x_wconf 88' lang='lat' dir='ltr'>insensati</span> 
     </span>
    </p>
   </div>
   <div class='ocr_carea' id='block_1_72' title="bbox 621 4039 2270 4113">
    <p class='ocr_par' dir='ltr' id='par_1_72' title="bbox 621 4039 2270 4113">
     <span class='ocr_line' id='line_1_72' title="bbox 621 4039 2270 4113; baseline 0.005 -23"><span class='ocrx_word' id='word_1_524' title='bbox 621 4042 809 4093; x_wconf 89' lang='lat' dir='ltr'>movet</span> <span class='ocrx_word' id='word_1_525' title='bbox 854 4039 1177 4094; x_wconf 84' lang='lat' dir='ltr'>exercitum</span> <span class='ocrx_word' id='word_1_526' title='bbox 1236 4045 1441 4095; x_wconf 90' lang='lat' dir='ltr'>contra</span> <span class='ocrx_word' id='word_1_527' title='bbox 1495 4042 1773 4098; x_wconf 89' lang='lat' dir='ltr'>Carolum</span> <span class='ocrx_word' id='word_1_528' title='bbox 1817 4043 2164 4113; x_wconf 88' lang='lat' dir='ltr'>Martellum,</span> <span class='ocrx_word' id='word_1_529' title='bbox 2215 4048 2270 4100; x_wconf 89' lang='lat' dir='ltr'>et</span> 
     </span>
    </p>
   </div>
   <div class='ocr_carea' id='block_1_73' title="bbox 618 4125 2268 4202">
    <p class='ocr_par' dir='ltr' id='par_1_73' title="bbox 618 4125 2268 4202">
     <span class='ocr_line' id='line_1_73' title="bbox 618 4125 2268 4202; baseline 0.007 -25"><span class='ocrx_word' id='word_1_530' title='bbox 618 4125 798 4181; x_wconf 88' lang='lat' dir='ltr'>victus</span> <span class='ocrx_word' id='word_1_531' title='bbox 829 4133 919 4182; x_wconf 92' lang='lat' dir='ltr'>est</span> <span class='ocrx_word' id='word_1_532' title='bbox 945 4127 1026 4183; x_wconf 91' lang='lat' dir='ltr'>ab</span> <span class='ocrx_word' id='word_1_533' title='bbox 1055 4143 1125 4183; x_wconf 91' lang='lat' dir='ltr'>eo</span> <span class='ocrx_word' id='word_1_534' title='bbox 1156 4128 1214 4184; x_wconf 91' lang='lat' dir='ltr'>in</span> <span class='ocrx_word' id='word_1_535' title='bbox 1247 4129 1477 4200; x_wconf 71' lang='lat' dir='ltr'>prmlio,</span> <span class='ocrx_word' id='word_1_536' title='bbox 1525 4131 1822 4202; x_wconf 86' lang='lat' dir='ltr'>coepitque</span> <span class='ocrx_word' id='word_1_537' title='bbox 1855 4133 2097 4188; x_wconf 84' lang='lat' dir='ltr'>Carolus</span> <span class='ocrx_word' id='word_1_538' title='bbox 2129 4136 2268 4189; x_wconf 88' lang='lat' dir='ltr'>Mar-</span> 
     </span>
    </p>
   </div>
   <div class='ocr_carea' id='block_1_74' title="bbox 618 4213 2266 4291">
    <p class='ocr_par' dir='ltr' id='par_1_74' title="bbox 618 4213 2266 4291">
     <span class='ocr_line' id='line_1_74' title="bbox 618 4213 2266 4291; baseline 0.005 -23"><span class='ocrx_word' id='word_1_539' title='bbox 618 4213 779 4269; x_wconf 87' lang='lat' dir='ltr'>tellus</span> <span class='ocrx_word' id='word_1_540' title='bbox 808 4216 1117 4271; x_wconf 89' lang='lat' dir='ltr'>inimicum</span> <span class='ocrx_word' id='word_1_541' title='bbox 1170 4235 1349 4272; x_wconf 91' lang='lat' dir='ltr'>suum</span> <span class='ocrx_word' id='word_1_542' title='bbox 1399 4218 1795 4291; x_wconf 90' lang='lat' dir='ltr'>Chilpericum</span> <span class='ocrx_word' id='word_1_543' title='bbox 1842 4237 2043 4291; x_wconf 89' lang='lat' dir='ltr'>regem</span> <span class='ocrx_word' id='word_1_544' title='bbox 2076 4221 2266 4276; x_wconf 87' lang='lat' dir='ltr'>insen-</span> 
     </span>
    </p>
   </div>
   <div class='ocr_carea' id='block_1_75' title="bbox 617 4306 2270 4373">
    <p class='ocr_par' dir='ltr' id='par_1_75' title="bbox 617 4306 2270 4373">
     <span class='ocr_line' id='line_1_75' title="bbox 617 4306 2270 4373; baseline 0.006 -16"><span class='ocrx_word' id='word_1_545' title='bbox 617 4308 832 4373; x_wconf 87' lang='lat' dir='ltr'>satum;</span> <span class='ocrx_word' id='word_1_546' title='bbox 865 4306 971 4360; x_wconf 86' lang='lat' dir='ltr'>sed</span> <span class='ocrx_word' id='word_1_547' title='bbox 1003 4307 1300 4362; x_wconf 89' lang='lat' dir='ltr'>inmemor</span> <span class='ocrx_word' id='word_1_548' title='bbox 1330 4307 1578 4363; x_wconf 70' lang='lat' dir='ltr'>maliciae</span> <span class='ocrx_word' id='word_1_549' title='bbox 1613 4326 1737 4364; x_wconf 72' lang='lat' dir='ltr'>suae</span> <span class='ocrx_word' id='word_1_550' title='bbox 1783 4311 2038 4366; x_wconf 90' lang='lat' dir='ltr'>reddidit</span> <span class='ocrx_word' id='word_1_551' title='bbox 2090 4311 2140 4366; x_wconf 90' lang='lat' dir='ltr'>ei</span> <span class='ocrx_word' id='word_1_552' title='bbox 2183 4328 2270 4366; x_wconf 87' lang='lat' dir='ltr'>re-</span> 
     </span>
    </p>
   </div>
   <div class='ocr_carea' id='block_1_76' title="bbox 617 4397 2349 4489">
    <p class='ocr_par' dir='ltr' id='par_1_76' title="bbox 617 4397 2349 4489">
     <span class='ocr_line' id='line_1_76' title="bbox 617 4397 2349 4489; baseline 0.006 -42"><span class='ocrx_word' id='word_1_553' title='bbox 617 4408 795 4458; x_wconf 81' lang='lat' dir='ltr'>gnum</span> <span class='ocrx_word' id='word_1_554' title='bbox 825 4412 1021 4451; x_wconf 91' lang='lat' dir='ltr'>suum.</span> <span class='ocrx_word' id='word_1_555' title='bbox 1056 4399 1188 4452; x_wconf 90' lang='lat' dir='ltr'>Post</span> <span class='ocrx_word' id='word_1_556' title='bbox 1215 4397 1610 4468; x_wconf 90' lang='lat' dir='ltr'>Chilpericum</span> <span class='ocrx_word' id='word_1_557' title='bbox 1641 4415 1843 4468; x_wconf 90' lang='lat' dir='ltr'>regem</span> <span class='ocrx_word' id='word_1_558' title='bbox 1892 4401 2264 4457; x_wconf 86' lang='lat' dir='ltr'>insensatum</span> <span class='ocrx_word' id='word_1_559' title='bbox 2303 4437 2349 4489; x_wconf 83' lang='lat' dir='ltr'><strong>D</strong></span> 
     </span>
    </p>
   </div>
   <div class='ocr_carea' id='block_1_77' title="bbox 618 4484 2263 4548">
    <p class='ocr_par' dir='ltr' id='par_1_77' title="bbox 618 4484 2263 4548">
     <span class='ocr_line' id='line_1_77' title="bbox 618 4484 2263 4548; baseline 0.007 -14"><span class='ocrx_word' id='word_1_560' title='bbox 618 4484 876 4548; x_wconf 84' lang='lat' dir='ltr'>regnavit</span> <span class='ocrx_word' id='word_1_561' title='bbox 906 4484 1032 4541; x_wconf 93' lang='lat' dir='ltr'>solo</span> <span class='ocrx_word' id='word_1_562' title='bbox 1059 4485 1300 4541; x_wconf 91' lang='lat' dir='ltr'>nomine</span> <span class='ocrx_word' id='word_1_563' title='bbox 1335 4487 1729 4542; x_wconf 89' lang='lat' dir='ltr'>Theodericus</span> <span class='ocrx_word' id='word_1_564' title='bbox 1759 4489 2094 4545; x_wconf 85' lang='lat' dir='ltr'>insensatus</span> <span class='ocrx_word' id='word_1_565' title='bbox 2122 4507 2263 4546; x_wconf 89' lang='lat' dir='ltr'>con-</span> 
     </span>
    </p>
   </div>
   <div class='ocr_carea' id='block_1_78' title="bbox 620 4573 2265 4648">
    <p class='ocr_par' dir='ltr' id='par_1_78' title="bbox 620 4573 2265 4648">
     <span class='ocr_line' id='line_1_78' title="bbox 620 4573 2265 4648; baseline 0.007 -24"><span class='ocrx_word' id='word_1_566' title='bbox 620 4573 976 4639; x_wconf 88' lang='lat' dir='ltr'>sanguineus</span> <span class='ocrx_word' id='word_1_567' title='bbox 1007 4575 1154 4645; x_wconf 91' lang='lat' dir='ltr'>ejus.</span> <span class='ocrx_word' id='word_1_568' title='bbox 1188 4578 1323 4630; x_wconf 90' lang='lat' dir='ltr'>Post</span> <span class='ocrx_word' id='word_1_569' title='bbox 1351 4575 1778 4632; x_wconf 89' lang='lat' dir='ltr'>Theodericum</span> <span class='ocrx_word' id='word_1_570' title='bbox 1821 4579 2091 4648; x_wconf 90' lang='lat' dir='ltr'>regnavit</span> <span class='ocrx_word' id='word_1_571' title='bbox 2138 4581 2265 4636; x_wconf 92' lang='lat' dir='ltr'>solo</span> 
     </span>
    </p>
   </div>
   <div class='ocr_carea' id='block_1_79' title="bbox 617 4661 2265 4737">
    <p class='ocr_par' dir='ltr' id='par_1_79' title="bbox 617 4661 2265 4737">
     <span class='ocr_line' id='line_1_79' title="bbox 617 4661 2265 4737; baseline 0.008 -26"><span class='ocrx_word' id='word_1_572' title='bbox 617 4661 849 4716; x_wconf 91' lang='lat' dir='ltr'>nomine</span> <span class='ocrx_word' id='word_1_573' title='bbox 877 4663 1238 4719; x_wconf 88' lang='lat' dir='ltr'>Childericus</span> <span class='ocrx_word' id='word_1_574' title='bbox 1265 4664 1606 4722; x_wconf 88' lang='lat' dir='ltr'>insensatus</span> <span class='ocrx_word' id='word_1_575' title='bbox 1638 4665 1814 4721; x_wconf 86' lang='lat' dir='ltr'>frater</span> <span class='ocrx_word' id='word_1_576' title='bbox 1842 4668 1992 4737; x_wconf 88' lang='lat' dir='ltr'>ejus,</span> <span class='ocrx_word' id='word_1_577' title='bbox 2084 4672 2140 4724; x_wconf 93' lang='lat' dir='ltr'>et</span> <span class='ocrx_word' id='word_1_578' title='bbox 2167 4669 2265 4724; x_wconf 89' lang='lat' dir='ltr'>de-</span> 
     </span>
    </p>
   </div>
   <div class='ocr_carea' id='block_1_80' title="bbox 619 4746 2264 4821">
    <p class='ocr_par' dir='ltr' id='par_1_80' title="bbox 619 4746 2264 4821">
     <span class='ocr_line' id='line_1_80' title="bbox 619 4746 2264 4821; baseline 0.009 -22"><span class='ocrx_word' id='word_1_579' title='bbox 619 4746 745 4804; x_wconf 84' lang='lat' dir='ltr'>fecit</span> <span class='ocrx_word' id='word_1_580' title='bbox 801 4755 988 4806; x_wconf 91' lang='lat' dir='ltr'>totum</span> <span class='ocrx_word' id='word_1_581' title='bbox 1043 4767 1232 4820; x_wconf 84' lang='lat' dir='ltr'>genus</span> <span class='ocrx_word' id='word_1_582' title='bbox 1286 4753 1503 4821; x_wconf 87' lang='lat' dir='ltr'>regale.</span> <span class='ocrx_word' id='word_1_583' title='bbox 1582 4754 1909 4810; x_wconf 90' lang='lat' dir='ltr'>Childerico</span> <span class='ocrx_word' id='word_1_584' title='bbox 1961 4757 2264 4814; x_wconf 88' lang='lat' dir='ltr'>insensato</span> 
     </span>
    </p>
   </div>
   <div class='ocr_carea' id='block_1_81' title="bbox 618 4834 2261 4914">
    <p class='ocr_par' dir='ltr' id='par_1_81' title="bbox 618 4834 2261 4914">
     <span class='ocr_line' id='line_1_81' title="bbox 618 4834 2261 4914; baseline 0.007 -24"><span class='ocrx_word' id='word_1_585' title='bbox 618 4834 878 4908; x_wconf 88' lang='lat' dir='ltr'>deposito</span> <span class='ocrx_word' id='word_1_586' title='bbox 903 4840 976 4896; x_wconf 91' lang='lat' dir='ltr'>de</span> <span class='ocrx_word' id='word_1_587' title='bbox 1008 4841 1159 4896; x_wconf 92' lang='lat' dir='ltr'>solio</span> <span class='ocrx_word' id='word_1_588' title='bbox 1190 4846 1247 4897; x_wconf 90' lang='lat' dir='ltr'>et</span> <span class='ocrx_word' id='word_1_589' title='bbox 1289 4841 1445 4897; x_wconf 87' lang='lat' dir='ltr'>facto</span> <span class='ocrx_word' id='word_1_590' title='bbox 1497 4841 1709 4898; x_wconf 90' lang='lat' dir='ltr'>clerico</span> <span class='ocrx_word' id='word_1_591' title='bbox 1766 4842 1827 4898; x_wconf 92' lang='lat' dir='ltr'>in</span> <span class='ocrx_word' id='word_1_592' title='bbox 1877 4847 2261 4914; x_wconf 89' lang='lat' dir='ltr'>monasterio,</span> 
     </span>
    </p>
   </div>
   <div class='ocr_carea' id='block_1_82' title="bbox 622 4924 2264 5004">
    <p class='ocr_par' dir='ltr' id='par_1_82' title="bbox 622 4924 2264 5004">
     <span class='ocr_line' id='line_1_82' title="bbox 622 4924 2264 5004; baseline 0.007 -26"><span class='ocrx_word' id='word_1_593' title='bbox 622 4924 814 4982; x_wconf 86' lang='lat' dir='ltr'>Franci</span> <span class='ocrx_word' id='word_1_594' title='bbox 870 4946 1008 4984; x_wconf 91' lang='lat' dir='ltr'>cum</span> <span class='ocrx_word' id='word_1_595' title='bbox 1060 4930 1306 4986; x_wconf 89' lang='lat' dir='ltr'>consilio</span> <span class='ocrx_word' id='word_1_596' title='bbox 1355 4929 1562 4986; x_wconf 90' lang='lat' dir='ltr'>domui</span> <span class='ocrx_word' id='word_1_597' title='bbox 1619 4947 1793 5004; x_wconf 75' lang='lat' dir='ltr'>papae</span> <span class='ocrx_word' id='word_1_598' title='bbox 1843 4929 2137 4989; x_wconf 66' lang='lat' dir='ltr'>Zachariae</span> <span class='ocrx_word' id='word_1_599' title='bbox 2208 4937 2264 4991; x_wconf 92' lang='lat' dir='ltr'>et</span> 
     </span>
    </p>
   </div>
   <div class='ocr_carea' id='block_1_83' title="bbox 619 5019 2262 5094">
    <p class='ocr_par' dir='ltr' id='par_1_83' title="bbox 619 5019 2262 5094">
     <span class='ocr_line' id='line_1_83' title="bbox 619 5019 2262 5094; baseline 0.007 -26"><span class='ocrx_word' id='word_1_600' title='bbox 619 5029 749 5071; x_wconf 87' lang='lat' dir='ltr'>cum</span> <span class='ocrx_word' id='word_1_601' title='bbox 774 5019 1020 5076; x_wconf 90' lang='lat' dir='ltr'>consilio</span> <span class='ocrx_word' id='word_1_602' title='bbox 1048 5019 1341 5075; x_wconf 90' lang='lat' dir='ltr'>nobilium</span> <span class='ocrx_word' id='word_1_603' title='bbox 1382 5023 1810 5092; x_wconf 82' lang='lat' dir='ltr'>Romanorum,</span> <span class='ocrx_word' id='word_1_604' title='bbox 1862 5025 1979 5078; x_wconf 91' lang='lat' dir='ltr'>Deo</span> <span class='ocrx_word' id='word_1_605' title='bbox 2006 5023 2262 5094; x_wconf 91' lang='lat' dir='ltr'>volente,</span> 
     </span>
    </p>
   </div>
   <div class='ocr_carea' id='block_1_84' title="bbox 618 5110 2264 5170">
    <p class='ocr_par' dir='ltr' id='par_1_84' title="bbox 618 5110 2264 5170">
     <span class='ocr_line' id='line_1_84' title="bbox 618 5110 2264 5170; baseline 0.007 -12"><span class='ocrx_word' id='word_1_606' title='bbox 618 5119 732 5161; x_wconf 91' lang='lat' dir='ltr'>uno</span> <span class='ocrx_word' id='word_1_607' title='bbox 778 5121 1072 5165; x_wconf 84' lang='lat' dir='ltr'>consensu</span> <span class='ocrx_word' id='word_1_608' title='bbox 1127 5115 1184 5164; x_wconf 89' lang='lat' dir='ltr'>et</span> <span class='ocrx_word' id='word_1_609' title='bbox 1232 5123 1353 5166; x_wconf 91' lang='lat' dir='ltr'>una</span> <span class='ocrx_word' id='word_1_610' title='bbox 1400 5110 1704 5167; x_wconf 87' lang='lat' dir='ltr'>voluntate</span> <span class='ocrx_word' id='word_1_611' title='bbox 1743 5113 2122 5169; x_wconf 87' lang='lat' dir='ltr'>elevaveruut</span> <span class='ocrx_word' id='word_1_612' title='bbox 2152 5115 2264 5170; x_wconf 83' lang='lat' dir='ltr'>sibi</span> 
     </span>
    </p>
   </div>
   <div class='ocr_carea' id='block_1_85' title="bbox 617 5191 2259 5271">
    <p class='ocr_par' dir='ltr' id='par_1_85' title="bbox 617 5191 2259 5271">
     <span class='ocr_line' id='line_1_85' title="bbox 617 5191 2259 5271; baseline 0.007 -24"><span class='ocrx_word' id='word_1_613' title='bbox 617 5191 673 5246; x_wconf 90' lang='lat' dir='ltr'>in</span> <span class='ocrx_word' id='word_1_614' title='bbox 703 5207 900 5264; x_wconf 87' lang='lat' dir='ltr'>regem</span> <span class='ocrx_word' id='word_1_615' title='bbox 945 5198 1218 5271; x_wconf 87' lang='lat' dir='ltr'>Pipinum</span> <span class='ocrx_word' id='word_1_616' title='bbox 1268 5199 1456 5269; x_wconf 84' lang='lat' dir='ltr'>Pium,</span> <span class='ocrx_word' id='word_1_617' title='bbox 1513 5197 1704 5256; x_wconf 73' lang='lat' dir='ltr'>ﬁliam</span> <span class='ocrx_word' id='word_1_618' title='bbox 1763 5201 1952 5258; x_wconf 89' lang='lat' dir='ltr'>Caroli</span> <span class='ocrx_word' id='word_1_619' title='bbox 2003 5201 2259 5260; x_wconf 84' lang='lat' dir='ltr'>Martelli.</span> 
     </span>
    </p>
   </div>
   <div class='ocr_carea' id='block_1_86' title="bbox 619 5283 2262 5366">
    <p class='ocr_par' dir='ltr' id='par_1_86' title="bbox 619 5283 2262 5366">
     <span class='ocr_line' id='line_1_86' title="bbox 619 5283 2262 5366; baseline 0.008 -31"><span class='ocrx_word' id='word_1_620' title='bbox 619 5283 712 5337; x_wconf 88' lang='lat' dir='ltr'>Hic</span> <span class='ocrx_word' id='word_1_621' title='bbox 754 5286 991 5358; x_wconf 90' lang='lat' dir='ltr'>Pipinus</span> <span class='ocrx_word' id='word_1_622' title='bbox 1040 5288 1174 5344; x_wconf 90' lang='lat' dir='ltr'>Pius</span> <span class='ocrx_word' id='word_1_623' title='bbox 1228 5285 1335 5344; x_wconf 90' lang='lat' dir='ltr'>fuit</span> <span class='ocrx_word' id='word_1_624' title='bbox 1387 5289 1597 5346; x_wconf 89' lang='lat' dir='ltr'>domui</span> <span class='ocrx_word' id='word_1_625' title='bbox 1648 5291 1838 5348; x_wconf 89' lang='lat' dir='ltr'>Caroli</span> <span class='ocrx_word' id='word_1_626' title='bbox 1886 5291 2262 5366; x_wconf 90' lang='lat' dir='ltr'>imperatoris</span> 
     </span>
    </p>
   </div>
   <div class='ocr_carea' id='block_1_87' title="bbox 618 5373 2264 5452">
    <p class='ocr_par' dir='ltr' id='par_1_87' title="bbox 618 5373 2264 5452">
     <span class='ocr_line' id='line_1_87' title="bbox 618 5373 2264 5452; baseline 0.008 -25"><span class='ocrx_word' id='word_1_627' title='bbox 618 5373 799 5441; x_wconf 83' lang='lat' dir='ltr'>Magni</span> <span class='ocrx_word' id='word_1_628' title='bbox 829 5380 1016 5447; x_wconf 88' lang='lat' dir='ltr'>pater.</span> <span class='ocrx_word' id='word_1_629' title='bbox 1052 5381 1254 5450; x_wconf 86' lang='lat' dir='ltr'>Itaque</span> <span class='ocrx_word' id='word_1_630' title='bbox 1286 5383 1421 5450; x_wconf 89' lang='lat' dir='ltr'>post</span> <span class='ocrx_word' id='word_1_631' title='bbox 1460 5381 1506 5412; x_wconf 78' lang='grc'><strong>²⁵</strong></span> <span class='ocrx_word' id='word_1_632' title='bbox 1539 5379 1813 5451; x_wconf 90' lang='lat' dir='ltr'>Pipinum</span> <span class='ocrx_word' id='word_1_633' title='bbox 1841 5383 2008 5438; x_wconf 91' lang='lat' dir='ltr'>Pium</span> <span class='ocrx_word' id='word_1_634' title='bbox 2057 5399 2264 5452; x_wconf 88' lang='lat' dir='ltr'>regna-</span> 
     </span>
    </p>
   </div>
   <div class='ocr_carea' id='block_1_88' title="bbox 617 5459 2265 5545">
    <p class='ocr_par' dir='ltr' id='par_1_88' title="bbox 617 5459 2265 5545">
     <span class='ocr_line' id='line_1_88' title="bbox 617 5459 2265 5545; baseline 0.01 -33"><span class='ocrx_word' id='word_1_635' title='bbox 617 5459 692 5515; x_wconf 88' lang='lat' dir='ltr'>vit</span> <span class='ocrx_word' id='word_1_636' title='bbox 745 5461 1004 5520; x_wconf 89' lang='lat' dir='ltr'>domnus</span> <span class='ocrx_word' id='word_1_637' title='bbox 1054 5467 1318 5533; x_wconf 85' lang='lat' dir='ltr'>Carolus,</span> <span class='ocrx_word' id='word_1_638' title='bbox 1378 5466 1536 5522; x_wconf 87' lang='lat' dir='ltr'>ﬁlius</span> <span class='ocrx_word' id='word_1_639' title='bbox 1610 5470 1760 5540; x_wconf 87' lang='lat' dir='ltr'>ejus,</span> <span class='ocrx_word' id='word_1_640' title='bbox 1813 5485 1994 5542; x_wconf 90' lang='lat' dir='ltr'>quem</span> <span class='ocrx_word' id='word_1_641' title='bbox 2053 5476 2265 5545; x_wconf 91' lang='lat' dir='ltr'>postea</span> 
     </span>
    </p>
   </div>
   <div class='ocr_carea' id='block_1_89' title="bbox 2385 3147 4046 3226">
    <p class='ocr_par' dir='ltr' id='par_1_89' title="bbox 2385 3147 4046 3226">
     <span class='ocr_line' id='line_1_89' title="bbox 2385 3147 4046 3226; baseline 0 -24"><span class='ocrx_word' id='word_1_642' title='bbox 2385 3148 2457 3203; x_wconf 89' lang='lat' dir='ltr'>de</span> <span class='ocrx_word' id='word_1_643' title='bbox 2485 3148 2787 3204; x_wconf 85' lang='lat' dir='ltr'>Abraham</span> <span class='ocrx_word' id='word_1_644' title='bbox 2819 3161 3010 3220; x_wconf 88' lang='lat' dir='ltr'>usque</span> <span class='ocrx_word' id='word_1_645' title='bbox 3039 3147 3116 3202; x_wconf 92' lang='lat' dir='ltr'>ad</span> <span class='ocrx_word' id='word_1_646' title='bbox 3140 3147 3327 3202; x_wconf 90' lang='lat' dir='ltr'>David</span> <span class='ocrx_word' id='word_1_647' title='bbox 3351 3147 3561 3226; x_wconf 83' lang='lat' dir='ltr'>habuit</span> <span class='ocrx_word' id='word_1_648' title='bbox 3589 3163 3781 3203; x_wconf 90' lang='lat' dir='ltr'>annos</span> <span class='ocrx_word' id='word_1_649' title='bbox 3812 3150 3936 3204; x_wconf 72' lang='grc'><strong>942.</strong></span> <span class='ocrx_word' id='word_1_650' title='bbox 3982 3151 4046 3203; x_wconf 87' lang='lat' dir='ltr'>Et</span> 
     </span>
    </p>
   </div>
   <div class='ocr_carea' id='block_1_90' title="bbox 2384 3237 4044 3308">
    <p class='ocr_par' dir='ltr' id='par_1_90' title="bbox 2384 3237 4044 3308">
     <span class='ocr_line' id='line_1_90' title="bbox 2384 3237 4044 3308; baseline 0.001 -15"><span class='ocrx_word' id='word_1_651' title='bbox 2384 3238 2563 3293; x_wconf 92' lang='lat' dir='ltr'>simul</span> <span class='ocrx_word' id='word_1_652' title='bbox 2587 3237 2776 3308; x_wconf 89' lang='lat' dir='ltr'>juncti</span> <span class='ocrx_word' id='word_1_653' title='bbox 2807 3237 2947 3293; x_wconf 90' lang='lat' dir='ltr'>anni</span> <span class='ocrx_word' id='word_1_654' title='bbox 2990 3237 3165 3292; x_wconf 91' lang='lat' dir='ltr'>trium</span> <span class='ocrx_word' id='word_1_655' title='bbox 3211 3243 3453 3293; x_wconf 64' lang='lat' dir='ltr'>aetatum</span> <span class='ocrx_word' id='word_1_656' title='bbox 3505 3239 3657 3292; x_wconf 85' lang='lat' dir='ltr'>ﬁunt</span> <span class='ocrx_word' id='word_1_657' title='bbox 3707 3237 3829 3293; x_wconf 91' lang='lat' dir='ltr'>duo</span> <span class='ocrx_word' id='word_1_658' title='bbox 3861 3237 4044 3294; x_wconf 84' lang='lat' dir='ltr'>millia</span> 
     </span>
    </p>
   </div>
   <div class='ocr_carea' id='block_1_91' title="bbox 2384 3326 4041 3400">
    <p class='ocr_par' dir='ltr' id='par_1_91' title="bbox 2384 3326 4041 3400">
     <span class='ocr_line' id='line_1_91' title="bbox 2384 3326 4041 3400; baseline -0.001 -16"><span class='ocrx_word' id='word_1_659' title='bbox 2384 3326 2705 3396; x_wconf 88' lang='lat' dir='ltr'>octingenti</span> <span class='ocrx_word' id='word_1_660' title='bbox 2736 3327 3035 3382; x_wconf 91' lang='lat' dir='ltr'>undecim.</span> <span class='ocrx_word' id='word_1_661' title='bbox 3069 3328 3289 3392; x_wconf 89' lang='lat' dir='ltr'>Quarta</span> <span class='ocrx_word' id='word_1_662' title='bbox 3320 3331 3463 3383; x_wconf 66' lang='lat' dir='ltr'>aetas</span> <span class='ocrx_word' id='word_1_663' title='bbox 3490 3343 3526 3382; x_wconf 89' lang='lat' dir='ltr'>a</span> <span class='ocrx_word' id='word_1_664' title='bbox 3545 3329 3594 3361; x_wconf 76' lang='grc' dir='ltr'>³ο</span> <span class='ocrx_word' id='word_1_665' title='bbox 3618 3327 3802 3383; x_wconf 91' lang='lat' dir='ltr'>David</span> <span class='ocrx_word' id='word_1_666' title='bbox 3853 3343 4041 3400; x_wconf 89' lang='lat' dir='ltr'>usque</span> 
     </span>
    </p>
   </div>
   <div class='ocr_carea' id='block_1_92' title="bbox 2383 3413 4041 3489">
    <p class='ocr_par' dir='ltr' id='par_1_92' title="bbox 2383 3413 4041 3489">
     <span class='ocr_line' id='line_1_92' title="bbox 2383 3413 4041 3489; baseline -0.001 -17"><span class='ocrx_word' id='word_1_667' title='bbox 2383 3418 2460 3472; x_wconf 90' lang='lat' dir='ltr'>ad</span> <span class='ocrx_word' id='word_1_668' title='bbox 2493 3416 2893 3489; x_wconf 89' lang='lat' dir='ltr'>captivitatem</span> <span class='ocrx_word' id='word_1_669' title='bbox 2947 3417 3007 3470; x_wconf 93' lang='lat' dir='ltr'>iu</span> <span class='ocrx_word' id='word_1_670' title='bbox 3064 3415 3344 3471; x_wconf 88' lang='lat' dir='ltr'>Babilone</span> <span class='ocrx_word' id='word_1_671' title='bbox 3395 3413 3605 3471; x_wconf 89' lang='lat' dir='ltr'>habuit</span> <span class='ocrx_word' id='word_1_672' title='bbox 3660 3431 3852 3471; x_wconf 89' lang='lat' dir='ltr'>annos</span> <span class='ocrx_word' id='word_1_673' title='bbox 3895 3431 4041 3488; x_wconf 90' lang='lat' dir='ltr'>qua-</span> 
     </span>
    </p>
   </div>
   <div class='ocr_carea' id='block_1_93' title="bbox 2383 3504 4040 3577">
    <p class='ocr_par' dir='ltr' id='par_1_93' title="bbox 2383 3504 4040 3577">
     <span class='ocr_line' id='line_1_93' title="bbox 2383 3504 4040 3577; baseline -0.001 -15"><span class='ocrx_word' id='word_1_674' title='bbox 2383 3506 2731 3575; x_wconf 89' lang='lat' dir='ltr'>dringentos</span> <span class='ocrx_word' id='word_1_675' title='bbox 2761 3511 2850 3561; x_wconf 84' lang='lat'>63.</span> <span class='ocrx_word' id='word_1_676' title='bbox 2885 3505 3101 3570; x_wconf 88' lang='lat' dir='ltr'>Quinta</span> <span class='ocrx_word' id='word_1_677' title='bbox 3131 3509 3274 3560; x_wconf 70' lang='lat' dir='ltr'>tetas</span> <span class='ocrx_word' id='word_1_678' title='bbox 3306 3507 3403 3560; x_wconf 77' lang='lat' dir='ltr'>a30</span> <span class='ocrx_word' id='word_1_679' title='bbox 3422 3505 3807 3560; x_wconf 87' lang='lat' dir='ltr'>restructioue</span> <span class='ocrx_word' id='word_1_680' title='bbox 3838 3504 4040 3577; x_wconf 90' lang='lat' dir='ltr'>templi</span> 
     </span>
    </p>
   </div>
   <div class='ocr_carea' id='block_1_94' title="bbox 2381 3592 4040 3666">
    <p class='ocr_par' dir='ltr' id='par_1_94' title="bbox 2381 3592 4040 3666">
     <span class='ocr_line' id='line_1_94' title="bbox 2381 3592 4040 3666; baseline -0.001 -16"><span class='ocrx_word' id='word_1_681' title='bbox 2381 3610 2576 3666; x_wconf 92' lang='lat' dir='ltr'>usque</span> <span class='ocrx_word' id='word_1_682' title='bbox 2608 3593 2685 3649; x_wconf 90' lang='lat' dir='ltr'>ad</span> <span class='ocrx_word' id='word_1_683' title='bbox 2713 3593 3040 3648; x_wconf 86' lang='lat' dir='ltr'>adventum</span> <span class='ocrx_word' id='word_1_684' title='bbox 3083 3592 3317 3647; x_wconf 90' lang='lat' dir='ltr'>Domini</span> <span class='ocrx_word' id='word_1_685' title='bbox 3369 3592 3580 3648; x_wconf 86' lang='lat' dir='ltr'>habuit</span> <span class='ocrx_word' id='word_1_686' title='bbox 3632 3608 3825 3648; x_wconf 89' lang='lat' dir='ltr'>annos</span> <span class='ocrx_word' id='word_1_687' title='bbox 3869 3593 4040 3664; x_wconf 88' lang='lat' dir='ltr'>quiu-</span> 
     </span>
    </p>
   </div>
   <div class='ocr_carea' id='block_1_95' title="bbox 2381 3677 4040 3751">
    <p class='ocr_par' dir='ltr' id='par_1_95' title="bbox 2381 3677 4040 3751">
     <span class='ocr_line' id='line_1_95' title="bbox 2381 3677 4040 3751; baseline -0.001 -15"><span class='ocrx_word' id='word_1_688' title='bbox 2381 3685 2590 3751; x_wconf 91' lang='lat' dir='ltr'>gentos</span> <span class='ocrx_word' id='word_1_689' title='bbox 2617 3683 2704 3735; x_wconf 89' lang='lat'>80.</span> <span class='ocrx_word' id='word_1_690' title='bbox 2741 3683 2806 3736; x_wconf 91' lang='lat' dir='ltr'>Et</span> <span class='ocrx_word' id='word_1_691' title='bbox 2829 3680 2979 3735; x_wconf 89' lang='lat' dir='ltr'>ﬁunt</span> <span class='ocrx_word' id='word_1_692' title='bbox 3009 3679 3188 3735; x_wconf 90' lang='lat' dir='ltr'>simul</span> <span class='ocrx_word' id='word_1_693' title='bbox 3213 3677 3290 3735; x_wconf 90' lang='lat' dir='ltr'>ab</span> <span class='ocrx_word' id='word_1_694' title='bbox 3316 3679 3507 3735; x_wconf 79' lang='lat' dir='ltr'>Adam</span> <span class='ocrx_word' id='word_1_695' title='bbox 3537 3694 3727 3751; x_wconf 90' lang='lat' dir='ltr'>usque</span> <span class='ocrx_word' id='word_1_696' title='bbox 3773 3679 3850 3734; x_wconf 89' lang='lat' dir='ltr'>ad</span> <span class='ocrx_word' id='word_1_697' title='bbox 3882 3679 4040 3736; x_wconf 86' lang='lat' dir='ltr'>Chri-</span> 
     </span>
    </p>
   </div>
   <div class='ocr_carea' id='block_1_96' title="bbox 2381 3763 4037 3836">
    <p class='ocr_par' dir='ltr' id='par_1_96' title="bbox 2381 3763 4037 3836">
     <span class='ocr_line' id='line_1_96' title="bbox 2381 3763 4037 3836; baseline -0.001 -13"><span class='ocrx_word' id='word_1_698' title='bbox 2381 3775 2541 3825; x_wconf 88' lang='lat' dir='ltr'>stum</span> <span class='ocrx_word' id='word_1_699' title='bbox 2573 3768 2892 3824; x_wconf 91' lang='lat' dir='ltr'>Dominum</span> <span class='ocrx_word' id='word_1_700' title='bbox 2917 3768 3059 3824; x_wconf 90' lang='lat' dir='ltr'>anni</span> <span class='ocrx_word' id='word_1_701' title='bbox 3089 3767 3198 3824; x_wconf 88' lang='lat' dir='ltr'>tria</span> <span class='ocrx_word' id='word_1_702' title='bbox 3227 3763 3393 3823; x_wconf 87' lang='lat' dir='ltr'>milia</span> <span class='ocrx_word' id='word_1_703' title='bbox 3422 3767 3664 3836; x_wconf 90' lang='lat' dir='ltr'>nogenti</span> <span class='ocrx_word' id='word_1_704' title='bbox 3690 3773 3777 3822; x_wconf 78' lang='lat'>5&#39;2.</span> <span class='ocrx_word' id='word_1_705' title='bbox 3818 3771 3865 3822; x_wconf 79' lang='grc' dir='ltr'>Α</span> <span class='ocrx_word' id='word_1_706' title='bbox 3889 3766 4037 3823; x_wconf 90' lang='lat' dir='ltr'>nati-</span> 
     </span>
    </p>
   </div>
   <div class='ocr_carea' id='block_1_97' title="bbox 2379 3854 4035 3935">
    <p class='ocr_par' dir='ltr' id='par_1_97' title="bbox 2379 3854 4035 3935">
     <span class='ocr_line' id='line_1_97' title="bbox 2379 3854 4035 3935; baseline -0.002 -23"><span class='ocrx_word' id='word_1_707' title='bbox 2379 3857 2556 3912; x_wconf 88' lang='lat' dir='ltr'>vitate</span> <span class='ocrx_word' id='word_1_708' title='bbox 2604 3856 2835 3912; x_wconf 90' lang='lat' dir='ltr'>Domini</span> <span class='ocrx_word' id='word_1_709' title='bbox 2876 3872 3065 3928; x_wconf 88' lang='lat' dir='ltr'>usque</span> <span class='ocrx_word' id='word_1_710' title='bbox 3111 3856 3190 3911; x_wconf 90' lang='lat' dir='ltr'>ad</span> <span class='ocrx_word' id='word_1_711' title='bbox 3244 3855 3563 3935; x_wconf 83' lang='lat' dir='ltr'>transitum</span> <span class='ocrx_word' id='word_1_712' title='bbox 3594 3855 3782 3912; x_wconf 88' lang='lat' dir='ltr'>sancti</span> <span class='ocrx_word' id='word_1_713' title='bbox 3813 3854 4035 3912; x_wconf 84' lang='lat' dir='ltr'>Martini</span> 
     </span>
    </p>
   </div>
   <div class='ocr_carea' id='block_1_98' title="bbox 2379 3944 4035 4017">
    <p class='ocr_par' dir='ltr' id='par_1_98' title="bbox 2379 3944 4035 4017">
     <span class='ocr_line' id='line_1_98' title="bbox 2379 3944 4035 4017; baseline 0 -17"><span class='ocrx_word' id='word_1_714' title='bbox 2379 3950 2519 4002; x_wconf 90' lang='lat' dir='ltr'>sunt</span> <span class='ocrx_word' id='word_1_715' title='bbox 2542 3947 2683 4002; x_wconf 90' lang='lat' dir='ltr'>anni</span> <span class='ocrx_word' id='word_1_716' title='bbox 2713 3944 3113 4017; x_wconf 89' lang='lat' dir='ltr'>quadragenti</span> <span class='ocrx_word' id='word_1_717' title='bbox 3246 3950 3293 4000; x_wconf 85' lang='grc' dir='ltr'><strong>Α</strong></span> <span class='ocrx_word' id='word_1_718' title='bbox 3317 3945 3568 4000; x_wconf 89' lang='lat' dir='ltr'>transitu</span> <span class='ocrx_word' id='word_1_719' title='bbox 3600 3945 3791 4000; x_wconf 87' lang='lat' dir='ltr'>sancti</span> <span class='ocrx_word' id='word_1_720' title='bbox 3814 3944 4035 4002; x_wconf 79' lang='lat' dir='ltr'>Martini</span> 
     </span>
    </p>
   </div>
   <div class='ocr_carea' id='block_1_99' title="bbox 2379 4034 4038 4106">
    <p class='ocr_par' dir='ltr' id='par_1_99' title="bbox 2379 4034 4038 4106">
     <span class='ocr_line' id='line_1_99' title="bbox 2379 4034 4038 4106; baseline 0 -16"><span class='ocrx_word' id='word_1_721' title='bbox 2379 4051 2567 4106; x_wconf 87' lang='lat' dir='ltr'>usque</span> <span class='ocrx_word' id='word_1_722' title='bbox 2593 4035 2670 4090; x_wconf 90' lang='lat' dir='ltr'>ad</span> <span class='ocrx_word' id='word_1_723' title='bbox 2701 4034 3016 4090; x_wconf 89' lang='lat' dir='ltr'>transitum</span> <span class='ocrx_word' id='word_1_724' title='bbox 3048 4034 3326 4090; x_wconf 89' lang='lat' dir='ltr'>Clodovei</span> <span class='ocrx_word' id='word_1_725' title='bbox 3347 4035 3502 4103; x_wconf 90' lang='lat' dir='ltr'>regis</span> <span class='ocrx_word' id='word_1_726' title='bbox 3531 4037 3914 4101; x_wconf 83' lang='lat' dir='ltr'>Francorum,</span> <span class='ocrx_word' id='word_1_727' title='bbox 3932 4034 4038 4106; x_wconf 89' lang='lat' dir='ltr'>qui</span> 
     </span>
    </p>
   </div>
   <div class='ocr_carea' id='block_1_100' title="bbox 2377 4123 4038 4196">
    <p class='ocr_par' dir='ltr' id='par_1_100' title="bbox 2377 4123 4038 4196">
     <span class='ocr_line' id='line_1_100' title="bbox 2377 4123 4038 4196; baseline 0 -18"><span class='ocrx_word' id='word_1_728' title='bbox 2377 4125 2608 4196; x_wconf 90' lang='lat' dir='ltr'>primus</span> <span class='ocrx_word' id='word_1_729' title='bbox 2637 4123 2745 4178; x_wconf 87' lang='lat' dir='ltr'>fuit</span> <span class='ocrx_word' id='word_1_730' title='bbox 2766 4123 3132 4179; x_wconf 88' lang='lat' dir='ltr'>Christianus</span> <span class='ocrx_word' id='word_1_731' title='bbox 3150 4123 3224 4178; x_wconf 89' lang='lat' dir='ltr'>de</span> <span class='ocrx_word' id='word_1_732' title='bbox 3241 4123 3480 4192; x_wconf 89' lang='lat' dir='ltr'>regibus</span> <span class='ocrx_word' id='word_1_733' title='bbox 3509 4126 4038 4192; x_wconf 88' lang='lat' dir='ltr'>Fraucorum,suut</span> 
     </span>
    </p>
   </div>
   <div class='ocr_carea' id='block_1_101' title="bbox 2377 4212 4038 4286">
    <p class='ocr_par' dir='ltr' id='par_1_101' title="bbox 2377 4212 4038 4286">
     <span class='ocr_line' id='line_1_101' title="bbox 2377 4212 4038 4286; baseline -0.001 -17"><span class='ocrx_word' id='word_1_734' title='bbox 2377 4214 2519 4269; x_wconf 89' lang='lat' dir='ltr'>anni</span> <span class='ocrx_word' id='word_1_735' title='bbox 2549 4218 2667 4268; x_wconf 87' lang='grc'><strong>112.</strong></span> <span class='ocrx_word' id='word_1_736' title='bbox 2701 4219 2746 4268; x_wconf 83' lang='grc' dir='ltr'><strong>Λ</strong></span> <span class='ocrx_word' id='word_1_737' title='bbox 2778 4213 3025 4268; x_wconf 91' lang='lat' dir='ltr'>transitu</span> <span class='ocrx_word' id='word_1_738' title='bbox 3067 4213 3255 4269; x_wconf 90' lang='lat' dir='ltr'>sancti</span> <span class='ocrx_word' id='word_1_739' title='bbox 3284 4213 3509 4269; x_wconf 87' lang='lat' dir='ltr'>Martini</span> <span class='ocrx_word' id='word_1_740' title='bbox 3551 4229 3739 4286; x_wconf 87' lang='lat' dir='ltr'>usque</span> <span class='ocrx_word' id='word_1_741' title='bbox 3775 4212 3853 4268; x_wconf 93' lang='lat' dir='ltr'>ad</span> <span class='ocrx_word' id='word_1_742' title='bbox 3881 4217 4038 4268; x_wconf 89' lang='lat' dir='ltr'>trau-</span> 
     </span>
    </p>
   </div>
   <div class='ocr_carea' id='block_1_102' title="bbox 2377 4301 4038 4374">
    <p class='ocr_par' dir='ltr' id='par_1_102' title="bbox 2377 4301 4038 4374">
     <span class='ocr_line' id='line_1_102' title="bbox 2377 4301 4038 4374; baseline 0 -18"><span class='ocrx_word' id='word_1_743' title='bbox 2377 4302 2556 4358; x_wconf 90' lang='lat' dir='ltr'>situm</span> <span class='ocrx_word' id='word_1_744' title='bbox 2591 4301 2782 4356; x_wconf 88' lang='lat' dir='ltr'>sancti</span> <span class='ocrx_word' id='word_1_745' title='bbox 2816 4302 3086 4374; x_wconf 86' lang='lat' dir='ltr'>Eparchii</span> <span class='ocrx_word' id='word_1_746' title='bbox 3140 4301 3562 4372; x_wconf 87' lang='lat' dir='ltr'>Egolismcnsis</span> <span class='ocrx_word' id='word_1_747' title='bbox 3615 4301 3851 4374; x_wconf 91' lang='lat' dir='ltr'>patroni</span> <span class='ocrx_word' id='word_1_748' title='bbox 3899 4304 4038 4356; x_wconf 90' lang='lat' dir='ltr'>sunt</span> 
     </span>
    </p>
   </div>
   <div class='ocr_carea' id='block_1_103' title="bbox 2379 4390 4036 4462">
    <p class='ocr_par' dir='ltr' id='par_1_103' title="bbox 2379 4390 4036 4462">
     <span class='ocr_line' id='line_1_103' title="bbox 2379 4390 4036 4462; baseline -0.001 -15"><span class='ocrx_word' id='word_1_749' title='bbox 2379 4391 2522 4447; x_wconf 91' lang='lat' dir='ltr'>anni</span> <span class='ocrx_word' id='word_1_750' title='bbox 2551 4395 2792 4446; x_wconf 90' lang='lat' dir='ltr'>centum</span> <span class='ocrx_word' id='word_1_751' title='bbox 2817 4390 3041 4459; x_wconf 89' lang='lat' dir='ltr'>viginti.</span> <span class='ocrx_word' id='word_1_752' title='bbox 3077 4395 3255 4446; x_wconf 85' lang='lat' dir='ltr'>Natus</span> <span class='ocrx_word' id='word_1_753' title='bbox 3289 4395 3376 4446; x_wconf 91' lang='lat' dir='ltr'>est</span> <span class='ocrx_word' id='word_1_754' title='bbox 3401 4391 3559 4445; x_wconf 92' lang='lat' dir='ltr'>enim</span> <span class='ocrx_word' id='word_1_755' title='bbox 3593 4395 3833 4446; x_wconf 90' lang='lat' dir='ltr'>sanctus</span> <span class='ocrx_word' id='word_1_756' title='bbox 3860 4393 4036 4462; x_wconf 85' lang='lat' dir='ltr'>Epar-</span> 
     </span>
    </p>
   </div>
   <div class='ocr_carea' id='block_1_104' title="bbox 2379 4477 4030 4550">
    <p class='ocr_par' dir='ltr' id='par_1_104' title="bbox 2379 4477 4030 4550">
     <span class='ocr_line' id='line_1_104' title="bbox 2379 4477 4030 4550; baseline -0.002 -15"><span class='ocrx_word' id='word_1_757' title='bbox 2379 4480 2547 4535; x_wconf 90' lang='lat' dir='ltr'>chius</span> <span class='ocrx_word' id='word_1_758' title='bbox 2579 4484 2843 4550; x_wconf 87' lang='lat' dir='ltr'>tempore</span> <span class='ocrx_word' id='word_1_759' title='bbox 2891 4479 3146 4534; x_wconf 87' lang='lat' dir='ltr'>Merovei</span> <span class='ocrx_word' id='word_1_760' title='bbox 3198 4481 3558 4534; x_wconf 86' lang='lat' dir='ltr'>Francorum</span> <span class='ocrx_word' id='word_1_761' title='bbox 3607 4479 3761 4547; x_wconf 91' lang='lat' dir='ltr'>regis</span> <span class='ocrx_word' id='word_1_762' title='bbox 3788 4477 4030 4548; x_wconf 88' lang='lat' dir='ltr'>pagani,</span> 
     </span>
    </p>
   </div>
   <div class='ocr_carea' id='block_1_105' title="bbox 2374 4565 4031 4640">
    <p class='ocr_par' dir='ltr' id='par_1_105' title="bbox 2374 4565 4031 4640">
     <span class='ocr_line' id='line_1_105' title="bbox 2374 4565 4031 4640; baseline -0.002 -18"><span class='ocrx_word' id='word_1_763' title='bbox 2374 4567 2477 4640; x_wconf 92' lang='lat' dir='ltr'>qui</span> <span class='ocrx_word' id='word_1_764' title='bbox 2502 4567 2611 4622; x_wconf 86' lang='lat' dir='ltr'>fuit</span> <span class='ocrx_word' id='word_1_765' title='bbox 2638 4584 2786 4623; x_wconf 90' lang='lat' dir='ltr'>avus</span> <span class='ocrx_word' id='word_1_766' title='bbox 2811 4565 3090 4622; x_wconf 90' lang='lat' dir='ltr'>Clodovei</span> <span class='ocrx_word' id='word_1_767' title='bbox 3111 4565 3265 4635; x_wconf 91' lang='lat' dir='ltr'>regis</span> <span class='ocrx_word' id='word_1_768' title='bbox 3286 4569 3647 4621; x_wconf 89' lang='lat' dir='ltr'>Francorum</span> <span class='ocrx_word' id='word_1_769' title='bbox 3673 4565 3849 4637; x_wconf 91' lang='lat' dir='ltr'>primi</span> <span class='ocrx_word' id='word_1_770' title='bbox 3873 4565 4031 4621; x_wconf 89' lang='lat' dir='ltr'>Chri-</span> 
     </span>
    </p>
   </div>
   <div class='ocr_carea' id='block_1_106' title="bbox 2375 4651 4030 4727">
    <p class='ocr_par' dir='ltr' id='par_1_106' title="bbox 2375 4651 4030 4727">
     <span class='ocr_line' id='line_1_106' title="bbox 2375 4651 4030 4727; baseline -0.002 -17"><span class='ocrx_word' id='word_1_771' title='bbox 2375 4655 2571 4727; x_wconf 88' lang='lat' dir='ltr'>stiani,</span> <span class='ocrx_word' id='word_1_772' title='bbox 2601 4660 2658 4712; x_wconf 92' lang='lat' dir='ltr'>et</span> <span class='ocrx_word' id='word_1_773' title='bbox 2681 4655 2743 4710; x_wconf 93' lang='lat' dir='ltr'>in</span> <span class='ocrx_word' id='word_1_774' title='bbox 2769 4658 3036 4726; x_wconf 89' lang='lat' dir='ltr'>tempore</span> <span class='ocrx_word' id='word_1_775' title='bbox 3064 4652 3374 4711; x_wconf 84' lang='lat' dir='ltr'>Theodorii</span> <span class='ocrx_word' id='word_1_776' title='bbox 3397 4651 3651 4724; x_wconf 86' lang='lat' dir='ltr'>junioris</span> <span class='ocrx_word' id='word_1_777' title='bbox 3679 4652 3802 4708; x_wconf 86' lang='lat' dir='ltr'>divi</span> <span class='ocrx_word' id='word_1_778' title='bbox 3832 4655 4030 4722; x_wconf 83' lang='lat' dir='ltr'>Augu-</span> 
     </span>
    </p>
   </div>
   <div class='ocr_carea' id='block_1_107' title="bbox 2375 4735 4031 4816">
    <p class='ocr_par' dir='ltr' id='par_1_107' title="bbox 2375 4735 4031 4816">
     <span class='ocr_line' id='line_1_107' title="bbox 2375 4735 4031 4816; baseline -0.002 -16"><span class='ocrx_word' id='word_1_779' title='bbox 2375 4745 2446 4801; x_wconf 91' lang='lat' dir='ltr'>sti</span> <span class='ocrx_word' id='word_1_780' title='bbox 2471 4743 2863 4816; x_wconf 88' lang='lat' dir='ltr'>imperatoris.</span> <span class='ocrx_word' id='word_1_781' title='bbox 2901 4739 3047 4798; x_wconf 85' lang='lat' dir='ltr'>Vixit</span> <span class='ocrx_word' id='word_1_782' title='bbox 3074 4759 3181 4816; x_wconf 89' lang='lat' dir='ltr'>per</span> <span class='ocrx_word' id='word_1_783' title='bbox 3211 4747 3481 4816; x_wconf 90' lang='lat' dir='ltr'>tempora</span> <span class='ocrx_word' id='word_1_784' title='bbox 3504 4735 3838 4812; x_wconf 83' lang='lat' dir='ltr'>Theodosii,</span> <span class='ocrx_word' id='word_1_785' title='bbox 3888 4741 4031 4798; x_wconf 48' lang='lat' dir='ltr'>Mar.</span> 
     </span>
    </p>
   </div>
   <div class='ocr_carea' id='block_1_108' title="bbox 2374 4831 4032 4903">
    <p class='ocr_par' dir='ltr' id='par_1_108' title="bbox 2374 4831 4032 4903">
     <span class='ocr_line' id='line_1_108' title="bbox 2374 4831 4032 4903; baseline -0.002 -13"><span class='ocrx_word' id='word_1_786' title='bbox 2374 4831 2550 4902; x_wconf 90' lang='lat' dir='ltr'>ciani,</span> <span class='ocrx_word' id='word_1_787' title='bbox 2581 4834 2808 4900; x_wconf 88' lang='lat' dir='ltr'>Leonis,</span> <span class='ocrx_word' id='word_1_788' title='bbox 2842 4833 3112 4901; x_wconf 90' lang='lat' dir='ltr'>Zenonis,</span> <span class='ocrx_word' id='word_1_789' title='bbox 3152 4832 3466 4903; x_wconf 81' lang='lat' dir='ltr'>Anastasii,</span> <span class='ocrx_word' id='word_1_790' title='bbox 3495 4835 3552 4888; x_wconf 94' lang='lat' dir='ltr'>et</span> <span class='ocrx_word' id='word_1_791' title='bbox 3586 4831 3897 4888; x_wconf 72' lang='lat' dir='ltr'>Iustiniani</span> <span class='ocrx_word' id='word_1_792' title='bbox 3926 4831 4032 4886; x_wconf 92' lang='lat' dir='ltr'>im-</span> 
     </span>
    </p>
   </div>
   <div class='ocr_carea' id='block_1_109' title="bbox 2372 4920 4026 4997">
    <p class='ocr_par' dir='ltr' id='par_1_109' title="bbox 2372 4920 4026 4997">
     <span class='ocr_line' id='line_1_109' title="bbox 2372 4920 4026 4997; baseline -0.002 -18"><span class='ocrx_word' id='word_1_793' title='bbox 2372 4928 2741 4996; x_wconf 89' lang='lat' dir='ltr'>peratorum,</span> <span class='ocrx_word' id='word_1_794' title='bbox 2783 4928 2839 4979; x_wconf 92' lang='lat' dir='ltr'>et</span> <span class='ocrx_word' id='word_1_795' title='bbox 2893 4939 2998 4996; x_wconf 91' lang='lat' dir='ltr'>per</span> <span class='ocrx_word' id='word_1_796' title='bbox 3055 4928 3325 4997; x_wconf 91' lang='lat' dir='ltr'>tempora</span> <span class='ocrx_word' id='word_1_797' title='bbox 3378 4934 3588 4993; x_wconf 89' lang='lat' dir='ltr'>regum</span> <span class='ocrx_word' id='word_1_798' title='bbox 3645 4920 4026 4988; x_wconf 83' lang='lat' dir='ltr'>Francorum,</span> 
     </span>
    </p>
   </div>
   <div class='ocr_carea' id='block_1_110' title="bbox 2373 5008 4032 5083">
    <p class='ocr_par' dir='ltr' id='par_1_110' title="bbox 2373 5008 4032 5083">
     <span class='ocr_line' id='line_1_110' title="bbox 2373 5008 4032 5083; baseline -0.001 -15"><span class='ocrx_word' id='word_1_799' title='bbox 2373 5008 2663 5068; x_wconf 86' lang='lat' dir='ltr'>Merovehi</span> <span class='ocrx_word' id='word_1_800' title='bbox 2693 5016 2749 5068; x_wconf 90' lang='lat' dir='ltr'>et</span> <span class='ocrx_word' id='word_1_801' title='bbox 2774 5010 3083 5069; x_wconf 89' lang='lat' dir='ltr'>Childerici</span> <span class='ocrx_word' id='word_1_802' title='bbox 3109 5015 3165 5068; x_wconf 92' lang='lat' dir='ltr'>et</span> <span class='ocrx_word' id='word_1_803' title='bbox 3189 5011 3562 5079; x_wconf 88' lang='lat' dir='ltr'>Clodovei,et</span> <span class='ocrx_word' id='word_1_804' title='bbox 3590 5013 3856 5083; x_wconf 89' lang='lat' dir='ltr'>tempore</span> <span class='ocrx_word' id='word_1_805' title='bbox 3883 5008 4032 5067; x_wconf 88' lang='lat' dir='ltr'>Chil-</span> 
     </span>
    </p>
   </div>
   <div class='ocr_carea' id='block_1_111' title="bbox 2373 5095 4026 5173">
    <p class='ocr_par' dir='ltr' id='par_1_111' title="bbox 2373 5095 4026 5173">
     <span class='ocr_line' id='line_1_111' title="bbox 2373 5095 4026 5173; baseline -0.002 -16"><span class='ocrx_word' id='word_1_806' title='bbox 2373 5100 2599 5157; x_wconf 89' lang='lat' dir='ltr'>deberti</span> <span class='ocrx_word' id='word_1_807' title='bbox 2627 5099 2781 5170; x_wconf 90' lang='lat' dir='ltr'>regis</span> <span class='ocrx_word' id='word_1_808' title='bbox 2809 5103 3190 5157; x_wconf 87' lang='lat' dir='ltr'>Francorum.</span> <span class='ocrx_word' id='word_1_809' title='bbox 3225 5100 3381 5156; x_wconf 87' lang='lat' dir='ltr'>Obiit</span> <span class='ocrx_word' id='word_1_810' title='bbox 3402 5105 3668 5173; x_wconf 87' lang='lat' dir='ltr'>tempore</span> <span class='ocrx_word' id='word_1_811' title='bbox 3706 5095 4026 5155; x_wconf 80' lang='lat' dir='ltr'>Justiniani</span> 
     </span>
    </p>
   </div>
   <div class='ocr_carea' id='block_1_112' title="bbox 2371 5186 4029 5261">
    <p class='ocr_par' dir='ltr' id='par_1_112' title="bbox 2371 5186 4029 5261">
     <span class='ocr_line' id='line_1_112' title="bbox 2371 5186 4029 5261; baseline 0 -16"><span class='ocrx_word' id='word_1_812' title='bbox 2371 5189 2749 5261; x_wconf 88' lang='lat' dir='ltr'>imperatoris</span> <span class='ocrx_word' id='word_1_813' title='bbox 2779 5193 2836 5244; x_wconf 92' lang='lat' dir='ltr'>et</span> <span class='ocrx_word' id='word_1_814' title='bbox 2865 5186 3219 5245; x_wconf 88' lang='lat' dir='ltr'>Childeberti</span> <span class='ocrx_word' id='word_1_815' title='bbox 3243 5188 3398 5259; x_wconf 85' lang='lat' dir='ltr'>regis</span> <span class='ocrx_word' id='word_1_816' title='bbox 3451 5189 3833 5256; x_wconf 85' lang='lat' dir='ltr'>Francorum,</span> <span class='ocrx_word' id='word_1_817' title='bbox 3866 5191 4029 5245; x_wconf 90' lang='lat' dir='ltr'>octo-</span> 
     </span>
    </p>
   </div>
   <div class='ocr_carea' id='block_1_113' title="bbox 2373 5275 4029 5351">
    <p class='ocr_par' dir='ltr' id='par_1_113' title="bbox 2373 5275 4029 5351">
     <span class='ocr_line' id='line_1_113' title="bbox 2373 5275 4029 5351; baseline 0.001 -19"><span class='ocrx_word' id='word_1_818' title='bbox 2373 5277 2600 5348; x_wconf 88' lang='lat' dir='ltr'>gesimo</span> <span class='ocrx_word' id='word_1_819' title='bbox 2620 5291 2782 5332; x_wconf 89' lang='lat' dir='ltr'>anno</span> <span class='ocrx_word' id='word_1_820' title='bbox 2806 5276 2994 5333; x_wconf 78' lang='lat' dir='ltr'>aetatis</span> <span class='ocrx_word' id='word_1_821' title='bbox 3023 5291 3165 5332; x_wconf 66' lang='lat' dir='ltr'>suae.</span> <span class='ocrx_word' id='word_1_822' title='bbox 3199 5280 3245 5332; x_wconf 82' lang='lat' dir='ltr'><strong>A</strong></span> <span class='ocrx_word' id='word_1_823' title='bbox 3274 5275 3574 5333; x_wconf 89' lang='lat' dir='ltr'>uativitate</span> <span class='ocrx_word' id='word_1_824' title='bbox 3606 5276 3816 5334; x_wconf 90' lang='lat' dir='ltr'>Christi</span> <span class='ocrx_word' id='word_1_825' title='bbox 3839 5289 4029 5351; x_wconf 83' lang='lat' dir='ltr'>usque</span> 
     </span>
    </p>
   </div>
   <div class='ocr_carea' id='block_1_114' title="bbox 2373 5363 4031 5440">
    <p class='ocr_par' dir='ltr' id='par_1_114' title="bbox 2373 5363 4031 5440">
     <span class='ocr_line' id='line_1_114' title="bbox 2373 5363 4031 5440; baseline 0 -18"><span class='ocrx_word' id='word_1_826' title='bbox 2373 5367 2451 5422; x_wconf 90' lang='lat' dir='ltr'>ad</span> <span class='ocrx_word' id='word_1_827' title='bbox 2475 5365 2738 5439; x_wconf 88' lang='lat' dir='ltr'>primum</span> <span class='ocrx_word' id='word_1_828' title='bbox 2763 5363 2931 5436; x_wconf 88' lang='lat' dir='ltr'>regni</span> <span class='ocrx_word' id='word_1_829' title='bbox 2963 5382 3192 5423; x_wconf 89' lang='lat' dir='ltr'>annum</span> <span class='ocrx_word' id='word_1_830' title='bbox 3223 5365 3416 5422; x_wconf 90' lang='lat' dir='ltr'>Caroli</span> <span class='ocrx_word' id='word_1_831' title='bbox 3445 5368 3583 5423; x_wconf 90' lang='lat' dir='ltr'>sunt</span> <span class='ocrx_word' id='word_1_832' title='bbox 3621 5366 3763 5424; x_wconf 89' lang='lat' dir='ltr'>anni</span> <span class='ocrx_word' id='word_1_833' title='bbox 3814 5365 4031 5440; x_wconf 85' lang='lat' dir='ltr'>septin-</span> 
     </span>
    </p>
   </div>
   <div class='ocr_carea' id='block_1_115' title="bbox 2373 5455 3041 5526">
    <p class='ocr_par' dir='ltr' id='par_1_115' title="bbox 2373 5455 3041 5526">
     <span class='ocr_line' id='line_1_115' title="bbox 2373 5455 3041 5526; baseline 0.001 -15"><span class='ocrx_word' id='word_1_834' title='bbox 2373 5455 2529 5526; x_wconf 87' lang='lat' dir='ltr'>genti</span> <span class='ocrx_word' id='word_1_835' title='bbox 2557 5455 2863 5526; x_wconf 84' lang='lat' dir='ltr'>sexaginta</span> <span class='ocrx_word' id='word_1_836' title='bbox 2888 5459 3041 5512; x_wconf 86' lang='lat' dir='ltr'>octo.</span> 
     </span>
    </p>
   </div>
   <div class='ocr_carea' id='block_1_116' title="bbox 1984 5565 2657 5630">
    <p class='ocr_par' dir='ltr' id='par_1_116' title="bbox 1984 5565 2657 5630">
     <span class='ocr_line' id='line_1_116' title="bbox 1984 5565 2657 5630; baseline 0.003 -6"><span class='ocrx_word' id='word_1_837' title='bbox 1984 5565 2218 5624; x_wconf 79' lang='lat' dir='ltr'>VARl/E</span> <span class='ocrx_word' id='word_1_838' title='bbox 2257 5570 2657 5630; x_wconf 84' lang='lat' dir='ltr'>LECTIONES.</span> 
     </span>
    </p>
   </div>
   <div class='ocr_carea' id='block_1_117' title="bbox 685 5653 2056 5734">
    <p class='ocr_par' dir='ltr' id='par_1_117' title="bbox 685 5653 2056 5734">
     <span class='ocr_line' id='line_1_117' title="bbox 685 5653 2056 5734; baseline 0.009 -25"><span class='ocrx_word' id='word_1_839' title='bbox 685 5653 729 5686; x_wconf 73' lang='lat'>’3</span> <span class='ocrx_word' id='word_1_840' title='bbox 760 5657 1056 5734; x_wconf 5' lang='lat' dir='ltr'>algamauu</span> <span class='ocrx_word' id='word_1_841' title='bbox 1084 5658 1225 5734; x_wconf 70' lang='lat' dir='ltr'>add.</span> <span class='ocrx_word' id='word_1_842' title='bbox 1267 5665 1314 5717; x_wconf 93' lang='grc'>1.</span> <span class='ocrx_word' id='word_1_843' title='bbox 1343 5662 1501 5718; x_wconf 86' lang='lat' dir='ltr'>deest</span> <span class='ocrx_word' id='word_1_844' title='bbox 1525 5666 1577 5717; x_wconf 90' lang='grc'>2.</span> <span class='ocrx_word' id='word_1_845' title='bbox 1656 5663 1704 5734; x_wconf 51' lang='grc' dir='ltr'>’ξ</span> <span class='ocrx_word' id='word_1_846' title='bbox 1725 5665 1972 5734; x_wconf 88' lang='lat' dir='ltr'>ansegili</span> <span class='ocrx_word' id='word_1_847' title='bbox 2008 5671 2056 5722; x_wconf 89' lang='grc'>1.</span> 
     </span>
    </p>
   </div>
   <div class='ocr_carea' id='block_1_118' title="bbox 619 5720 1786 5793">
    <p class='ocr_par' dir='ltr' id='par_1_118' title="bbox 619 5720 1786 5793">
     <span class='ocr_line' id='line_1_118' title="bbox 619 5720 1786 5793; baseline 0.015 -18"><span class='ocrx_word' id='word_1_848' title='bbox 619 5720 822 5781; x_wconf 86' lang='lat' dir='ltr'>desunt</span> <span class='ocrx_word' id='word_1_849' title='bbox 849 5732 896 5783; x_wconf 91' lang='grc'>1.</span> <span class='ocrx_word' id='word_1_850' title='bbox 974 5731 1020 5764; x_wconf 78' lang='grc'>²⁹</span> <span class='ocrx_word' id='word_1_851' title='bbox 1050 5730 1128 5788; x_wconf 91' lang='lat' dir='ltr'>ad</span> <span class='ocrx_word' id='word_1_852' title='bbox 1159 5746 1315 5787; x_wconf 80' lang='lat' dir='ltr'>corr.</span> <span class='ocrx_word' id='word_1_853' title='bbox 1347 5747 1384 5790; x_wconf 88' lang='lat' dir='ltr'>a</span> <span class='ocrx_word' id='word_1_854' title='bbox 1419 5738 1466 5788; x_wconf 94' lang='grc'>1.</span> <span class='ocrx_word' id='word_1_855' title='bbox 1544 5733 1594 5768; x_wconf 80' lang='grc' dir='ltr'>³ο</span> <span class='ocrx_word' id='word_1_856' title='bbox 1623 5733 1703 5791; x_wconf 81' lang='lat' dir='ltr'>ad</span> <span class='ocrx_word' id='word_1_857' title='bbox 1737 5739 1786 5793; x_wconf 91' lang='grc'>1.</span> 
     </span>
    </p>
   </div>
   <div class='ocr_carea' id='block_1_119' title="bbox 2139 5663 4023 5739">
    <p class='ocr_par' dir='ltr' id='par_1_119' title="bbox 2139 5663 4023 5739">
     <span class='ocr_line' id='line_1_119' title="bbox 2139 5663 4023 5739; baseline 0.001 -19"><span class='ocrx_word' id='word_1_858' title='bbox 2139 5667 2186 5701; x_wconf 74' lang='grc'>³³</span> <span class='ocrx_word' id='word_1_859' title='bbox 2207 5665 2366 5723; x_wconf 83' lang='lat' dir='ltr'>deest</span> <span class='ocrx_word' id='word_1_860' title='bbox 2397 5671 2446 5722; x_wconf 94' lang='grc'>1.</span> <span class='ocrx_word' id='word_1_861' title='bbox 2525 5666 2574 5701; x_wconf 81' lang='grc'>²⁶</span> <span class='ocrx_word' id='word_1_862' title='bbox 2603 5667 2690 5722; x_wconf 74' lang='lat' dir='ltr'>ita</span> <span class='ocrx_word' id='word_1_863' title='bbox 2722 5669 2770 5720; x_wconf 90' lang='grc'>1.</span> <span class='ocrx_word' id='word_1_864' title='bbox 2807 5665 2853 5698; x_wconf 82' lang='grc'>²⁷</span> <span class='ocrx_word' id='word_1_865' title='bbox 2892 5663 2981 5720; x_wconf 83' lang='lat' dir='ltr'>Ad</span> <span class='ocrx_word' id='word_1_866' title='bbox 3023 5665 3519 5722; x_wconf 86' lang='lat' dir='ltr'>restaurationem</span> <span class='ocrx_word' id='word_1_867' title='bbox 3567 5672 3617 5723; x_wconf 90' lang='grc'>1.</span> <span class='ocrx_word' id='word_1_868' title='bbox 3695 5669 3742 5702; x_wconf 78' lang='grc'>³⁸</span> <span class='ocrx_word' id='word_1_869' title='bbox 3775 5669 3833 5724; x_wconf 79' lang='lat' dir='ltr'>ta</span> <span class='ocrx_word' id='word_1_870' title='bbox 3861 5683 3920 5723; x_wconf 78' lang='grc' dir='ltr'>ιι.</span> <span class='ocrx_word' id='word_1_871' title='bbox 3962 5681 4023 5739; x_wconf 83' lang='lat' dir='ltr'>q.</span> 
     </span>
    </p>
   </div>
  </div>
