4944 6554
1320 401 1392 454 1’7
2472 399 2781 455 ADEMARI
2824 397 2878 452 s.
2922 394 3199 450 CIBARDI
3238 396 3272 450 Μ

2824 397 2878 452 S.
2922 394 3199 450 CIBARDI
3238 396 3568 453 MONACHI.
4102 422 4151 453 κ
4695 397 4755 450 28

1391 523 1444 574 2.
1486 523 1657 574 Anno
1683 519 1861 590 igitur
1892 521 1970 577 ab
2004 521 2408 578 incarnatione
2442 520 2673 577 Domini
2698 523 2820 585 768,
2845 518 2975 591 ipso
3013 522 3057 572 Α
3088 519 3287 587 ginem
3316 520 3619 592 puriorem
3648 538 3801 590 esse,
3834 520 4055 576 rivulos
4081 524 4284 576 autem
4319 518 4484 590 ejus.
4538 522 4757 589 quanto

1318 624 1481 665 anno
1534 625 1655 681 quo
1710 626 1812 664 rex
1848 610 2103 682 vPipinus
2158 612 2289 667 Pius
2340 611 2503 679 obiit,
2547 611 2669 665 duo
2714 609 2814 663 ﬁlii
2846 612 2974 677 eius

1318 698 1580 752 domnus
1612 698 1855 754 Carolus
1882 704 1938 753 et
1968 700 2357 755 Carlomanus
2387 700 2593 755 elevati
2625 704 2762 753 sunt
2799 698 2858 752 in
2890 712 2975 751 re-

1320 801 1509 855 gnum
1535 802 1656 841 uno
1687 786 1783 841 die
1816 786 2016 853 simul,
2048 788 2107 842 id
2140 794 2227 843 est
2255 796 2283 843 7
2320 788 2455 843 ldus
2503 787 2793 857 Octobris,
2841 793 2972 854 etc.,

1322 882 1385 930 ut
1415 876 1578 931 Ann.
1611 878 1875 931 Lauriss.
1904 892 1959 931 a.
1987 882 2089 931 768
2113 895 2236 950 sqq.

1392 965 1577 1034 (Ann.
1606 966 1791 1020 Laur.
1826 981 1881 1021 a.
1915 967 2060 1035 769.)
2098 1010 2109 1021 .
2155 1008 2167 1020 .
2240 970 2302 1021 Et
2329 966 2467 1021 inde
2507 970 2619 1033 (I2)
2653 964 2909 1037 sumpsit
2938 1007 2974 1019 ..

1325 1053 1623 1125 simulque
1648 1056 1920 1110 Launum
1986 1056 2333 1127 episcopum
2388 1056 2660 1126 ejusdem
2709 1055 2973 1119 civitatis,

1324 1142 1428 1214 qui
1487 1142 1679 1198 fuerat
1729 1144 2074 1215 capallanus
2122 1145 2328 1199 domui
2374 1144 2557 1216 Pipini
2591 1144 2744 1209 regis
2794 1144 2976 1214 patris

1328 1230 1443 1300 sui,
1471 1247 1653 1303 quem
1692 1232 1816 1305 ipse
1845 1249 1946 1287 rex
1976 1233 2211 1304 I’ipiuus
2257 1234 2607 1305 episcopum
2658 1232 2873 1286 fecerat
2903 1232 2976 1285 de

1326 1320 1458 1393 ipsa
1490 1320 1788 1377 civitate...

1517 1451 1530 1465 .
1570 1410 1739 1465 rediit
1768 1411 1845 1466 ad
1874 1411 2229 1479 Egolisman,
2266 1412 2366 1466 ubi
2396 1412 2735 1483 postulante
2771 1415 2975 1466 Lauuo

1326 1498 1607 1570 episcopo
1636 1498 1771 1554 fecit
1798 1499 1856 1555 in
1879 1502 2242 1555 monasterio
2273 1502 2459 1557 sancti
2486 1501 2750 1574 Eparchii
2779 1505 2979 1555 aucto-

1323 1586 1551 1642 ritatem
1584 1590 1861 1660 praecepti
1889 1590 1962 1644 de
1996 1591 2159 1645 terris
2186 1608 2319 1662 qlltP
2351 1592 2427 1645 ibi
2462 1592 2586 1646 sine
2606 1590 2976 1645 contentione

1327 1680 1512 1744 erant,
1543 1676 1605 1731 id
1633 1682 1720 1732 est
1751 1694 1930 1749 super
1968 1680 2219 1734 ﬂuvium
2244 1681 2552 1735 Tolveram
2603 1684 2974 1745 Magnacum,

1326 1764 1705 1835 Vivenacum,
1764 1770 2121 1835 Vasnacum,
2190 1770 2619 1831 Monteriorem,
2678 1769 2974 1831 Visacum,

1326 1853 1653 1923 Roliacum,
1682 1872 1860 1928 super
1890 1856 2138 1912 ﬂuvium
2168 1862 2403 1913 Notram
2438 1858 2849 1913 Baudidanem
2880 1858 2976 1911 vil-

1326 1940 1469 2010 lam,
1511 1942 1797 2010 Camilon,
1862 1946 2230 2011 Cauuacum,
2293 1946 2612 2013 Ulciacum,
2676 1946 2979 2000 Roliacum

1325 2030 1638 2095 minorem,
1700 2034 2054 2099 Tortiacum,
2114 2038 2307 2099 Sertis,
2351 2038 2745 2103 Tomolatum,
2802 2051 2982 2105 super

1326 2119 1577 2175 ﬂuvium
1636 2124 1996 2178 Ilornoniam
2082 2126 2557 2192 Moutemvillam,
2649 2125 2979 2192 Itaciacum,

1326 2208 1619 2274 'I‘riacum,
1655 2211 1968 2266 Marlevam
1998 2215 2065 2266 ³¹.
2120 2214 2289 2277 Quod
2340 2220 2686 2285 prcceptum
2730 2214 2982 2267 Bartolo-

1328 2312 1499 2352 meus
1529 2298 1917 2353 caucellarius
1957 2301 2085 2369 ejus
2129 2303 2380 2373 scripsit,
2435 2308 2487 2355 et
2544 2302 2665 2372 ipse
2726 2302 2983 2355 domnus

1330 2401 1432 2439 rex
1464 2402 1650 2440 manu
1682 2403 1788 2442 sua
1813 2388 2070 2443 firmavit
2099 2394 2155 2443 et
2184 2389 2254 2441 de
2287 2390 2510 2444 annulo
2554 2408 2660 2443 suo
2688 2390 2979 2445 siailIavit.

1331 2477 1465 2529 Erat
1490 2491 1560 2529 eo
1592 2480 1854 2546 temporc
1884 2478 1941 2531 in
1975 2478 2104 2548 ipso
2155 2480 2511 2533 monasterio
2563 2480 2746 2532 sancti
2806 2482 2982 2550 ripar-

1330 2562 1446 2617 chii
1475 2563 1837 2617 canonicalis
1866 2565 2126 2620 habitus.
2166 2567 2301 2620 Inde
2334 2567 2623 2633 gloriosus
2655 2584 2753 2621 rex
2806 2572 2982 2621 (Iaro-

1330 2650 1423 2705 lus
1453 2667 1729 2705 reversus
1756 2658 1839 2706 est
1865 2653 1922 2707 in
1959 2655 2285 2709 Franciam.

1399 2743 1451 2795 8.
1483 2740 1665 2805 (Ann.
1717 2743 1897 2796 Laur.
1954 2758 2011 2797 a.
2072 2748 2197 2811 787)
2242 2786 2252 2797 .
2302 2787 2313 2799 .
2361 2787 2371 2798 .
2420 2789 2431 2799 .
2478 2748 2539 2799 Et
2568 2762 2843 2800 reversus
2896 2752 2984 2801 est

1325 2828 1629 2901 piissimus
1655 2846 1756 2884 rex
1794 2832 2037 2885 Karolus
2062 2838 2116 2886 et
2148 2833 2484 2889 czelebravit
2517 2838 2713 2889 Romae
2756 2837 2984 2907 pascha

1325 2933 1461 2971 cum
1518 2916 1745 2972 domno
1800 2920 2146 2991 apostolico.
2208 2925 2349 2975 Ecce
2400 2928 2528 2977 orta
2567 2930 2654 2978 est
2686 2925 2983 2979 contentio

1324 3022 1431 3078 per
1462 3005 1588 3059 dies
1620 3006 1799 3061 festos
1830 3010 2071 3079 paschae
2104 3010 2252 3063 inter
2284 3016 2553 3065 cantores
2580 3016 2983 3068 Romanorum

1326 3098 1383 3148 et
1407 3094 1710 3149 Gallorum
1741 3100 1874 3161 (t3).
1913 3097 2195 3151 [licebant
2226 3116 2285 3152 se
2313 3100 2456 3153 Galli
2485 3101 2696 3155 melius
2746 3108 2983 3157 cantare

1328 3185 1385 3237 et
1414 3181 1719 3253 pulchrius
1749 3200 1933 3255 quam
1966 3187 2235 3242 Romani.
2288 3188 2571 3243 Dicebant
2627 3208 2687 3244 sc
2737 3192 2983 3245 Romani

1330 3270 1671 3325 doctissime
1702 3272 2026 3329 cantilenas
2059 3275 2501 3331 zecclesiasticas
2530 3278 2809 3349 proferre,
2839 3281 2986 3334 sicut

1331 3357 1492 3413 docti
1517 3358 1752 3414 fuerant
1781 3377 1816 3415 a
1847 3367 2054 3417 sancto
2086 3365 2363 3429 Gregorio
2392 3382 2549 3436 papa
2580 3371 2623 3429 (1
2646 3368 2693 3433 1)
2724 3386 2735 3429 ;
2792 3368 2985 3422 Gallos

1332 3452 1608 3519 corrupte
1638 3454 1898 3517 cantare,
1933 3455 1988 3505 et
2019 3452 2378 3507 cantilenam
2424 3453 2783 3509 destruendo
2842 3456 2986 3511 dila-

1332 3552 1551 3590 cerare.
1586 3537 1727 3601 Quae
1755 3540 2050 3593 contentio
2084 3545 2219 3595 ante
2250 3540 2543 3597 domuum
2576 3560 2777 3609 regem
2806 3549 2985 3601 Karo-

1330 3624 1456 3679 lum
1488 3626 1772 3696 pervenit.
1809 3627 1952 3682 Galli
1987 3645 2126 3682 vero
2152 3635 2395 3700 propter
2422 3632 2792 3687 securitatem
2820 3634 2987 3689 dom-

1330 3712 1391 3767 ni
1417 3714 1571 3781 regis
1601 3714 1793 3769 Karoli
1826 3716 1995 3771 valde
2026 3718 2472 3789 exprobrabant
2504 3721 2847 3774 cantoribus
2879 3724 2985 3774 Ro-

1328 3802 1544 3857 manis.
1579 3805 1831 3859 Romaui
1861 3822 1998 3860 vero
2030 3812 2272 3878 propter
2306 3809 2715 3863 auctoritatem
2748 3827 2983 3879 magum

1328 3890 1609 3945 doctrina:
1640 3908 1744 3947 eos
1770 3893 1979 3949 stultos
2006 3901 2061 3949 et
2090 3897 2342 3951 rusticos
2391 3903 2447 3952 et
2493 3898 2762 3953 indoctos
2807 3900 2983 3955 velud

1328 3978 1504 4033 bruta
1534 3980 1817 4036 animalia
1850 3982 2274 4052 adﬁrmabant,
2332 3990 2388 4039 et
2413 3985 2747 4042 doctrinam
2796 3989 2984 4043 sancti

1330 4066 1590 4134 Gregorii
1619 4067 2020 4139 praeferebant
2039 4071 2359 4127 rusticitate
2382 4089 2609 4129 eorum.
2646 4078 2709 4129 Et
2734 4093 2871 4131 cum
2904 4077 2983 4132 al-

1331 4154 1574 4209 tercatio
1629 4156 1704 4210 de
1761 4162 2011 4229 utraque
2044 4160 2089 4192 ³²
2125 4164 2291 4230 parte
2339 4160 2547 4228 ﬁniret,
2604 4162 2684 4219 ait
2720 4164 2983 4221 domnus

1329 4241 1642 4313 piissimus
1678 4259 1780 4298 rex
1834 4246 2081 4301 Karolus
2134 4248 2211 4302 ad
2263 4265 2404 4303 suos
2454 4256 2725 4306 cantores
2755 4270 2766 4306 :
2797 4255 2987 4309 Dicite

1324 4332 1556 4399 palam,
1586 4334 1717 4403 quis
1734 4335 1949 4401 purior
1978 4341 2133 4392 estet
2156 4339 2286 4406 quis
2316 4340 2545 4408 melior,
2574 4347 2677 4395 aut
2731 4344 2870 4411 fons
2914 4346 2987 4398 vi-

1330 4436 1437 4476 vus
1467 4428 1573 4476 aut
1600 4424 1789 4477 rivali
1812 4426 1941 4493 ejus
1970 4426 2141 4496 longe
2164 4427 2543 4484 decurrentes
2569 4436 2596 4484 ?
2652 4433 2986 4503 Responde-

1327 4515 1468 4565 runt
1495 4526 1705 4567 omnes
1738 4529 1858 4569 una
1887 4530 2028 4569 voce
2060 4514 2284 4572 fontem
2316 4517 2487 4573 velud
2514 4520 2713 4591 capud
2763 4526 2819 4576 et
2866 4522 2983 4577 ori-

3082 606 3319 673 longius
3366 624 3402 664 a
3452 609 3611 665 fonte
3664 609 4029 675 recesserint,
4083 613 4248 665 tanto
4288 606 4684 663 turbulentos
4710 612 4761 661 ct

3084 696 3358 751 sordibus
3386 715 3454 753 ac
3485 699 3887 755 immundiciis
3917 703 4250 771 corruptos.
4280 700 4352 753 Et
4380 697 4470 751 ait
4500 696 4759 750 domnus

3083 801 3183 839 rex
3218 787 3464 842 Karolus
3498 806 3510 843 :
3543 790 3937 844 Reoertimini
3993 804 4093 844 vos
4146 789 4229 844 ad
4274 790 4521 857 fontem
4573 788 4762 841 sancti

3087 875 3378 944 Gregorii,
3437 878 3579 947 quia
3627 879 3942 947 mani/este
3993 876 4351 946 corrupistis
4383 875 4757 931 cantilenam

3086 966 3580 1020 arcclesiasticam.
3635 968 3759 1021 Mox
3817 965 3984 1038 petiit
4034 965 4302 1020 domnus
4352 980 4464 1019 rex
4509 962 4757 1018 Karolus

3085 1052 3162 1106 ab
3192 1053 3449 1109 Adriano
3481 1072 3638 1127 papa
3669 1061 3962 1124 cantores,
4014 1056 4116 1128 qui
4152 1055 4470 1111 Franciam
4506 1054 4760 1119 corrige-

3085 1147 3213 1197 rcnt
3251 1143 3324 1197 de
3352 1149 3549 1199 cantu.
3584 1144 3771 1199 Atille
3798 1145 3964 1199 dedit
3991 1146 4043 1199 ei
4067 1145 4457 1201 Theodorum
4494 1148 4558 1199 et
4593 1146 4762 1198 Bene-

3084 1231 3310 1286 dictum
3370 1236 3566 1287 Romie
3613 1234 3892 1288 mcelesiie
3970 1234 4349 1289 doctissimos
4429 1239 4761 1297 cantores,

3085 1319 3185 1389 qui
3218 1336 3252 1373 a
3278 1326 3484 1375 sancto
3517 1323 3796 1389 Gregorio
3839 1323 4050 1378 eruditi
4108 1321 4370 1388 fuerant,
4432 1321 4762 1392 tribuitque

3086 1407 3536 1479 autiphonarios
3568 1411 3751 1464 sancti
3787 1410 4068 1481 Gregorii,
4095 1426 4250 1483 quos
4282 1411 4411 1484 ipse
4439 1415 4761 1466 notaverat

3086 1502 3226 1551 uota
3258 1499 3543 1554 Romana.
3581 1501 3846 1553 Domnus
3890 1515 4032 1554 vero
4078 1516 4181 1554 rex
4234 1499 4519 1568 Karolus,
4577 1514 4766 1553 rever

3088 1590 3213 1640 tens
3244 1587 3301 1641 in
3332 1588 3658 1655 Franciam,
3720 1589 3882 1644 misit
3928 1605 4119 1645 unum
4159 1594 4476 1645 cautorem
4510 1590 4575 1644 in
4610 1589 4764 1645 Metis

3087 1676 3336 1739 civitate,
3362 1677 3612 1732 alterum
3634 1678 3693 1733 iu
3714 1679 4051 1734 Suessionis
4079 1678 4310 1734 civitate
4338 1678 4763 1751 ;przecipiens,

3087 1762 3160 1818 de
3187 1765 3470 1819 omnibus
3502 1766 3836 1821 civitatibus
3892 1768 4149 1822 Francius
4209 1768 4545 1837 magistros
4592 1767 4764 1821 scolae

3014 1869 3054 1921 Β
3088 1854 3535 1925 antiphonarios
3565 1856 3648 1910 eis
3674 1855 3751 1911 ad
3778 1856 4200 1923 corrigendum
4254 1857 4520 1921 tradere,
4579 1861 4641 1911 et
4690 1856 4761 1911 ab

3089 1944 3171 1997 eis
3202 1943 3425 1998 discere
3453 1951 3711 2000 cantare.
3742 1946 3992 2000 Correcti
4022 1951 4159 2001 sunt
4202 1961 4346 2015 ergo
4398 1946 4766 2019 antipboua-

3091 2033 3157 2086 rii
3214 2037 3592 2101 Francorum,
3651 2052 3805 2107 quos
3864 2035 4282 2108 unusquisque
4342 2052 4462 2109 pro
4520 2035 4767 2091 arbitrio

3092 2139 3199 2174 suo
3234 2123 3548 2178 viciaverat
3578 2123 3669 2177 vel
3696 2122 3927 2178 addens
3956 2123 4049 2179 vel
4080 2124 4398 2191 minuens;
4461 2130 4523 2180 et
4552 2140 4766 2180 omnes

3082 2212 3347 2265 Franciie
3402 2219 3674 2267 cantores
3729 2212 4065 2268 didicerunt
4117 2217 4324 2268 notam
4391 2216 4765 2273 Romanam.

3092 2317 3273 2371 quam
3331 2317 3489 2355 nunc
3530 2306 3746 2356 vocant
3801 2307 4006 2357 notam
4059 2303 4463 2363 Frauciscam,
4518 2308 4769 2374 excepto

3092 2390 3255 2460 quod
3287 2390 3564 2444 tremulas
3596 2390 3685 2445 vel
3720 2391 4036 2447 vinnnolas
4090 2393 4203 2463 (I5)
4258 2391 4383 2446 sive
4417 2391 4769 2447 collisibiles

3092 2479 3182 2531 vel
3216 2479 3497 2533 secahiles
3529 2497 3701 2534 vo«-.es
3732 2481 3788 2534 in
3823 2486 4001 2535 cantu
4035 2497 4155 2535 non
4198 2486 4484 2552 poterant
4510 2480 4768 2554 perfecte

3092 2568 3418 2637 exprimere
3481 2568 3704 2631 Franci,
3768 2568 4020 2623 naturali
4052 2586 4196 2624 voce
4238 2568 4574 2625 barbarica
4616 2569 4769 2624 fran-

3095 2662 3295 2717 gentes
3328 2656 3381 2709 in
3413 2662 3645 2725 gutture
3676 2674 3851 2711 voces
3883 2657 4094 2730 pocius
4122 2674 4311 2730 quam
4330 2658 4766 2730 exprimentes.

3095 2745 3275 2813 Majas
3301 2752 3499 2799 autem
3532 2746 3939 2815 magisterium
3967 2746 4253 2801 cantandi
4305 2746 4370 2801 in
4422 2747 4598 2803 Metis
4641 2748 4772 2802 civi-

3095 2837 3206 2886 tate
3238 2833 3557 2888 remansit:
3616 2840 4033 2905 quautumque
4092 2833 4517 2903 magisterium
4564 2838 4773 2890 Roma-

3093 2938 3239 2975 num
3294 2928 3535 2993 superat
3591 2925 3842 2978 Metcuse
3892 2923 3951 2977 in
4000 2928 4124 2978 arte
4191 2923 4547 2991 cantilenae,
4615 2930 4770 2980 tanto

3096 3014 3337 3081 superat
3388 3011 3650 3065 Metensis
3706 3011 4003 3067 cantilena
4057 3016 4282 3066 ceteras
4339 3011 4552 3067 scolas
4588 3011 4769 3066 Gallo-

3094 3115 3247 3152 rum.
3285 3099 3554 3154 Similiter
3580 3100 3925 3155 erudierunt
3956 3100 4205 3156 Romani
4233 3106 4521 3156 cantores
4569 3117 4769 3173 supra-

3048 3187 3233 3267 ;dicti
3263 3194 3535 3243 cantores
3599 3192 3957 3243 Francorum
4014 3189 4072 3244 in
4120 3195 4243 3245 arte
4287 3191 4672 3259 organandi.
4716 3193 4769 3243 Et

3093 3276 3355 3330 domnus
3384 3292 3484 3331 rex
3518 3277 3765 3332 Karolus
3794 3278 4007 3333 iterum
4058 3295 4095 3334 a
4124 3281 4313 3333 Roma
4372 3280 4529 3333 artis
4586 3292 4769 3349 gram-

3094 3367 3323 3419 matica)
3372 3371 3427 3420 et
3482 3367 3929 3438 computatorize
3985 3368 4305 3433 magistros
4339 3369 4391 3402 ³³
4425 3385 4649 3423 secum
4682 3369 4768 3423 ad-

3093 3452 3343 3507 duxitin
3375 3454 3702 3519 Franciam,
3737 3459 3793 3509 et
3834 3455 4056 3527 ubique
4102 3455 4369 3511 studium
4436 3456 4764 3511 litterarum

3094 3543 3430 3614 expandere
3484 3544 3677 3614 jussit.
3740 3550 3885 3600 Ante
3938 3546 4136 3617 ipsum
4220 3547 4383 3601 enim
4470 3547 4765 3603 domuum

3093 3649 3292 3699 regem
3354 3633 3654 3701 Karolum,
3712 3634 3770 3688 in
3829 3633 4014 3689 Gallia
4068 3635 4302 3690 nullum
4338 3636 4633 3691 studium
4677 3636 4767 3690 fuit

3093 3721 3426 3776 liberalium
3457 3722 3692 3778 artium.
3728 3726 3831 3777 Per
3879 3723 4043 3795 ipsos
4103 3723 4231 3779 dies
4286 3726 4552 3797 paschae
4611 3742 4771 3780 vene-

3094 3815 3230 3865 runt
3261 3814 3512 3866 Romam
3542 3811 3619 3865 ad
3646 3812 3940 3867 domuum
3972 3814 4312 3885 piissimum
4347 3830 4573 3881 regem
4602 3818 4770 3870 Raro-

3094 3900 3216 3954 lum
3269 3901 3436 3955 missi
3489 3900 3806 3955 Tassilonis
3880 3901 4165 3957 ducis.....
4237 3903 4574 3960 Franciam
4643 3922 4768 3959 cum

3094 3988 3280 4053 gloria
3331 4005 3603 4042 reversus
3662 3994 3768 4059 est,
3824 3989 4132 4045 adducens
4204 4007 4418 4046 secum
4498 4001 4771 4048 cantores

3096 4080 3497 4132 Romanorum
3545 4082 3599 4132 et
3640 4078 4069 4144 grammaticos
4127 4079 4550 4152 peritissimos
4582 4087 4643 4137 et
4673 4080 4773 4135 cal-

3096 4166 3456 4221 culatores...

3165 4260 3215 4309 9.
3259 4257 3442 4319 (Ann.
3502 4257 3685 4310 Laur.
3738 4271 3794 4311 a.
3853 4264 4002 4327 788.)
4045 4298 4057 4310 .
4105 4299 4118 4312 .
4164 4298 4177 4311 .
4251 4256 4555 4313 Similiter
4631 4259 4776 4314 ﬁlius

3094 4346 3221 4413 ejus
3251 4346 3363 4415 (I6)
3413 4345 3933 4414 Teudojudicatus
3959 4350 4067 4409 est,
4125 4350 4181 4400 et
4232 4348 4543 4402 monachi
4605 4349 4777 4403 ambo

3094 4434 3227 4489 tacti
3257 4438 3394 4489 sunt
3422 4434 3483 4489 in
3514 4434 3642 4489 Olto
3668 4434 3781 4503 (I7)
3811 4435 4197 4502 monasterio,
4241 4435 4351 4490 ubi
4385 4444 4657 4493 sanctus
4692 4442 4777 4492 Bo-

3090 4522 3357 4578 uefacius
3384 4523 3810 4595 requiescit.....

2706 4647 2934 4702 VARI/f3
2974 4648 3372 4705 LECTIONES.

1398 4733 1441 4765 ³¹
1472 4734 1561 4813 ita
1591 4738 1725 4813 2..et
1750 4734 1914 4813 Pith.
1935 4748 1957 4805 ,'
1986 4737 2046 4790 in
2082 4742 2105 4813 I_
2140 4739 2277 4813 aliis
2304 4742 2489 4813 erasis
2521 4744 2837 4798 recentiori
2857 4760 3037 4799 manu
3068 4747 3354 4813 scriptum
3386 4752 3468 4800 est
3503 4760 3526 4801 .'
3549 4747 3613 4801 Μ.
3649 4751 3705 4800 et
3732 4746 3977 4801 ltaciaco
4031 4762 4169 4800 cum
4226 4745 4358 4799 suis
4417 4747 4771 4805 attinentiis.

1324 4803 1484 4873 quod
1507 4805 1877 4861 Duchesnius
1907 4803 2147 4876 recepit.
2226 4812 2274 4843 3’
2301 4812 2385 4867 sic
2411 4828 2525 4881 pro
2556 4818 2766 4869 neutra
2800 4819 2848 4869 1.

2926 4817 2973 4849 ³³
3004 4816 3280 4871 maistros
3314 4821 3361 4871 1.

2924 4912 3143 4967 NOTAE.

1396 5001 1443 5063 (1
1456 5001 1508 5055 '2)
1550 4997 1868 5063 Egolisma.

1397 5068 1447 5147 (1
1456 5067 1518 5147 ξ)Δ
1549 5067 1633 5147 Cf.
1657 5070 2011 5147 Monachum
2044 5073 2513 5147 SAangallensem,
2542 5081 2581 5142 I,
2602 5083 2685 5147 10,
2711 5081 2859 5135 Mon.
2880 5082 2976 5135 SS.

1327 5141 1392 5207 ll,
1420 5143 1632 5215 73.3,‘et
1656 5141 1991 5215 Capitulare
2015 5143 2092 5197 ad
2118 5144 2452 5201 Theodonis
2480 5141 2685 5203 villam
2744 5166 2797 5205 a.
2854 5156 2979 5215 805,

1266 5278 1273 5285 ο
1326 5213 1532 5291 σειρᾷ,
1555 5212 1785 5291 beggd.
1819 5216 1908 5291 I3_I
1939 5214 2348 5291 (Ifgtrologiie,
2376 5222 2517 5291 tom.
2544 5222 2653 5275 CIV
2676 5226 2733 5275 et
2756 5212 2976 5291 XCVII).

1447 5225 1532 5275 .2,
1556 5225 1785 5279 Legg.l.
1819 5225 1908 5267 131
1939 5225 2348 5285 (Patrotogia’,
2376 5225 2517 5274 tom.
2544 5225 2653 5275 CIV
2676 5226 2733 5275 et
2756 5225 2976 5291 XCVII).

1397 5225 1511 5363 θῇ
1551 5280 1631 5337 Cf.
1666 5284 1929 5363 '{oannis
1984 5285 2117 5363 Vita
2163 5289 2432 5363 Gregorii
2478 5294 2542 5363 II,
2598 5296 2651 5359 6,
2692 5292 2794 5363 qui
2830 5296 2895 5360 II,
2924 5299 2979 5362 7,

1324 5354 1586 5423 pergit;
1652 5354 1853 5422 Hujus
1908 5356 2335 5413 modulationis
2391 5354 2761 5418 dulcedinem
2826 5354 2985 5419 inter

1324 5422 1481 5493 alias
1528 5422 1789 5491 Europae
1836 5431 2033 5493 gentes
2094 5428 2381 5485 Germani
2418 5448 2519 5487 seu
2564 5435 2731 5488 Galli
2757 5435 2984 5490 discere

1326 5492 1649 5578 crebroque
1689 5492 2003 5578 rediscere_
2037 5499 2746 5578 insigniterpotuerunt,
2782 5507 2982 5559 incor-

1326 5568 1573 5630 ruptum
1626 5579 1764 5619 vero
1805 5571 1926 5619 tam
1982 5566 2216 5626 levitate
2272 5566 2479 5640 animi,
2511 5576 2653 5644 quia
2686 5566 2982 5631 nonnulla

1327 5632 1402 5686 de
1479 5636 2176 5715 prqprioGregorianis
2242 5644 2515 5697 cantibus
2580 5648 2979 5715 miscuerunt,

1331 5715 1511 5772 quam
1562 5704 1804 5770 feritate
1862 5721 2089 5774 quoque
2144 5715 2419 5768 naturali
2461 5731 2701 5770 servare
2745 5704 2985 5773 minime

1324 5778 1675 5852 potuerunt.
1705 5775 1940 5852 Alpina
1959 5777 2245 5852 siquidem
2275 5797 2547 5852 corpora,
2594 5802 2801 5843 vocum
2851 5804 2985 5844 sua-

1333 5856 1471 5896 rum
1524 5843 1804 5898 tonitruis
1854 5843 2106 5902 altisone
2154 5843 2591 5922 perstrépentia
2621 5898 2639 5927 ,
2702 5843 2984 5929 suscepta:

3089 5010 3513 5064 modulationis
3544 5008 3916 5064 dulcedinem
3962 5010 4209 5078 proprie
4260 5025 4389 5064 non
4445 5014 4768 5067 mmltant.

3088 5082 3227 5150 quia
3270 5080 3458 5134 bibuli
3499 5081 3760 5151 gutturis
3803 5079 4063 5151 barbara
4104 5081 4352 5149 feritas,
4407 5082 4569 5139 dum
4628 5088 4769 5150 ἐπηρ-

3088 5151 3363 5205 .rionibus
3412 5157 3465 5206 et
3520 5150 4061 5218 rqiercussionibus
4104 5153 4307 5207 mitem
4343 5154 4591 5209 nititur
4620 5156 4767 5210 (λάμπε

3090 5224 3474 5286 cantilenam,
3508 5222 3783 5295 naturali
3805 5222 4063 5295 quodam
4089 5223 4372 5292 fragore,
4399 5228 4597 5295 quasi
4614 5230 4767 5295 plnu-

3089 5299 3217 5347 stra
3258 5308 3369 5361 per
3412 5294 3643 5362 gradus
3669 5294 3935 5364 icon/use
3975 5296 4283 5362 sonantia,
4332 5294 4591 5364 rigidas
4616 5294 4765 5351 fures

3080 5365 3302 5433 jactat,
3330 5364 3528 5433 sicque
3557 5363 3930 5436 audientium
3982 5365 4257 5436 animos,
4295 5363 4461 5436 quo:
4525 5371 4767 5423 mulier!

3091 5436 3397 5503 debuerat,
3430 5435 3843 5503 exasperanda
3871 5437 4062 5504 magis
4091 5450 4165 5490 ac
4202 5435 4631 5507 obstrependo
4656 5454 4767 5493 mn-

3093 5507 3317 5560 turbat.

3163 5578 3181 5654 (_
3191 5578 3271 5654 111)
3326 5576 3646 5654 Vinnolata
3678 5581 3901 5654 nonest
3934 5576 4088 5654 lenis
4123 5583 4177 5630 et
4223 5580 4448 5654 mollis
4480 5589 4669 5654 atque
4692 5584 4768 5645 ﬂ»

3090 5647 3312 5709 xibilis,
3343 5653 3395 5701 et
3428 5647 3932 5718 vinnolatadicla
3964 5663 3999 5700 a
4030 5648 4237 5718 vinno,
4290 5650 4417 5705 hoc
4453 5662 4545 5709 est
4569 5647 4764 5709 cinna-

3092 5718 3661 5794 no‘moltiterﬂea‘o,
3696 5716 3899 5775 Isidor.
3928 5717 4085 5794 Orig.
4119 5716 4225 5793 III,
4250 5724 4347 5781 19.

3192 5793 3275 5851 16)
3317 5787 3651 5843 Tassilonis.

3192 5793 3275 5851 16)
3317 5788 3651 5843 Tassilonis.

3162 5788 3272 5930 in)
3314 5858 3378 5916 ld
3403 5864 3491 5915 est
3522 5856 3724 5921 Fulda.
