4944 6482
619 295 690 348 29
1673 302 2143 360 HISTORIARUM
2185 306 2360 360 LIBRI
2400 306 2593 361 TRES.
2629 338 2697 346 —
2724 309 2850 362 LIB.
2883 311 2970 363 lll.
3973 319 4045 371 30

694 457 709 469 .
747 458 760 471 .
797 416 981 487 (Ann.
1011 421 1194 475 Laur.
1221 437 1276 476 α.
1305 425 1452 490 808.)
1489 466 1500 478 .
1539 468 1550 479 .
1589 467 1600 479 .

621 520 798 575 num,
830 505 894 561 id
921 513 1011 564 est
1038 509 1111 564 de
1135 510 1390 568 lrlandia
1420 513 1615 568 insula
1641 516 1818 584 (18)...

693 636 706 647 .
741 637 754 648 .
790 594 978 664 (Ann.
1012 599 1198 653 Laur.
1229 614 1286 654 a.
1321 603 1468 658 809.)
1502 645 1512 656 .
1548 645 1558 656 .
1599 647 1610 658 .
1667 604 1912 659 Areolus
1954 621 2155 660 comes
2208 606 2281 660 de

617 697 843 752 genere
916 685 1117 741 Felicis
1187 689 1423 744 Aureoli
1485 692 1978 761 Petragoricensis
2052 694 2282 748 comitis

616 777 967 829 exortus...

693 904 708 918 .
748 905 760 917 .
796 864 982 933 (Ann.
1008 867 1192 922 Laur.
1224 882 1279 922 a.
1315 870 1458 939 814.)
1495 913 1506 923 .
1546 912 1557 923 .
1596 913 1608 925 .
1644 871 1960 928 Karolus...
2018 873 2281 945 sepultus

613 951 810 1023 Aquis
839 952 895 1007 in
929 953 1176 1009 basihca
1207 955 1306 1010 Dei
1359 957 1676 1026 genitricis,
1729 977 1917 1032 quam
1966 961 2094 1033 ipse
2144 978 2281 1016 con-
2317 1006 2321 1010 .

614 1044 938 1097 struxerat.
979 1045 1205 1114 Corpus
1237 1045 1366 1115 ejus
1394 1049 1862 1116 aromatizatum,
1920 1054 1975 1105 et
2020 1050 2080 1104 in
2138 1051 2276 1105 sede

614 1145 810 1185 aurea
841 1130 1058 1186 sedens
1087 1133 1317 1205 positus
1350 1136 1396 1169 ³⁸
1455 1141 1542 1191 est
1599 1136 1659 1191 in
1705 1144 2023 1194 curvatura
2077 1140 2274 1211 sepul-

612 1218 770 1288 chri,
805 1234 946 1275 ense
975 1237 1158 1276 aureo
1228 1223 1548 1291 accinctus,
1599 1226 1976 1295 evangelium
2025 1245 2276 1284 aureum

611 1309 832 1361 tenens
859 1307 917 1362 in
952 1308 1234 1364 manibus
1264 1315 1320 1365 et
1351 1312 1622 1381 genibus,
1683 1314 1978 1370 reclinatis
2011 1316 2275 1371 humeris

609 1393 675 1448 in
706 1395 1012 1463 cathedra,
1045 1403 1101 1452 et
1122 1398 1312 1470 capite
1339 1400 1583 1456 honeste
1616 1407 1829 1471 erecto,
1859 1402 2040 1471 ligato
2094 1421 2276 1460 aurea

608 1483 877 1539 cathena
907 1485 986 1540 ad
1011 1485 1310 1542 diadema.
1343 1491 1406 1542 Et
1427 1488 1483 1543 in
1509 1489 1848 1546 diademate
1879 1491 2108 1559 lignum
2141 1511 2272 1549 cru-

607 1570 703 1626 cis
736 1572 1001 1642 positum
1033 1578 1138 1630 est.
1175 1577 1241 1629 Et
1294 1575 1670 1648 repleverunt
1710 1579 2093 1652 sepulchrum
2147 1582 2277 1652 ejus

1664 441 1768 481 rex
1818 427 2276 483 Nordanimbro-
2310 433 2352 483 A
2387 429 2784 499 aromatibus,
2825 431 3170 504 pigmentis,
3226 432 3501 488 balsamo
3552 437 3609 489 et
3653 449 3863 491 musco
3890 438 3938 470 ³⁵
3989 442 4047 494 et

2392 518 2681 573 thesauris
2712 520 2782 574 1‘.
2818 522 3102 576 Vestitum
3132 527 3219 578 est
3245 538 3462 594 corpus
3491 524 3620 594 ejus
3676 525 4040 582 indumentis

2390 606 2821 678 imperialibus,
2858 614 2913 663 et
2943 609 3185 665 sudario
3216 611 3328 666 sub
3350 611 3687 668 diademate
3717 613 3894 669 facies
3915 617 4043 685 ejus

2391 700 2595 767 operta
2625 701 2716 751 est
2744 699 2819 752 '2'.
2849 700 3156 770 Sceptrum
3185 716 3433 755 aureum
3461 705 3516 756 et
3539 702 3592 756 3‘
3622 707 3857 758 scutum
3877 719 4043 759 aure-

2392 785 2710 856 um,'quod
2740 788 2851 840 Leo
2883 803 3043 858 papa
3073 795 3539 856 consecraverat,
3571 795 3705 845 ante
3749 807 3885 847 eum
3941 809 4042 865 po-

2392 873 2500 928 sita
2529 875 2605 941 4',
2639 878 2695 928 et
2724 876 2777 929 5'
2810 875 3130 945 sigillatum
3157 883 3244 932 est
3265 878 3647 950 sepulchrum
3669 881 3799 949 ejus
3831 882 3898 935 3°.
3935 884 4042 936 Ne-

2391 978 2490 1016 mo
2518 962 2730 1017 referre
2762 969 2954 1035 potest
2983 970 3245 1036 quantus
3275 982 3384 1038 pro
3406 984 3476 1022 eo
3505 967 3698 1023 luctus
3728 968 3902 1024 fuerit
3938 986 4043 1042 per

2387 1050 2724 1105 universam
2757 1056 2971 1107 terram
2998 1071 3010 1119 ;
3045 1070 3186 1108 nam
3216 1059 3270 1109 et
3292 1071 3328 1110 a
3359 1056 3615 1127 paganis
3647 1057 4044 1128 plangebatur

2385 1139 2558 1210 quasi
2587 1144 2755 1212 pater
2785 1141 2944 1196 orbis
2972 1142 3208 1197 6'.Obiit
3237 1160 3374 1199 vero
3404 1145 3464 1199 in
3487 1161 3653 1218 pace.
3672 1151 3882 1201 unctus
3909 1147 4040 1203 oleo

2387 1232 2592 1283 sancto
2641 1233 2696 1283 et
2751 1228 2962 1284 viatico
3010 1231 3296 1298 munitus,
3338 1247 3500 1287 anno
3548 1233 4039 1302 octingentesimo

2385 1319 2597 1387 quarto
2626 1317 2859 1373 decimo
2887 1334 3045 1374 anno
3077 1319 3502 1376 incarnationis
3550 1321 3804 1392 Domini,
3837 1327 3893 1377 et
3949 1339 4034 1379 re-

2385 1405 2586 1475 gnavit
2615 1406 3129 1476 gloriosisissimus
3182 1409 3512 1465 Ludovicus
3542 1410 3699 1465 ﬁlius
3743 1412 3870 1481 ejus
3926 1427 4037 1484 pro

2383 1511 2474 1562 eo,
2508 1501 2793 1564 regnante
2819 1497 3066 1552 domino
3099 1503 3304 1553 nostro
3332 1502 3468 1553 Jesu
3499 1500 3749 1569 Christo,
3799 1501 3894 1556 cui
3950 1505 4036 1557 est

2388 1583 2575 1653 gloria
2599 1584 2660 1639 in
2684 1585 2904 1641 saecula
2933 1586 3289 1642 seculorum.
3323 1591 3529 1642 Amen.

1825 1727 2164 1814 LIBER
2249 1701 2826 1818 TERTIUS

691 1877 740 1926 1.
763 1871 944 1941 Igitur
960 1877 1282 1946 postquam
1301 1875 1833 1932 Christianissimus
1852 1878 2149 1946 gloriosus
2170 1879 2276 1934 im-
2309 1885 2348 1936 B

603 1965 857 2033 perator
883 1961 1128 2016 Carolus
1163 1968 1433 2018 mortuus
1464 1967 1940 2033 est,nunciatum
1964 1973 2053 2022 est
2085 1967 2272 2022 Ludo-

600 2049 747 2105 vico
777 2050 902 2104 tilio
925 2051 1054 2119 ejus
1079 2051 1136 2105 in
1168 2052 1505 2124 Aquitania,
1534 2061 1666 2124 etc,
1700 2061 1764 2109 ut
1794 2058 1954 2111 Ann.
1988 2059 2171 2112 Laur.

682 2144 736 2194 2.
771 2140 954 2210 (Ann.
990 2141 1175 2195 Laur.
1209 2157 1265 2196 α.
1301 2145 1449 2206 816.)
1485 2185 1496 2197 .
1536 2186 1546 2198 .
1581 2187 1592 2197 .
1631 2144 1732 2199 Ubi
1766 2145 1971 2200 habito
1999 2144 2268 2212 concilio,

601 2227 785 2283 idest
813 2228 1134 2283 indictione
1162 2229 1414 2296 decima,
1447 2248 1606 2287 anno
1654 2233 1886 2305 imperii
1941 2233 2032 2288 sui
2080 2234 2268 2302 tertio,

599 2318 690 2373 ab
721 2317 1133 2373 incarnatione
1165 2319 1398 2374 Domini
1429 2324 1552 2385 816,
1593 2322 1771 2392 jussit
1823 2322 1950 2377 ﬁeri
2001 2323 2270 2392 regulam

607 2406 927 2462 canonicis
953 2413 1291 2480 excci'ptam
1313 2409 1386 2463 de
1409 2410 1653 2464 diversis
1670 2414 1909 2466 Patrum
1942 2411 2268 2484 scripturis,

606 2495 1003 2567 decrevitque
1063 2512 1196 2550 eam
1245 2496 1685 2553 observandam
1740 2515 1775 2554 a
1829 2500 2151 2568 canonicis,
2207 2506 2272 2554 ut

600 2585 763 2640 sicut
787 2584 1072 2639 monachi
1093 2585 1414 2656 respiciunt
1436 2587 1512 2642 ad
1543 2587 1762 2642 librum
1811 2588 2030 2658 regulae
2083 2589 2266 2644 sancti

598 2673 931 2744 Benedicti,
962 2674 1042 2729 sic
1075 2675 1383 2745 perlegant
1412 2677 1682 2732 canonici
1727 2677 1878 2732 inter
1936 2695 1996 2733 se
2048 2678 2267 2732 librum

603 2763 747 2818 vitte
782 2762 1152 2817 clericorum.
1207 2765 1391 2828 Quem
1452 2764 1669 2819 librum
1697 2765 2025 2820 Amalcrius
2070 2765 2270 2821 diaco-

593 2869 720 2906 nus
750 2851 830 2906 ab
855 2851 1212 2922 imperatore
1230 2853 1435 2922 jussus
1453 2853 1685 2923 collegit
1703 2870 1775 2908 ex
1796 2855 2044 2908 diversis
2068 2855 2268 2910 docto-

590 2957 737 2995 rum
759 2939 1100 2994 sentenciis.
1124 2941 1288 2996 Dedit
1313 2942 1364 2995 ei
1381 2941 1702 3014 imperator
1722 2942 1959 3015 copiam
1979 2943 2266 2998 librorum

597 3030 678 3084 de
711 3028 938 3100 palatio
966 3045 1093 3095 suo,
1124 3034 1188 3084 ut
1213 3047 1285 3085 ex
1311 3029 1455 3101 ipsis
1489 3046 1559 3084 ea
1584 3047 1717 3102 quae
1749 3032 2088 3086 viderentur
2126 3049 2266 3087 con-

594 3135 762 3189 grua
795 3123 1153 3191 excerperet,
1196 3124 1252 3174 et
1276 3119 1354 3174 ita
1382 3136 1519 3174 eum
1569 3120 1819 3200 decretis
1849 3121 2267 3193 episcoporum

594 3209 713 3281 qui
741 3208 825 3263 ibi
858 3208 1096 3263 fuerunt
1116 3209 1236 3264 vita
1267 3208 1616 3264 clericorum
1662 3210 1943 3266 roborata
1972 3216 2077 3266 est.
2115 3212 2264 3266 Scri-
2295 3234 2334 3288 ρ

587 3297 723 3370 psit
751 3296 948 3351 eidem
990 3296 1335 3368 imperatori
1388 3297 1766 3369 supradictus
1819 3298 2149 3354 Amalerius
2192 3299 2260 3354 li-

586 3388 784 3442 brum
815 3385 888 3440 de
920 3383 1128 3440 ofﬁciis
1150 3385 1362 3440 divinis
1392 3391 1448 3440 et
1468 3385 1541 3440 de
1570 3387 1949 3442 varietatibus
1977 3404 2184 3442 eorum
2207 3393 2264 3444 et

582 3476 670 3531 de
701 3473 914 3529 ordine
953 3473 1323 3544 psalmorum
1349 3474 1520 3544 juxta
1545 3474 1894 3530 clericorum
1911 3491 2092 3531 usum
2109 3477 2262 3532 anti-

579 3581 723 3707 qu3.
763 3653 855 3722 (A.
890 3653 957 3705 L.
989 3667 1045 3706 a.
1079 3656 1230 3718 817.)
1276 3694 1287 3706 .
1336 3694 1347 3706 .
1393 3694 1405 3706 .
1450 3651 1732 3707 sinodum
1769 3652 1952 3724 Aquis
1979 3669 2145 3708 more
2171 3669 2261 3708 so-

577 3744 702 3799 lito
725 3739 955 3796 habuit.
988 3740 1094 3796 Ubi
1124 3740 1232 3810 (19)
1265 3741 1515 3797 abbates
1544 3741 1712 3811 regni
1756 3741 1848 3796 sui
1885 3742 2258 3809 convocavit,

577 3838 644 3887 et
693 3833 760 3884 ut
785 3829 1055 3899 regulam
1081 3828 1374 3884 Benedicti
1400 3829 1791 3884 observarent
1816 3830 2151 3884 ammonuit
2205 3834 2263 3884 et

576 3918 879 3976 abbatias
905 3934 1114 3973 omnes
1141 3918 1200 3972 in
1243 3935 1352 3973 sua
1376 3935 1562 3973 manu
1591 3918 1911 3988 revocavit,
1969 3923 2033 3974 ut
2080 3935 2258 3973 nemo

577 4009 895 4066 comitum
921 4008 1014 4062 vel
1040 4007 1463 4080 episcoporum
1493 4024 1598 4062 eas
1652 4007 1982 4079 inquietare
2038 4007 2261 4080 potuis-

574 4103 707 4168 set,
742 4102 799 4153 et
825 4097 1095 4165 abbates,
1126 4097 1276 4153 inter
1327 4113 1388 4153 se
1417 4097 1700 4170 quendam
1751 4097 2012 4170 capitula
2056 4097 2259 4153 decer-

571 4191 830 4253 nentes,
872 4185 1171 4257 descripta
1198 4186 1596 4242 recitaverunt
1627 4201 1832 4242 coram
1881 4186 2258 4258 imperatore,

568 4295 730 4353 quae
760 4276 892 4348 ipse
921 4291 1109 4331 manu
1157 4275 1404 4348 propria
1458 4276 1765 4332 roboravit
1795 4293 1933 4332 cum
1965 4277 2260 4350 episcopis

568 4367 702 4441 qui
723 4365 978 4421 aderant
1019 4407 1030 4418 .
1079 4406 1091 4419 .
1138 4406 1150 4418 .
1198 4406 1210 4418 .

2457 1885 2487 1936 4
2519 1883 2613 1952 (Α.
2644 1884 2709 1937 L.
2741 1899 2796 1939 a.
2833 1886 2981 1954 818.)
3024 1927 3035 1938 .
3090 1927 3101 1939 .
3148 1927 3160 1940 .
3204 1885 3409 1940 Paucis
3439 1885 3651 1941 diebus
3712 1890 3849 1958 post
3896 1903 4033 1958 pas-

2381 1970 2495 2025 cha
2520 1971 2769 2040 judicati
2809 1977 2945 2027 sunt
2993 1974 3400 2043 conjuratores
3424 1976 3469 2008 ³⁸
3519 1991 3655 2029 cum
3715 1990 3853 2043 rege
3903 1978 4033 2030 Ber-

2380 2059 2571 2114 nardo
2599 2059 2908 2132 capitalem
2963 2062 3320 2116 sententiam
3374 2062 3593 2118 subire.
3645 2067 3758 2118 Rex
3796 2066 4033 2118 Bernar-

2381 2147 2492 2202 dus
2525 2147 3086 2220 eumimpeteretur,
3140 2152 3204 2203 ut
3254 2149 3440 2204 oculis
3489 2150 3841 2222 privaretur,
3892 2167 4031 2206 ense

2381 2236 2578 2292 stricto
2610 2253 2669 2292 se
2701 2237 3048 2304 defendens,
3077 2238 3344 2309 quinque
3398 2241 3760 2294 Francorum
3795 2238 4031 2293 fortissi-

2379 2341 2511 2379 mos
2540 2325 2755 2381 occidit
2784 2331 2839 2381 et
2861 2326 2986 2397 ipse
3019 2325 3365 2380 vulneribus
3397 2327 3708 2382 confossus
3762 2331 4032 2382 mormus

2379 2419 2483 2469 est.
2517 2413 2623 2468 Alii
2653 2419 2852 2469 autem
2883 2414 3150 2470 exorbati
3183 2415 3419 2470 fuerunt
3460 2458 3471 2470 .
3520 2458 3531 2470 .
3577 2458 3589 2470 .
3635 2457 3648 2470 .

2450 2507 2500 2556 5.
2535 2504 2629 2572 (Α.
2663 2504 2730 2557 L.
2765 2505 2967 2572 (1819.)
3011 2545 3022 2556 .
3070 2545 3081 2556 .
3129 2545 3140 2556 .
3184 2503 3528 2574 Imperatori
3552 2503 3662 2574 ipsi
3684 2503 3944 2575 porrexit
3967 2502 4030 2557 li-

2376 2591 2554 2646 brum
2581 2590 2754 2645 valde
2785 2590 3120 2646 mirabilem
3148 2591 3222 2645 de
3254 2590 3550 2659 theologia
3581 2596 3801 2646 sanctae
3834 2591 4026 2646 crucis

2378 2679 2662 2735 Rabanus
2691 2679 3075 2749 Magnentius,
3108 2679 3444 2733 monachus
3471 2678 3870 2748 doctissimus,
3902 2695 4027 2734 ma-

2378 2768 2556 2838 gister
2583 2767 2832 2822 Alcuini.
2868 2767 3023 2822 Beda
3050 2768 3209 2822 enim
3264 2767 3468 2821 docuit
3526 2766 3915 2838 Simplicium,
3971 2773 4028 2823 et

2381 2856 2716 2928 Simplicius
2740 2855 3184 2927 Rabanum,qui
3215 2872 3251 2910 a
3278 2855 3690 2910 transmarinis
3707 2856 3825 2910 oris
3856 2872 3891 2910 a
3916 2857 4023 2911 do-

2376 2947 2541 3002 mino
2567 2946 2922 3017 imperatore
2956 2945 3168 2999 Karolo
3191 2950 3506 3016 susceptus
3539 2949 3646 3014 est,
3680 2949 3734 2999 et
3762 2945 4025 3016 pontifex

2376 3038 2436 3092 in
2491 3034 2734 3090 Francia
2800 3034 3010 3102 factus,
3065 3032 3380 3088 Alcuinum
3426 3033 3708 3101 docuit,et
3745 3033 4026 3088 Alcuinus

2380 3124 2777 3192 Smaragdum
2835 3121 3068 3188 imbuit,
3158 3121 3522 3191 Smaragdus
3583 3125 3782 3176 autem
3826 3121 4028 3176 docuit

2377 3212 2770 3270 'l‘heodulfum
2856 3211 3366 3278 Aurelianensem,
3429 3209 3792 3266 Theodulfus
3887 3226 4024 3264 vero

2372 3303 2595 3358 Heliam
2628 3302 3004 3370 Scotigenam
3028 3300 3540 3369 Engolismensem
3571 3301 3618 3334 3°
3646 3299 4020 3372 episcopum,

2373 3393 2562 3448 Helias
2604 3396 2804 3446 autem
2855 3390 3167 3455 Heiricum,
3231 3389 3492 3445 Heiricus
3556 3389 3888 3458 Remigium
3967 3393 4025 3443 et

2373 3480 2703 3536 Ucbaldum
2723 3478 2968 3536 Calvum
2991 3479 3324 3533 monachos
3352 3477 3601 3533 heredes
3623 3476 4021 3549 philosophiae

2368 3568 2623 3640 reliquit.

2441 3659 2682 3709 6—10.

2446 3747 2528 3797 11.
2562 3742 2652 3813 (A.
2684 3745 2753 3797 L.
2800 3758 2856 3798 a.
2888 3742 3033 3812 826.)
3080 3783 3092 3795 .
3138 3783 3150 3795 .
3196 3782 3208 3794 .
3254 3740 3544 3795 Eroldus.
3592 3782 3603 3794 .
3650 3782 3661 3794 .
3708 3782 3720 3794 .
3761 3738 4020 3811 baptiza-

2369 3836 2462 3885 tus
2493 3835 2599 3897 est,
2619 3830 2842 3902 fuitque
2867 3828 3084 3884 ﬁliolus
3115 3828 3492 3900 imperatoris
3515 3828 3588 3883 de
3608 3827 3870 3883 fontibus
3904 3869 3916 3881 .
3952 3868 3964 3880 .
4003 3869 4015 3881 .

2367 3918 2530 3974 dedit
2550 3917 2602 3973 ei
2617 3919 2939 3990 imperator
2959 3917 3020 3972 in
3035 3916 3286 3972 filiolatu
3316 3932 3505 3971 unum
3527 3915 3877 3972 comitatum
3907 3957 3918 3969 .
3953 3956 3965 3969 .
4003 3957 4016 3970 .

2445 4011 2607 4063 12—-
2650 4012 2733 4062 15.
2834 4031 2838 4036 ·

2444 4102 2527 4154 16.
2559 4097 2606 4131 ⁵ο
2636 4102 2806 4152 Anno
2834 4097 2941 4168 (20)
2977 4095 3245 4168 sequenti
3280 4097 3419 4168 (830)
3471 4094 3798 4150 Normanni
3823 4095 3879 4148 τ’
3911 4096 4019 4149 He-

2367 4187 2456 4243 rio
2486 4186 2749 4242 insulam
2778 4185 3105 4241 incendunt
3129 4200 3335 4240 mense
3375 4183 3567 4251 Junio,
3628 4188 3684 4239 et
3739 4183 4021 4238 destituta

2368 4281 2455 4332 est
2483 4293 2519 4332 a
2557 4275 2818 4345 generali
2839 4274 3279 4330 monachorum
3326 4272 3732 4339 habitatione;
3765 4271 3845 4326 ibi
3873 4271 4020 4325 fece-

2367 4369 2461 4422 rat
2489 4364 2773 4420 dominus
2799 4365 3125 4435 imperator
3151 4361 3400 4418 Karolus
3431 4360 3864 4417 monasterium
3885 4375 4017 4414 san-

577 4520 644 4575 1'
665 4519 758 4584 th,
789 4515 992 4570 multis
1011 4515 1084 4589 _in
1107 4530 1255 4589 auro
1284 4519 1336 4589 2.
1415 4513 1759 4589 2'_Cilicium
1795 4515 1873 4570 ad
1906 4531 2150 4572 carnem
2183 4517 2330 4589 ejus
2358 4515 2626 4582 positum
2673 4518 2778 4589 est,
2820 4513 2985 4589 quod
3025 4515 3514 4589 secreto_semper
3541 4509 3935 4589 induebatur,
3961 4512 4018 4563 et

661 4579 853 4660 super
880 4586 1244 4660 vestimentis
1285 4584 1704 4660 imperialibus
1761 4602 1908 4660 pera
1964 4579 2576 4660 peregrin'alis—aurea
2606 4579 2866 4660 positum
2896 4588 3007 4660 est,
3032 4598 3218 4660 quam
3249 4579 3508 4660 Romam
3521 4585 3757 4660 portare
3810 4579 4015 4634 solitus

660 4653 796 4715 erat
822 4658 962 4712 add.
984 4661 1047 4731 2.
1127 4658 1182 4712 3'
1201 4661 1331 4731 _et_s.
1352 4653 1421 4731 ξι.
1453 4658 1669 4731 desunt
1697 4653 1783 4710 2.”
1829 4657 1883 4711 4·
1911 4653 1984 4731 ρῖ
2001 4653 2138 4712 sunt
2168 4657 2528 4731 deponentia
2558 4653 2625 4710 2.“
2689 4656 2742 4709 5·
2773 4659 2832 4710 at
2861 4653 3140 4731 clausum
3161 4657 3217 4706 et
3244 4669 3289 4706 s.
3322 4655 3374 4704 2.
3423 4653 3508 4731 ,δ’
3541 4653 3826 4731 Maximus
3879 4666 4014 4731 vero

660 4732 949 4804 planctus
980 4728 1130 4804 inter
1157 4727 1517 4804 Christianos
1542 4726 1670 4804 fuit,
1699 4731 1755 4782 et
1782 4723 2079 4804 praecipue
2110 4723 2595 4804 per_im_i_versum
2624 4741 2878 4794 regnum
2900 4725 3048 4804 ejus.
3080 4723 3219 4804 O_leo
3271 4726 3476 4804 sancto
3507 4726 3707 4778 autem
3734 4723 4014 4804 intinctus

660 4792 748 4858 ab
780 4798 1096 4872 episcopis,
1120 4802 1176 4852 et
1204 4798 1420 4873 viatico
1452 4792 1714 4873 sumpto,
1746 4792 1803 4852 et
1833 4792 2275 4873 omnibus’suis
2299 4798 2618 4873 dispositis,
2652 4792 3084 4873 commendans
3111 4797 3229 4848 Deo
3257 4793 3529 4873 spiritum
3541 4809 3754 4873 suum,
3782 4792 3926 4847 obiit
3953 4792 4013 4873 in

661 4875 730 4929 in
761 4861 911 4945 pace
938 4861 1099 4924 anno
1125 4873 1248 4938 814,
1273 4869 1360 4945 ab
1389 4861 1801 4945 incarnatione
1829 4869 2063 4924 Domini
2093 4869 2280 4925 nostri
2302 4861 2440 4945 τιθεῖ]
2473 4867 2701 4945 Christi,
2733 4867 2836 4945 qui
2855 4865 2996 4945 vivit
3024 4870 3090 4945 et.
3109 4861 3320 4945 regnat
3345 4863 3508 4918 solus
3541 4867 3696 4945 Dacus.
3721 4863 3781 4918 in
3815 4861 4015 4945 secula

663 4933 1014 4998 sec’ulorum
1045 4933 1316 5012 amenl2.
1394 4940 1449 4994 7'
1483 4939 1812 5012 Normanni
1837 4955 1998 4994 anno
2049 4941 2338 5012 sequenti,
2397 4955 2536 4995 cum
2563 4933 2835 4994 timerent
2878 4933 3201 4994 Saxoniam
3230 4935 3468 5002 intrare,
3499 4934 3732 4990 reﬂexis
3758 4933 4014 4989 navibus

662 5013 751 5071 ad
782 5028 949 5070 mare
979 5010 1398 5084 Aquitanicurn
1429 5025 1568 5082 app.
1603 5014 1659 5065 et
1683 5009 1856 5066 Herio
1880 5015 1932 5066 2.

1974 5111 2202 5164 VARle
2245 5108 2641 5166 LECTIONES.

660 5211 716 5244 3‘
749 5209 1014 5281 positum
1035 5223 1192 5281 corr.
1225 5206 1454 5281 positus
1485 5210 1504 5261 1
1543 5207 1570 5281 ξ)
1645 5208 1692 5241 ³⁵
1731 5222 1946 5277 musgo
1983 5212 2029 5262 1.
2109 5208 2168 5281 “fi
2187 5207 2270 5262 eis
2313 5211 2360 5262 1.
2437 5208 2484 5241 37
2511 5203 2887 5281 deestrybrq
2928 5208 2974 5259 1.
3007 5202 3436 5281 Libijiinitiunz
3467 5201 3660 5281 omisit
3704 5203 3756 5254 2.
3789 5199 4015 5281 Distin-

565 5277 853 5340 ctioziem
885 5280 1082 5348 recepi
1111 5293 1187 5334 ex
1215 5277 1265 5334 3.
1345 5279 1391 5312 ³⁸
1423 5277 1736 5349 conjurato
1771 5283 1817 5333 1.

563 5361 678 5412 3c.
711 5356 970 5407 secutus.

1897 5270 1942 5312 ³9
1976 5278 2487 5349 engolismensam
2513 5282 2560 5332 1.
2639 5276 2688 5310 ⁴⁰
2719 5277 2997 5345 Cupitum
3023 5274 3368 5330 divisionmn
3397 5273 3634 5327 institui
3651 5273 3885 5341 partim
3919 5270 4009 5325 3b.

2205 5449 2425 5502 ΝΟΤᾸΞ.

666 5547 785 5617 (18)
819 5545 903 5600 Ita
930 5544 1111 5617 etiam
1137 5559 1211 5617 Aa.
1232 5547 1336 5617 809
1364 5543 1565 5599 scribit
1597 5562 1610 5598 :
1643 5543 1814 5599 Missi
1840 5559 1974 5601 vero
1999 5560 2175 5617 papa
2205 5549 2257 5599 et

563 5615 1084 5687 imperatm‘iside
1123 5615 1388 5687 Irlandis
1436 5620 1791 5671 revertentes
1820 5646 1888 5655 —
1918 5631 1955 5670 a
2003 5615 2257 5686 quodam

565 5685 758 5760 regis
772 5759 776 5760 ν
791 5686 1034 5760 [ﬂandi
1063 5685 1314 5760 hemine.

667 5754 787 5831 (19)
818 5760 883 5813 V.
916 5759 1067 5815 Men.
1103 5757 1276 5825 Legg.
1307 5755 1348 5810 Ι.
1400 5759 1524 5812 201.
1573 5757 2010 5814 Canonicorum
2053 5754 2258 5825 regula

2367 5546 2423 5597 et
2444 5541 2728 5597 Amalarii
2753 5540 2884 5595 libri
2915 5537 3196 5594 omnibus
3222 5543 3364 5594 nota
3391 5541 3546 5593 sunt.

2437 5615 2548 5683 (20)
2581 5615 2756 5668 Anno
2831 5610 3197 5666 habitatione
3225 5625 3297 5664 ex
3325 5614 3474 5665 Ann.
3509 5607 3703 5680 Aquit.
3755 5611 3905 5664 Men.
3943 5607 4008 5660 ll.

2364 5699 2424 5755 p.
2453 5688 2577 5739 252.
