4944 6544
1476 452 1544 508 35
2643 438 2951 499 ADEMARI
2993 435 3048 493 S.
3090 434 3366 491 CIBARDI
3404 440 3738 498 MONACHI.
4832 442 4880 493 36

1516 577 1633 629 ‘19.
1663 570 1906 628 Carolus
1922 584 2061 625 vero
2090 584 2251 624 anno
2283 574 2344 623 15
2376 571 2516 641 post
2551 568 2820 641 praelium
2852 568 3133 622 Fontane-
3158 558 3206 611 A
3248 560 3632 618 Fredebertus
3683 564 4001 636 episcopus
4068 562 4316 620 Frantiaa
4356 563 4479 633 (46)
4542 558 4784 616 veniens
4825 560 4881 614 ad

1472 661 1656 717 ticum
1690 661 1821 716 t'in
1851 675 2055 728 regem
2087 658 2408 714 Lemovicae
2443 663 2654 713 unctus
2677 662 2764 712 est
2786 659 2898 725 (41)
2930 655 2991 710 in
3016 653 3124 709 ba—

1471 751 1637 807 silica
1659 748 1999 817 Salvatoris,
2031 752 2088 802 et
2124 746 2262 802 inde
2305 748 2619 817 ingressus
2675 751 2762 801 est
2819 744 3125 801 Franciam

1474 840 1595 909 (an.
1629 839 1775 909 855).
1800 840 1938 892 Post
1966 837 2023 890 2'
2049 851 2275 907 paucos
2306 835 2434 890 dies
2464 836 2576 904 (42)
2605 834 2911 891 Letharius
2938 834 3126 905 impe-

1472 932 1633 984 rator
1670 928 1725 982 3'
1751 924 2087 981 monachus
2116 924 2307 979 factus
2330 927 2435 989 est,
2477 924 2621 995 quia
2649 928 2880 997 patrem
2911 922 2970 977 in
2996 938 3123 977 car-

1476 1032 1671 1072 cerem
1696 1015 2048 1085 conjecerat.
2082 1013 2212 1077 Quo
2239 1014 2497 1077 mortuo,
2529 1011 2604 1066 de
2632 1012 2835 1067 anima
2870 1012 2998 1080 ejus
3045 1009 3127 1064 al-

1474 1102 1714 1158 tercatio
1744 1103 1873 1157 visa
1896 1108 1987 1157 est
2012 1103 2063 1156 4'
2092 1101 2240 1156 inter
2270 1100 2517 1169 angelos
2558 1116 2821 1172 nequam
2876 1104 2933 1155 et
2991 1114 3123 1153 san-

1478 1196 1604 1247 ctos
1640 1192 1966 1257 ;demones
2012 1196 2211 1246 autem
2260 1190 2516 1245 frustrati
2550 1194 2705 1245 sunt.
2759 1193 2944 1245 Parvo
2988 1193 3127 1261 post

1478 1285 1745 1353 tempore
1776 1279 2102 1335 Ludovicus
2132 1294 2232 1334 rex
2259 1278 2439 1333 frater
2468 1280 2597 1349 ejus
2622 1278 2785 1345 obiit,
2847 1282 2903 1334 et
2948 1280 3124 1334 Caro-

1477 1368 1571 1424 lus
1599 1369 1811 1425 Calvus
1841 1368 1899 1423 in
1930 1368 2349 1439 imperatorem
2394 1367 2653 1423 elevatus
2701 1372 2793 1422 est
2820 1370 2941 1435 (an.
2975 1369 3120 1437 876).

1478 1460 1606 1524 Quo
1640 1464 1902 1529 tempore
1960 1457 2307 1526 gravissime
2361 1457 2684 1513 Normanni
2744 1456 3123 1528 Aquitaniam

1474 1545 1913 1614 afﬂigebant“,
1947 1550 2003 1599 et
2032 1544 2229 1599 Helias
2287 1546 2601 1613 Scotigena
2660 1544 3123 1613 Engolismensis

1473 1634 1789 1706 episcopus
1818 1633 2134 1688 defunctus
2177 1637 2269 1689 est
2299 1636 2432 1703 (43),
2483 1635 2915 1690 monasterium
2971 1651 3123 1706 quo-

1473 1739 1589 1795 que
1618 1723 1775 1778 beati
1807 1722 2077 1779 Edarchii
2105 1722 2184 1778 ab
2216 1722 2631 1779 infestantibus
2662 1724 2912 1796 paganis
2936 1726 2989 1779 5'
3019 1725 3121 1779 de-

1474 1812 1728 1867 solatum
1760 1818 1868 1877 est,
1910 1812 1989 1867 ita
2010 1816 2073 1866 ut
2124 1812 2206 1866 ibi
2262 1812 2461 1867 nullus
2491 1814 2927 1868 monachorum
2959 1813 3123 1868 habi-

1469 1904 1634 1965 taret,
1664 1905 1721 1955 et
1748 1901 1859 1955 hac
1889 1900 1963 1956 de
1985 1917 2046 1955 re
2078 1900 2443 1955 canonicalis
2476 1901 2719 1957 habitus
2746 1901 2826 1957 ibi
2880 1908 3123 1958 reverte-

3239 651 3522 706 Sanctum
3549 651 3928 723 Eparchium,
3985 654 4318 706 construxit
4357 649 4444 706 ibi
4502 647 4814 704 ecclesiam
4838 647 4881 701 in

3235 738 3461 794 honore
3495 740 3853 797 Salvatoris:
3901 740 4007 795 sed
4050 756 4272 813 corpus
4326 739 4497 796 beati
4560 737 4670 793 viri
4709 736 4876 792 levare

3235 842 3358 883 non
3386 829 3598 901 potuit,
3628 829 3793 902 quod
3820 829 4057 885 volebat
4082 829 4402 885 transferre
4464 828 4530 884 in
4569 825 4783 884 eadem
4809 842 4883 879 ec-

3235 916 3435 984 clesia,
3470 922 3725 991 Ipsoque
3750 917 4220 974 consecrationis
4261 918 4359 973 die
4391 921 4537 991 post
4592 921 4880 989 peractum

3238 1006 3595 1062 sacrificium
3626 1006 3864 1079 placida
3889 1011 4078 1063 morte
4136 1011 4273 1062 ante
4323 1006 4516 1062 altare
4576 1004 4873 1061 Salvatoris

3234 1093 3597 1149 obdormivit
3625 1094 3683 1149 in
3716 1094 3969 1150 Domino
4013 1098 4071 1150 et
4115 1093 4344 1149 ibidem
4399 1098 4544 1150 ante
4577 1092 4765 1148 altare
4794 1093 4881 1146 hu-

3234 1188 3433 1239 matus
3462 1188 3549 1239 est
3588 1182 3666 1239 ab
3711 1183 3996 1256 episcopo
4028 1182 4218 1240 Oliba.

3305 1277 3393 1328 20.
3429 1276 3653 1328 Interea
3685 1272 3893 1329 Carolo
3923 1271 4102 1329 Calvo
4119 1272 4196 1328 de
4227 1271 4431 1327 seculo
4454 1270 4763 1342 migrante
4788 1272 4888 1339 (an.

3234 1364 3381 1432 877),
3413 1362 3684 1431 regnavit
3712 1378 3821 1434 pro
3852 1377 3923 1416 eo
3949 1361 4009 1416 in
4033 1361 4280 1418 Francia
4300 1360 4461 1416 ﬁlius
4493 1361 4634 1431 ejus
4666 1360 4892 1415 Ludovi-

3234 1465 3340 1504 cus
3363 1450 3576 1505 Balbus
3602 1467 3613 1503 :
3644 1466 3753 1505 nec
3781 1450 3933 1505 ultra
3961 1449 4284 1522 imperium
4323 1449 4561 1521 accepit
4594 1447 4811 1520 aliquis
4832 1447 4891 1501 de

3233 1539 3474 1606 regibus
3524 1532 3791 1593 Frantite.
3838 1541 3997 1594 Tunc
4043 1537 4299 1608 Bajoarii
4350 1543 4408 1593 et
4462 1537 4791 1592 Alamanni
4835 1552 4891 1591 ex

3236 1633 3406 1695 gente
3438 1643 3646 1682 corum
3676 1632 4027 1682 creaverunt
4050 1627 4161 1682 sibi
4178 1642 4383 1696 regem
4409 1629 4742 1691 Hotonem,
4771 1628 4895 1680 Lon-

3235 1717 3486 1785 gobardi
3516 1717 3782 1772 similiter
3811 1733 3883 1773 ex
3914 1722 4086 1786 gente
4119 1732 4231 1771 sua
4249 1732 4455 1787 regem
4486 1715 4891 1779 Adlalbertum,

3234 1806 3448 1861 deinde
3500 1806 3917 1870 llarduinum;
3973 1810 4030 1861 et
4083 1806 4335 1862 Romani
4392 1804 4470 1861 de
4522 1806 4892 1861 senatoribus

3240 1896 3365 1951 suis
3394 1896 3773 1951 clevaveruut
3802 1896 3861 1951 in
3892 1911 4077 1963 regno
4113 1895 4480 1965 Albericum,
4514 1897 4702 1967 cujus
4738 1895 4890 1951 frater

1471 1993 1652 2055 retur,
1686 1988 1789 2061 qui
1821 2005 2012 2061 nuper
2040 1988 2280 2044 exierat.
2338 1990 2553 2061 Turpio
2602 2006 2743 2045 vero
2797 2007 2935 2045 cum
2990 2007 3127 2057 rege
3160 1967 3197 2019 Β
3237 1986 3594 2041 Octavianus
3624 2001 3784 2057 papa
3812 1986 4123 2040 ordinatus
4153 1991 4260 2041 est.
4296 1986 4597 2041 Defuncto
4629 2002 4771 2054 rege
4804 1988 4889 2040 Lu-

1472 2077 1680 2135 Carolo
1733 2078 1947 2135 abiens
1998 2078 2331 2146 Franciam,
2377 2085 2434 2135 et
2481 2080 2617 2135 inde
2649 2097 2974 2151 regressus,
3004 2097 3125 2137 non

1470 2171 1607 2240 post
1634 2167 1853 2223 multos
1879 2167 2006 2223 dies
2036 2184 2177 2223 cum
2216 2170 2328 2237 (44)
2360 2169 2714 2224 Normannis
2744 2185 3121 2238 congressus,

1473 2257 1754 2312 occidens
1808 2273 2016 2312 eorum
2068 2272 2270 2326 regem
2319 2257 2559 2313 nomine
2591 2261 2875 2322 Maurum,
2934 2260 3011 2314 ab
3055 2276 3125 2315 eo

1472 2345 1600 2418 ipse
1630 2344 1919 2401 occiditur
1953 2363 1966 2412 ;
1999 2349 2056 2400 et
2095 2348 2316 2401 Emeno
2366 2346 2542 2401 frater
2572 2347 2700 2416 ejus
2759 2348 2813 2401 ϐ’
2867 2347 3125 2415 Engolis-

1475 2451 1588 2490 mae
1623 2450 1826 2489 comes
1856 2433 2061 2501 extitit,
2088 2437 2147 2489 et
2173 2435 2298 2506 ipse
2360 2440 2495 2507 post
2544 2435 2830 2491 biennum
2883 2439 2929 2470 ⁵³
2986 2453 3122 2491 cum

1474 2524 1768 2581 Landrico
1802 2524 2242 2580 Sanctonicensi
2301 2526 2513 2581 comite
2574 2526 2922 2593 conﬂigens,
2976 2527 3121 2582 inte-

1472 2617 1709 2685 rempto
1756 2612 2065 2683 Landrico,
2120 2613 2181 2668 in
2252 2620 2447 2669 castro
2505 2615 2809 2671 Runconia
2867 2618 2978 2685 (45)
3039 2633 3123 2672 re-

1472 2701 1711 2757 ducitur
1741 2701 1992 2771 sautius,
2032 2706 2090 2757 et
2127 2706 2340 2757 octava
2379 2702 2474 2757 die
2506 2703 2756 2758 moritur
2788 2721 2801 2769 ;
2858 2704 3121 2776 sepultus

1466 2791 1638 2862 juxta
1656 2791 1966 2847 basilicam
2003 2790 2161 2847 beati
2194 2792 2467 2863 Eparchii
2501 2798 2594 2855 ;et
2648 2792 2901 2865 reliquid
2929 2794 3120 2849 tilium

1469 2879 1793 2952 parvulum
1840 2880 2206 2935 Ademarum
2264 2881 2527 2936 nomine.
2589 2884 2653 2936 Et
2709 2882 2952 2938 Carolus
3007 2883 3121 2938 hoc

1467 2967 1691 3035 audito,
1754 2966 2169 3037 Vulgrimnum
2229 2970 2275 3003 ⁵³
2328 2969 2737 3043 propinquum
2765 2988 2963 3037 suum,
3012 2972 3123 3027 fra-

1465 3059 1614 3110 trem
1669 3055 1901 3111 Aldoini
1940 3056 2195 3124 abbatis,
2227 3073 2299 3112 ex
2330 3059 2691 3114 monasterio
2744 3062 2934 3115 sancti
2988 3060 3118 3115 Dio-

1466 3144 1600 3199 nisii
1680 3143 1892 3199 direxit
1944 3146 2022 3213 7',
2080 3150 2137 3200 et
2206 3146 2467 3217 przefeeit
2546 3163 2683 3202 eum
2761 3148 3119 3217 Engolismaa

1467 3238 1525 3287 et
1602 3233 2007 3303 Petragoricae,
2108 3239 2165 3289 et
2250 3234 2478 3291 Olibam
2557 3236 2759 3292 statuit
2853 3238 2913 3292 in
2997 3242 3119 3311 epi-

1466 3326 1717 3393 scopatu
1796 3323 1842 3356 ⁵⁸
1924 3322 2356 3393 Engolismensi
2440 3327 2515 3380 8'.

3233 2075 3467 2143 dovico,
3491 2074 3762 2139 regnavit
3792 2091 3899 2146 pro
3930 2091 4001 2130 eo
4051 2074 4207 2129 filius
4237 2075 4368 2145 ejus
4391 2074 4657 2131 Carolus
4686 2090 4890 2140 cogno-

3232 2170 3434 2219 mento
3459 2163 3748 2235 [nsipiens
3778 2163 3871 2218 vel
3902 2164 4085 2219 Minor
4133 2165 4267 2235 (47).
4302 2166 4433 2227 Quo
4492 2169 4779 2236 tempore
4808 2165 4892 2219 de-

3233 2253 3434 2309 functo
3469 2252 3810 2321 Vulgrimno
3842 2258 3870 2307 5
3905 2256 4051 2310 Non.
4080 2252 4209 2309 Mai.
4243 2254 4370 2321 (885
4402 2253 4501 2310 vel
4525 2256 4688 2324 886),
4732 2260 4789 2310 et
4816 2270 4893 2309 se-

3231 2342 3397 2416 pulto
3422 2343 3594 2413 juxta
3625 2341 3939 2397 basilicam
3969 2339 4158 2397 sancti
4187 2341 4463 2413 Eparchii
4490 2344 4642 2413 (48),
4704 2344 4895 2415 quinto

3231 2448 3391 2488 anno
3421 2438 3556 2503 post
3580 2448 3718 2487 eum
3773 2430 3944 2487 Oliba
3988 2429 4309 2502 episcopus
4366 2430 4539 2486 diem
4596 2430 4833 2491 clausit.
4856 2438 4900 2488 et

3230 2522 3514 2577 Anatolus
3546 2521 3603 2577 in
3658 2520 3790 2576 loco
3837 2520 3967 2590 ejus
4024 2519 4289 2591 pontifex
4333 2519 4695 2590 ordinatus,
4740 2523 4899 2577 tercio

3231 2629 3393 2667 anno
3424 2612 3605 2667 vitam
3634 2610 3951 2679 ﬁnivit(49)
4011 2610 4136 2679 (an.
4171 2609 4319 2679 892.)
4368 2609 4783 2679 Vulgrimnus
4810 2628 4899 2667 au-

3230 2707 3347 2758 tem
3398 2701 3597 2757 multis
3651 2699 3867 2772 prieliis
3920 2698 4297 2754 laboraverat
4353 2697 4727 2771 frequenter
4780 2718 4897 2756 cum

3230 2790 3606 2859 Normannis,
3638 2794 3693 2845 et
3720 2789 3831 2843 hac
3858 2788 3933 2843 de
3963 2803 4147 2843 causa
4190 2786 4619 2844 aadiﬁcaverat
4653 2795 4899 2845 castrum

3229 2882 3614 2937 Martiliacum
3641 2880 3777 2949 (50),
3812 2882 3868 2933 et
3898 2877 4265 2943 Mastacium,
4299 2882 4365 2933 ut
4395 2883 4567 2934 esset
4596 2880 4902 2936 munimen

3230 2975 3435 3025 contra
3466 2984 3756 3041 paganos.
3790 2967 4138 3039 Miseratque
4168 2965 4228 3021 in
4260 2965 4627 3023 Martilliaco
4682 2970 4901 3024 Rotber-

3228 3064 3355 3115 tum
3383 3059 3528 3127 legis
3553 3058 3819 3125 doctum,
3849 3061 3906 3111 et
3932 3072 4072 3111 cum
4098 3072 4170 3111 eo
4202 3055 4593 3113 Rannulfum
4616 3058 4711 3123 9‘,
4741 3076 4899 3131 quem

3227 3147 3361 3203 fecit
3388 3146 3815 3202 vicecomitem.
3848 3145 3955 3210 Qui
3988 3143 4319 3199 Rannulfus
4346 3144 4579 3200 habuit
4612 3153 4743 3202 tres
4773 3148 4899 3201 ﬁlios

3230 3237 3585 3292 Lanbertum
3614 3240 3670 3290 et
3698 3234 4027 3289 Arualdum
4071 3238 4251 3306 atque
4301 3233 4705 3293 Odolricum.
4765 3238 4895 3292 Idem

2604 3327 2697 3379 His
2750 3329 3115 3398 temporibus
3148 3312 3188 3366 ο
3224 3343 3365 3382 vero
3422 3325 3803 3395 Vulgrimnus
3886 3323 4018 3378 ﬁliis
4083 3323 4205 3377 suis
4287 3322 4615 3397 reliquidh
4660 3327 4896 3381 Alduino

1475 3463 1529 3517 Γ
1566 3463 1792 3537 vivente
1826 3464 2097 3537 Lethario
2119 3464 2473 3537 imperatore
2500 3467 2673 3522 fratre
2703 3485 2831 3533 suo,
2877 3472 2932 3523 l..
2965 3487 3042 3535 u.,
3092 3477 3179 3527 est
3208 3473 3270 3525 in
3328 3483 3529 3536 regem
3585 3482 3763 3537 super
3804 3464 4217 3537 Franciamiet
4240 3465 4662 3537 Aquitaniam
4704 3474 4761 3523 et
4788 3472 4899 3523 Bur-

1538 3534 1826 3601 gundiam
1878 3535 1939 3590 in
1985 3535 2042 3590 b.
2099 3537 2178 3601 S.,

1536 3605 1700 3659 eialis
1732 3606 2089 3662 tumulatum
2122 3609 2167 3640 ⁵⁵
2201 3605 2310 3675 est,
2342 3613 2398 3663 et
2421 3608 2559 3663 inde
2622 3615 2671 3664 2.
2718 3605 2795 3664 '2“
2839 3614 2971 3667 Post

1534 3692 1720 3731 nacus
1770 3677 1829 3732 in
1894 3678 2125 3732 Promia
2182 3680 2565 3748 monasterio,
2608 3697 2716 3751 pro
2768 3698 2839 3737 eo
2937 3700 3010 3737 uo

1534 3752 1623 3802 rat
1675 3751 1726 3802 2.
1784 3748 1840 3803 4'
1896 3764 1933 3803 a
1989 3748 2266 3803 fratribus
2317 3750 2467 3803 inter
2513 3752 2759 3803 angelos
2800 3699 3010 3803 maiiqr

1531 3762 1623 3802 rat
1675 3762 1726 3802 2.

2234 3554 2367 3608 quas
2413 3538 2625 3613 regalis
2679 3540 3013 3610 appellatur
3052 3543 3223 3613 juxta
3268 3540 3575 3613 basilicam
3628 3536 3817 3592 sancti
3871 3536 4040 3613 Petri,
4089 3536 4194 3591 ubi
4243 3536 4475 3613 corpus
4523 3542 4741 3595 sancti
4774 3543 4897 3595 Mar-

3046 3609 3262 3669 uatuor
3312 3610 3527 3666 deinde
3567 3625 3759 3663 annos
3806 3614 3856 3663 2.
3923 3610 3977 3663 3‘
4010 3609 4047 3662 i.
4091 3612 4378 3675 egrotans
4412 3609 4634 3665 factus
4664 3620 4757 3666 est
4784 3630 4893 3665 Illu-

3106 3690 3339 3756 patrem
3370 3682 3461 3756 _de
3515 3679 4181 3756 unperio_ejecerat__et
4234 3687 4643 3756 carceratum
4709 3690 4893 3736 tenue-

1896 3764 1933 3803 a
1989 3748 2266 3804 fratribus
2317 3750 2467 3805 inter
2513 3748 2759 3819 angelos
2800 3748 3200 3821 malignos'et
3245 3753 3558 3815 benignos.
3601 3748 3804 3804 Sancti
3832 3750 4029 3819 angeli
4058 3749 4382 3805 dixerunt:
4418 3752 4556 3806 Nos
4594 3770 4727 3808 non
4760 3764 4893 3808 mm:

1528 3820 1684 3894 Deus
1707 3819 1787 3874 ad
1808 3821 2223 3894 imperatorem
2252 3822 2355 3894 sed
2383 3822 2463 3876 ad
2486 3824 2841 3894 monachum
2868 3837 2890 3893 ,'
2945 3819 3041 3880 vos
3072 3828 3323 3894 accipite
3354 3826 3789 3891 imperatorem,
3823 3838 3927 3876 nos
3983 3821 4284 3876 nobiscum
4336 3822 4653 3894 ducemus
4714 3840 4893 3879 mona-

1529 3890 1726 3965 chum.
1759 3890 1965 3959 Angeli
1998 3892 2047 3965 δέ
2086 3892 2274 3965 sancti
2314 3908 2518 3965 secum
2542 3893 2843 3949 duxerunt
2868 3890 3170 3965 animam,
3198 3890 3493 3950 demones
3528 3897 3887 3965 acceperunt
3927 3908 4172 3964 corpus,
4229 3897 4286 3947 et
4316 3892 4637 3949 violenter
4662 3911 4703 3950 a
4730 3896 4894 3950 domu

1528 3961 1834 4035 entrahere
1860 3962 2085 4035 cunctis
2120 3962 2461 4017 videntibus
2491 3968 2793 4035 ceperunt.
2838 3966 2941 4021 sed
2967 3961 3341 4023 orationibus
3385 3965 3633 4019 fratrum
3674 3961 3859 4027 fugati
3891 3961 4288 4035 evanuerunt.
4324 3967 4378 4017 2.
4410 3966 4472 4017 5⁸
4507 3981 4547 4020 a
4584 3969 4891 4021 Nortman-

1529 4030 1621 4084 nis
1650 4034 1702 4084 2.
1755 4033 1808 4086 6'
1830 4046 1902 4108 _e.
1934 4031 2188 4108 _dudum
2245 4050 2447 4108 comes
2495 4030 2849 4106 Pictavinus,
2880 4042 3021 4108 tunc
3060 4038 3352 4108 Egolisme
3381 4042 3432 4090 2.
3469 4035 3523 4090 7'
3566 4035 3626 4089 tl.
3660 4034 4137 4108 iu_Aquitaniam
4168 4039 4224 4108 2.
4277 4035 4333 4089 8'
4362 4036 4468 4108 Hic
4500 4037 4893 4108 Vulgrimnus

1535 4116 1692 4180 saepe
1724 4116 1761 4157 a
1819 4102 2236 4180 Carlomanno,
2294 4109 2352 4159 et
2397 4104 2640 4180 demum
2681 4122 2716 4180 a
2767 4102 2975 4163 Carolo
3032 4102 3241 4179 Ma'gno
3288 4108 3677 4180 imperatore
3724 4102 3902 4180 fratre
3948 4106 4078 4176 ejus
4144 4104 4368 4180 missus
4422 4105 4544 4162 fuit
4610 4102 4679 4163 in
4734 4115 4895 4180 Aqui-

1531 4171 1741 4252 tania)-
1765 4171 1941 4252 urbes
1992 4189 2117 4252 una
2172 4175 2742 4252 cu_m_rraim_burgis
2806 4185 3047 4252 propter
3102 4171 3405 4252 j'usticias'
3448 4175 3772 4252 faciendas.
3836 4171 4090 4248 Eratime
4164 4175 4297 4252 jam
4377 4192 4580 4252 senex
4613 4171 4895 4252 ⁸(ιιιίπὶιέο

1532 4256 1670 4321 eum
1690 4242 2198 4321 CarolusCalvus
2230 4245 2366 4301 fecit
2394 4242 2682 4321 comitem
2704 4242 3188 4321 sup'radietariim
3239 4249 3501 4321 urbium.
3543 4249 3842 4302 Venerunt
3882 4242 4021 4302 cum
4074 4263 4148 4303 eo
4167 4242 4213 4321 ia
4256 4248 4520 4321 [rancia
4586 4242 4726 4306 duo
4784 4252 4892 4305 filii.

1529 4311 1896 4399 .{klduinusq‘i‘7
1920 4318 1979 4399 et
2002 4314 2341 4399 Willelmus.
2369 4318 2667 4399 Aginnum
2699 4311 2941 4399 quoque
2968 4322 3181 4399 urbem
3208 4319 3721 4399 habebat,_quam
3764 4333 4082 4399 assumens
4130 4317 4468 4399 vindicavit
4497 4328 4771 4399 prop‘er
4815 4338 4895 4374 so—

1529 4398 1728 4463 rorem
1758 4383 2023 4439 Willelmi
2052 4386 2344 4467 Tolosani,
2373 4383 2557 4470 quam
2575 4389 2633 4444 in
2664 4383 3116 4471 matrimonium
3146 4383 3488 4472 acceperat.
3509 4383 3716 4444 Tenuit
3756 4389 4164 4514 principatum
4222 4389 4285 4443 in
4312 4388 4408 4443 his
4452 4383 4670 4447 tribus
4702 4393 4897 4473 civita-

1531 4454 1689 4509 tibus
1719 4470 1825 4514 per
1858 4460 1917 4510 17
1943 4471 2156 4512 annos.
2194 4461 2291 4513 Hic
2320 4459 2519 4514 multis
2550 4461 3019 4514 DrmhiS—ataue
3047 4464 3409 4514 Odolrieum.
3443 4463 3573 4514 Ouo
3630 4465 3897 4514 tempore
3984 4460 4224 4514 efuncto
4272 4460 4498 4514 eodem
4538 4462 4897 4514 νυΙιπωωο

1531 4453 1689 4535 tibus
1719 4470 1825 4526 per
1841 4460 2156 4535 aliannos.
2178 4453 2519 4535 _l_lic_n_1ultis
2550 4461 3019 4535 prteliis—atque
3047 4453 3409 4519 Odolricum.
3443 4463 3573 4535 Quo
3630 4453 3897 4535 tempore

3984 4460 4045 4515 ef
4046 4464 4224 4543 uncto
4272 4460 4498 4543 eodem
4538 4462 4897 4543 Vulgrimno

1527 4524 1783 4601 :vitain
1833 4525 2068 4601 finivit,
2096 4528 2365 4601 Reliquid
2388 4547 2529 4587 vera
2550 4524 2941 4601 Vulgrimnus.
2970 4535 3103 4589 ﬁliis
3143 4534 3397 4590 suis—et
3423 4524 4008 4601 Aginnumflnterea
4039 4530 4250 4588 Carolo
4282 4524 4879 4591 Calvo—velum

1524 4597 1685 4652 Tunc
1710 4598 1913 4653 Franci
1937 4597 2321 4670 conjuranfes
2342 4605 2393 4657 2.
2437 4604 2493 4659 9'
2514 4602 2619 4676 qui
2649 4597 2788 4659 cum
2818 4620 2888 4660 eo
2918 4610 3163 4662 venerat
3193 4607 3336 4663 add.
3360 4608 3414 4658 2.

2817 4722 3049 4777 VARUS
3104 4720 3508 4777 LECTIONES.

1526 4836 1921 4921 “‘aﬂigebant
1947 4842 1996 4895 1.
2080 4839 2125 4873 ⁶²
2154 4838 2450 4896 biennum
2475 4844 2525 4895 1.
2595 4841 2643 4877 ⁸³
2668 4841 3016 4914 vulgrinum
3045 4849 3093 4900 1.
3176 4845 3224 4881 ⁸⁸
3257 4847 3680 4919 episc0patum
3714 4849 3761 4901 1.
3829 4845 3878 4880 ⁶⁶
3906 4844 4313 4903 mamulatum
4333 4862 4384 4903 ε.
4476 4847 4532 4883 ⁸⁸
4564 4850 4831 4921 Angelis
4856 4865 4899 4904 ε.

3039 4988 3271 5045 ΝΟΤᾹΞ.

1453 4909 1503 4943 ⁵⁷
1535 4908 1849 4965 alduinum
1890 4925 1938 4966 ο.

1519 5076 1735 5204 (41)(11.
1764 5081 1915 5133 Ann.
1949 5079 2276 5161 Lem._Mon..
2324 5081 2420 5136 SS.
2456 5084 2522 5151 11,
2550 5078 2613 5156 'p.
2647 5086 2769 5137 251.
2828 5085 2956 5139 Non
2987 5086 3095 5140 Ca-

1542 5165 1612 5204 us
1642 5148 1874 5204 Calvus.
1906 5148 2013 5204 sed
2037 5148 2192 5204 ﬁlius
2215 5166 2343 5204 eius
2364 5158 2490 5204 erat
2522 5170 2534 5204 :
2577 5153 2737 5204 unde
2765 5168 2903 5204 dum
2946 5154 3093 5204 alter

1448 5148 1612 5227 rolus
1642 5148 2013 5227 Calvus,_sed
2037 5148 2192 5207 ﬁlius
2215 5151 2343 5221 ejus
2364 5158 2490 5207 erat
2508 5148 2535 5227 '5
2553 5148 2737 5209 "unde
2765 5168 2903 5227 quae
2930 5154 3093 5227 alter

1450 5219 1796 5346 cocgz'addit,
1822 5220 1975 5277 falsa
2005 5234 2132 5276 esse
2163 5219 2433 5293 apparet.
2467 5222 2539 5279 cf.
2595 5229 2747 5281 Ann.
2784 5219 3093 5283 'Prudentii

1450 5307 1507 5346 8.
1576 5313 1663 5346 ῧῧ.

1450 5307 1507 5347 8.
1539 5295 1663 5346 855.

1518 5361 1632 5441 (ἒξ)
1658 5366 1791 5441 [pse
1815 5378 1978 5441 anno
2003 5379 2199 5435 neque
2235 5368 2660 5441 post_quatuor
2707 5384 2918 5436 annos,
2967 5373 3031 5424 ut
3059 5374 3091 5424 2

1450 5433 1648 5499 tradit,
1670 5433 1783 5488 hoc
1808 5433 2033 5489 factum
2058 5433 2185 5490 esse
2207 5433 2491 5491 omnibus
2520 5444 2769 5495 constat.

1522 5506 1635 5575 (43)
1666 5503 1749 5561 Cf.
1773 5508 1923 5559 Ann.
1948 5505 2151 5574 Engol.
2178 5507 2360 5562 Labb.
2384 5511 2423 5576 Ι,
2494 5551 2505 5562 .
2540 5514 2661 5565 324.

1523 5574 1634 5633 (44)
1681 5590 1814 5629 cum
1861 5524 2591 5633 Nomannis—occizii'tur
2617 5588 2661 5633 e1

1523 5574 1634 5643 (44)
1681 5590 1814 5651 cum
1861 5574 2591 5651 Nonacrinas—occiditur
2617 5586 2674 5637 et
2720 5582 3093 5651 ipse—mori-

1452 5650 1649 5726 ture}
1678 5649 1827 5726 ann.
1860 5645 2053 5726 Aquit.
2084 5661 2137 5701 a.
2169 5652 2292 5726 863,
2309 5655 2449 5726 866.

1521 5715 1635 5793 (45)
1665 5715 2075 5793 Ranconghjn
2098 5718 2470 5793 _cod.ﬂ(_]hrist.
2505 5726 2627 5778 692.
2661 5755 2728 5762 —
2772 5724 3093 5793 Rancogne

1454 5789 1558 5865 aut
1586 5786 1842 5865 lignean.
1873 5786 2366 5865 cf._.Besly\_’,“Hist.
2423 5809 2579 5849 com.
2635 5793 2877 5861 Pictav.,
2908 5786 3088 5865 p.732,

1456 5858 1635 5939 69,33
1656 5853 1921 5939 V'alesius
1950 5859 2077 5939 Not.
2281 5876 2341 5939 p.
2373 5865 2497 5939 465.

1525 5924 1639 5992 (46)
1677 5924 2363 6002 ’ξριιιδεξβηΒὲεξιίθῃεῙθ
2406 5932 2537 6002 qui
2584 5934 2838 5991 occurrit
2874 5951 2928 5991 a.
2989 5940 3090 5991 859

1457 5995 1643 6064 Bouq.
1677 5996 1787 6049 νη.
1815 6010 1873 6066 p.
1909 5996 2205 6052 582.0chs
2233 5995 2371 6055 Hist.
2395 5995 2563 6057 B'asil.
2592 6018 2652 6074 p.
2688 6010 2806 6061 154.

3276 5086 3389 5157 (47)
3448 5084 3697 5158 Karolus
3748 5084 4026 5158 Simplex.
4085 5088 4219 5158 Hinc
4275 5085 4492 5143 omnia
4536 5105 4701 5146 vero
4738 5088 4899 5145 valde

3199 5172 3332 5213 esse
3363 5156 3603 5213 turbata
3630 5156 3934 5212 neminem
3976 5156 4181 5225 fugiet.

3271 5230 3377 5296 (48)
3403 5233 3553 5303 Ann.
3592 5227 3885 5303 Lemovic.
3919 5227 4141 5303 codicis
4171 5228 4318 5298 regii
4347 5230 4485 5285 Par.
4520 5245 4589 5286 n.
4616 5230 4899 5303 3784,qui

3200 5300 3491 5371 Chronico
3510 5298 3869 5371 (Aquitanieo
3900 5299 4139 5355 notitias
4192 5316 4266 5371 ex
4297 5305 4456 5355 Anu.
4496 5298 4901 5360 Lemovicfez

3201 5373 3258 5427 S.
3293 5370 3831 5443 Columbaeipetitas
3861 5387 4000 5426 cum
4034 5370 4427 5443 paucissimis
4454 5371 4602 5428 aliis
4672 5375 4899 5430 nullius

3198 5442 3487 5521 momenti
3519 5441 3862 5521 subjiciunt,
3891 5441 4080 5521 a..88'5
4114 5442 4283 5521 obitu
4325 5442 4697 5521 Yulgrimpi
4730 5446 4903 5521 comi-

3200 5512 3273 5567 tis
3300 5512 3651 5575 Petragorici
3678 5517 3731 5566 et
3766 5512 4564 5581 Engolismensisindicato,
4609 5517 4761 5573 haec
4818 5516 4905 5572 ad-

3198 5582 3532 5657 dunt:_0ln°t
3552 5585 3617 5657 ll
3632 5584 3769 5652 (Ill?)
3798 5584 3951 5638 Non.
3980 5584 4157 5653 Marx;
4194 5586 4472 5653 sepultus
4497 5591 4694 5657 apud
4722 5591 4901 5645 Sanc-

3198 5660 3323 5709 tum
3344 5654 3716 5723 Eparchium
3749 5659 3923 5710 extra
3951 5657 4273 5711 civitatem.
4538 5654 4557 5657 “
4684 5684 4701 5697 -

3272 5727 3379 5796 (49)
3413 5726 3494 5782 Cf.
3530 5730 3679 5780 Ann.
3728 5725 4052 5795 Engolism.
4094 5742 4151 5781 a.
4184 5730 4311 5787 892.
4341 5731 4477 5783 895.

3270 5798 3383 5865 (330)
3406 5796 3590 5861 Vulgo
3622 5797 3961 5860 Marc-illac,
4021 5797 4201 5852 situm
4251 5797 4412 5852 inter
4455 5802 4885 5859 Carantonum

3198 5872 3255 5923 et
3279 5867 3588 5922 ﬂuviolum
3620 5867 3722 5938 qui
3754 5867 3812 5921 in
3835 5866 4289 5938 euminﬂuit.—-
4326 5871 4715 5931 Mastacimn
4751 5888 4889 5929 nam:

3197 5938 3395 5994 Malas
3424 5954 3545 5993 non
3567 5937 3741 6003 longe
3775 5954 3810 5992 a
3838 5937 4154 5995 Martiliaco
4184 5938 4464 5997 abest.—
4532 5946 4697 6003 Vide
4729 5945 4887 6003 Ηώς.
4942 5994 4944 6001 .

3199 6009 3497 6065 Valesium
3528 6009 3588 6065 in
3620 6011 3790 6065 Notit.
3827 6008 3974 6065 Gali.
4008 6013 4289 6073 Bouorxr.
