3966 6456
174 296 245 350 45
1248 296 1717 354 HISTORIARUM
1757 296 1937 351 LIBRI
1976 298 2166 354 TRES.
2210 334 2278 344 ——
2320 305 2427 360 LlB
2468 305 2554 362 lll.
3551 317 3621 370 £6

175 416 475 473 Arnaldus
502 418 750 491 quidem
781 418 1143 475 subtrahens
1174 423 1381 476 sancto
1412 420 1703 494 Eparchio
1737 419 1840 474 vil-
1872 422 1919 474 A
1958 422 2087 492 ejus
2121 426 2388 495 Carolus,
2420 429 2525 485 sed
2541 446 2664 486 non
2680 431 2891 503 potuit,
2916 431 3059 505 quia
3082 434 3236 489 Deus
3258 428 3486 504 judicio
3508 453 3621 493 suo

174 506 295 563 lam
329 507 709 566 Salasensem
744 510 837 577 ¹⁰¹,
879 513 936 566 et
968 510 1278 566 conferens
1313 510 1484 566 Helim
1516 510 1657 567 duci
1704 509 1843 565 villa

178 596 410 666 Boensi,
434 598 514 654 ab
545 599 761 670 angelo
777 615 1105 673 percussus
1122 599 1358 673 interiit,
1385 604 1441 657 et
1462 601 1576 655 hac
1603 600 1676 655 de
1699 616 1760 655 re
1783 601 1843 654 in

174 688 293 745 ﬁne
323 688 533 745 mortis
564 693 774 746 sancto
807 690 1099 762 Eparchio
1119 690 1326 747 villam
1356 690 1843 763 Ajarniacensem

179 778 423 834 contulit
453 794 561 852 pro
588 778 1009 835 emendatione
1048 780 1140 849 ‘0’,
1169 785 1225 836 et
1255 780 1525 853 sepultus
1557 786 1648 837 est
1669 781 1845 852 juxta

176 866 494 923 basilicam
522 868 711 924 sancti
745 868 1038 941 Eparchii.
1069 872 1294 925 Mortuo
1326 870 1503 926 fratre
1553 870 1682 942 ejus
1716 870 1847 925 Wil-

176 956 354 1013 lelmo
414 958 532 1029 (an.
594 959 742 1031 962),
764 956 1097 1014 Rannulfus
1128 958 1286 1015 bello
1318 958 1607 1015 extinctus
1650 964 1737 1016 est
1766 959 1843 1015 ab

177 1046 439 1104 Arnaldo
497 1048 549 1104 l'
594 1046 716 1104 ﬁlio
773 1047 1041 1104 Willelmi
1090 1048 1527 1127 Sectoris-ferri,
1579 1049 1685 1123 qui
1733 1066 1844 1122 pro

177 1140 345 1210 patre
372 1152 484 1192 suo
512 1136 573 1192 in
605 1136 1011 1211 principatum
1060 1138 1415 1209 Engolismae
1473 1139 1760 1195 successit
1788 1144 1847 1195 et

176 1225 539 1281 Richardum
567 1226 949 1298 lnsipientem
975 1226 1203 1298 expulit
1222 1230 1339 1298 (an.
1360 1230 1508 1299 975).
1537 1232 1841 1301 Captoque

178 1316 233 1371 2"
263 1314 323 1371 in
346 1315 625 1372 conflictu
654 1316 1005 1385 Gauzberto,
1036 1316 1214 1373 fratre
1240 1316 1374 1372 Elite
1405 1318 1660 1389 comitis,
1703 1335 1841 1374 sua-

178 1422 279 1461 sus
308 1410 396 1461 est
424 1421 461 1462 a
491 1404 780 1462 Willelmo
807 1406 980 1473 duce,
1014 1421 1138 1478 quo
1189 1406 1483 1479 praeberet
1529 1407 1842 1465 inimicum

178 1495 307 1551 sibi.
370 1498 436 1551 Et
482 1495 731 1552 Pictavis
757 1500 958 1552 trusus
1008 1496 1389 1567 Gauzbertus,
1436 1497 1495 1553 in
1552 1498 1843 1555 ultionem

177 1585 470 1642 Benedicti
494 1585 867 1659 corepiscopi
903 1586 1092 1641 oculis
1120 1586 1487 1660 dampnatus
1519 1593 1622 1645 est.

247 1680 335 1733 29.
360 1675 459 1731 His
482 1674 853 1749 temporibus
872 1675 1056 1748 (circa
1078 1692 1178 1733 an.
1203 1680 1325 1747 973)
1350 1678 1697 1750 Aymericus
1718 1694 1841 1735 non

1955 511 2266 571 meliorem
2287 517 2479 587 elegit.
2512 522 2659 575 Nam
2678 520 2733 575 5'
2754 521 2959 577 Franci
2973 521 3119 577 inito
3141 522 3459 581 consilium
3480 542 3621 583 eum

1954 600 2264 672 abjiciunt,
2280 611 2335 661 et
2349 610 2660 677 Hugonem
2672 609 2891 665 ducem
2902 609 3109 679 ,ﬁlium
3124 613 3620 685 Hugonis,regem

1953 689 2197 760 eligunt.
2219 697 2336 751 Hac
2354 696 2428 752 de
2445 713 2631 755 causa
2647 699 2968 773 episcopus
2984 701 3205 758 montis
3220 701 3620 760 Leudenensis

1953 782 2251 839 Ascelicus
2286 786 2393 856 (81)
2420 786 2765 845 ebdomada
2790 790 3010 861 majori
3039 795 3176 847 ante
3220 792 3449 864 pascha
3490 798 3615 861 (an.

1954 874 2048 926 991
2064 873 2102 943 ),
2131 872 2190 927 in
2212 890 2334 945 qua
2359 880 2446 932 est
2467 892 2615 933 cena
2638 877 2893 946 Domini,
2916 878 3093 935 velud
3114 879 3298 936 Judas
3321 880 3619 937 Christum

1954 964 2010 1014 et
2038 959 2164 1032 ipse
2196 964 2434 1021 tradidit
2466 966 2764 1023 Carolum.
2801 967 2911 1034 Qui
2940 967 3273 1024 Aurelianis
3303 968 3365 1024 in
3380 985 3617 1026 carcere

1954 1052 2152 1111 trusus
2164 1052 2242 1107 ab
2256 1070 2448 1126 usque
2466 1061 2719 1113 mortem
2726 1056 2831 1129 ,ibi
2842 1057 3214 1127 genuitlilios
3236 1058 3619 1127 ‘05,Karolum

1952 1142 2009 1193 et
2038 1139 2424 1210 Ludovicum,
2461 1149 2517 1200 et
2548 1151 2821 1201 mortuus
2852 1151 2941 1202 est
2972 1165 2986 1215 ;
3019 1152 3075 1203 et
3104 1146 3338 1220 expulsi
3359 1152 3498 1204 sunt
3516 1147 3619 1204 ﬁlii

1953 1227 2081 1297 ejus
2104 1245 2140 1285 a
2163 1231 2399 1287 Francis
2424 1234 2927 1307 (82),profectique
2946 1236 3175 1291 suntad
3192 1236 3617 1309 imperatorem

1955 1318 2362 1375 Romanorum
2393 1321 2885 1380 ethabitaverunt
2902 1341 3040 1379 cum
3065 1340 3134 1380 eo
3157 1326 3284 1397 (83).
3323 1326 3474 1380 Sane
3491 1324 3617 1380 dux

1952 1406 2389 1479 Aquitanorum
2408 1410 2730 1469 Willelmus
2744 1413 3073 1487 reprobans
3087 1413 3431 1487 nequiciam
3445 1417 3619 1471 Fran-

1952 1512 2183 1566 corum,
2219 1501 2449 1570 Hugoni
2481 1501 2756 1558 subditus
2778 1519 2911 1559 esse
2937 1503 3149 1560 noluit.
3196 1503 3360 1560 Unde
3390 1502 3617 1560 factum

1953 1586 2058 1650 est,
2092 1587 2158 1639 ut
2189 1587 2377 1655 Hugo,
2406 1586 2665 1642 exercitu
2689 1590 3052 1644 Francorum
3083 1588 3350 1657 admoto,
3401 1587 3617 1645 urbem

1952 1671 2199 1729 Pictavis
2229 1674 2544 1732 obsidione
2565 1676 2858 1748 fatigaret.
2893 1681 3165 1750 Dumque
3187 1677 3502 1733 frustratus
3530 1694 3617 1734 re-

176 1765 515 1821 monachus
544 1764 737 1821 abbas
763 1765 951 1821 sancti
983 1764 1289 1832 Marcialis,
1338 1784 1655 1825 successor
1684 1770 1841 1824 Gon-
1872 1778 1914 1834 B
1953 1761 2242 1832 cessisset,
2275 1780 2415 1819 cum
2445 1764 2883 1838 Aquitanorum
2904 1781 3092 1821 manu
3120 1764 3443 1821 Willelmus
3464 1765 3619 1821 inse-

178 1854 351 1921 sindi,
380 1853 652 1925 moritur,
677 1858 734 1909 et
760 1852 821 1908 in
843 1854 962 1909 ﬁne
989 1856 1327 1910 monachus
1345 1856 1549 1927 extitit,
1573 1857 1718 1931 quia
1737 1874 1841 1913 rex

178 1943 511 1999 Ludovicus
544 1944 758 1999 timens
781 1943 910 2015 ejus
936 1943 1317 2015 tirannidem,
1338 1945 1633 2002 honorem
1652 1946 1842 2003 sancti

177 2032 452 2090 Martialis
482 2032 535 2089 ei
565 2032 974 2105 commiserat,
1001 2039 1382 2091 sacramento
1414 2040 1617 2093 tamen
1638 2038 1841 2108 jurare

178 2122 329 2196 fecit,
364 2128 430 2179 ut
450 2139 744 2180 monacus
774 2128 930 2179 esset
958 2123 1215 2179 futurus.
1238 2125 1337 2181 Hic
1360 2126 1678 2183 Geraldum
1696 2128 1843 2184 vice-

178 2213 456 2270 comitem
472 2213 534 2269 in
554 2213 838 2270 manibus
858 2213 979 2269 suis
997 2214 1212 2270 habuit
1226 2216 1722 2273 commendatum
1747 2220 1839 2285 “’3,

177 2308 232 2361 et
262 2306 558 2359 Bosonem
587 2302 861 2359 Vetulum
887 2302 961 2358 de
990 2306 1185 2359 Marca
1215 2306 1289 2361 3".
1343 2305 1441 2361 Hic
1466 2306 1641 2377 juxta
1667 2310 1839 2365 Cam-

175 2392 440 2450 bonense
474 2393 583 2464 (80)
610 2393 1042 2449 monasterium
1100 2392 1389 2449 destruxit
1419 2396 1731 2453 castellum
1786 2397 1841 2453 vi

175 2485 589 2555 expugnatum
636 2481 1137 2551 Camboncasem,
1180 2499 1250 2540 eo
1297 2484 1465 2556 quod
1517 2486 1840 2543 molestum

174 2575 299 2629 erat
324 2570 673 2627 hominibus
714 2570 1175 2627 monachorum.

243 2665 329 2717 30.
372 2664 599 2717 Interea
628 2660 911 2716 defuncto
945 2660 1232 2716 Willelmo
1262 2661 1681 2737 Capite-stupes
1717 2666 1839 2736 (an.

175 2752 299 2824 963)
328 2755 387 2809 et
417 2751 649 2825 sepulto
679 2751 844 2824 apud
874 2750 1189 2807 ecclesiam
1214 2752 1400 2809 sancti
1432 2754 1711 2827 Cipriani,
1734 2759 1843 2812 (lu-

176 2858 308 2898 cem
324 2857 436 2914 pro
453 2858 525 2897 eo
542 2841 739 2897 ﬁlium
750 2842 880 2912 ejus
894 2841 1250 2897 Willelmum
1273 2842 1483 2899 habuit
1499 2846 1836 2918 Aquitania.

175 2929 285 2997 Qui
301 2930 490 2987 tiliam
509 2930 779 2987 Tetbaldi
796 2931 1228 3003 Campanensis
1247 2932 1544 2988 vocabulo
1565 2937 1838 2991 Emmam

174 3035 426 3075 uxorem
450 3019 698 3093 accepit,
720 3019 1045 3091 genuitque
1062 3036 1134 3075 ex
1152 3036 1222 3076 ea
1242 3020 1429 3076 tilium
1459 3021 1835 3080 Willelmum.

1952 1855 2123 1906 cutus
2136 1856 2227 1908 est
2241 1869 2378 1909 eum
2401 1870 2593 1926 usque
2614 1853 2884 1923 Ligerim.
2904 1854 3011 1911 Ubi
3023 1854 3085 1911 in
3099 1854 3268 1924 gravi
3282 1854 3489 1928 praelio
3500 1855 3517 1927 (
3525 1856 3617 1927 84)

1951 1942 2320 1999 decertantes
2351 1946 2712 1999 Francorum
2730 1949 2787 2000 et
2814 1944 3253 2017 Aquitanorum
3276 1944 3621 2015 animosita-

1952 2036 2059 2105 tes,
2091 2033 2280 2091 multo
2313 2035 2608 2105 sanguine
2640 2034 2869 2097 alterna
2898 2035 3041 2091 cede
3072 2034 3228 2105 fuso,
3278 2035 3617 2109 superiores

1955 2122 2161 2179 Franci
2176 2122 2511 2193 extiterunt,
2544 2127 2601 2179 et
2624 2122 2706 2179 sic
2737 2123 2959 2179 reversi
2989 2127 3146 2180 sunt.
3179 2127 3390 2180 Pacem
3408 2128 3621 2197 postea

1955 2212 2276 2268 Willelmus
2298 2230 2437 2268 cum
2462 2216 2707 2282 Hugone
2738 2217 2794 2268 et
2823 2212 2945 2269 ﬁlio
2978 2213 3107 2284 ejus
3137 2212 3416 2270 Rotberto
3462 2213 3616 2269 fecit.

1954 2305 2020 2358 Et
2047 2319 2149 2357 rex
2181 2305 2349 2370 Hugo
2376 2302 2647 2372 cogitans
2679 2318 2822 2373 erga
2854 2319 2914 2357 se
2966 2302 3065 2358 Dei
3108 2302 3385 2373 gratiam,
3441 2302 3621 2375 quasi

1953 2391 2144 2448 vicem
2162 2392 2517 2465 rependens,
2537 2392 2817 2448 defensor
2833 2391 3335 2448 clementissimus
3358 2391 3619 2447 ecclesia;

1955 2484 2054 2539 Dei
2079 2483 2281 2539 extitit.
2308 2487 2454 2539 Nam
2487 2482 2566 2538 ob
2584 2483 2740 2539 hanc
2755 2499 3006 2539 causam
3028 2482 3285 2539 creditur
3306 2483 3621 2555 progenies

1954 2573 2144 2631 Caroli
2176 2572 2515 2645 reprobata,
2550 2571 2693 2644 quia
2718 2572 2848 2643 jam
2869 2572 2974 2627 diu
3002 2571 3329 2642 neglegens
3351 2572 3453 2629 Dei
3482 2588 3620 2642 gra-

1953 2667 2120 2731 tiam,
2145 2661 2533 2719 ecclesiarum
2559 2661 2758 2735 potius
2791 2661 3115 2732 neglectrix
3155 2677 3342 2736 quam
3374 2662 3621 2717 erectrix

1952 2753 2286 2811 videbatur.
2315 2750 2473 2807 Beati
2494 2766 2636 2821 ergo
2654 2749 2895 2806 Dionisii
2918 2749 3286 2823 coenobium,
3310 2749 3478 2823 quod
3488 2750 3620 2822 jam

1953 2843 2264 2916 pristinam
2312 2838 2711 2897 monasticam
2768 2843 3116 2911 corruperat
3158 2853 3461 2908 normam,
3512 2855 3618 2895 rex

1954 2937 2121 3003 Hugo
2152 2930 2411 3002 regulari
2441 2930 2775 2997 honestate,
2795 2928 2946 2983 sicut
2964 2928 3025 2983 in
3045 2927 3146 2983 Dei
3165 2927 3356 2984 oculis
3386 2931 3616 2983 rectum

1952 3028 2096 3090 erat,
2121 3020 2429 3078 honestius
2454 3017 2804 3074 restauravit
2852 3034 2961 3092 per
2988 3032 3207 3073 manus
3258 3016 3616 3073 venerabilis

174 3112 297 3165 Rex
324 3111 528 3164 autem
560 3108 872 3164 Lotharius
906 3108 1282 3165 Lemovicam
1327 3110 1489 3179 adiit,
1519 3116 1576 3167 et
1605 3116 1841 3186 tempus
1873 3137 1917 3194 α
1954 3111 2219 3169 0dilonis
2250 3108 2508 3175 abbatis,
2540 3111 2597 3163 et
2626 3105 2743 3163 alia
2773 3110 3119 3163 sanctorum
3146 3104 3440 3194 nonnulla
3490 3122 3617 3162 mo-

174 3198 554 3271 aliquantum
570 3198 631 3255 in
647 3198 965 3271 Aquitania
992 3198 1204 3268 exegit.
1230 3199 1393 3256 Unde
1419 3207 1720 3259 revertens
1747 3206 1837 3277 ωδ,

173 3290 415 3344 Veneno
436 3286 693 3359 aregina
710 3305 820 3344 sua
840 3287 1113 3344 adultera
1134 3289 1426 3346 extinctus
1445 3296 1533 3347 est
1554 3296 1838 3366 (012.985).

176 3377 510 3451 Filiumque
531 3378 769 3452 reliquit
799 3378 1189 3445 Ludovicum,
1213 3380 1318 3451 qui
1336 3397 1456 3437 uno
1473 3386 1707 3439 tantum
1743 3402 1844 3441 an-

175 3482 257 3523 no
272 3466 681 3539 supervivens,
707 3466 907 3540 etipse
934 3471 1082 3539 potu
1104 3467 1382 3524 maleﬁcii
1413 3470 1469 3525 4'
1490 3476 1738 3528 necatus
1756 3480 1843 3530 est

176 3557 299 3629 (an.
331 3556 478 3629 987).
535 3560 808 3627 Regnum
834 3571 944 3629 pro
976 3572 1047 3612 eo
1078 3557 1347 3629 accipere
1378 3558 1565 3615 voluit
1594 3564 1845 3631 patruus

1953 3201 2215 3259 nasteria
2242 3200 2303 3255 in
2330 3198 2610 3254 decorem
2640 3198 2710 3231 ¹⁰⁶
2742 3195 3006 3269 pristinae
3022 3193 3353 3268 disciplima
3368 3210 3617 3253 revoca-

1952 3292 2035 3348 vit
2064 3292 2139 3347 δ’.
2174 3290 2398 3346 Eodem
2427 3292 2694 3360 tempore
2726 3286 3152 3357 gravissimum
3179 3285 3406 3342 bellum
3467 3286 3619 3341 inter

1955 3381 2311 3437 Willelmum
2332 3378 2551 3433 ducem
2573 3381 2630 3432 et
2645 3375 2987 3431 Gosfridum
3004 3374 3503 3444 Andegavensem
3523 3390 3618 3430 co-

1954 3471 2160 3528 mitem
2185 3470 2495 3541 peractum
2525 3469 2631 3521 est.
2667 3464 2781 3522 Sed
2829 3463 3132 3519 Gosfridus
3162 3462 3617 3521 necessitatibus

1954 3565 2144 3629 actus,
2178 3556 2465 3612 Willelmo
2491 3554 2626 3610 duci
2647 3569 2708 3609 se
2741 3551 3025 3619 subdidit,
3051 3567 3235 3625 seque
3263 3551 3317 3608 ei
3342 3552 3405 3608 in
3428 3551 3620 3608 mani-

184 3735 234 3792 ί·
256 3738 533 3817 elausere.
560 3736 814 3817 add-.24
842 3735 922 3804 εἴ·
958 3736 1134 3817 Gesta
1166 3736 1551 3817 ερρμβηθοι·
1585 3738 1887 3817 «regem
1922 3755 1937 3797 =
1969 3760 1997 3787 α
2020 3736 2084 3795 id
2106 3730 2551 3817 caespites“?
2579 3729 2761 3817 ﬁliae
2790 3727 3293 3817 ‘2.'.,E‘.i°.°0r~*riti£
3329 3726 3617 3817 ορηξξέοίυ

249 3807 648 3863 Gauzbertum
679 3799 984 3872 clericum,
1014 3799 1258 3861 fratrem
1291 3799 1686 3863 Eliae'comitis
1716 3810 1809 3877 “’7,
1843 3825 2031 3885 quem
2061 3805 2319 3865 reddidit
2349 3799 2788 3881 Willelmo,til.io
2818 3800 3086 3855 Willelmi
3108 3799 3591 3925 Capitis-stuppae

250 3879 445 3925 snnnri
481 3894 611 3925 sum-
648 3882 705 3925 et.
734 3894 843 3925 nrn
874 3877 1098 3925 nltinne
1135 3877 1423 3925 Benedicti
1456 3879 1823 3925 nnmnignrmi
1858 3882 2046 3925 nnnlie
2066 3876 2433 3925 nrivandum
2463 3877 2781 3925 consensu.
2817 3872 3104 3925 Defuncto
3136 3888 3297 3925 enim
3320 3870 3481 3925 Wllle
3508 3887 3591 3925 m<

249 3879 446 3954 senori
481 3894 612 3945 suo,
648 3882 705 3934 et
733 3894 843 3951 pro
874 3870 1098 3954 ultione
1132 3877 1427 3954 Benedicti
1456 3870 1829 3954 corepiscopi
1858 3870 2046 3939 oculis
2066 3872 3104 3954 privandunrconsensit."Defuﬁncto
3136 3870 3297 3954 enim
3320 3870 3481 3954 Wille

3508 3843 3615 3872 νυν)

3508 3887 3613 3927 ιΙιο

252 3941 809 4024 Οδρὶιθ-εῐιιρρθ,“θῖ
838 3981 905 3989 --
932 3949 1125 4024 tilium
1158 3949 1513 4024 Willelmum
1546 3941 1615 4006 αἱ
1634 3941 1823 4024 infra,
1856 3954 1964 4010 ubi
1989 3941 2114 4010 hair:
2146 3951 2379 4024 desunt.
2419 3946 2522 4024 His
2546 3943 2918 4024 temporibus
2947 3947 3001 3997 2.
3150 3943 3250 3999 Hic
3288 3941 3619 4024 construxit

252 4014 521 4101 castrum
550 4014 926 4101 Rbiicomum
952 4022 1064 4101 (85)
1096 4021 1237 4101 add.
1270 4025 1322 4076 2.
1347 4022 1407 4101 4“
1435 4038 1470 4077 a
1499 4039 1609 4101 sua
1635 4014 1894 4101 conjuge
1916 4024 2137 4082 Blanca
2167 4019 2423 4101 nomine.
2442 4014 2927 4101 add.‘2.'5'.Nam
2957 4014 3619 4101 episcopus‘A‘scelinus

252 4093 478 4150 montis
496 4093 897 4149 Leudenensis
920 4091 1086 4148 urbis
1108 4091 1452 4149 ebdomada
1478 4098 1613 4150 ante

254 4170 311 4221 et
341 4180 643 4222 consensu
669 4164 1069 4237 plurimorum
1094 4165 1218 4233 Ugo
1249 4164 1392 4232 dux,
1417 4164 1573 4220 ﬁlius

1675 4097 1924 4226 380.1136)

1675 4183 1826 4226 {oms
1904 4185 1924 4225 ε

1653 4183 1826 4237 gonis

1927 4100 2019 4153 ost
2041 4091 2381 4151 convivium
2410 4089 2469 4145 in
2493 4088 2644 4160 lecto
2664 4085 3073 4160 quiescentem
3096 4085 3237 4144 eum
3261 4085 3402 4142 dolo
3418 4085 3618 4160 capit,

1942 4167 2081 4242 petii
2117 4165 2258 4242 (86),
2278 4163 2339 4242 in
2368 4177 2573 4242 regem
2599 4156 2862 4242 ple—vatus
2892 4162 2999 4242 est.
3031 4162 3103 4215 At
3121 4173 3265 4242 vero
3295 4156 3542 4242 Carplus
3558 4156 3620 4212 in

254 4252 491 4317 parcere
525 4227 824 4317 usquead
855 4242 1111 4291 mortem
1132 4227 1395 4291 retentus
1424 4227 1893 4317 estAAurEIianis,
1928 4227 2267 4317 ubiqge‘nu‘it
2296 4227 2446 4315 2.6“
2466 4236 2570 4313 Per
2598 4230 2730 4287 illos
2754 4230 2915 4317 enim
2943 4228 3070 4317 dies
3102 4233 3353 4317 sanctus
3376 4227 3621 4317 Mai/plus

255 4299 665 4382 Cluniacensis
695 4308 913 4382 abbas,
943 4323 1252 4382 successor
1280 4308 1473 4382 sancti
1492 4308 1743 4382 _Odonis,
1774 4299 2166 4382 migravitvad
2196 4305 2520 4382 Dominum
2542 4304 2603 4382 in
2636 4299 3444 4382 monasterio._Salvinicensi‘
3470 4299 3607 4382 (87),

255 4379 429 4452 quod
457 4384 551 4455 est
577 4378 639 4435 in
664 4369 910 4455 Avernis
938 4378 1250 4449 territorio,
1284 4384 1338 4435 et
1385 4379 1611 4436 ibidem
1644 4369 1935 4455 sepultus,
1963 4378 2271 4455 miraculis
2298 4376 2432 4455 fulsi
2463 4451 2471 4455 _
2501 4380 2559 4431 et
2584 4372 2873 4455 successit
2900 4371 3117 4428 invitus
3142 4388 3253 4446 pro
3278 4387 3369 4439 eo,
3393 4369 3621 4427 electus

258 4445 386 4509 tam
419 4450 498 4509 ab
520 4451 651 4524 ipso
685 4451 891 4508 Odone
917 4466 1105 4523 quam
1136 4466 1172 4507 a
1206 4445 1421 4509 cuncta
1451 4445 1936 4525 congreg’etione',
1971 4452 2141 4511 Odilo
2173 4447 2551 4522 supradictus
2576 4445 2717 4503 add.
2758 4450 2811 4499 2.

1573 4633 1801 4686 VARle
1843 4628 2242 4687 LECTIONES.

260 4754 331 4790 ὀί
367 4753 742 4811 salasensem
773 4769 929 4810 corr.
990 4751 1359 4809 salasensem
1392 4757 1440 4808 l.

1524 4755 1592 4789 ¹⁰²
1622 4753 2048 4813 emendatione
2078 4758 2125 4809 1.
2207 4752 2279 4786 “’3
2309 4744 2805 4806 commendatum
2837 4748 2884 4798 1.
2966 4743 3035 4777 ¹⁰⁵
3072 4744 3380 4799 revertans
3418 4745 3465 4796 1.
3548 4740 3621 4775 ίοτι

184 4826 349 4884 ﬁlius
391 4841 549 4883 corr.
583 4832 649 4881 ut
680 4825 919 4883 videtur
946 4824 1102 4882 lilios
1130 4829 1178 4879 1.
1261 4826 1333 4859 ¹⁰⁶
1362 4824 1649 4882 decoram
1674 4830 1721 4881 1.
1804 4827 1874 4861 ¹⁰⁷
1907 4824 2130 4885 comitu
2158 4838 2207 4879 ι’.

1818 5004 2022 5063 nom:
2134 5074 2135 5077 γ

287 5140 383 5207 80)
424 5138 759 5197 Chambon.

254 5210 381 5280 (81)
420 5211 504 5269 Cf.
537 5210 749 5269 Bicher
772 5226 852 5280 1v,
876 5213 966 5268 47.

262 5280 383 5356 (82)
422 5285 545 5356 Hoc
571 5286 784 5356 posta.
822 5285 956 5356 1008
981 5280 1210 5356 factum
1231 5296 1361 5339 esse
1390 5297 1464 5356 ex
1492 5281 1700 5339 charta
1720 5294 1863 5338 con-

180 5353 411 5428 jicitur,
460 5354 523 5412 in
571 5353 695 5428 qua
744 5354 960 5426 legitur
999 5370 1027 5428 _:
1082 5354 1301 5428 Actum
1331 5355 1549 5428 (μὰρ.
1584 5357 1740 5423 1008,
1766 5368 1861 5428 νεῖ

184 5423 423 5498 'gnante
475 5423 729 5483 Rob—crto
772 5423 831 5483 ei
873 5426 1174 5483 Ludo-vico
1221 5432 1278 5483 et
1326 5425 1613 5483 Cartoino
1647 5443 1661 5481 :
1695 5423 1864 5497 quod

186 5503 405 5555 monet
436 5500 724 5571 Bouquet.

264 5570 385 5639 (83)
427 5572 509 5625 Ex
536 5567 810 5643 ipsorum
846 5584 1072 5643 genere
1100 5568 1544 5640 Thuringorum
1585 5567 1865 5639 landgra-

188 5640 327 5698 vios
352 5644 529 5697 natos
551 5640 718 5713 esse,
736 5640 907 5713 multi
934 5640 1047 5697 sibi
1074 5646 1520 5713 persuaserunt.

264 5713 380 5786 (84;)
422 5712 853 5786 Hoc_prae1ium
883 5712 1045 5786 (post
1072 5710 1345 5786 ejusdem
1394 5711 1583 5786 urbis
1609 5710 1864 5769 obsidio-

190 5783 385 5859 nem),
404 5783 651 5859 quod—3..
676 5788 804 5856 955,
826 5783 972 5842 teste
990 5783 1345 5853 Flodoardo,
1367 5785 1761 5844 commissum
1775 5786 1867 5841 est

1966 5136 2124 5215 inter
2148 5132 2465 5201 Hugonem
2494 5129 2795 5198 Magnum,
2824 5128 3057 5199 patrem
3087 5121 3354 5205 Hugonis
3380 5120 3626 5254 Οθεξιϋ,

1968 5211 2027 5254 et
2046 5202 2402 5254 Willelmum
2430 5202 2851 5254 Caput-stupes.
2870 5195 3027 5253 male
3044 5195 3247 5253 forsan
3266 5194 3365 5252 hic
3378 5210 3443 5251 re
3536 5197 3626 5250 tur

1968 5211 2027 5264 et
2046 5194 2402 5261 Willelmum
2430 5194 2856 5274 Caputvstupag',
2870 5195 3027 5274 male
3044 5195 3247 5253 forsan
3266 5194 3365 5274 hic
3378 5194 3630 5274 refriguit

1968 5278 2049 5336 ad
2070 5291 2276 5347 regem
2301 5264 2618 5343 Hugonem
2632 5274 2705 5347 pet
2732 5264 3090 5325 Willelmum
3117 5265 3446 5342 supradicti
3496 5264 3631 5324 Wil-

1968 5349 2132 5408 lelmi
2145 5344 2372 5404 lilium.
2404 5347 2574 5407 Bono.
2618 5344 2787 5399 Com.

2065 5421 2155 5493 85)
2195 5418 2277 5476 Cf.
2313 5431 2498 5490 supra
2526 5431 2577 5471 c.
2615 5418 2699 5493 19.
2732 5428 2792 5468 n.
2825 5415 2914 5493 ξξ.

2066 5481 2157 5564 86)
2195 5493 2326 5564 Jam
2353 5481 2536 5560 supra
2561 5501 2611 5564 c.
2632 5488 2723 5554 22,
2745 5499 2805 5540 n.
2834 5483 2887 5564 1:
2906 5483 3294 5564 interpolator
3315 5481 3633 5552 Hugonem

1973 5554 2398 5636 Magnumth
2417 5554 2663 5636 nomine
2693 5554 3119 5636 appellaverat.

2046 5625 2158 5709 (87)
2198 5627 2639 5698 Silviniacensi;
2689 5625 2996 5685 cffVitam
3021 5625 3215 5684 Maioli
3239 5641 3295 5683 a.
3361 5628 3509 5699 Syro
3539 5625 3631 5691 ΙΙΙ,

1978 5714 2063 5767 19.
