4944 6548
1351 490 1425 544 5f
2514 480 2827 539 ADEMARI
2869 480 2924 537 S.
2975 480 3252 538 CIBARDI
3292 484 3603 543 MONACH.
4721 483 4782 537 52

1349 584 1637 667 deberent
1666 608 1822 664 cives
1852 607 1905 663 ei
1931 604 2156 663 bellum
2179 607 2500 664 intuerunt.
2528 607 2745 663 Urbem
2766 621 3009 680 quoque
3048 610 3093 662 Α
3123 610 3211 663 ter
3236 610 3384 681 ejus,
3418 627 3526 685 per
3555 624 3806 666 manum
3836 608 4106 665 Willelmi
4130 608 4322 678 ducis,
4385 611 4784 664 consecratus»

1347 697 1593 756 Turonis
1623 695 1935 753 obsidione
1964 696 2242 752 affectam
2272 696 2333 752 in
2365 696 2732 752 deditionem
2759 696 3007 769 accepit,

1348 794 1405 845 et
1435 786 1715 845 Fulchoui
1738 785 1941 842 comiti
1970 786 2391 855 Andegavensi
2441 785 2728 853 donavit;
2780 786 2885 841 sed
2914 785 3008 841 ille

1347 876 1588 947 ingenio
1625 872 1836 932 doloso
1888 875 1939 931 1'
1968 874 2189 931 civium
2236 875 2434 931 amisit
2488 880 2623 948 post
2672 874 3007 948 paululum,

1350 968 1406 1022 et
1434 964 1648 1021 iterum
1695 962 1822 1021 Odo
1875 962 2305 1037 Campanensis
2356 980 2490 1019 eam
2535 962 2905 1035 recuperavit
2932 962 3005 1018 2'.

1348 1055 1478 1109 Dux
1502 1068 1644 1110 vero
1672 1052 1992 1109 Willelmus
2036 1052 2097 1108 in
2128 1052 2466 1108 monastico
2507 1051 2715 1107 habitu
2741 1051 3008 1107 seculum

1350 1141 1792 1215 derelinquens,
1818 1141 2101 1197 humatus
2131 1145 2216 1197 est
2242 1140 2405 1213 apud
2424 1140 2855 1195 monasterium
2878 1156 3011 1196 san-

1352 1231 1428 1289 cti
1450 1231 1719 1290 Maxentii
1754 1232 1871 1301 (an.
1905 1234 2053 1298 993),
2113 1234 2168 1285 et
2222 1229 2623 1303 principatum
2679 1234 2814 1302 post
2869 1245 3009 1284 eum

1351 1320 1759 1377 strenuissime
1788 1318 2223 1375 administravit
2252 1318 2574 1374 Willelmus
2604 1318 2760 1373 ﬁlius
2776 1319 2923 1389 ejus.
2946 1321 3011 1373 Et

1350 1407 1727 1477 Aldebertus,
1782 1406 2057 1463 Gentiaco
2110 1411 2285 1479 capto
2344 1412 2538 1464 castro
2582 1412 2637 1462 et
2684 1407 3005 1474 destructo,

1349 1500 1614 1571 itemque
1645 1514 1680 1554 a
1710 1496 1994 1553 Willelmo
2022 1497 2075 1553 3'
2103 1496 2511 1553 reediﬁcatum
2534 1496 2682 1552 dum
2715 1497 2773 1552 id
2802 1496 3008 1570 ipsum

1348 1585 1702 1653 obsedisset,
1730 1592 1787 1642 et
1812 1586 2079 1642 secundo
2108 1586 2528 1653 destrueretur,
2578 1591 2633 1642 et
2674 1602 2918 1641 securus
2956 1588 3009 1641 4⁸

1349 1673 1863 1748 circumequitaret
1893 1678 1956 1729 ut
1971 1673 2097 1744 jam
2129 1674 2327 1741 victor,
2343 1674 2461 1729 ictu
2487 1675 2711 1745 sagittae
2735 1678 3007 1730 mortuus

1351 1770 1406 1821 et
1436 1767 1650 1821 Sancto
1683 1764 1923 1820 tiarrofo
1955 1764 2228 1820 conditus
2254 1768 2341 1820 est
2368 1783 2380 1832 ;
2422 1768 2477 1819 et
2513 1764 2765 1820 surrexit
2798 1780 2906 1837 pro
2938 1780 3009 1820 eo

1352 1858 1502 1911 Boso
1526 1853 1704 1909 frater
1730 1853 1779 1924 ej
1793 1869 1878 1908 us.
1914 1854 2095 1924 [Tunc
2126 1852 2467 1923 Willelmus,
2517 1858 2760 1926 accepta
2791 1854 2849 1909 in
2883 1870 3009 1909 mav

1348 1944 1627 2001 trimonio
1658 1942 1987 2000 Adalmode
2019 1944 2273 2015 conjuge
2309 1944 2693 2017 suprascripti
2732 1944 3009 1999 Aldeber-

1350 2035 1388 2091 ti
1422 2035 1514 2105 ‘9‘]
1546 2033 1888 2089 Rotbertum
1919 2049 2121 2103 regem
2152 2033 2459 2089 accersivit
2515 2034 2592 2089 ad
2641 2034 3004 2106 capiendum

1348 2129 1608 2181 castrum
1640 2122 1956 2189 Bellacum,
1988 2124 2153 2195 quod
2203 2123 2439 2179 tenebat
2480 2126 2627 2179 Boso
2673 2125 2742 2177 εν.
2800 2123 3005 2179 Omnis

1352 2212 1582 2273 Frantia
1604 2208 1875 2268 bellatrix
1900 2227 1971 2267 eo
2000 2211 2264 2268 conﬂixit
2292 2212 2364 2279 ϐ’,
2414 2211 2519 2266 sed
2565 2212 2842 2268 frustrata
2872 2217 3008 2284 post

1349 2300 1573 2360 multos
1604 2300 1730 2356 dies
1762 2315 1900 2355 cum
1929 2315 2038 2354 suo
2062 2315 2199 2369 rege
2232 2299 2489 2354 recessit.
2554 2303 2686 2371 Ipso
2741 2304 3006 2371 tempore

1351 2392 1499 2447 dum
1545 2388 1861 2446 obsessum
1907 2391 2059 2443 esset
2109 2387 2371 2443 Widonis
2410 2388 2773 2443 vicecomitis
2808 2389 3009 2443 Procia

1351 2480 1501 2551 (105)
1559 2481 1823 2534 castrum
1882 2494 1917 2533 a
1973 2476 2124 2532 duce
2180 2477 2522 2550 supradicto
2552 2476 2604 2531 7‘
2649 2493 2786 2533 cum
2816 2477 3010 2533 valida

1353 2584 1562 2638 manu,
1592 2566 1759 2623 Wido
1787 2567 1839 2623 8‘
1869 2565 2215 2621 obsessores
2242 2565 2398 2622 bello
2430 2566 2673 2639 appetit,
2718 2571 2774 2622 et
2820 2566 2894 2621 de
2926 2566 3009 2621 eis

1350 2675 1638 2729 magnam
1674 2656 1745 2693 ¹²⁵
1778 2662 2034 2727 stragem
2065 2656 2229 2713 dedit
2257 2658 2451 2713 Victor
2483 2657 2660 2728 (circa
2692 2672 2790 2713 an.
2830 2660 3009 2725 1000),

1350 2744 1844 2820 obsidionemque
1871 2745 2189 2818 disrumpit
2221 2746 2311 2800 ηδ.

1420 2841 1507 2894 35.
1539 2834 1833 2892 Arnaldus
1878 2838 2078 2890 autem
2131 2849 2332 2889 comes
2375 2833 2861 2907 Engolismensis,
2895 2850 3005 2907 pro

1350 2924 1447 2983 Dei
1481 2925 1687 2981 timore
1718 2922 1871 2980 facto
1903 2921 2247 2979 habitaculo
2274 2922 2717 2979 monachorum
2744 2924 2803 2979 in
2834 2923 3017 2979 eccle-

1348 3013 1434 3069 sia
1466 3012 1724 3070 Buxcnsi
1755 3011 1944 3067 sancti
1973 3011 2243 3067 Amancii
2282 3012 2452 3081 (106),
2484 3017 2541 3067 et
2567 3012 2649 3067 ibi
2682 3012 2867 3068 misso
2916 3028 3008 3068 re-

1346 3095 1609 3158 verendo
1642 3094 1860 3158 abbate
1890 3099 2133 3156 nomine
2162 3101 2483 3167 Francone,
2538 3100 2596 3156 in
2649 3100 2787 3157 aula
2819 3101 3011 3157 sancti

1350 3188 1624 3263 Eparehii
1655 3188 1844 3246 factus
1868 3204 2177 3255 monacus,
2214 3188 2481 3262 sepultus
2514 3194 2601 3245 est
2632 3193 2663 3245 4
2695 3193 2840 3247 Non.
2867 3192 3006 3246 Mar.

1349 3280 1522 3353 juxta
1555 3277 1787 3354 patrem
1827 3277 1884 3335 9‘
1911 3292 2111 3335 suum.
2172 3281 2237 3334 Et
2294 3278 2612 3352 episcopus
2664 3278 3011 3347 Aldegerius

1356 3367 1687 3426 Lemovices
1743 3368 1828 3423 10‘
1881 3383 2019 3423 cum
2062 3366 2507 3440 pretiosioribus
2533 3367 2899 3423 indumentis
2928 3384 3015 3423 sa-

1357 3451 1758 3512 cerdotalibus
1817 3470 1889 3511 ex
1946 3452 2084 3511 aula
2133 3454 2321 3511 sancti
2352 3453 2639 3512 Marcialis
2672 3455 2817 3512 abiit
2844 3457 3017 3511 Fran-

1357 3545 1533 3613 ciam,
1560 3550 1619 3602 et
1646 3544 1728 3602 ibi
1761 3545 1880 3601 vita
1906 3543 2175 3617 privatus
2198 3545 2384 3615 (circa.
2415 3560 2516 3601 an.
2559 3548 2707 3617 990),
2751 3544 3016 3618 sepultus

1358 3638 1445 3691 est
1470 3632 1635 3708 apud
1665 3637 1949 3692 Sanctum
1980 3633 2331 3702 Dionisium,
2359 3638 2415 3689 et
2439 3649 2548 3707 pro
2571 3634 2875 3707 sepultura
2909 3651 3017 3691 sua

1358 3723 1602 3782 contulit
1629 3723 1890 3798 pretiosa
1913 3740 2049 3798 quae
2083 3727 2494 3798 asportaverat
2530 3740 2567 3781 a
2616 3726 2831 3782 Sancto
2875 3728 3017 3781 Mar-

1357 3813 1503 3872 ciale
1532 3819 1904 3873 ornamenta.
1937 3814 2231 3872 Successit
2262 3813 2530 3888 pontifex
2559 3813 2872 3885 Alduinus,
2907 3814 3018 3871 fra-

3118 713 3236 769 que
3262 704 3349 755 est
3380 699 3739 769 Engolismee
3766 698 3845 755 ab
3894 698 3980 753 11"
4032 697 4320 770 episcopo
4379 697 4656 768 Hugone.
4692 700 4784 751 Ar-

3118 788 3338 844 naldus
3392 788 3773 863 supradictus
3844 802 4258 843 successorem
4332 786 4448 842 sibi
4512 785 4784 843 comitem

3117 877 3371 951 reliquid
3462 877 3815 947 Engolismaa
3896 875 4256 932 Willelmum
4331 875 4528 932 ﬁlium
4587 891 4782 931 suum.

3118 970 3385 1023 Preterea
3442 967 3736 1023 Fulcadus
3799 966 3949 1037 (107)
4022 965 4344 1039 episcopus
4397 981 4511 1039 per
4565 969 4629 1021 12
4684 980 4787 1021 an-

3117 1073 3228 1113 nos
3298 1057 3501 1113 vivens
3534 1100 3547 1124 ,
3634 1054 4000 1113 Ranuulfum
4073 1070 4490 1112 successorem
4565 1055 4790 1128 accepit

3120 1147 3242 1215 (an.
3267 1146 3411 1217 964).
3459 1147 3588 1211 Quo
3642 1144 3927 1217 episcopo
3971 1145 4258 1200 existente
4296 1159 4405 1217 per
4435 1158 4663 1199 novem
4692 1158 4790 1199 an-

3118 1249 3229 1289 nos
3279 1240 3335 1290 et
3382 1238 3620 1290 mortuo
3672 1234 3759 1289 12‘
3812 1233 3935 1304 (an.
3985 1234 4132 1304 9Z3),
4184 1231 4570 1305 supradictus
4625 1234 4791 1303 ﬁngo

3118 1324 3533 1397 episcopatum
3591 1338 3700 1397 per
3745 1326 3815 1378 20
3844 1337 4037 1377 annos
4066 1321 4326 1378 obtinuit
4381 1326 4509 1389 (an.
4537 1324 4692 1393 993),
4738 1326 4797 1377 et

3122 1416 3205 1469 13'
3259 1418 3395 1486 post
3445 1429 3583 1469 eum
3639 1410 4050 1478 Grimoardus,
4104 1410 4323 1467 deinde
4386 1414 4474 1467 14'
4527 1411 4793 1468 domnus

3119 1503 3283 1558 Roho
3337 1503 3579 1559 antistes
3618 1502 3912 1572 gloriosus
3970 1500 4329 1571 Engolismte
4358 1501 4596 1558 refulsit
4641 1502 4795 1573 (108)

3119 1599 3215 1657 (ειη
3269 1590 3587 1659 993-1017).
3650 1586 3747 1642 His
3805 1586 4019 1641 diebus
4072 1584 4408 1658 pestilentia
4463 1585 4629 1657 ignis
4699 1602 4796 1642 su-

3117 1691 3225 1749 per
3256 1675 3663 1732 Lemovicinos
3715 1675 3955 1731 exarsit.
4009 1676 4274 1746 Corpora
4318 1674 4483 1730 enim
4523 1674 4796 1731 virorum

3118 1770 3175 1821 et
3202 1765 3519 1821 mulierum
3553 1780 3739 1839 supra
3768 1780 4093 1821 numerum
4120 1763 4405 1820 invisibili
4430 1764 4576 1834 igne
4616 1764 4797 1837 depa-

3120 1854 3437 1911 scebautur
3467 1859 3522 1910 et
3551 1854 3777 1927 ubique
3797 1854 4076 1926 planctus
4102 1857 4323 1909 terram
4353 1852 4640 1926 replebat
4674 1868 4792 1919 (an.

3048 1968 3087 2020 Β
3118 1949 3264 2004 991).
3314 1943 3620 2000 Gosfridus
3676 1959 3817 2012 ergo
3867 1943 4060 1999 abbas
4105 1942 4295 1998 sancti
4340 1942 4669 2013 Marcialis,
4701 1945 4797 2016 qui

3116 2038 3480 2089 successerat
3534 2032 3782 2103 Wigoni,
3833 2038 3891 2089 et
3927 2032 4222 2088 Alduinus
4279 2032 4640 2106 episcopus,
4703 2034 4799 2090 ha.

3115 2123 3241 2178 bito
3304 2122 3557 2178 consilio
3606 2138 3745 2178 cum
3799 2121 3954 2178 duce
4010 2121 4301 2177 Willelmo
4333 2165 4348 2192 ,

3111 2212 3409 2283 jejunium
3486 2211 3863 2267 Lemovicino
3929 2210 4247 2267 indicunt.

3116 2301 3447 2373 Aquitaniae
3509 2300 3774 2373 episcopi
3830 2299 3891 2355 in
3955 2315 4145 2355 unum
4178 2299 4515 2356 Lemovictn
4550 2315 4798 2371 congre-

4438 2122 4798 2179 triduanum

4329 2212 4497 2266 Tunc
4587 2226 4797 2268 omnes

3119 2390 3237 2457 gati
3292 2394 3447 2457 sunt,
3500 2405 3751 2462 corpora
3780 2404 4025 2462 quoque
4054 2392 4113 2444 et
4139 2387 4409 2461 reliquias
4439 2395 4799 2446 sanctorum

3118 2478 3541 2549 undecumque
3600 2477 4007 2549 sollempniter
4051 2477 4319 2533 advectae
4375 2482 4525 2534 sunt
4582 2478 4694 2549 ibi,
4751 2485 4803 2535 et

3120 2583 3337 2639 corpus
3392 2566 3581 2622 sancti
3631 2566 3914 2622 Marcialis
3940 2565 4175 2638 patroni
4229 2567 4304 2601 ¹²⁷
4355 2565 4567 2622 Gallia
4612 2567 4695 2623 de
4723 2585 4803 2623 se-

3121 2657 3373 2729 pulchro
3402 2655 3664 2711 levatum
3695 2660 3802 2723 est,
3834 2656 3995 2711 unde
4026 2654 4221 2712 leticia
4249 2655 4559 2712 immensa
4591 2673 4803 2713 omnes

3123 2745 3327 2817 repleti
3354 2749 3510 2810 sunt,
3541 2748 3598 2800 et
3630 2745 3829 2800 omnis
3860 2744 4179 2800 inﬁrmitas
4228 2744 4460 2818 ubique
4521 2748 4803 2814 cessavit,

3124 2838 3487 2907 pactumque
3519 2834 3685 2905 pacis
3716 2838 3773 2890 et
3796 2833 4036 2904 justicia
4065 2849 4103 2890 a
4131 2833 4287 2889 duce
4313 2838 4374 2890 et
4417 2834 4808 2910 principibus

3123 2922 3381 2978 vicissim
3412 2923 3484 2956 ¹²⁸
3516 2922 3805 2978 fmderata
3833 2926 3938 2978 est.
3982 2921 4275 2979 Alduinus
4319 2927 4532 2979 autem
4581 2926 4807 2997 episco-

3125 3028 3239 3085 pus
3267 3010 3703 3066 monasterium
3729 3011 3918 3066 sancti
3952 3010 4233 3084 Stephani
4257 3014 4613 3080 Agentense
4642 3018 4808 3085 (109),

3125 3101 3290 3174 quod
3340 3100 3708 3170 Hildegarius
3759 3105 3967 3157 ornate
4011 3100 4396 3173 disposuerat
4455 3102 4521 3158 in
4582 3119 4809 3175 magna

3127 3196 3364 3247 caterva
3410 3190 3870 3260 monachorum,
3928 3206 4036 3264 per
4092 3190 4420 3247 triennium
4467 3197 4810 3268 antequam

3053 3319 3091 3371 Γ
3128 3284 3463 3371 moreretur
3515 3280 3598 3334 15'
3645 3276 3960 3371 destruxit,
4013 3283 4070 3335 et
4119 3268 4455 3371 canonicos
4508 3279 4605 3337 ibi
4650 3284 4809 3339 resti-

3122 3369 3249 3425 tuit.
3285 3372 3401 3424 Hac
3428 3366 3503 3422 de
3533 3382 3693 3423 noxa
3725 3367 4103 3423 Lemovicam
4135 3367 4292 3425 intra
4318 3367 4551 3425 urbem
4608 3388 4811 3428 mona-

3125 3458 3270 3512 chos
3324 3456 3384 3511 in
3441 3454 3689 3511 ecclesia
3737 3456 3925 3512 sancti
3978 3455 4207 3512 Martini
4283 3456 4523 3528 regulas
4614 3460 4815 3516 subdi-

3126 3550 3216 3602 tos
3270 3545 3598 3615 adgregare
3671 3544 3918 3601 curavit.
4005 3545 4174 3617 Saepe
4238 3544 4405 3602 idem
4486 3546 4815 3605 Alduimus

3125 3651 3236 3708 pro
3263 3633 3540 3707 nequicia
3568 3632 3779 3708 populi
3812 3635 3896 3690 16'
3924 3649 4145 3690 novam
4176 3633 4664 3695 observantiam
4692 3655 4816 3695 con-

3128 3723 3328 3792 stituit,
3385 3722 3607 3779 scilicet
3656 3721 3934 3779 ecclesias
3983 3726 4041 3778 et
4085 3723 4465 3781 monasteria
4502 3741 4759 3783 cessare
4788 3744 4816 3781 a

3126 3812 3330 3869 divino
3360 3811 3521 3869 cultu
3546 3815 3603 3868 et
3628 3816 3835 3867 sancto
3865 3811 4179 3879 sacriﬁcio,
4205 3814 4265 3867 et
4290 3813 4624 3886 populum
4652 3817 4818 3890 quasi

1364 3994 1411 4050 1'
1442 3992 1804 4069 vicecomitis
1830 3996 1888 4069 et
1914 3992 2056 4048 add.
2090 3996 2142 4047 2.
2212 3991 2415 4069 _2‘_Qui
2443 4008 2581 4069 cum
2610 4008 2744 4069 eam
2775 3991 3094 4069 obsideret,
3122 4004 3511 4069 nequaquam
3536 4004 3643 4069 rex
3669 3990 4036 4069 Francorum
4055 4004 4251 4069 ausus
4279 3993 4376 4046 est
4407 4006 4575 4069 eum
4603 4010 4817 4069 prove.

1432 4076 1569 4119 care
1622 4063 1700 4119 ad
1748 4066 2071 4130 certamen,
2125 4063 2233 4118 sed
2279 4063 2395 4118 hoc
2441 4062 2495 4119 ei
2536 4063 2846 4120 mandavit
2878 4081 2889 4119 :
2924 4058 3152 4132 Quis'te
3172 4058 3439 4132 «imit—em
3470 4060 3735 4117 destituit
3756 4063 3784 4117 ‘2
3814 4063 3880 4118 Et
3906 4058 4715 4132 Aldebertusremandiivit
4737 4068 4816 4122 ei:

1436 4135 1578 4208 Quis
1609 4140 1665 4208 te
1686 4148 1882 4204 regem
1912 4136 2267 4208 constituit?
2293 4134 2433 4208 add.
2466 4138 2519 4191 2.
2560 4142 2613 4192 et
2639 4135 2803 4208 Pith.
2827 4151 2888 4208 p.
2919 4130 2986 4190 82
3016 4150 3090 4191 ex
3118 4137 3171 4189 4.
3249 4131 3640 4208 3ίΡῙοιεξγίηρ
3670 4131 3811 4208 add.
3844 4136 3897 4188 2.
3976 4134 4032 4188 4⁸
4067 4132 4198 4208 jam
4225 4130 4436 4208 victor!
4474 4137 4707 4194 nudus
4737 4155 4818 4194 ar-

1436 4201 2101 4286 miscircumequitaret
2126 4209 2180 4286 2.
2255 4206 2310 4286 ξιξ
2340 4208 2758 4286 construxerat
2781 4201 2981 4286 ipsum
3013 4210 3283 4286 castrum
3304 4206 3451 4284 Boso
3481 4201 3718 4285 _Vetulus
3754 4203 3822 4286 in
3844 4201 4082 4286 ‘marca
4134 4203 4539 4285 Lemovicina
4773 4215 4816 4263 2.

1437 4277 1489 4330 δ’
1523 4279 1580 4331 et
1609 4273 1926 4359 .Aquitania
1955 4276 2095 4357 add.
2128 4281 2181 4331 2.
2239 4278 2310 4359 '7'
2339 4281 2397 4332 et
2420 4276 2549 4332 aliis
2577 4281 2611 4333 4
2642 4273 2959 4359 comitibus
2986 4277 3127 4358 add.
3159 4280 3214 4345 2,
3247 4275 3450 4355 Procia
3476 4273 3538 4331 in
3562 4290 3727 4401 pago
3754 4274 4039 4355 Byturicae
4072 4289 4109 4331 a
4146 4274 4435 4358 quinque
4486 4280 4817 4336 comitibus

1440 4354 1579 4401 cum
1610 4345 2029 4401 innumerabili
2060 4351 2339 4401 exercitu.
2366 4347 2521 4401 bello
2546 4364 2648 4401 eos
2674 4353 2917 4401 appetit.
2940 4352 2997 4401 et
3020 4352 3207 4401 victor
3232 4349 3491 4401 emstens
3521 4360 3559 4401 ο
3606 4362 3653 4401 Si
3699 4361 3900 4401 ionem
3929 4345 4204 4401 disrunit.
4256 4348 4538 4401 Comites
4586 4351 4817 4401 fuerunt

3606 4362 3717 4401 8101

1440 4354 1579 4422 eum
1607 4345 2029 4422 innumerabili
2060 4347 2521 4422 cx_e_rcitu,_bello
2546 4348 2917 4422 eosappetit,
2940 4352 2997 4404 et
3020 4348 3216 4422 victor
3232 4346 3491 4422 existens
3521 4360 3559 4402 ο

1438 4416 1766 4473 Willelmus
1791 4416 1936 4481 dux,
1960 4418 2276 4488 Arnaldus,
2306 4418 2477 4490 Elias,
2505 4416 2876 4485 Adelbértus,
2910 4422 3060 4475 Boso
3088 4419 3251 4490 Pith.
3285 4433 3345 4490 p.
3380 4420 3466 4490 _82
3518 4432 3595 4490 ex
3644 4419 3699 4473 4.
3776 4417 3827 4490 8'
3884 4419 4032 4490 Qum

3719 4345 3900 4402 onem
3929 4345 4204 4408 disrupit.
4256 4345 4538 4405 Cdmites
4585 4351 4819 4408 fuerunt

4135 4417 4506 4475 emovicinis
4571 4424 4726 4479 add.
4772 4428 4816 4475 2.

1435 4490 1494 4545 9⁸
1524 4493 1777 4561 matrem
1807 4502 1985 4545 suam.
2009 4494 2062 4544 2.
2144 4490 2227 4545 10‘
2258 4486 2567 4546 successor
2597 4490 2723 4547 Ebli
2754 4492 2895 4548 add.
2924 4494 2977 4546 2.
3022 4560 3027 4561 ί
3060 4491 3143 4545 11⁶
3168 4488 3245 4545 ab
3276 4486 3727 4561 archiepiscopo
3772 4487 4196 4561 Burdegalensi
4247 4490 4646 4561 Gumbaldo,
4703 4499 4759 4550 et
4790 4510 4819 4547 ει

1438 4559 1737 4640 Fronterio
1764 4560 2245 4640 Petrugoricensi,
2275 4565 2332 4617 et
2360 4561 2565 4640 Aboue
2593 4560 3055 4640 Sanctonicensi,
3086 4565 3145 4617 et
3177 4562 3389 4640 Ugone
3406 4558 3827 4640 Eg'olisniensi,
3862 4561 3969 4640 qui
4019 4576 4160 4640 eum
4207 4561 4545 4640 Lemo‘vice
4565 4558 4820 4640 intraui-

1437 4630 1833 4707 zavit,_prim9
1853 4631 1914 4687 in
1943 4629 2229 4688 cathedra
2256 4633 2579 4707 vectatoria
2600 4632 3107 4707 apudecclesiam
3131 4630 3325 4707 sancti
3352 4629 3615 4707 Gerardi,
3647 4629 3959 4707 deindein
3987 4630 4733 4707 sede_sanc_ti_MarciaJis.
4763 4642 4819 4691 At

1434 4718 1574 4758 vero
1604 4700 1901 4790 Krnaldus
1922 4707 1974 4759 2.
2020 4707 2103 4759 12'
2144 4708 2388 4777 accepto
2395 4704 2583 4829 (iuxta
2611 4700 2924 4761 basilicam
2956 4702 3142 4784 sancti
3177 4701 3447 4784 Eparchii
3476 4700 3997 4783 quemadmodum
4022 4704 4093 4737 ¹²⁹
4127 4701 4417 4791 Fulcaldo
4441 4705 4821 4787 [sepulchm‘

1436 4773 1578 4829 add.
1611 4778 1664 4829 2.
1744 4778 1806 4829 13
1854 4790 1986 4829 lDSO
2013 4774 2243 4829 sepulto
2270 4790 2393 4829 anu
2470 4777 2753 4829 Sanctum
2802 4775 3161 4829 Euarchium
3214 4789 3275 4829 m
3331 4778 3663 4829 monastico
3707 4772 3916 4828 habitu
3958 4772 4101 4829 add.
4150 4777 4206 4829 2.
4289 4776 4356 4829 14
4412 4778 4665 4829 Deinde
4716 4781 4821 4829 Roo

1436 4773 1578 4848 add.
1611 4778 1676 4848 2.7
1744 4774 1986 4848 13'_ipso_
2013 4774 2243 4848 sepulto
2270 4773 2436 4847 apud
2470 4777 2753 4848 Sanctum

2890 4774 3161 4831 archium
3214 4772 3275 4829 in
3331 4772 3663 4829 monastico
3707 4772 3916 4828 habitu
3958 4772 4101 4829 add.
4150 4777 4206 4830 2.
4289 4775 4379 4829 14‘
4412 4772 4665 4833 Deinde
4716 4781 4823 4833 R00

1436 4778 1578 4830 add.
1611 4778 1664 4829 2.
1744 4778 1827 4830 13'
1854 4778 1987 4855 ipso
2013 4778 2243 4848 sepulto
2270 4778 2436 4847 apud
2470 4778 2753 4832 Sanctum
2802 4778 3161 4901 Eﬁarchium
3214 4778 3275 4829 in
3331 4778 3663 4861 monastico
3707 4778 3916 4854 habitu
3958 4778 4101 4855 add.
4150 4778 4206 4830 2.
4289 4778 4379 4829 14'
4412 4778 4665 4833 Deinde
4706 4781 4823 4859 .Roo

1435 4844 1615 4915 (corr.
1660 4845 1845 4915 Roho)
1896 4861 2214 4919 episcopus
2245 4850 2296 4903 2.
2380 4847 2465 4901 15'
2493 4847 2778 4904 suadente
2885 4844 3064 4903 abolo
3109 4845 3251 4901 add.
3286 4849 3338 4900 2.
3420 4849 3483 4901 t6
3532 4860 3645 4918 pro
3699 4859 3914 4917 rapina
3966 4844 4223 4902 mihtum
4277 4849 4338 4901 et
4390 4846 4823 4907 devastatione

1440 4931 1782 4991 pauperum
1812 4922 1865 4973 2.

2749 5017 2978 5071 VARUE
3017 5015 3417 5071 LECTIONES.

1442 5136 1513 5171 ¹²⁸
1538 5137 1685 5209 Haec
1703 5142 1787 5193 est
1808 5140 1840 5192 2
1865 5138 2183 5207 suppleta;
2210 5138 2483 5209 quaedam
2512 5138 2668 5194 enim
2708 5139 2769 5193 in
2799 5142 2819 5192 1
2856 5137 3052 5195 deesse
3076 5144 3351 5208 apparet,
3382 5139 3651 5209 quamvis
3683 5136 3988 5209 htec,iquae
4012 5138 4210 5193 minus
4256 5144 4424 5195 recte
4484 5142 4676 5201 dicta
4725 5158 4829 5199 esse

1364 5207 1742 5265 Benedictini
1765 5214 2142 5266 annotarunt
2189 5207 2488 5265 Ademaro
2519 5210 2835 5266 obtrudere
2861 5211 3092 5280 nolim;
3119 5214 3365 5315 accepta
3392 5207 3460 5248 μ
3490 5208 3786 5264 Aldeberti
3813 5207 4025 5264 desunt
4055 5211 4233 5265 etiam
4263 5213 4319 5278 4,
4408 5212 4491 5245 ³³⁵
4526 5230 4827 5285 magnum

1370 5282 1391 5315 Ι
1517 5279 1590 5315 1η
1643 5277 1963 5315 (“amur-nil»
2020 5249 2251 5315 ιΙηηληο
2305 5279 2473 5315 ιδωοδ.
2529 5284 2551 5315 Ι
2657 5279 2731 5315 “'1
2785 5278 3051 5315 animuin
3082 5284 3101 5315 ι
3211 5282 3258 5315 12
3337 5279 3564 5315 vinicium
3601 5284 3619 5315 Ι
3726 5279 3887 5315 ιγίηἰία
3937 5279 4389 5315 αἰτηηιιηιῖοηιο
4510 5284 4593 5315 ιιι
4658 5302 4824 5315 ...ηπ

1366 5249 2251 5408 2:135"

2303 5279 2473 5339 lineis
2529 5284 2581 5339 i.
2657 5279 2731 5317 ¹¹⁷
2785 5278 3130 5355 Ρᾶῐτοηὶςί.
3211 5282 3258 5316 ¹²

3337 5279 3569 5337 vicisim
3601 5284 3650 5337 1.
3726 5279 3889 5336 viciis
3937 5279 4416 5354 simphoderata.
4510 5284 4593 5322 ¹²⁹
4653 5279 4828 5361 quem

2972 5476 3195 5533 NOTE.

1442 5599 1591 5665 (ωδ)
1632 5598 1839 5681 Brosse
1896 5598 1955 5679 in
2002 5614 2159 5673 pago
2213 5598 2597 5667 Bituricensi;
2648 5599 2723 5657 ος.
2769 5599 3027 5658 Aimoini
3138 5598 3523 5728 Inbb.lx,g
3552 5599 3680 5672 s79)
3708 5617 3721 5656 ε
3748 5599 3907 5684 Napi
3934 5605 3995 5657 et
4385 5606 4827 5685 nosich
4866 5588 4867 5619 ‘

1442 5677 1496 5722 r.
1533 5668 1588 5724 S.
1621 5666 1919 5724 Benedicti
1952 5684 2009 5729 ιι.
2046 5675 2099 5727 11
2140 5684 2273 5729 sua.
3140 5671 3430 5729 (ismensu
3520 5688 3635 5729 uao
3662 5702 3733 5713 -—
3756 5677 4026 5729 amante
4093 5687 4157 5728 os
4180 5675 4255 5729 4-0
4283 5689 4499 5729 annos
4520 5682 4824 5729 anim-amt.

1375 5665 1588 5746 κίε-ἒς
1621 5666 1919 5746 ἱξθῐιθᾷίριί
1952 5665 2114 5746 "Ili
2140 5684 2273 5746 sqq:

1444 5737 1593 5809 (106)
1634 5737 2056 5797 Saint-Amand
2078 5741 2154 5798 de

1378 5810 1714 5953 "’(igif'ne
1745 5880 1930 5953 Ebulo
1960 5882 2255 5951 cogitasse
2285 5882 2521 5940 νίάθιιιτ
2544 5902 2560 5953 ;
2582 5882 2657 5940 οτ-
2690 5898 2743 5940 ⁰ο
2776 5887 2863 5941 ²⁸·

1450 5949 1599 6030 (108)
1639 5949 1720 6008 Cf.
1753 5950 1889 6009 hist.
1917 5949 2084 6038 conc.
2142 5955 2299 6010 Lem.
2346 5970 2401 6041 θ..
2441 5949 2596 6040 1031.
2643 5954 2898 6021 (Concit.
2926 5954 3025 6011 ed.

2259 5743 2401 5814 isse,
2459 5741 2534 5799 cf.
2592 5741 2779 5798 Gallia
2816 5742 3026 5810 Christ,

3140 5671 3430 5751 tismensis
3455 5671 3635 5743 Hugo
3662 5671 3733 5713 έ-
3756 5673 3864 5751 qui
3885 5677 4026 5729 ante
4050 5671 4157 5751 hos
4180 5671 4499 5751 mm
4520 5671 4824 5751 migraéa.

3136 5745 3309 5869 εἶιρω
3339 5758 3641 5870 stigccessor
3661 5742 3802 5801 ante
3832 5742 3936 5800 hoc
3964 5746 4443 5815 quatuordecim
4474 5762 4571 5809 at
4616 5742 4824 5821 Heiu

3137 5830 3169 5870 c
3200 5830 3288 5879 us,
3320 5830 3351 5870 e
3417 5856 3429 5871 .

3139 5854 3987 6013 :gjwﬁtntimonasterium,
4024 5886 4384 5951 Emtiers
4416 5892 4553 5953 sive
4578 5896 4823 5968 Erue-
4860 5942 4867 6013 1
