4944 6564
456 119 933 173 η--τη-ὴ,
992 150 1089 177 r_r

1368 456 1435 505 55
2538 440 2846 499 ADEMARI
2889 438 2945 493 S.
2988 434 3262 491 CIBARDI
3304 436 3631 491 MONACHI.
4740 437 4803 486 56

1355 573 1497 629 ralis
1528 569 1781 627 remissa
1806 573 1894 625 est
1938 568 2254 624 Frantiam.
2306 566 2639 624 Bernardns
2690 558 3011 618 Wasconiaa
3051 562 3095 613 Α
3125 558 3293 614 dum.
3329 561 3454 614 Dux
3484 575 3622 615 vero
3672 558 4127 632 Aquitanorum,
4176 574 4381 615 eomes
4413 557 4804 623 Pictavimus,

1356 661 1482 717 dux
1508 674 1717 716 necem
1762 657 1910 713 tanti
1939 656 2047 712 viri
2076 657 2150 712 de
2178 655 2650 713 interfectoribus
2689 653 2817 723 ejus
2849 647 3019 723 puni-

1354 748 1457 815 vit,
1483 746 1632 803 alios
1659 743 2010 818 suspendio,
2062 743 2208 799 alios
2234 743 2493 801 ﬂammis
2524 741 2786 805 tradens,
2816 743 2868 793 ct
2897 752 3021 790 om—

1356 854 1498 893 nem
1553 835 1717 892 illam
1789 832 2232 906 possessionem
2270 832 2727 903 Regulatensem
2761 832 2833 894 Γ,
2885 842 3020 899 qua:

1361 930 1499 981 ante
1525 924 1586 980 in
1617 923 1715 979 lite
1740 922 2151 979 invadentium
2179 928 2325 984 erat,
2357 920 2481 976 sine
2525 919 2619 975 lite
2646 917 2861 973 dehinc
2891 930 3020 970 mo-

1364 1013 1574 1070 nachis
1607 1011 1843 1068 Francis
1902 1010 2093 1067 sancti
2126 1008 2420 1066 Benedicti
2457 1006 2691 1081 paravit
2718 1004 3023 1061 vindican-

1366 1102 1531 1158 dam.
1564 1104 1905 1157 Rexautem
1946 1098 2258 1155 Rotbertus
2283 1113 2393 1171 pro
2422 1096 2704 1152 defuncto
2734 1092 3026 1150 ordinavit

1369 1191 1653 1247 abbatem
1682 1187 2063 1257 Gauzlenum,
2109 1186 2244 1243 licet
2283 1188 2689 1259 repugnarent
2745 1181 3024 1239 monachi

1368 1280 1637 1335 nolentes
1672 1277 1783 1333 sibi
1812 1292 2064 1349 praeesse
2090 1275 2277 1332 tilium
2306 1274 2502 1331 scorti.
2555 1275 2688 1329 Erat
2712 1271 2870 1328 enim
2900 1270 3024 1343 ipse

1368 1366 1718 1424 nobilissimi
1754 1368 2114 1421 Francorum
2167 1363 2450 1436 principis
2483 1366 2631 1433 (H5)
2678 1360 2833 1416 filius
2860 1375 3029 1415 man-

1368 1472 1483 1523 zer,
1516 1471 1551 1510 a
1580 1469 1767 1527 puero
1800 1452 1859 1508 in
1909 1451 2272 1508 monasterio
2303 1450 2489 1507 sancti
2513 1447 2811 1505 Benedicti
2849 1447 3027 1504 nutri-

1371 1550 1482 1601 tus.
1540 1546 1725 1608 Quem
1751 1543 1929 1598 etiam
1959 1558 2062 1597 rex
2108 1557 2291 1613 supra
2345 1540 2599 1613 scriptus
2630 1537 3027 1611 archiepisco-

1368 1648 1514 1705 pum
1541 1629 1999 1686 Bituricensibus
2031 1629 2163 1685 fecit
2192 1634 2401 1703 postea
2431 1634 2567 1703 post
2593 1632 2845 1684 mortem
2880 1629 3025 1683 Dac-

1370 1720 1517 1776 berti
1557 1717 2012 1791 archiepiscopi.
2057 1718 2169 1775 Sed
2214 1723 2271 1774 et
2298 1718 2410 1791 ipsi
2438 1716 2850 1791 quinquennio
2880 1715 3028 1771 sedi-

1371 1810 1603 1865 cionem
1626 1812 1896 1878 agentes,
1928 1806 2247 1864 noluerunt
2296 1824 2436 1864 eum
2465 1807 2524 1863 in
2553 1807 2848 1863 civitatem
2878 1804 3026 1861 reci-

3124 648 3251 719 jam
3270 648 3464 704 dictus
3498 648 3819 705 Willelmus
3852 648 4319 717 gloriosissimus
4378 653 4439 704 et
4462 647 4807 721 potentissi-

3130 754 3285 807 mus,
3314 738 3497 795 extitit
3525 738 3753 794 cunctis
3768 736 4066 807 amabilis,
4099 737 4349 794 consilio
4361 751 4808 808 magnus.pru-

3129 826 3341 882 dencia
3363 827 3745 901 conspicuus,
3771 826 3830 882 in
3870 826 4075 883 dando
4103 825 4809 891 liberalissimus,defen-

3132 930 3231 971 sor
3260 931 3619 988 pauperum,
3668 920 3839 989 pater
3880 915 4343 983 monachorum,
4376 914 4726 971 aediﬁcator
4761 918 4813 969 et

3132 1010 3365 1060 amator
3394 1005 3801 1075 ecclesiarum,
3834 1009 3892 1062 et
3927 1006 4228 1079 praecipue
4291 1010 4541 1062 amator
4589 1009 4814 1060 sanctze

3136 1094 3401 1150 Ecclesiae
3426 1097 3726 1151 Romamn.
3753 1094 3907 1151 Cuia
3926 1094 4240 1165 juventute
4267 1093 4666 1151 consuetudo
4689 1092 4813 1162 fuit,

3132 1186 3197 1238 ut
3231 1199 3468 1255 semper
3487 1183 3652 1238 omni
3669 1198 3828 1239 anno
3875 1182 3951 1238 ad
3986 1182 4195 1239 limina
4222 1182 4661 1256 apostolorum
4712 1183 4816 1236 Ro-

3134 1287 3299 1327 mam
3329 1276 3697 1344 properaret,
3730 1276 3787 1327 et
3814 1288 3884 1327 eo
3929 1288 4052 1344 quo
4082 1274 4334 1328 Romam
4360 1287 4492 1327 non
4523 1286 4816 1344 propera-

3134 1361 3237 1417 bat
3258 1377 3439 1425 anno,
3468 1361 3545 1417 ad
3573 1365 3847 1416 sanctum
3872 1360 4165 1417 Iacobum
4188 1360 4448 1417 Galliciae
4472 1376 4816 1433 reconpen-

3135 1455 3291 1505 saret
3314 1450 3420 1505 iter
3440 1449 3746 1506 devotum.
3785 1452 3848 1505 Et
3876 1465 4242 1523 quocunque
4276 1449 4388 1506 iter
4440 1454 4691 1520 ageret,
4733 1449 4817 1504 vel

3136 1543 3497 1595 conventum
3527 1537 3836 1611 publicum
3889 1543 4209 1605 exerceret,
4238 1540 4439 1611 potius
4473 1556 4589 1595 rex
4631 1555 4817 1611 quam

3134 1644 3263 1683 esse
3285 1628 3409 1683 dux
3446 1627 3769 1700 putabatur
3838 1628 4148 1684 honestate
4179 1632 4237 1684 et
4298 1627 4682 1685 claritudine
4709 1644 4825 1701 qua

3135 1716 3418 1773 attinebat
3450 1717 3712 1772 honoris.
3748 1720 3873 1774 Non
3900 1717 4095 1774 solum
4122 1733 4264 1774 vero
4292 1735 4551 1774 onmem
4578 1717 4820 1790 Aquita-

3135 1806 3297 1861 niam
3332 1822 3440 1861 suo
3464 1805 3713 1877 subjecit
3751 1805 4025 1879 imperio,
4088 1811 4150 1862 ut
4178 1823 4359 1863 nemo
4399 1812 4633 1862 contra
4692 1822 4821 1862 eum

1369 1914 1530 1973 perc,
1585 1897 1847 1953 dicentes
1918 1912 2041 1952 una
2094 1913 2292 1952 voce:
2354 1898 2490 1953 Non
2541 1898 2700 1952 decet
2756 1896 3026 1951 domina-
3070 1910 3107 1963 Β
3138 1894 3333 1951 levare
3384 1911 3634 1951 manum
3686 1895 3952 1962 auderet,
4009 1911 4218 1951 verum
4267 1896 4454 1952 etiam
4508 1912 4734 1964 regem
4774 1899 4820 1951 ϐ’

1372 1989 1429 2043 ri
1486 1988 1769 2044 Ecclesiae
1831 1987 2028 2055 ﬁlium
2094 1988 2295 2043 scorti.
2383 1986 2770 2042 l’ostmodum
2834 1989 3033 2040 tamen

1371 2080 1426 2132 2'
1450 2076 1605 2147 regis
1643 2074 1918 2131 voluntas
1977 2075 2303 2148 praevaluit,
2362 2081 2419 2131 et
2459 2075 2556 2131 Dei
2589 2080 2736 2130 nutu
2792 2074 2851 2129 in
2891 2073 3029 2129 sede

1373 2168 1685 2238 susceptus
1717 2170 1805 2220 est
1836 2166 1954 2235 (an.
1994 2168 2170 2232 1009).
2205 2169 2276 2220 At
2306 2164 2602 2221 Bel-nardo
2640 2164 2867 2220 insidiis
2898 2179 3026 2219 mn-

1371 2253 1658 2310 liebribus
1696 2255 1788 2322 ‘35,
1821 2252 2108 2309 maleticis
2146 2253 2375 2309 arlibus
2405 2269 2651 2326 corpore
2692 2252 3027 2317 fatescente,

1373 2342 1510 2397 vitae
1541 2340 1795 2413 privato,
1831 2340 2089 2404 Santins,
2112 2340 2292 2397 frater
2328 2342 2479 2412 ejus,
2519 2341 2641 2397 dux
2674 2344 3031 2397 Wasconum

1374 2429 1579 2487 extitit.
1611 2432 1691 2485 Ex
1729 2429 2012 2485 defuncta
2038 2430 2300 2502 conjugo
2334 2430 2599 2486 Willelmi
2630 2430 2799 2486 ducis
2828 2434 2902 2498 3',
2961 2446 3029 2485 ex

1375 2535 1501 2593 qua
1532 2524 1876 2591 susceperat
1901 2518 2091 2574 ﬁlium
2124 2518 2498 2590 Willelmnm,
2530 2519 2689 2575 idem
2711 2520 2834 2575 dux
2873 2536 3032 2576 soro-

1376 2625 1504 2665 rem
1537 2607 1718 2665 Santii
1746 2607 2006 2664 Briscam
2029 2609 2088 2664 in
2131 2625 2374 2665 uxorem
2400 2609 2699 2682 copulavit
2726 2609 2856 2677 sibi,
2896 2626 3031 2682 quze

1376 2698 1427 2753 ei
1451 2696 1722 2753 Odonem
1763 2696 1967 2768 genuit
1986 2696 2195 2752 filium.

1444 2791 1533 2843 40.
1566 2790 1670 2843 Per
1697 2787 1858 2843 idem
1915 2791 2150 2860 tempus
2216 2790 2452 2842 mortuo
2518 2786 2786 2841 Gosfrido
2816 2786 3032 2843 abbate

1377 2875 1568 2932 sancti
1597 2874 1881 2931 Marcialis
1931 2876 2053 2945 (an.
2096 2875 2242 2946 998),
2298 2879 2351 2929 et
2411 2875 2762 2931 succedente
2810 2892 2918 2947 pro
2962 2893 3032 2931 eo

1372 2964 1703 3021 Adalbaldo
1733 2963 2024 3033 regularis
2089 2962 2302 3032 meriti,
2331 2967 2388 3018 et
2421 2962 2662 3019 Widone
2693 2969 2749 3018 et
2777 2964 3033 3021 Alduino

1372 3054 1657 3126 episcopo
1683 3052 1861 3109 fratre
1888 3052 2017 3123 ejus
2056 3051 2485 3108 revertentibus
2515 3068 2765 3125 propere
2792 3052 2870 3109 ab
2901 3054 3033 3109 Hic-

1373 3141 1692 3210 rosolimis,
1723 3141 2108 3215 sepulchrum
2135 3142 2323 3197 sancti
2355 3141 2627 3214 Eparchii
2659 3142 2883 3199 clarere
2948 3144 3032 3199 in-

1373 3230 1642 3288 numeris
1671 3231 1850 3303 coepit
1873 3230 2175 3288 miraculis
2202 3230 2337 3303 plus
2360 3230 2550 3286 solito.
2577 3234 2641 3287 Et
2666 3231 2817 3287 visio
2848 3234 3034 3290 mani-

1379 3319 1529 3375 festa
1555 3318 1851 3391 patefacta
1898 3323 1986 3374 est
2023 3317 2328 3374 Fulcherio
2366 3317 2571 3374 abbati
2602 3320 2788 3375 sancti
2819 3322 3040 3378 Carroii

1374 3413 1431 3464 et
1468 3408 1805 3474 monachis,
1840 3413 1904 3463 ut
1934 3412 2210 3463 sanctum
2250 3406 2480 3477 lignum
2505 3407 2698 3463 crucis
2725 3408 2801 3464 ad
2842 3414 3039 3468 tumu-

1373 3496 1503 3552 lum
1532 3496 1830 3552 deferrcnt
1889 3495 2047 3551 beati
2090 3495 2380 3568 Eparchii.
2416 3496 2585 3561 Quod
2619 3503 2913 3554 conventu
2952 3518 3043 3557 so—

1374 3584 1601 3658 lempni
1630 3589 1939 3658 peractum
1968 3588 2075 3655 est,
2126 3590 2183 3640 et
2223 3584 2442 3641 abbate
2482 3584 2813 3656 Raginoldo
2852 3590 3041 3659 Engo-

1377 3673 1646 3729 lismensi
1674 3678 2049 3747 procurante,
2066 3678 2380 3746 exceptum
2404 3678 2493 3730 est
2519 3680 2791 3731 sanctum
2808 3675 3040 3746 lignum

1376 3762 1436 3818 in
1461 3763 1706 3818 basilica
1754 3762 1913 3819 beati
1948 3762 2216 3834 Eparchii
2264 3763 2324 3818 in
2382 3762 2478 3819 die
2536 3764 2664 3834 ejus
2694 3764 3037 3836 festivitatis,

1375 3850 1468 3906 die
1500 3851 1694 3923 primo
1721 3851 1945 3907 mensis
1974 3850 2111 3906 Julii
2146 3869 2158 3919 ;
2192 3856 2247 3907 et
2274 3851 2633 3924 adimpletis,
2673 3869 2807 3925 quas
2837 3854 3041 3912 divina

1377 3940 1755 3996 ordinaverat
1798 3940 2010 4013 pietas,
2066 3940 2348 3997 monachi
2407 3942 2594 3997 sancti
2636 3944 2859 3999 Carroti
2889 3944 3041 4000 vale-

1377 4028 1643 4084 dicentes
1699 4028 1983 4085 fratribus
2042 4029 2610 4099 Engolismensibus,
2644 4049 2782 4088 cum
2829 4038 3038 4091 sancto

1379 4116 1543 4185 ligno
1576 4116 1828 4186 gloriose
1861 4122 2129 4173 remeant
2157 4121 2234 4173 4⁸.

1451 4208 1542 4260 41.
1577 4207 1787 4260 Comes
1816 4205 2074 4278 denique
2107 4206 2460 4276 Engolismaa
2492 4207 2835 4278 Willelmus,
2862 4228 3041 4286 copu-

1380 4292 1503 4349 lata
1530 4292 1642 4348 sibi
1669 4292 1731 4348 in
1760 4294 2039 4365 conjugio
2089 4295 2392 4368 Girbcrga,
2446 4313 2646 4354 sorore
2699 4300 2930 4356 comitis
2960 4304 3035 4356 5'.

1386 4379 1679 4451 Fulconis,
1709 4380 1863 4437 ﬁlios
1897 4398 1969 4438 ex
1986 4398 2056 4439 ea
2084 4383 2343 4457 suscepit
2372 4384 2722 4445 Hilduinum
2742 4392 2799 4444 et
2819 4388 3036 4447 Gosfri-

3143 1988 3500 2040 Francorum
3536 1984 3649 2040 sibi
3673 1984 3881 2040 habuit
3902 1984 4349 2059 complacitum.
4383 1990 4594 2042 lmmo
4627 1986 4822 2058 Hispa-

3139 2075 3249 2130 niae
3291 2090 3491 2143 regem
3523 2073 3916 2141 Adefonsum,
3973 2090 4298 2148 regemque
4357 2078 4661 2131 Navarrre
4692 2076 4823 2131 San-

3140 2163 3308 2230 tinm,
3338 2178 3446 2218 nec
3471 2179 3589 2218 non
3622 2168 3678 2218 et
3705 2179 3905 2233 regem
3930 2164 4499 2220 Danamarchorum
4529 2169 4597 2219 et
4643 2169 4821 2234 Ange-

3138 2240 3333 2309 lornm
3365 2252 3607 2308 nomine
3636 2255 3951 2322 Canotum,
3970 2252 4050 2309 ita
4080 2253 4191 2309 sibi
4224 2270 4475 2310 summo
4498 2253 4722 2311 favore
4737 2255 4823 2309 de-

3139 2342 3427 2409 vinxerat,
3461 2348 3525 2397 ut
3548 2342 3798 2412 singulis
3821 2342 3996 2398 annis
4050 2342 4380 2412 legationes
4412 2359 4649 2400 eorum
4675 2344 4821 2400 exci-

3140 2435 3304 2503 peret
3325 2430 3595 2502 preti0sis
3623 2448 3759 2487 cum
3800 2431 4152 2487 muneribus
4174 2433 4347 2504 (H6),
4400 2433 4680 2506 ipseque
4708 2450 4827 2507 pre

3143 2520 3381 2575 tiosnora
3420 2519 3503 2575 eis
3553 2520 3873 2575 remitteret
3920 2536 4191 2577 munera.
4252 2525 4403 2577 Cum
4454 2521 4824 2594 imperatore

3144 2607 3415 2665 Hainrico
3446 2608 3524 2663 ita
3552 2608 3861 2664 amicicitis
3893 2608 4209 2681 copulatus
4239 2614 4423 2679 est,nt
4464 2610 4825 2667 muneribus

3143 2698 3491 2754 alterutrum
3524 2713 3583 2753 se
3634 2698 4017 2754 honorarent.
4052 2701 4207 2755 Inter
4263 2698 4645 2773 multiplicia
4674 2700 4826 2757 deni-

3140 2803 3258 2860 que
3292 2802 3541 2842 muncra
3567 2787 3689 2842 dux
3724 2787 4043 2843 Willehnns
4074 2788 4379 2857 ingentem
4412 2805 4494 2845 ex
4521 2805 4688 2846 auro
4717 2806 4820 2861 pu-

3142 2875 3377 2930 rissimo
3409 2892 3612 2930 ensem
3640 2874 3852 2931 direxit
3872 2875 3946 2945 ei,
3971 2875 4034 2931 in
4057 2891 4181 2949 quo
4202 2891 4346 2931 ense
4376 2875 4606 2932 litterae
4638 2878 4827 2947 signa-

3142 2965 3362 3021 bantur
3389 2965 3649 3033 legentes
3690 2983 3703 3021 :
3736 2967 4064 3021 Hafnricus
4105 2966 4442 3035 imperator
4489 2983 4680 3024 cesar
4736 2983 4829 3022 au-

3141 3061 3368 3124 gustas.
3394 3054 3642 3110 Romani
3674 3054 3983 3126 pontiﬁces
4013 3070 4153 3110 eum
4182 3054 4537 3111 venientem
4574 3058 4826 3113 Romam

3143 3143 3225 3198 sic
3256 3148 3585 3198 reverenter
3622 3142 4017 3216 excipiebant,
4060 3142 4184 3198 acsi
4222 3148 4383 3199 esset
4434 3160 4671 3201 eorum
4736 3162 4827 3201 au-

3076 3257 3117 3312 ο
3143 3232 3696 3304 gustus,omnisqne
3713 3234 4019 3288 Romanus
4031 3236 4274 3288 senatus
4287 3237 4536 3305 patrem
4553 3250 4708 3291 eum
4726 3234 4826 3289 sibi

3146 3316 3823 3394 adclamabat.Cumque
3846 3321 4125 3378 comitem
4155 3321 4682 3392 Andegavensem
4716 3324 4827 3380 Fulo

3148 3412 3403 3467 chonem
3434 3410 3493 3466 in
3525 3410 3808 3467 manibus
3858 3411 3981 3467 suis
4011 3411 4511 3468 commendatam
4555 3413 4826 3484 haberet,

3148 3504 3517 3555 concesserat
3547 3498 3599 3553 ei
3628 3516 3738 3571 pro
3793 3498 4085 3555 beneficio
4116 3499 4471 3556 Losdunum
4497 3500 4552 3570 (1
4571 3506 4668 3568 17)
4701 3518 4825 3557 cum

3149 3588 3276 3645 aliis
3306 3587 3586 3644 nonnulis
3615 3588 3822 3643 castris
3851 3588 3911 3643 in
3935 3587 4311 3644 Pictavorum
4334 3588 4490 3655 solo,
4532 3592 4828 3646 Santonas

3147 3694 3388 3751 quoque
3421 3693 3558 3733 cum
3587 3676 3955 3749 quibusdam
3986 3677 4264 3755 castellis.
4302 3678 4469 3735 Idem
4506 3679 4831 3736 duxsicle-

3148 3767 3335 3823 ricum
3368 3766 3659 3840 sapientia
3682 3772 3962 3823 ornatum
4003 3766 4247 3834 videret,
4277 3783 4536 3823 summo
4570 3785 4720 3825 eum
4747 3787 4832 3824 e1-

3148 3851 3399 3908 colebat.
3456 3851 3620 3908 Unde
3650 3850 4028 3919 Rainaldnm,
4052 3856 4461 3920 cognomento
4488 3853 4826 3922 Platonem,

3148 3942 3515 3997 monachum
3534 3957 3643 4013 pro
3675 3940 3980 4013 sapientiae
3997 3946 4213 3996 ornatu
4240 3940 4517 4013 preefecit
4544 3942 4829 3999 abbatem

3146 4048 3218 4087 ex
3249 4031 3524 4087 cmnobio
3575 4030 3762 4086 sancti
3812 4029 4105 4087 Maxentii.
4166 4030 4545 4103 Episcopum
4586 4048 4831 4105 quoque

3149 4121 3415 4178 Carnotis
3448 4120 3809 4185 Fnlbertum,
3833 4119 4129 4193 sapientia
4153 4123 4504 4191 cumptum,
4526 4138 4568 4177 a
4601 4125 4834 4178 Frantia

3148 4215 3464 4266 evocatum
3491 4209 3740 4265 donavit
3759 4208 4131 4266 thesanraria
4169 4208 4363 4265 sancti
4394 4209 4638 4282 Hylarii
4674 4212 4829 4281 (H8).

3145 4305 3201 4357 et
3228 4316 3412 4374 penes
3442 4316 3503 4355 se
3546 4298 3943 4356 reverendum
3992 4297 4280 4356 exhibuit.
4314 4297 4688 4371 Aliquando
4714 4316 4834 4357 esse

3143 4390 3243 4448 vix
3264 4388 3677 4447 inveniebatur
3697 4388 3822 4445 sine
3848 4386 4051 4461 aliquo
4067 4387 4533 4461 episcoporum.
4550 4391 4837 4446 Monaste-

1387 4559 1607 4644 t"cum
1633 4557 1885 4644 ecclesia
1924 4561 2113 4644 sancti
2144 4563 2291 4619 Petri
2320 4564 2462 4644 ad_d.
2496 4570 2546 4644 2_.
2587 4637 2598 4644 .
2623 4568 2675 4622 2'
2719 4574 3026 4644 sequestro
3052 4571 3302 4644 Odilone
3333 4569 3550 4644 abbate
3576 4574 3629 4625 2.
3706 4570 3763 4624 3‘
3792 4565 4154 4644 Pictavensis
4183 4565 4333 4644 add.
4368 4570 4427 4622 2.
4472 4569 4542 4644 4f
4571 4568 4837 4644 Denique

1452 4628 1783 4716 hoccrucis‘
1810 4630 2043 4716 lignum
2074 4632 2147 4689 dc
2168 4650 2342 4716 cruce
2363 4635 2675 4716 dominica
2703 4628 2881 4716 extat,
2914 4628 3080 4716 quod
3124 4628 3645 4716 therosolimornm
3704 4638 4046 4716 patriarcha
4075 4636 4202 4716 regi
4249 4638 4476 4716 M8899
4506 4640 4736 4716 (ἒξ-1⁵910

1454 4704 1789 4788 reseratam
1814 4701 2330 4788 ideomlimhperator
2357 4707 2657 4788 in‘eadem
2706 4701 2973 4779 basilica,
3008 4731 3195 4788 quam
3242 4712 3509 4770 condidit
3542 4701 3903 4788 _Rotgcrius_
3922 4724 4127 4788 comes
4148 4701 4635 4788 'Lemovicensis
4657 4712 4719 4768 in
4751 4713 4838 4766 ho-

1453 4784 1609 4859 nore
1630 4771 1952 4859 salvatoris
1983 4775 2027 4855 (_l
2046 4771 2459 4859 l9),‘reposn_it.
2482 4782 2681 4859 _Locus
2712 4789 2913 4859 autem
2946 4771 3195 4859 antiquo
3220 4801 3497 4859 sermone
3530 4771 3834 4839 Galldrum
3866 4780 4145 4859 Carrofns
4173 4779 4583 4859 vacitabatur
4602 4790 4840 4859 propter

1453 4856 1760 4898 carrorum
1789 4844 2069 4926 conﬁnia,
2194 4844 2282 4903 est
2308 4849 2677 4909 veiculorum
2752 4844 3113 4924 nblicorum:
3138 4862 3195 4913 et
3222 4857 3507 4928 deinceps
3536 4870 3646 4928 pro
3674 4851 4013 4909 reverencia
4043 4849 4240 4905 crucis
4295 4844 4628 4911 Sanctum.
4651 4844 4839 4912 Garro-

1454 4912 1580 4967 fum
1612 4914 1902 4980 appellari
1930 4915 2170 4980 placuit.
2200 4919 2340 4975 add.
2374 4924 2427 4977 2.
2506 4925 2560 4977 5'
2590 4870 3042 4980 Andecavensis
3072 4929 3213 4980 add.
3248 4934 3299 4980 2.
3380 4930 3435 4980 6'
3464 4928 3527 4980 G.
3563 4942 3609 4980 r.
3635 4922 4075 4980 amicissimum
4127 4921 4398 4980 habens.
4424 4940 4564 4980 ora;
4627 4926 4839 4980 ueteris

1454 4912 1902 4988 fnm__appellari
1930 4912 2170 4988 placuit.
2200 4919 2340 4975 add.
2374 4924 2427 4977 2.
2506 4925 2560 4977 5'
2590 4928 2679 4980 An

1454 4981 1713 5039 ducibus
1729 4984 1787 5041 in
1818 4981 1951 5058 ejus
1984 4986 2208 5060 palatio
2232 4990 2664 5051 honorabatur.
2688 5000 2740 5054 2.

2725 4921 3042 4996 egavensis
3072 4921 3213 4985 add.
3248 4934 3299 4985 2.
3380 4921 3609 4984 6"G.'r.
3635 4922 4075 4982 amicissimum
4127 4921 4398 4992 habens,
4424 4940 4564 4997 prae
4627 4926 4839 4983 caeteris

2753 5176 2982 5235 VARUS
3023 5178 3319 5236 LECTION
3327 5180 3427 5237 ES.

1463 5231 1534 5265 ¹³⁵
1566 5231 1915 5293 mulieribus
1951 5242 2000 5293 1.

2994 5373 3215 5432 ΝΟΤΕ.

1448 5537 1597 5676 (Ηόἷ
1624 5537 1888 5607 [ingenis
1916 5541 2134 5611 Capeti.

1448 5605 1570 5673 (Hs
1628 5605 1711 5663 Cf.
1771 5608 1911 5666 Hist.
1971 5613 2134 5668 conci

1447 5605 1591 5676 (Hs)
1628 5605 1740 5663 Cff
1771 5608 1911 5666 Hist.
1971 5605 2179 5673 c'oncil.
2225 5617 2463 5674 Lemov.
2514 5634 2571 5676 a.
2626 5622 2781 5676 1031.
2834 5622 3017 5679 Labb.

1376 5673 1764 5764 Caecilxup.
1787 5682 1930 5764 .892)
1952 5681 2147 5764 {Ante
2175 5685 2278 5742 hos
2307 5673 2752 5764 septmrannos
2767 5673 3021 5750 rei];

1369 5745 1607 5827 glorum
1656 5745 1799 5827 dici
1820 5745 2161 5827 Aquitaniae
2197 5745 2429 5827 regal'z'a
2454 5745 2705 5818 muherd
2725 5745 3019 5819 inisti—si-

1370 5816 1613 5905 atn‘lgae
1633 5816 1904 5905 codicem'
1943 5824 2159 5905 litteris
2216 5816 2412 5905 circis
2468 5816 3018 5905 scriptamﬁnﬁqaa

1368 5895 1612 5944 nomina
1636 5897 1978 5951 sanctorum
2010 5895 2294 5955 distincta
2323 5915 2457 5960 cum
2486 5895 2845 5977 imaginibus
2878 5895 3017 5965 ὡπ-

2863 6508 3455 6520 -ιΔΔῌΔ

3132 5550 3508 5617 tinelantur,
3542 5551 3655 5603 etc.

3206 5623 3356 5693 (H7)
3385 5619 3468 5693 Cf;
3499 5636 3550 5693 9-
3576 5622 3667 5693 3.9-

3203 5687 3353 5769 (Vlls)
3390 5689 3473 5749 Cf.
3707 5687 3876 5769 epist.
3924 5688 4191 5769 l28,_etc.

3203 5705 3353 5765 (“8)
3390 5705 3473 5749 (Ἰ.
3512 5705 3676 5770 rum.
3707 5705 3876 5816 eKlSl.
3924 5705 4046 5769 iga,
4075 5705 4214 5770 ωε..

3131 5766 3352 5893 7diu!)
3472 5799 3493 5831 ρ
3537 5760 3681 5833 dipl.
3784 5763 3993 5827 otgern
4058 5760 4418 5831 labillon.,
4482 5773 4658 5827 Ann.
4716 5772 4847 5839 1[,p.
