4944 6508
651 303 720 353 5‘7
1716 299 2190 356 HISTORIARUM
2232 295 2410 352 LIBRI
2447 293 2642 355 TRES.
2688 331 2755 340 --
2788 298 2912 356 LIB.
2945 301 3032 353 III.
4012 298 4079 350 58

647 421 744 477 rio
773 419 1181 477 Lemovicensi
1210 420 1368 476 beati
1399 420 1686 477 Marcialis
1725 421 1887 478 dedit
1915 421 2228 477 ecclesiam
2256 419 2315 474 in
2347 422 2394 472 Α
2430 421 2758 478 Jordanum
2785 422 3113 496 principem
3178 419 3653 477 Cabannensem.
3705 420 4080 489 Reversoque

648 510 922 566 Alniensi
951 511 1123 580 (120),
1153 525 1340 581 quam
1368 514 1423 564 et
1471 515 1640 582 pater
1689 510 1818 580 ejus
1876 510 2070 565 eidem
2118 524 2320 564 mona-

649 599 835 655 sterio
864 603 1002 654 ante
1032 598 1297 664 dederat,
1323 597 1542 653 scilicet
1572 599 1807 665 Anesio,
1837 615 1971 671 quae
2011 604 2098 654 est
2127 598 2185 653 in
2216 599 2318 652 ho-

648 705 801 743 nore
833 687 1019 744 sancti
1050 686 1216 742 Petri.
1275 687 1559 742 Cmnobio
1613 687 2005 757 Cluniacensi,
2048 693 2104 743 et
2147 703 2320 742 ceno-

651 778 762 834 bio
794 777 984 833 sancti
1013 775 1307 832 Michaelis
1342 778 1413 810 ¹³⁶
1435 776 1514 831 ad
1543 777 1612 810 ‘37
1642 776 1876 833 Clusam
1921 779 2067 849 (121)
2122 778 2183 832 in
2207 782 2317 832 Ita-

649 865 757 935 lia,
790 869 848 921 et
874 865 1076 921 multis
1107 866 1238 921 aliis
1270 883 1376 938 per
1407 867 1812 937 Burgundiam
1845 872 1900 923 et
1937 867 2318 940 Aquitaniam

651 955 1034 1010 monasteriis
1067 955 1185 1022 Dei,
1213 956 1384 1026 juxta
1424 973 1593 1012 oram
1625 956 1988 1012 maritimam
2036 958 2212 1029 plura
2259 957 2317 1015 in

653 1043 949 1098 reditibus
977 1043 1140 1100 dona
1171 1049 1461 1100 terrarum
1501 1045 1579 1100 ad
1626 1045 1861 1117 capiam
1919 1046 2318 1118 supplementi

647 1147 970 1188 servorum
997 1132 1207 1188 Christi
1233 1132 1551 1202 delegavit.
1583 1133 2065 1206 Amplectebatur
2096 1136 2165 1168 ¹³⁸
2197 1151 2322 1189 ma-

650 1219 822 1274 ximo
867 1218 1083 1275 aﬂectu
1138 1221 1384 1276 honoris
1438 1223 1514 1256 ‘39
1560 1222 1861 1291 regulares
1884 1223 2215 1277 monachos
2267 1227 2324 1278 et

651 1307 928 1376 abbates,
947 1312 1004 1364 et
1028 1323 1236 1364 eorum
1255 1309 1515 1364 consiliis
1536 1310 1831 1366 nitebatur
1852 1310 1911 1365 in
1943 1311 2317 1366 administra-

652 1396 816 1452 tione
845 1397 1032 1466 regni.
1067 1397 1231 1453 Unde
1261 1397 1631 1453 ctdomnum
1665 1398 1998 1468 0dilonem,
2055 1399 2316 1455 Cluniaci

647 1485 962 1554 abbatem,
1004 1485 1261 1558 copiosis
1315 1486 1667 1542 muneribus
1711 1486 1821 1542 sibi
1874 1487 2130 1554 attraxit,
2177 1503 2315 1542 con-

2426 509 2596 580 duce,
2628 513 2922 568 Jordanus
2953 515 3324 585 praeparatur
3349 524 3490 563 cum
3515 507 3711 562 electis
3741 506 3833 562 vel
3860 507 3936 561 ad
3987 523 4081 561 ca-

2427 603 2615 654 strum
2633 600 3127 672 expugnandum,
3151 597 3609 670 velepiscopum
3631 594 4076 650 debellandum.

2430 687 2772 760 Episcopus,
2800 690 3126 760 adgregata
3153 691 3524 743 armatorum
3549 683 3939 748 immanitate,
3971 682 4079 764 ha-

2426 775 2549 831 bito
2601 777 2660 831 in
2689 778 2909 833 auxilio
2941 778 3118 834 fratre
3151 775 3414 842 Widone,
3441 773 3665 830 occurit
3695 772 3766 838 ei,
3802 777 3856 827 et
3899 787 4080 841 grave

2427 870 2623 921 ortum
2653 871 2740 921 est
2768 867 3040 939 praelium
3075 871 3341 938 tempore
3383 862 3639 918 durioris
3685 861 3914 916 hiemis.
3948 860 4078 914 Plu-

2425 955 2614 1010 rimus
2645 957 2889 1025 sanguis
2921 956 3146 1010 effusus
3201 956 3290 1019 8‘;
3350 953 3533 1008 victor
3589 951 3884 1006 Jordanus
3941 965 4080 1003 cum

2426 1043 2699 1116 pluribus
2725 1045 3095 1116 principibus
3125 1043 3314 1116 captis
3340 1041 3672 1098 revertitur.
3693 1043 3944 1111 Jamque
3988 1055 4078 1092 se-

2428 1149 2626 1199 curus,
2660 1149 2836 1188 casus
2858 1133 2936 1188 ab
2961 1133 3166 1202 ignoto
3198 1132 3380 1187 milite
3411 1132 3464 1185 9‘
3494 1129 3796 1202 impetitus
3826 1145 3861 1182 a
3895 1132 4077 1195 tergo,

2428 1237 2753 1292 percussus
2782 1222 3007 1289 interit;
3032 1227 3086 1277 et
3115 1221 3220 1293 qui
3254 1237 3289 1276 a
3343 1219 3465 1274 suis
3510 1218 3667 1290 capti
3699 1216 4076 1283 tenebantur,

2428 1326 2570 1364 mox
2599 1327 2708 1382 pro
2730 1327 2800 1365 eo
2830 1310 3088 1366 confossi
3117 1309 3240 1366 telis
3284 1309 3518 1364 animas
3575 1305 3918 1362 emiserunt.
3969 1306 4079 1358 Pro

2425 1400 2647 1471 quibus
2680 1401 2919 1470 gravior
2947 1401 3139 1456 luctus
3169 1399 3373 1467 extitit,
3431 1413 3617 1469 quam
3645 1401 3821 1450 antea
3856 1409 3964 1466 pro
4015 1392 4077 1447 in

2423 1488 2580 1543 bello
2608 1489 2917 1561 prostratis
2943 1489 3152 1545 fuerat.
3185 1488 3480 1543 Jordanus
3528 1500 3791 1557 quoque,
3835 1497 4078 1538 manzer

648 1552 979 1647 templatus
1004 1552 1158 1631 ineo
1188 1576 1479 1648 templum
1515 1576 1762 1648 Spiritus
1795 1576 1983 1632 sancti
2018 1578 2087 1643 t',
2120 1552 2318 1631 casno-
2348 1552 2386 1604 Β
2425 1552 2912 1644 fraterdefuncti,
2945 1583 3084 1649 post
3112 1577 3418 1632 modicum
3431 1552 3938 1646 captum—fratrem
3952 1569 4076 1642 epi-

642 1663 876 1736 biaque
907 1680 1029 1719 sum
1089 1664 1330 1720 ditionis
1373 1665 1642 1720 nonnula
1673 1666 1944 1736 ejusdem
1976 1666 2316 1735 magisterio

645 1753 916 1810 tradidit.
954 1754 1106 1810 Fecit
1129 1753 1290 1810 idem
1318 1754 1442 1810 dux
1462 1771 1497 1810 a
1545 1771 1700 1810 novo
1727 1756 2069 1810 ccenobium
2116 1755 2316 1811 nobile

643 1842 1024 1900 Malliacense
1053 1844 1200 1915 (122)
1246 1844 1536 1899 territorio
1590 1845 1927 1900 Pictavensi
1983 1847 2101 1916 (an.
2135 1846 2312 1916 t003).

644 1936 926 2005 Itemque
965 1932 1179 2003 ingens
1235 1933 1577 1989 coenobium
1629 1933 2010 2003 Burguliense
2063 1935 2200 2006 (123)
2254 1935 2315 1989 in

645 2021 876 2092 cespite
930 2021 1324 2090 Adegavensi,
1365 2021 1426 2076 in
1485 2022 1672 2077 fundo
1717 2023 1981 2095 proprio,
2012 2039 2133 2078 una
2176 2039 2315 2078 cum

644 2113 846 2165 matre
873 2125 982 2165 sua
1004 2113 1217 2166 Emma
1252 2112 1342 2177 “'0,
1375 2126 1574 2166 sorore
1607 2110 1827 2167 Odonis
1861 2112 2310 2184 Campanensis.

644 2201 714 2254 In
746 2197 972 2270 quibus
1027 2198 1314 2254 coenobiis
1373 2199 1675 2269 regulares
1725 2201 2056 2254 monachos
2106 2200 2314 2268 adgre-

643 2287 819 2357 gavit
849 2286 1069 2359 plures,
1101 2287 1205 2360 qui
1231 2287 1326 2342 die
1354 2293 1654 2360 noctuque
1697 2291 1813 2344 Deo
1852 2288 2064 2344 laudes
2094 2289 2316 2361 persol-

641 2380 875 2443 verent,
904 2377 1108 2449 eisque
1136 2376 1432 2433 ordinavit
1469 2377 1972 2433 ferventissimum
2000 2378 2060 2432 in
2109 2383 2314 2434 sancto

641 2463 962 2537 proposito
1014 2468 1071 2519 et
1117 2463 1444 2536 disciplinae
1501 2464 1728 2520 celestis
1785 2465 2168 2521 fortissimam
2223 2482 2319 2521 co-

641 2555 972 2626 lumpnam
1005 2552 1289 2608 abbatem
1320 2553 1746 2609 Theodelinum
1795 2556 1871 2610 2'.
1907 2556 2060 2611 Sane
2099 2555 2315 2610 multo-

644 2644 786 2710 ties,
817 2641 922 2714 qui
950 2642 1001 2698 ei
1028 2641 1314 2697 rebellare
1347 2642 1543 2698 conati
1574 2647 1712 2698 sunt
1740 2643 2074 2715 Aquitanici
2094 2645 2314 2716 primo-
2344 2684 2382 2736 Ο

641 2748 768 2802 res,
815 2747 1026 2787 omnes
1072 2730 1160 2786 vel
1207 2730 1452 2786 edomiti
1504 2730 1598 2786 vel
1648 2732 1932 2803 prostrari
1961 2737 2116 2788 sunt.
2152 2733 2312 2788 Unde
2345 2721 2383 2739 υ

645 2837 799 2878 cum
829 2819 1130 2876 obsideret
1158 2819 1541 2875 Rocameltim
1594 2821 1741 2890 (124)
1773 2837 1974 2876 eomes
2004 2824 2152 2876 Boso
2182 2822 2314 2877 vici-

641 2926 804 2964 num
863 2910 1077 2966 Sancto
1119 2907 1380 2970 Carrofo.
1432 2925 1570 2963 eum
1619 2909 1995 2965 multitudine
2073 2911 2312 2966 fortium

640 3002 864 3055 contra
887 3015 1025 3054 eum
1049 2998 1238 3054 aciem
1268 2997 1496 3065 struxit,
1529 3002 1604 3065 et,
1638 2999 1959 3054 commisso
1980 3000 2157 3068 bello,
2189 3001 2311 3056 dux

645 3091 708 3144 3'
741 3087 931 3143 victor
951 3087 1174 3151 extitit;
1210 3092 1283 3149 et.
1341 3087 1587 3159 repetita
1639 3087 1951 3143 obsidione
1999 3092 2076 3153 4',
2131 3090 2187 3144 vi
2219 3107 2312 3145 ca-

648 3181 851 3232 strum
883 3175 1335 3249 cepit.Habebat
1360 3191 1564 3231 secum
1594 3177 1800 3246 magni
1839 3178 2068 3233 consilii
2096 3178 2310 3249 virum,

639 3265 934 3322 comitem
987 3265 1340 3335 Engolismae
1397 3263 1772 3331 Willelmum,
1841 3267 2010 3336 cujus
2054 3267 2312 3324 maxime

639 3354 900 3411 consilio
930 3353 1250 3426 pendebat.
1281 3352 1389 3418 Qui
1439 3353 1521 3408 ita
1572 3370 1632 3408 se
1678 3353 1932 3408 invicem
1982 3355 2314 3412 dilexerunt

641 3459 916 3516 semper,
949 3448 1014 3498 ut
1051 3447 1203 3498 esset
1232 3442 1315 3497 eis
1341 3443 1397 3495 5"
1429 3442 1632 3497 anima
1660 3459 1800 3498 una.
1847 3443 2108 3499 Blaviam
2165 3447 2308 3517 (125)

637 3528 911 3602 denique
934 3535 1199 3584 castrum
1233 3546 1372 3584 cum
1405 3537 1776 3602 expugnaret
1803 3547 2004 3586 comes
2052 3534 2313 3603 Engolis-

637 3617 899 3684 mensis,
923 3618 1140 3673 ducem
1164 3618 1367 3689 ipsum
1391 3634 1596 3673 secum
1627 3618 1850 3686 habuit,
1881 3624 1938 3676 et
1952 3637 2176 3691 magna
2196 3622 2311 3677 for-

637 3705 902 3763 titudine
940 3706 1138 3780 ipsum
1169 3710 1437 3763 castrum
1470 3709 1716 3780 accepit,
1766 3712 1821 3763 et
1879 3725 1915 3764 a
1972 3708 2123 3764 duce
2179 3711 2310 3782 ipso

635 3794 880 3866 accepit
905 3794 964 3849 in
1019 3794 1312 3849 beneficio
1355 3795 1481 3849 htec
1513 3795 1568 3850 δ’
1604 3813 1614 3852 :

633 3884 880 3939 lensem
911 3887 968 3938 et
999 3885 1406 3939 (Enacensem
1449 3888 1507 3939 et
1554 3884 2064 3941 Rocacardensem
2117 3887 2308 3942 hono-

635 3986 899 4042 remque
931 3971 1080 4042 (t26)
1111 3971 1572 4027 Cabannensem
1620 3977 1677 4028 et
1708 3971 2088 4043 Confolentis,
2121 3975 2310 4031 1101ὶᾶ-

637 4075 793 4115 cum
825 4074 1088 4131 quoque,
1115 4063 1171 4113 et
1194 4058 1383 4114 multa
1415 4058 1532 4114 alia
1562 4060 1638 4114 7'.

719 4151 813 4204 42.
843 4147 943 4202 His
975 4147 1344 4220 temporibus
1370 4147 1660 4204 Alduinus
1686 4150 2024 4223 episcopus,
2049 4150 2312 4208 adducto

633 4254 856 4294 secum
913 4237 1066 4293 duce
1122 4236 1430 4304 Willelmo,
1491 4239 1746 4295 extruxit
1803 4245 2066 4296 castrum
2125 4241 2311 4296 Bello-

626 4329 855 4400 jocum
882 4341 1053 4381 secus
1095 4325 1526 4382 monasterium
1576 4327 1764 4384 sancti
1818 4329 2054 4384 Iuniani
2108 4336 2314 4387 contra

640 4524 702 4578 1·
735 4536 920 4592 seque
943 4521 993 4576 ei
1015 4519 1076 4575 in
1101 4520 1385 4576 manibus
1416 4521 1906 4578 commendatum
1929 4523 2172 4578 tradidit
2197 4524 2336 4580 add.
2369 4523 2422 4577 2.

1665 3795 2149 3852 vicecomitatum
2179 3798 2310 3855 Mel-
2337 3819 2380 3872 Ι)

2426 1667 2590 1738 scopi
2618 1666 2984 1738 Aymiricum
3007 1665 3212 1721 tandiu
3238 1664 3600 1720 vinculatum
3622 1661 3827 1724 tenuit,
3859 1675 4079 1731 quous-

2424 1771 2540 1827 que
2567 1755 2875 1811 castellum
2905 1755 3304 1810 destrueretur
3334 1768 3515 1824 supra
3545 1753 3965 1806 memoratum.

2495 1847 2580 1898 43.
2614 1847 2716 1898 Per
2745 1844 2855 1898 hos
2887 1843 3012 1898 dies
3044 1842 3369 1908 Gosfridus,
3403 1841 3594 1896 abbas
3625 1838 3812 1894 sancti
3843 1835 4076 1892 Marcia-

2425 1932 2513 1998 lis,
2558 1948 2865 1986 successor
2916 1930 3250 1999 Adalbaldi,
3319 1930 3506 1984 accito
3555 1932 3784 1983 Bosone
3837 1925 4071 1994 comite,

2425 2037 2563 2075 cum
2592 2020 2829 2075 militari
2860 2035 3082 2089 magna
3112 2035 3298 2074 manu
3330 2020 3416 2072 IO'
3443 2033 3661 2088 corpus
3695 2014 3886 2070 sancti
3943 2015 4074 2066 Wa-

2424 2109 2584 2164 lerici
2615 2110 2691 2164 ab
2717 2108 2982 2175 ecclesia,
3019 2124 3154 2180 quae
3180 2107 3394 2177 injuste
3426 2110 3632 2160 sancto
3663 2101 3917 2159 Marciali
3973 2100 4076 2155 ab-

2427 2198 2774 2254 stollcbatur
2799 2214 2834 2253 a
2896 2196 3264 2268 quibusdam
3304 2193 3672 2267 principibus
3706 2193 3814 2260 11·,
3871 2205 4072 2243 secum

2425 2287 2632 2342 detulit
2668 2286 3064 2341 Lemovicam.
3100 2285 3206 2340 Ubi
3237 2283 3444 2339 tandiu
3476 2280 3756 2353 reliquias
3805 2277 4074 2348 ejusdem

2425 2374 2780 2430 confessoris
2812 2375 2898 2428 12‘
2928 2373 3132 2442 tenuit,
3165 2371 3368 2444 quoad
3392 2371 3893 2440 cognoscerentet
3917 2365 4076 2420 exhi-

2424 2464 2631 2519 berent
2661 2463 2958 2534 principes
2985 2461 3396 2516 malefactores
3428 2458 3840 2514 rectitudinem
3891 2453 4075 2509 sancti

2425 2551 2726 2608 Marcialis.
2791 2552 3002 2622 Sicque
3051 2549 3498 2621 possessionem
3558 2548 3646 2601 13'
3703 2547 4072 2616 recuperata,

2421 2641 2754 2695 restitutum
2788 2644 2875 2694 est
2907 2643 3180 2692 sanetum
3212 2652 3430 2708 corpus
3462 2633 3804 2706 supradicto
3834 2633 3986 2693 loco,
4019 2635 4076 2685 et

2423 2731 2481 2785 in
2512 2728 2830 2802 praesentia
2860 2727 3137 2782 Willelmi
3157 2726 3326 2781 duels
3361 2725 3445 2779 t-i‘
3478 2722 3810 2778 monastica
3852 2720 3931 2775 ibi
3987 2724 4073 2774 est

2421 2819 2696 2874 ordinata
2734 2816 3068 2888 disciplina.

2490 2965 2579 3016 41η.
2610 2962 2705 3016 His
2738 2961 2949 3016 diebus
2998 2958 3432 3015 vicccomitissa
3488 2955 3808 3012 Lemovicae
3864 2957 4072 3008 Emma

2422 3051 2577 3106 circa
2597 3050 2972 3106 festivitatem
3003 3048 3413 3120 apostolorum
3444 3051 3500 3101 et
3542 3045 3733 3100 sancti
3787 3041 4071 3099 Marcialis

2422 3144 2659 3195 oratum
2692 3139 2838 3194 abiit
2867 3139 2943 3193 ad
2977 3141 3259 3194 Sanctum
3291 3135 3630 3193 Michaelcm
3662 3138 3998 3200 Heremum,
4018 3135 4072 3185 et

2420 3232 2600 3283 noctu
2621 3227 2701 3282 ibi
2732 3225 3146 3282 alt-Iormannis
3177 3224 3496 3296 captivata,
3554 3237 3660 3295 per
3709 3225 3823 3276 tres
3882 3230 4072 3272 annos

2421 3317 2726 3372 exultrans
2782 3332 2946 3371 mare
2976 3320 3063 3370 est
3113 3318 3358 3369 retenta.
3420 3317 3500 3368 Ex
3553 3312 3832 3367 thesauro
3887 3304 4074 3360 sancti

2422 3405 2705 3462 Marcialis
2731 3405 2963 3460 infinita
2993 3403 3120 3459 auri
3167 3407 3223 3458 et
3251 3401 3478 3472 argenti
3507 3400 3777 3473 pondera
3832 3412 3942 3469 pro
3979 3411 4070 3449 re-

2421 3496 2764 3567 demptione
2796 3495 2924 3564 ejus
2947 3493 3088 3548 data
3111 3497 3266 3562 sunt,
3303 3491 3601 3562 simulque
3638 3489 3841 3558 imago
3889 3500 4072 3540 aurea

2422 3583 2606 3638 sancti
2638 3582 2999 3651 archangeli,
3033 3586 3088 3636 et
3113 3580 3228 3636 alia
3249 3580 3494 3651 copiosa
3519 3580 3891 3641 ornamenta,
3934 3588 4070 3645 qute

2418 3672 2623 3728 omnia
2639 3675 2813 3727 Norm
2822 3670 2963 3726 anni
2986 3669 3335 3733 auferentes,
3361 3667 3606 3722 mentita
3621 3665 3738 3720 ﬁde
3764 3662 4070 3719 mulierem

2419 3753 2541 3817 non
2572 3760 2978 3823 reddiderunt,
3011 3759 3201 3813 donec
3232 3761 3373 3828 post
3402 3755 3621 3810 multos
3651 3753 3778 3807 dies
3825 3750 4068 3806 Richar-

2421 3851 2534 3906 dus
2563 3865 2763 3904 comes
2796 3845 3243 3916 Rotomagensis
3271 3861 3405 3902 eam
3435 3843 3740 3913 ingeniose
3762 3857 3868 3914 per
3913 3839 4071 3908 lega-

2418 3935 2508 3995 tOs
2525 3937 2946 3994 ultramorinos
2970 3935 3310 4008 adquireret
3338 3937 3394 3990 et
3422 3933 3548 3989 viro
3581 3948 3689 3988 suo
3720 3928 3962 3985 Widoni
4001 3927 4068 3981 li-

2418 4027 2627 4084 beram
2654 4027 2946 4082 redderet.

2490 4154 2579 4206 45.
2605 4153 2831 4206 Bosone
2860 4149 3083 4204 interea
3108 4147 3322 4204 comite
3348 4146 3650 4203 veneficiis
3699 4143 3898 4200 uxoris
3948 4157 4069 4196 suae

2420 4244 2652 4308 necato,
2681 4244 2738 4294 et
2767 4237 3152 4307 Petragoricze
3179 4236 3432 4310 sepulto,
3464 4239 3520 4290 et
3544 4234 3691 4290 urbe
3717 4233 3848 4306 ipsa
3874 4248 3910 4287 a
3931 4230 4071 4285 Wil-

2420 4329 2599 4385 lelmo
2620 4329 2771 4384 duce
2811 4333 3008 4398 capta,
3038 4330 3197 4382 tutor
3239 4325 3500 4381 filiorum
3547 4325 3675 4394 ejus
3726 4327 3783 4378 et
3825 4320 4070 4392 neposis

2528 4525 2584 4577 2'
2609 4521 2934 4588 Teclinum,
2966 4519 3072 4591 qui
3102 4535 3175 4574 ex
3203 4519 3426 4591 Judteis
3455 4532 3776 4591 conversus
3805 4515 4065 4591 fuerat2.

718 4593 778 4648 3'
799 4584 1058 4666 primum
1080 4663 1091 4666 _
1115 4594 1284 4666 Boso,
1338 4591 1552 4666 deinde
1581 4592 2100 4666 Willelmus‘vicit,
2135 4600 2190 4649 et
2217 4596 2357 4650 add.
2381 4599 2434 4649 2.
2470 4665 2478 4666 7
2511 4595 2568 4666 4'
2599 4609 2668 4666 ac
2697 4584 3164 4666 Bosonefugato
3187 4589 3436 4666 gdd.2._
3492 4587 3645 4666 5‘_in
3677 4584 4066 4666 duobuscor:

717 4655 971 4737 poribus
1009 4663 1148 4737 add.
1185 4667 1236 4717 2.
1271 4655 1280 4660 ’
1314 4664 1627 4737 ϐίᾶοῡίξρίῐ
1656 4663 1887 4737 ἱΙΙιιείλὶῃ
1913 4655 2274 4737 beneficium
2297 4681 2434 4721 cum
2467 4665 2558 4720 his
2587 4663 2784 4737 rebus.
2808 4655 3053 4737 Scilicet
3074 4677 3142 4737 v._
3177 4664 3230 4714 2.
3276 4658 3691 4737 _?'_simulque
3718 4655 4068 4737 Alniensi

719 4727 896 4815 plura
943 4734 1083 4815 add.
1139 4737 1192 4787 2.
1266 4735 1326 4815 _8'
1358 4727 1942 4815 fugatiiLemoﬁcini
2001 4751 2141 4791 cum
2171 4737 2462 4815 episcopo
2479 4740 2534 4791 et
2575 4732 3018 4815 vi‘cecomitibus
3054 4730 3348 4815 suisadd.
3584 4727 3620 4784 εἰ
3649 4727 4068 4815 φξῌζςζςῃιςξιι

716 4799 850 4877 ipse
879 4807 1282 4877 prostraverat
1312 4821 1347 4860 a
1373 4799 1537 4875 tergo
1562 4804 1623 4860 in
1644 4805 1868 4877 cervice
1895 4799 2294 4877 percussus-2.
2376 4799 2463 4861 {0'
2505 4810 2685 4862 noctu
2723 4807 3063 4877 Montanam
3093 4800 3301 4877 abiens
3327 4800 3469 4877 add.
3516 4804 3566 4854 2.
3647 4799 3728 4877 H_‘
3761 4812 3946 4869 quam
3976 4799 4066 4849 in-

718 4875 851 4948 dole
881 4875 1204 4948 ‘principes
1235 4880 1467 4948 sancto
1509 4875 1762 4948 Marciali
1791 4875 2190 4948 abs’tollebant
2216 4881 2268 4931 2.

2375 4880 2460 4932 12⁹
2493 4882 2554 4933 In
2585 4879 2788 4932 monte
2820 4872 3027 4930 Gaudii
3052 4872 3192 4928 add.
3227 4876 3281 4928 2.

3381 4873 3468 4925 13⁸
3498 4885 3620 4926 non
3671 4869 3796 4924 sine
3845 4881 4069 4937 magna

717 4945 1135 5017 redemptione
1165 4946 1306 5004 add.
1330 4950 1384 5002 2.
1468 4949 1554 5004 14⁸
1575 4951 1632 5002 et
1653 4946 1882 5003 Girardi
1910 4947 2177 5020 episcopi
2204 4947 2639 5004 Lemovicensis
2669 4947 2809 5002 add.
2841 4950 2890 5000 2.

2038 5097 2263 5152 VARI/ﬁ
2303 5099 2702 5156 LECTIONES.

724 5221 798 5255 ⁸³⁵
831 5219 1102 5293 Martialis
1124 5221 1306 5293 Besly
1333 5235 1392 5293 p.
1427 5225 1550 5293 366.

1658 5222 1728 5295 F37
1759 5222 1916 5295 deest
1945 5227 1994 5278 1.
2018 5226 2072 5277 2.
2154 5224 2223 5257 ¹³⁸
2245 5220 2722 5295 amplectabatur
2741 5224 2800 5295 1.

2884 5220 2952 5253 ¹³ε¹
2983 5216 3196 5272 honori
3231 5220 3277 5270 t.
3358 5215 3432 5249 “0
3474 5213 3662 5270 Adala
3706 5213 4067 5270 christianis-

638 5293 806 5349 sima
835 5308 971 5364 quae
991 5291 1176 5349 extitit
1200 5288 1369 5348 soror
1394 5291 1668 5351 Richardi
1695 5292 1926 5350 comitis
1966 5288 2416 5364 Rotomage‘nsis
2442 5293 2605 5349 Pith.
2641 5307 2699 5364 p.
2730 5294 2818 5346 80.
2853 5291 2950 5360 (ex
2978 5288 3106 5344 cod.
3135 5289 3210 5358 4.)

2253 5417 2473 5474 NOT/E.

746 5540 869 5609 120)
895 5541 1087 5608 Pagus
1109 5538 1420 5609 Alniensis,
1438 5554 1594 5609 pays
1623 5538 1884 5608 d’Auny.

749 5608 867 5666 121)
898 5615 961 5665 In
986 5615 1187 5665 monte
1215 5608 1448 5666 Cinisio.

717 5680 768 5754 (1
779 5680 868 5754 22)
901 5680 1224 5754 Maillezais.

719 5683 849 5754 (I22
901 5683 1224 5736 Maillezais.

719 5683 868 5825 (423}
911 5749 1557 5822 BourgueiI-en-Vallée.

2485 5540 2634 5610 (124)
2677 5537 3070 5610 Βίοαῐιθωθᾶιι.

2484 5613 2631 5680 (125)
2673 5609 2866 5679 Blaye.

2483 5675 2630 5750 (126)
2671 5675 2866 5750 Honor
2890 5675 3050 5731 idem
3069 5675 3214 5750 fere
3242 5676 3408 5747 quod
3464 5676 3798 5743 comitatus,
3838 5675 4062 5730 viceco-

2412 5746 2653 5806 mi‘tatu's
2683 5753 2795 5822 aut.
2810 5747 3111 5818 ejusmodi
3136 5746 3422 5826 potestas.
