3966 6410
293 268 363 327 59
1454 264 1766 324 ADEMARI
1806 262 1866 321 S.
1906 260 2187 319 GIBRADI
2225 263 2536 321 HONACHI
2662 320 2667 325 .
3655 270 3728 322 60

294 386 405 445 fuit
427 384 591 444 idem
615 384 760 444 dux.
822 388 891 445 Et
939 386 1065 447 ﬁlio
1131 389 1376 447 Bosonis
1433 389 1607 447 Helias
1664 400 1952 445 concessa
1988 388 2036 443 A
2064 388 2402 445 monachus
2430 388 2783 456 Ademarus,
2816 389 2922 461 qui
2947 392 3089 446 tunc
3119 358 3269 447 cum.
3288 389 3589 448 avunculo
3612 407 3725 448 suo

295 475 444 533 urbe
455 475 1157 547 Petragorica,Bernardo
1174 480 1299 537 ﬁlio
1323 480 1639 538 Hildeberti
1657 477 1805 551 (127)
1827 475 1956 532 red-

295 564 447 623 didit
470 565 805 624 marcham.
841 570 910 625 Et
934 567 1129 627 donec
1158 569 1350 627 viriles
1397 585 1590 628 annos
1645 568 1958 638 attingeret

295 657 440 712 tetas
470 654 773 724 Bernardi,
805 655 1066 727 injunxit
1094 673 1229 715 eam
1258 658 1588 730 regendam
1614 655 1953 715 fortissimis

294 742 695 817 principibus,
728 743 971 803 duobus
1004 747 1325 819 germanis,
1358 751 1525 805 Petro
1557 745 1767 805 abbati
1820 748 1956 804 Sco-

295 832 648 892 toriensium
673 835 1103 894 canonicorum
1137 838 1303 911 (128),
1331 842 1389 896 et
1415 838 1696 896 Umberto
1751 840 1953 895 Druto.

298 924 569 992 Quorum
612 927 783 997 pater
833 923 1005 982 Abbo
1058 928 1276 983 Drutus
1317 930 1582 993 castrum
1658 925 1956 984 Bellacum

295 1012 450 1083 (129)
484 1014 692 1071 contra
711 1027 916 1083 regem
947 1014 1293 1073 Rotbertum
1318 1015 1637 1074 fortissime
1692 1016 1959 1074 defendit

302 1101 378 1157 1⁸.
410 1100 701 1174 Aquibus
739 1102 981 1159 duobus
1034 1102 1355 1163 fortissime
1406 1105 1658 1163 marcha
1710 1104 1957 1162 defensa

298 1194 410 1259 est,
432 1206 753 1264 quousque
785 1192 1079 1249 Unbertus
1105 1193 1314 1253 obiret.
1349 1197 1552 1253 Petrus
1592 1194 1785 1253 abbas
1840 1194 1957 1250 sin-

298 1277 571 1349 gularem
599 1279 1003 1352 principatum
1031 1282 1332 1356 optinens,
1363 1284 1629 1343 habebat
1657 1283 1770 1340 sibi
1814 1282 1959 1339 ﬁde-

294 1367 596 1427 lissimum
621 1369 1076 1442 profundissimi
1115 1372 1348 1431 consilii
1378 1374 1708 1431 Ainardum
1732 1388 1959 1447 praepo-

298 1456 476 1514 situm
505 1460 582 1527 2',
611 1457 937 1516 habentem
966 1460 1121 1519 duos
1152 1462 1364 1521 fratres
1385 1463 1703 1521 Abbonem
1724 1466 1783 1520 et
1824 1461 1955 1519 Bai-

295 1545 616 1615 mundum,
649 1548 1089 1608 strenuissimos
1118 1551 1325 1621 duces,
1376 1568 1626 1626 corpore
1651 1552 1955 1619 robustos,

299 1634 538 1694 animos
575 1635 919 1708 bellicosos,
965 1656 1228 1713 quorum
1289 1658 1557 1699 sororem
1599 1641 1958 1699 Aldeardem

2062 476 2265 533 inclito
2296 478 2569 549 Rotgerio
2600 478 2942 536 Lemovices
2973 479 3233 549 degebat
3270 479 3330 537 in
3359 481 3725 537 monasterio

2064 567 2251 624 sancti
2281 568 2588 640 Marcialis,
2639 572 3021 642 experrectus
3067 569 3130 629 in
3160 573 3456 643 tempesta
3509 570 3722 638 noctis,

2064 655 2212 714 dum
2238 656 2381 714 foris
2399 662 2558 716 astra
2588 659 2937 732 suspiceret,
2969 658 3117 717 vidit
3147 659 3209 715 in
3242 664 3516 718 austrum
3545 659 3606 717 in
3637 659 3725 717 al-

2062 746 2313 804 titudine
2340 748 2447 804 celi
2468 764 2759 819 magnum
2791 746 3142 805 cruciﬁxum
3173 748 3233 807 in
3265 748 3397 822 ipso
3429 748 3555 806 celo
3585 752 3638 806 3'
3670 753 3725 809 et

2065 835 2299 893 Domini
2329 838 2692 910 pendentem
2718 837 2978 907 ﬁguram
3005 838 3067 894 in
3097 855 3292 906 cruce,
3316 838 3506 896 multo
3530 838 3728 896 flumi-

2063 941 2139 982 ne
2160 926 2546 985 lacrimarum
2576 928 3054 986 inlacrimantem
3085 932 3162 986 4'.
3209 934 3334 1002 Ipse
3390 934 3591 987 autem
3620 928 3728 1002 qui

2064 1016 2193 1073 haec
2213 1016 2361 1075 vidit
2398 1019 2680 1076 attonitus
2711 1018 2893 1075 nichil
2918 1020 3082 1076 aliud
3111 1021 3305 1093 potuit
3324 1035 3502 1090 agere
3537 1036 3726 1093 quam

2063 1103 2343 1161 lacrimas
2387 1106 2466 1162 ab
2516 1106 2705 1163 oculis
2758 1107 3142 1181 profundere.
3199 1108 3353 1164 Vidit
3403 1124 3545 1166 vero
3602 1113 3726 1166 tam

2064 1193 2261 1267 ipsam
2290 1212 2529 1254 crucem
2552 1214 2739 1271 quam
2764 1199 3020 1267 ﬁguram
3042 1199 3310 1266 cruciﬁxi
3328 1198 3523 1254 colore
3548 1197 3728 1267 igneo

2066 1287 2120 1339 et
2150 1283 2327 1340 nimis
2359 1286 2694 1355 sanguineo
2722 1292 2911 1344 totam
2940 1304 3048 1361 per
3077 1288 3391 1344 dimidiam
3419 1286 3609 1343 noctis
3625 1285 3732 1342 lio-

2064 1387 2218 1443 ram,
2246 1390 2563 1448 quousque
2592 1376 2719 1433 celo
2750 1394 2877 1433 sese
2909 1377 3233 1434 clauderet.
3266 1380 3331 1433 Et
3357 1375 3525 1449 quod
3580 1373 3734 1431 vidit

2067 1480 2303 1537 semper
2331 1464 2392 1521 in
2424 1466 2603 1522 corde
2629 1466 2862 1538 celavit,
2895 1483 3214 1540 quousque
3244 1467 3342 1522 hic
3391 1463 3625 1538 scripsit
3654 1468 3734 1521 ω-

2066 1552 2290 1627 stisque
2320 1559 2408 1612 est
2437 1556 2747 1627 Dominus,
2770 1557 2936 1630 quod
2965 1558 3093 1614 hinc
3123 1557 3288 1614 vidit.

298 1725 529 1797 accepit
551 1724 614 1782 in
645 1727 1106 1786 matrimonium
1136 1730 1508 1789 Baimundus
1525 1731 1957 1803 Cabannensis,
1997 1748 2039 1801 Β
2137 1733 2227 1788 47.
2261 1733 2340 1789 Eo
2380 1747 2542 1789 anno
2590 1732 2902 1789 Hilduinus
2932 1732 3081 1804 (133)
3130 1732 3452 1805 episcopus
3509 1728 3733 1787 Judcos

299 1813 575 1886 abnepos
634 1816 784 1887 (130)
836 1818 1154 1892 Turpionis
1211 1820 1497 1894 episcopi,
1547 1820 1726 1877 frater
1786 1819 1958 1877 Adal-

298 1902 451 1960 berti
479 1903 692 1961 decani
744 1904 928 1963 incliti
978 1912 1037 1965 et
1088 1909 1382 1982 propositi
1431 1926 1504 1967 ex
1561 1908 1961 1967 monasterios

301 1992 491 2050 sancti
518 1993 835 2063 Marcialis;
860 1997 1184 2070 genuitque
1202 2014 1275 2055 ex
1295 2014 1367 2056 ea
1381 1998 1573 2056 ﬁlium
1595 1998 1961 2055 Ademarum

301 2081 813 2151 Engolismensem
848 2086 916 2122 ¹⁴¹
948 2088 1342 2159 monachum,
1395 2088 1500 2161 qui
1546 2088 1675 2144 haec
1705 2087 1957 2160 scripsit.

299 2170 537 2229 Vivente
562 2173 722 2231 enim
754 2175 1099 2248 supradicto
1119 2177 1403 2246 Ainardo,
1437 2177 1629 2235 abbas
1658 2179 1729 2213 “3
1760 2180 1961 2234 Petrus

299 2276 431 2318 rem
459 2261 767 2333 publicam
824 2265 1049 2337 optime
1102 2266 1587 2338 amministravit,
1626 2271 1683 2324 et
1729 2266 1960 2323 invidos

302 2366 427 2407 suae
453 2350 657 2421 glorias
682 2355 1031 2427 conpressit.
1059 2358 1210 2413 Nam
1237 2372 1308 2413 eo
1340 2359 1542 2414 Romae
1593 2360 1852 2427 mortuo,
1906 2358 1964 2411 et

301 2438 641 2498 Raimundo
684 2441 863 2500 fratre
910 2444 1041 2515 ejus
1098 2444 1505 2503 Hierosolimze
1551 2444 1855 2516 defuncto,
1905 2449 1964 2502 et

298 2526 551 2585 Abbone
577 2529 920 2589 inﬁrmitate
952 2537 1223 2605 gravato,
1253 2534 1493 2592 inclitus
1517 2537 1740 2605 Petrus,
1769 2533 1960 2591 nemi-

300 2633 443 2675 nem
464 2618 706 2678 ﬁdelem
734 2621 1145 2680 consiliarium
1173 2623 1430 2692 habens,
1462 2624 1611 2681 dum
1649 2624 1726 2682 ad
1782 2640 1963 2680 suum

300 2709 522 2764 temere
547 2707 687 2767 facit
706 2709 1023 2770 arbitrium
1054 2712 1278 2782 omnia,
1311 2716 1369 2770 et
1395 2712 1547 2771 inter
1602 2729 1746 2771 suos
1803 2712 1963 2771 terri-

298 2793 435 2851 bilis
460 2800 527 2853 ut
547 2796 641 2854 leo
670 2798 927 2870 videtur,
954 2805 1218 2857 castrum
1277 2803 1594 2876 proprium
1651 2806 1961 2862 Mortema-

299 2898 473 2942 rense
504 2892 869 2958 concremat,
913 2889 1353 2948 contradicente
1385 2891 1634 2949 consilio
1690 2908 1960 2965 suorum,

302 2977 361 3031 et
387 2974 570 3047 hujus
599 2975 682 3032 rei
712 2978 1027 3035 occasione
1052 2980 1407 3054 propinquis
1439 2982 1570 3053 ejus
1601 2986 1658 3037 et
1685 2982 1963 3056 principi-

2069 1820 2397 1875 Lemovicaa
2419 1820 2498 1876 ad
2526 1820 2899 1894 baptismum
2926 1820 3212 1894 conpulit,
3236 1820 3367 1890 lege
3390 1818 3643 1892 prolata,
3668 1821 3735 1876 ut

2070 1912 2173 1963 aut
2197 1907 2504 1966 christiani
2530 1912 2747 1976 essent,
2780 1912 2883 1965 aut
2900 1908 2975 1964 de
3007 1910 3078 1944 “3
3109 1908 3344 1965 civitate
3366 1906 3731 1974 recederent,

2070 2000 2126 2053 et
2149 2013 2256 2069 per
2285 2014 2475 2055 unum
2504 2014 2776 2056 mensem
2800 1997 3076 2054 doctores
3124 1997 3360 2055 divinos
3400 1995 3577 2067 jussit
3615 1993 3735 2050 dis-

2070 2090 2278 2158 putare
2305 2104 2444 2144 cum
2472 2088 2711 2159 Judaeis,
2739 2092 2804 2144 ut
2857 2104 2960 2143 eos
2998 2088 3076 2144 ad
3106 2087 3291 2145 ﬁdem
3343 2087 3623 2155 cogerent
3652 2087 3730 2151 5';

2071 2180 2127 2231 et
2148 2180 2263 2233 tres
2288 2177 2382 2233 vel
2409 2181 2670 2250 quatuor
2693 2176 2863 2234 Judei
2895 2176 3208 2235 Christiani
3254 2176 3393 2233 facti
3422 2178 3579 2231 sunt.
3630 2175 3733 2230 Ce-

2070 2268 2195 2322 tera
2218 2269 2421 2322 autem
2452 2264 2771 2323 multitudo
2810 2282 2916 2338 per
2966 2265 3114 2322 alias
3146 2264 3412 2323 civitates
3441 2261 3734 2332 diffugere

2071 2371 2210 2411 cum
2234 2354 2543 2425 uxoribus,
2570 2354 2790 2423 liberis,
2824 2353 3116 2413 festinavit
3145 2356 3221 2411 6‘.
3266 2357 3401 2427 Ipso
3440 2367 3602 2409 anno
3648 2366 3735 2406 se-

2069 2443 2391 2518 pulchrum
2431 2444 2665 2500 Domini
2710 2444 3108 2501 Hierosolimis
3135 2443 3515 2501 confractum
3554 2444 3643 2497 est
3696 2456 3734 2497 a

2069 2534 2327 2607 paganis
2356 2536 2458 2590 7'3
2490 2533 2787 2591 Kalendas
2821 2533 3089 2591 Octobris
3134 2537 3290 2602 1010,
3324 2547 3486 2589 anno
3514 2529 3592 2588 ab
3640 2529 3731 2586 in-

2072 2623 2416 2681 carnatione
2442 2624 2591 2695 ejus.
2622 2628 2770 2681 Nam
2792 2622 2963 2681 Judei
3012 2623 3379 2681 occidentale
3409 2624 3464 2678 8'
3511 2620 3731 2693 episto-

2070 2713 2160 2770 las
2188 2714 2484 2771 miserunt
2512 2713 2573 2771 in
2598 2713 2896 2770 Orientem
2950 2713 3116 2786 (134),
3174 2715 3525 2769 accusantes
3552 2710 3736 2768 chris.

2073 2802 2290 2867 tianos,
2318 2802 2676 2859 mandantes
2696 2802 2987 2859 exercitus
3017 2799 3487 2858 Occidentalium
3525 2800 3580 2854 9'
3632 2813 3733 2852 su-

2071 2907 2179 2964 per
2210 2893 2567 2949 Sarracenos
2609 2890 2927 2951 orientales
2981 2893 3317 2947 commotos
3364 2904 3514 2945 esse.
3571 2889 3735 2942 Tunc

2071 2980 2629 3038 Nabuchodonosor
2675 2979 2996 3040 Babiloniee
3045 2980 3209 3051 (135),
3268 2994 3452 3053 quem
3515 2978 3747 3035 vocant

300 3063 419 3120 bus
448 3064 905 3123 marchionibus
937 3084 1076 3125 cum
1128 3070 1427 3127 Bernardo
1461 3072 1676 3128 comite
1720 3077 1778 3129 et
1813 3072 1961 3128 Wil-
2003 3106 2043 3161 ρ
2074 3070 2427 3139 Amiratum,
2457 3070 2786 3127 concitatus
2844 3086 3028 3126 suasu
3060 3071 3525 3127 Sarracenorum
3555 3067 3643 3122 10·
3674 3063 3737 3120 in

301 3151 483 3210 lelmo
508 3152 683 3226 duce,
705 3156 881 3228 quasi
904 3157 1267 3216 tirannidem
1294 3165 1706 3235 praesumeret,
1738 3162 1799 3218 in
1825 3178 1963 3218 eum
2007 3151 2043 3161 ν
2072 3161 2246 3230 iram,
2278 3176 2569 3231 magnam
2594 3158 2976 3216 aﬁlictionem
3001 3174 3183 3232 super
3202 3156 3556 3217 christianos
3576 3169 3742 3210 exer-

304 3241 774 3315 insurgentibus,
801 3246 1093 3319 paulatim
1119 3264 1192 3305 ex
1218 3254 1513 3324 potestate
1542 3251 1964 3308 marchionum

307 3329 531 3401 ejectus
557 3335 662 3388 est.
689 3334 798 3399 Qui
827 3351 863 3392 a
893 3335 1282 3395 Hierosolima
1311 3355 1606 3413 reversus,
1629 3341 1691 3397 in
1718 3340 1967 3398 basilica

309 3419 499 3476 sancti
531 3421 814 3495 Stephani
844 3426 1173 3483 Lemovices
1206 3427 1366 3485 sedis
1394 3428 1716 3504 pristinum
1773 3431 1965 3487 hono-

309 3524 438 3565 rem
470 3511 801 3583 continens,
833 3518 891 3573 et
920 3516 1308 3575 ecclesiarum
1333 3521 1391 3575 et
1446 3518 1726 3576 villarum
1779 3520 1969 3579 multa

307 3600 689 3673 possessione
741 3619 815 3660 ex
865 3609 1120 3679 paterna
1150 3606 1355 3665 fruens
1383 3608 1726 3680 hereditate,
1759 3615 1816 3666 et
1844 3627 1970 3668 ma-

310 3702 443 3758 gnas
474 3695 726 3748 catervas
767 3694 1049 3766 militum,
1104 3696 1210 3770 qui
1239 3698 1369 3770 ejus
1398 3696 1690 3756 beneﬁcia
1718 3699 1966 3769 habent,

284 3773 637 3853 imperans,
665 3799 702 3840 a
721 3785 878 3841 curis
903 3801 1130 3858 magna
1158 3803 1232 3843 ex
1259 3792 1427 3861 parte
1456 3793 1711 3864 ereptus,
1744 3795 1802 3847 et
1826 3790 1969 3847 libe-

307 3868 433 3925 rius
463 3872 583 3928 Deo
611 3878 803 3943 vacat,
836 3878 895 3932 et
920 3875 1135 3949 majori
1160 3893 1348 3956 quam
1383 3882 1519 3937 ante
1574 3880 1886 3939 securitate
1913 3885 1970 3938 et

311 3957 501 4028 gloria
522 3960 709 4033 pollet
738 3964 909 4035 (131).

381 4050 471 4104 46.
495 4048 593 4104 His
620 4051 994 4123 temporibus
1020 4055 1139 4126 (an.
1172 4057 1331 4129 1010)
1351 4057 1525 4128 signa
1552 4056 1616 4114 in
1642 4058 1839 4129 astris,
1863 4059 1971 4116 sic-

310 4134 515 4195 citates
543 4139 758 4209 noxias,
784 4141 985 4200 nimim
1000 4144 1236 4217 pluvias,
1262 4146 1463 4203 nimias
1482 4151 1700 4221 pestes,
1732 4152 1791 4205 et
1837 4164 1969 4219 gra-

307 4224 569 4285 vissimas
607 4227 817 4302 fames,
844 4231 1205 4294 defectiones
1255 4236 1459 4294 multa:
1504 4237 1649 4295 solis
1704 4242 1763 4294 et
1811 4237 1969 4294 lunai

312 4323 743 4391 apparuerunt,
774 4324 832 4378 et
851 4322 1155 4381 Vinzenna
1174 4323 1392 4383 ﬂuvius
1422 4326 1570 4399 (132)
1601 4342 1709 4398 per
1731 4330 1850 4383 tres
1865 4343 1972 4384 no-

2075 3251 2216 3322 cuit,
2240 3251 2381 3307 data
2405 3250 2557 3321 lege,
2588 3254 2653 3305 ut
2675 3249 3021 3323 quicunque
3045 3248 3351 3306 christiani
3380 3246 3456 3303 de
3487 3260 3597 3302 sua
3628 3259 3738 3316 po-

2076 3345 2280 3399 testate
2309 3340 2536 3398 nollent
2563 3339 2691 3397 ﬁeri
2726 3339 3055 3410 Sarraceni,
3110 3344 3216 3396 aut
3261 3337 3739 3396 conﬁscarentur

2075 3436 2180 3489 aut
2230 3430 2720 3488 interﬁcerentur.
2770 3428 2935 3486 Unde
3009 3430 3234 3486 factum
3292 3432 3400 3499 est,
3450 3430 3515 3483 ut
3564 3425 3739 3482 innu-

2052 3519 2393 3578 ‘merabiles
2449 3518 2917 3576 christianorum
2963 3522 3049 3574 11·
3088 3517 3398 3574 facultates
3435 3530 3577 3571 suas
3625 3528 3737 3586 pro

2075 3610 2297 3668 nichilo
2344 3609 2677 3677 ducerent;
2730 3607 2838 3664 sed
2884 3612 3077 3664 morte
3124 3624 3305 3665 nemo
3356 3606 3577 3677 dignus
3625 3618 3737 3677 pro

2077 3700 2305 3758 Christo
2345 3698 2455 3755 fuit
2498 3697 2615 3754 nisi
2670 3696 3008 3771 patriarcha
3057 3696 3604 3765 Hierosolimorum,
3630 3692 3737 3766 qui

2075 3790 2261 3848 variis
2293 3788 2561 3862 supliciis
2591 3787 2826 3844 occisus
2880 3792 2986 3855 est,
3056 3792 3114 3843 et
3151 3787 3274 3844 duo
3323 3785 3735 3843 adolescentes

2078 3878 2432 3951 germaniin
2471 3881 2722 3951 Egypto,
2756 3877 2861 3950 qui
2889 3876 3166 3933 decollati
3220 3880 3379 3945 sunt,
3424 3880 3483 3932 et
3533 3872 3736 3930 multis

2077 3970 2411 4027 clarescunt
2464 3967 2790 4025 miraculis.
2848 3970 2997 4023 Nam
3051 3967 3310 4024 ecclesiae
3387 3968 3737 4022 sanctorum

2078 4060 2383 4116 subversae
2414 4059 2557 4113 sunt
2590 4058 2696 4128 12',
2728 4060 2786 4112 et
2814 4056 3075 4128 peccatis
3131 4055 3349 4112 nostris
3392 4068 3739 4128 promeren-

2078 4149 2258 4216 tibus,
2288 4146 2541 4203 basilica
2590 4143 2861 4218 sepulchi
2920 4144 3151 4201 Domini
3187 4160 3385 4217 usque
3430 4142 3511 4200 ad
3541 4141 3738 4198 solum

2079 4235 2590 4309 diruta.Lapidem
2600 4235 2977 4291 monumenti
2990 4251 3129 4291 cum
3139 4235 3480 4291 nullatenus
3490 4234 3743 4306 possent

2081 4326 2510 4396 comminuere,
2532 4323 2735 4395 ignem
2761 4323 3080 4396 copiosum
3108 4321 3605 4396 superadjiciunt,
3633 4318 3741 4374 sed

311 4410 431 4462 ctes
456 4408 612 4464 aruit
640 4411 964 4469 Lemovices
988 4430 1096 4487 per
1120 4414 1243 4472 duo
1266 4415 1471 4473 millia.
1497 4418 1563 4473 Et
1591 4416 1969 4489 supradictus
2007 4421 2052 4475 D
2078 4415 2252 4490 quasi
2265 4413 2563 4471 adamans
2578 4412 2903 4469 immobilis
2920 4409 3743 4469 mansitetsolidus.Bethlee-

314 4532 493 4618 t'ﬁlc
521 4533 649 4591 Abo
675 4550 977 4618 consensu
1005 4538 1305 4618 Aldeberti
1334 4539 1568 4618 comitis
1592 4544 1869 4618 castrum
1888 4544 2343 4618 Mortemareusf!
2365 4539 2515 4618 (136)
2545 4537 2966 4618 QOHSQ‘UX‘U“
2993 4536 3183 4618 ῗωῖἀο
3209 4536 3474 4618 Ρέορτίοε
3531 4534 3739 4618 “fit?

379 4606 437 4682 ξς
462 4619 523 4682 ι)ζ
551 4621 623 4661 ex
644 4610 1010 4667 monasterio
1031 4612 1221 4668 sancti
1253 4612 1402 4667 Petri
1431 4612 1807 4670 Scotoriensi.
1838 4613 1949 4679 Qui
1973 4612 2272 4669 Ainardus
2301 4604 2512 4668 habuit
2532 4610 2686 4666 duos
2711 4613 2765 4665 2.
2814 4612 2902 4682 ,3'_
2927 4608 3107 4682 quasi
3127 4604 3437 4682 conﬁxum
3460 4606 3522 4661 in
3546 4604 3654 4682 celi
3682 4610 3739 4661 2.

378 4677 437 4759 {1'
464 4676 821 4759 plorantem.
856 4682 968 4759 Qui
1010 4687 1213 4759 autem
1267 4682 1397 4759 hec.
1476 4685 1533 4739 δ’
1579 4700 1683 4741 eos
1712 4700 1785 4759 ex
1831 4676 1954 4741 suis
1986 4684 2153 4759 libris
2192 4682 2679 4759 revincerent2._
2713 4682 2769 4735 6⁸
2797 4676 3358 4759 Quidametiamuse
3384 4679 3553 4759 ip_sos
3583 4677 3742 4759 ferro

374 4745 820 4873 {iugulaverunh
850 4745 1118 4811 nolentes
1163 4754 1538 4830 baptismum
1604 4755 2098 4830 suscipere.‘add.
2123 4758 2181 4814 2.
2255 4754 2312 4809 7'
2340 4752 2541 4809 Judeis
2570 4757 2626 4808 et
2646 4745 2986 4809 Sarracenis
3012 4753 3082 4786 ιιι
3114 4757 3166 4809 2.
3244 4752 3299 4806 8'
3344 4745 3745 4805 et'Sarraceni

429 4820 658 4873 taminia
687 4823 830 4873 add.
853 4827 906 4873 2.
983 4825 1040 4873 9’
1068 4827 1428 4873 Francorum
1457 4829 1509 4873 2-
1591 4829 1681 4873 Μ’
1708 4843 2086 4873 nnaannmm
2118 4831 2171 4873 2-
2251 4827 2342 4873 H'
2370 4840 2421 4873 ο-
2457 4827 2940 4873 converterentur
2991 4822 3067 4873 ad
3099 4822 3294 4873 legem
3323 4821 3741 4873 Sarracenam.

429 4818 658 4898 ispanie
853 4827 906 4879 2.
973 4818 1432 4898 _9’AFranc’orum
1457 4829 1510 4882 2.
1591 4829 1681 4882 10’
1708 4818 2091 4898 paganorum
2118 4831 2188 4898 2._
2251 4827 2342 4880 11⁸
2370 4827 2940 4898 c.__converterentur
2991 4822 3069 4880 ad
3099 4822 3304 4898 le_gem_
3323 4821 3741 4889 Sarracenam,

381 4892 438 4943 et
455 4905 716 4968 nemop.
751 4896 810 4968 C_.
839 4909 922 4950 m.
952 4894 1012 4951 d.
1046 4895 1156 4968 fuit
1176 4899 1230 4952 2.
1311 4899 1400 4951 12⁸
1427 4900 1575 4955 Nam
1606 4892 1874 4957 ascﬂes'ia
1901 4901 1973 4934 “5
2005 4895 2194 4955 sancti
2221 4894 2473 4965 Georgii,
2505 4910 2623 4968 que
2670 4898 2918 4951 actenus
2959 4909 2996 4949 a
3050 4908 3091 4959 n

3182 4908 3217 4949 ο
3272 4892 3743 4946 Sarracenorum

381 4961 574 5031 potuit
597 4961 824 5036 violari,
856 4970 996 5023 tunc
1027 4966 1325 5024 destructa
1356 4972 1444 5025 est
1472 4985 1612 5026 cum
1643 4969 1775 5027 aliis
1804 4970 2008 5027 multis
2041 4967 2303 5026 ecclesiis
2332 4961 2681 5024 sanctorum
2707 4970 2759 5021 2.

388 5103 458 5139 ¹⁴¹
491 5105 930 5185 epgolismense
963 5113 1013 5165 1.
1058 5108 1454 5180 egolismense
1498 5114 1553 5167 2.
1632 5040 2567 5183 “yﬁﬁdloEgbaﬁaépetrus
2614 5112 2663 5164 1.
2742 5106 2813 5141 ¹⁸³
2842 5103 3099 5161 devitate
3124 5108 3173 5160 1.
3254 5103 3324 5138 ¹“
3370 5102 3663 5159 sarcernis
3689 5120 3742 5162 c.

314 5174 388 5209 ¹⁴⁶
418 5174 663 5237 eccleSie
689 5192 742 5235 c.

384 5341 858 5434 (.‘_?3_>__‘9?P,aui
872 5362 1068 5434 supra
1091 5365 1144 5434 9.-
1165 5352 1247 5434 ,³4
1266 5349 1765 5434 Αιςιθδθξιιιει.ξ.ί1α
1793 5258 1950 5434 etis;

1122 5376 1144 5434 λε
1165 5352 1247 5434 ’34
1266 5349 1765 5434 ΑΙςίθδθιξιιιελίξδ
1793 5254 2305 5434 maiorm}???
2340 5347 2688 5434 Lg‘vjenne,

311 5352 534 5469 A1$1127)
560 5352 857 5472 Idem
884 5362 1068 5429 supra
1091 5365 1144 5407 c.
1179 5352 1247 5407 34
1266 5352 1622 5434 Aldebertus
1642 5370 1660 5434 ξ
1682 5352 1765 5409 ita
1793 5352 1877 5434 eti;

312 5419 690 5544 εωιέξιιιέεῃὲξ
714 5417 1047 5548 namus.
1075 5421 1429 5495 Aldegarius
1470 5426 1529 5481 et
1587 5422 1877 5495 Hildegari

1929 5368 1975 5408 n
2183 5354 2305 5420 132)
2340 5353 2420 5406 La
2448 5352 2689 5403 Vienne.

1929 5439 1966 5480 .s
2182 5427 2277 5480 133
2328 5418 2643 5477 Alduinus.

2153 5352 2301 5567 $134;
2324 5491 2406 5549 Cf.
2441 5489 2655 5546 Glaber
2683 5486 2829 5550 Rod.
2863 5502 2942 5559 Ill,
2980 5488 3064 5557 10,
3098 5487 3203 5563 qui
3227 5487 3356 5544 haec
3384 5486 3495 5543 fusi

312 5483 529 5563 eadem
548 5490 699 5563 sunt
714 5488 983 5548 nomina.
1225 5483 1261 5495 “’
1760 5483 1796 5495 ”
2153 5483 2296 5563 (134)
2324 5491 2406 5549 Cf.
2441 5489 2655 5546 Glaber
2683 5486 2829 5550 Rod.
2863 5502 2942 5559 nx,
2980 5488 3064 5557 10,
3098 5487 3203 5563 qui
3227 5487 3356 5544 haec
3384 5486 3575 5544 fusius
3599 5501 3745 5546 nar-

386 5555 533 5707 (128)
565 5559 640 5613 Le
666 5559 864 5616 Dorat.
2077 5555 2192 5621 rat.
2280 5555 2290 5565 ’
2628 5630 2638 5642 _
2768 5629 2779 5641 O
2926 5555 2936 5559 ⁷
3051 5555 3057 5557 ⁷
3117 5555 3140 5563 ⁷

394 5630 510 5707 ,120
559 5627 643 5707 gf.
678 5645 729 5685 c.
760 5633 848 5689 34.
984 5704 999 5707 _
1182 5704 1199 5707 _
2153 5635 2305 5707 (135)
2331 5633 2395 5689 Id
2425 5636 2513 5688 est
2542 5633 2733 5701 Cairo,
2765 5628 2901 5686 ideo
2922 5629 3177 5703 Egypti.

385 5701 535 5781 (130)
563 5702 867 5781 Pronepos
892 5704 1014 5781 ;_cf.
1044 5704 1213 5781 prmi.
1247 5710 1388 5781 n.__2.

388 5767 540 5840 (131)
568 5770 651 5826 De
677 5767 1178 5849 mortis'tempore
1206 5774 1354 5834 nihil
1383 5779 1637 5837 constat.

2155 5706 2303 5778 (136)
2332 5707 2685 5763 Mortemart.
