3966 6418
205 338 268 392 61
1250 332 1728 391 HISTORIARUM
1767 334 1947 389 LIBRI
1983 334 2181 391 TBES.
2221 362 2291 376 --
2342 336 2474 393 LIB.
2515 338 2605 393 III.
3592 340 3659 395 62

204 459 475 517 miticam
520 457 858 525 ecclesiam,
892 457 997 514 ubi
1046 458 1311 516 Christus
1360 463 1540 515 natus
1591 461 1697 525 est,
1739 473 1877 513 cum
1915 461 1963 514 A
1990 458 2231 527 mentis,
2256 464 2315 516 et
2340 460 2531 517 multa
2560 458 2867 516 afﬂuentia
2897 458 3147 530 argenti,
3182 459 3329 533 quia
3356 461 3419 517 in
3469 476 3658 517 manu

202 551 540 607 niterentur
587 548 914 617 destruere,
950 549 1232 621 apparuit
1288 549 1371 604 eis
1418 548 1521 604 lux
1569 548 1880 619 fulgurans

206 640 429 710 subito,
462 642 518 696 et
546 638 747 695 omnis
778 652 990 695 eorum
1018 638 1340 695 multitudo
1371 654 1655 696 corruens
1681 638 1879 711 exspi-

205 731 380 801 ravit,
413 734 470 787 et
499 729 748 786 ecclesia
781 730 833 783 1·
863 729 1086 786 intacta
1114 730 1419 787 remansit.
1454 730 1545 785 Ad
1582 732 1881 786 monaste-

203 821 364 877 rium
397 834 643 893 quoque
672 818 893 874 montis
927 818 1089 875 Sinai
1113 820 1169 873 2"
1185 819 1396 875 decem
1417 819 1582 875 milia
1609 820 1880 875 Sarrace-

204 924 429 966 norum
460 912 831 965 armatorum
861 907 1166 963 venientes
1216 907 1667 976 destruendum,
1700 907 1881 977 longe

206 1003 473 1073 quatuor
500 997 744 1054 milibus
768 997 1148 1069 conspiciunt
1167 1001 1358 1054 totum
1378 1002 1650 1055 montem
1669 998 1878 1054 ardere

206 1093 264 1145 et
304 1088 589 1144 ﬂammas
619 1103 813 1159 usque
842 1087 903 1142 in
935 1087 1130 1143 celum
1160 1088 1320 1160 ferri,
1348 1092 1405 1145 et
1424 1091 1639 1144 cuncta
1662 1086 1745 1142 ibi
1774 1102 1880 1159 po-

204 1177 319 1234 sita
350 1193 489 1232 cum
532 1176 885 1233 hominibus
913 1192 1161 1233 manere
1190 1176 1376 1234 illesa.
1421 1177 1591 1244 Quod
1622 1192 1763 1233 cum
1791 1192 1879 1232 re-

203 1264 600 1321 nunciassent
628 1265 753 1335 regi
788 1264 1118 1339 Babilonio,
1148 1267 1474 1339 penitentia
1504 1266 1721 1322 ductus
1753 1269 1876 1321 tam

201 1352 333 1425 ipse
371 1370 561 1426 quam
613 1354 876 1427 populus
925 1356 1308 1425 Sarracenus,
1338 1356 1510 1413 valde
1558 1355 1880 1411 doluerunt

202 1443 279 1499 de
305 1442 399 1498 his
419 1460 554 1516 quae
583 1448 792 1500 contra
818 1444 1176 1502 christianos
1199 1446 1479 1517 egissent,
1495 1450 1551 1503 et
1566 1445 1709 1502 data
1734 1461 1878 1518 prae-

201 1533 497 1606 ceptione,
554 1533 739 1605 jussit
792 1533 1139 1592 resediﬁcari
1204 1535 1519 1593 basilicam
1577 1534 1875 1609 sepulchri

200 1622 466 1692 gloriosi.
499 1625 723 1679 Tamen
768 1623 1117 1698 redincepta
1146 1625 1419 1695 basilica,
1451 1641 1575 1682 non
1604 1625 1715 1681 fuit
1743 1641 1873 1681 am-

197 1711 358 1785 plius
403 1710 613 1768 similis
652 1712 836 1785 priori
884 1729 993 1770 nec
1020 1714 1463 1787 pulchritudine
1494 1731 1605 1771 nec
1644 1714 1875 1785 magni-

198 1800 430 1871 tudine,
490 1818 679 1875 quam
746 1802 963 1860 Helena
1020 1810 1211 1861 mater
1265 1804 1637 1863 Constantini
1688 1804 1873 1875 regali

199 1896 450 1965 sumptu
478 1892 825 1966 perfecerat.
859 1898 987 1951 Mox
1034 1911 1066 1951 e
1104 1896 1357 1966 vestigio
1404 1911 1583 1969 super
1627 1910 1873 1952 omnem

201 1985 424 2037 terram
480 1983 948 2039 Sarracenorum
998 1983 1191 2041 fames
1242 1985 1554 2042 incanduit
1604 2001 1711 2058 per
1756 1989 1871 2040 tres

201 2085 420 2140 annos,
477 2074 535 2126 et
581 2071 1035 2129 innumerabilis
1089 2091 1298 2131 eorum
1346 2075 1665 2131 multitudo
1712 2074 1873 2131 fame

201 2163 445 2215 mortua
470 2165 575 2229 est,
600 2160 681 2217 ita
703 2166 769 2217 ut
789 2162 1000 2234 plateae
1028 2168 1084 2221 et
1109 2164 1346 2222 deserta
1372 2164 1769 2221 cadaveribus
1800 2166 1870 2200 ηε

198 2247 592 2320 replerentur,
616 2254 674 2306 et
698 2250 907 2307 ﬁerent
935 2252 1211 2309 homines
1244 2254 1448 2311 cibum
1480 2259 1537 2311 et
1566 2254 1874 2327 sepultura

198 2337 340 2392 feris
367 2341 426 2392 et
454 2337 687 2395 avibus.
722 2341 937 2397 Secuta
964 2346 1053 2397 est
1080 2358 1183 2398 eos
1215 2342 1398 2412 gladii
1421 2343 1687 2400 vastitas.
1722 2346 1870 2401 Nam

198 2430 409 2496 gentes
440 2425 673 2482 Arabiae
706 2444 886 2501 super
916 2434 1135 2486 terram
1173 2448 1384 2489 eorum
1428 2432 1662 2488 diffusae
1707 2437 1866 2501 sunt,

198 2517 257 2571 et
304 2515 412 2587 qui
460 2522 877 2586 remanserant
915 2518 1093 2587 fame,
1125 2520 1339 2589 gladiis
1368 2522 1733 2578 interierunt.
1768 2525 1869 2579 Ca-

196 2606 339 2676 ptus
370 2608 461 2660 est
488 2603 566 2660 ab
594 2604 678 2661 eis
708 2622 811 2661 rex
835 2607 1196 2676 Babilonius,
1219 2610 1323 2683 qui
1351 2626 1413 2665 se
1443 2614 1652 2667 contra
1680 2613 1870 2666 Deum

196 2697 470 2750 erexerat
511 2693 571 2749 in
619 2695 987 2767 superbiam,
1021 2701 1079 2753 et
1101 2697 1293 2767 vivus,
1326 2703 1531 2756 ventre
1572 2703 1755 2769 secto,
1785 2699 1869 2755 vi-

198 2781 472 2837 sceribus
503 2784 778 2840 extractis
808 2786 885 2854 3',
920 2790 1193 2843 mortuus
1224 2792 1332 2844 est.
1383 2792 1592 2844 Venter
1621 2789 1752 2860 ejus
1780 2789 1867 2845 la-

194 2871 446 2945 pidibus
494 2872 794 2946 oppletus,
827 2880 1119 2932 consutus
1148 2882 1258 2945 est,
1293 2883 1351 2935 et
1378 2879 1654 2947 cadaver,
1686 2879 1869 2949 ligato

198 2962 457 3036 plumbo
486 2963 565 3019 ad
596 2963 838 3035 collum,
866 2966 929 3021 in
957 2983 1122 3024 mare
1147 2968 1493 3025 demersum
1524 2973 1629 3025 est.

270 3054 363 3107 48.
404 3054 488 3107 Eo
518 3067 681 3108 anno
702 3053 992 3110 Rodulfus
1021 3057 1522 3127 Petragoricensis
1547 3058 1867 3132 episcopus
1906 3037 1947 3093 ο

199 3140 279 3197 ab
328 3141 738 3199 Hierosolimis
778 3143 1018 3201 rediens
1058 3146 1136 3215 4*,
1187 3146 1336 3204 obiit
1375 3148 1784 3218 Petragoricae,
1816 3151 1873 3205 et

207 3231 502 3287 successit
528 3246 640 3304 pro
665 3247 737 3288 eo
761 3233 1077 3290 Arnaldus.
1114 3236 1226 3301 Qui
1250 3236 1416 3310 apud
1444 3240 1727 3295 Sanctum
1768 3241 1872 3295 Be-

202 3319 514 3376 nedictum
544 3321 816 3378 Nantolio
847 3322 991 3396 (137)
1021 3329 1406 3382 consecratus
1433 3330 1521 3382 est
1548 3327 1603 3382 5'
1624 3342 1661 3383 a
1690 3326 1875 3397 Sigui-

200 3424 283 3464 no
314 3408 662 3479 Burdegalae
697 3410 1151 3485 archiepiscopo
1177 3414 1253 3469 6".
1299 3417 1462 3470 Tunc
1488 3415 1870 3483 Gauzbertus,

198 3497 483 3571 princeps
549 3500 726 3556 castri
783 3501 1276 3575 Malamortensis,
1335 3507 1547 3576 captus
1600 3504 1679 3561 ad
1727 3504 1918 3569 Eblo,

198 3586 331 3643 vice
360 3586 576 3644 comite
609 3588 986 3663 Combornis,
1017 3594 1282 3647 retrusus
1310 3592 1373 3649 in
1400 3597 1596 3649 castro
1634 3593 1875 3651 fortissi-

200 3692 303 3732 mo
336 3676 667 3749 Melurensi,
701 3680 821 3735 Deo
850 3678 1103 3737 violente
1153 3697 1190 3737 a
1220 3680 1343 3737 suis
1391 3682 1624 3738 rusticis
1666 3684 1744 3751 7',
1778 3700 1873 3740 ca-

201 3768 326 3820 stro
375 3770 724 3838 expugnato
767 3771 825 3823 et
869 3784 1014 3824 mox
1052 3772 1247 3842 capto,
1282 3774 1520 3843 ereptus
1551 3774 1661 3843 est,
1691 3774 1749 3827 et
1776 3786 1873 3828 ca-

202 3858 396 3911 strum
420 3854 795 3913 destructum
819 3858 878 3914 8‘
898 3862 1006 3915 est.
1033 3861 1100 3916 Et
1119 3858 1571 3917 Hierosolimam
1592 3876 1869 3934 pergens,

200 3943 524 4000 defunctus
553 3948 642 4001 est
670 3946 748 4018 9‘,
779 3951 837 4004 et
878 3948 1187 4005 miraculis
1236 3954 1374 4021 post
1399 3954 1656 4007 mortem
1686 3950 1872 4008 clare-

203 4049 333 4090 sere
387 4034 561 4108 cepit.
622 4039 760 4093 Erat
836 4038 998 4094 enim
1068 4038 1249 4096 valde
1307 4039 1759 4109 ecclesiasticus,
1817 4045 1876 4098 et

200 4123 453 4181 honeste
485 4142 547 4181 se
576 4126 815 4195 agebat.

274 4214 544 4272 49.Circa
556 4216 671 4272 hoc
686 4219 927 4289 tempus
943 4216 1237 4273 Alduinus
1256 4218 1597 4291 episcopus,
1616 4220 1874 4292 acceptis

1991 565 2100 604 sua
2129 550 2438 607 abbatiam
2471 550 2739 615 habebat
2780 554 3049 623 emptam
3072 566 3109 607 a
3138 550 3404 621 Widone,
3436 567 3658 624 prope-

1987 638 2142 695 ravit
2163 644 2299 695 ante
2320 638 2857 712 quadragesimam
2888 654 3028 696 cum
3054 638 3345 696 Willelmo
3371 640 3525 697 duce
3550 643 3660 697 Ro-

1988 743 2177 800 mam,
2200 732 2257 785 et
2284 729 2346 784 in
2368 728 2609 785 tristicia
2636 729 2971 785 monachos
2998 729 3188 786 sancti
3219 728 3506 786 Marcialis
3525 729 3657 787 reli-

1986 816 2155 889 quid.
2211 820 2339 874 Mox
2396 833 2469 874 eo
2515 818 2850 886 recedente,
2907 817 2987 875 ad
3055 818 3443 890 sepulchrum
3494 818 3657 876 beati

1986 906 2274 963 Marcialis
2302 907 2565 980 plurima
2595 912 2884 982 ceperunt
2931 908 3289 965 choruscare
3340 908 3652 978 miracula,

1986 1012 2122 1068 quae
2152 996 2410 1053 leticiam
2452 998 2769 1055 monachis
2812 1001 2871 1054 et
2916 1001 3145 1054 cunctae
3174 997 3506 1071 Aquitaniae
3536 998 3657 1072 ple-

1986 1101 2133 1142 nam
2152 1086 2547 1156 ingesserunt.
2572 1091 2721 1145 Nam
2752 1087 3114 1145 nobilissimi
3138 1087 3578 1161 Aquitanorum
3599 1093 3657 1146 et

1989 1178 2351 1232 Francorum
2399 1177 2743 1250 principum
2796 1182 2976 1252 atque
3026 1175 3311 1235 Italorum
3368 1193 3439 1234 eo
3492 1193 3655 1234 anno

1988 1265 2308 1321 Lemovicas
2336 1267 2569 1339 pascha
2600 1282 2739 1323 cum
2778 1266 3115 1339 frequentia
3142 1266 3334 1323 sancti
3364 1266 3655 1323 Marcialis

1986 1354 2241 1425 gloriose
2266 1355 2735 1413 celebraverunt.
2770 1358 3063 1413 Reversus
3093 1356 3418 1429 episcopus
3448 1356 3653 1412 basili-

1985 1459 2123 1500 cam
2144 1444 2303 1500 sedis
2332 1446 2523 1502 sancti
2552 1446 2855 1520 Stephani,
2878 1462 3067 1519 quam
3095 1450 3337 1501 sanctus
3363 1444 3653 1502 Marcialis

1984 1533 2381 1605 dedicaverat,
2404 1535 2837 1593 destruendam
2860 1539 2919 1593 et
2932 1534 3424 1609 ampliﬁcandam
3444 1534 3652 1608 dispo-

1984 1622 2119 1694 suit,
2152 1626 2209 1679 et
2233 1623 2420 1680 lineas
2448 1625 2526 1681 ad
2556 1625 2951 1682 fundamenta
2984 1626 3056 1660 ¹⁵⁷
3083 1623 3243 1696 jecit,
3266 1627 3332 1680 ut
3359 1627 3495 1696 post
3522 1623 3651 1679 dies

1913 1746 1952 1798 Β
1987 1717 2048 1767 15
2078 1712 2373 1770 insisteret
2397 1714 2583 1787 operi.
2633 1715 2974 1787 Abiensque
3018 1712 3156 1770 inde
3209 1713 3288 1769 ad
3331 1712 3650 1769 ecclesiam

1981 1806 2209 1873 Agento
2241 1802 2387 1876 (138)
2413 1804 2825 1877 supradictam
2858 1806 2966 1871 10‘,
2986 1803 3069 1860 ibi
3091 1802 3366 1877 spiritum
3393 1802 3650 1859 exalavit

1984 1892 2102 1962 (an.
2141 1896 2275 1947 1012
2307 1895 2401 1949 vel
2433 1898 2611 1954 1013).
2647 1895 2919 1951 Delatum
2965 1898 3053 1949 est
3101 1908 3319 1965 corpus
3370 1893 3499 1963 ejus
3550 1894 3650 1948 Le-

1981 1980 2299 2048 movicam,
2329 1983 2494 2054 apud
2543 1982 2747 2039 sedem
2786 1981 3004 2052 vigiliis
3042 1982 3450 2050 observatum,
3484 1982 3649 2054 apud

1983 2072 2267 2126 Sanctum
2301 2072 2615 2129 Martinum
2650 2072 2972 2145 sepultum.
3006 2072 3298 2128 Successit
3320 2087 3432 2145 pro
3461 2086 3532 2127 eo
3560 2087 3649 2126 re-

1979 2159 2429 2216 verentissimus
2459 2161 2769 2232 Geraldus,
2812 2176 3003 2234 nepos
3045 2162 3198 2232 ejus.
3255 2163 3649 2217 Consecratus

1979 2251 2035 2304 et
2079 2248 2328 2305 Pietavis
2355 2250 2521 2323 apud
2561 2252 2845 2308 Sanctum
2877 2250 3185 2323 Hylarium
3219 2250 3307 2305 11'
3338 2265 3374 2306 a
3402 2248 3648 2319 Siguino

1979 2336 2453 2411 archiepiscopo.
2487 2343 2611 2396 Non
2642 2339 2803 2397 enim
2833 2340 3027 2412 potuit
3053 2355 3183 2395 esse
3206 2337 3538 2396 Gauzlenus
3564 2336 3653 2392 Bi-

1979 2427 2290 2485 turicensis
2339 2430 2848 2503 archiepiscopus,
2892 2431 3037 2503 quia
3082 2430 3346 2487 necdum
3376 2432 3650 2501 receptus

1978 2522 2107 2576 erat
2134 2518 2196 2575 in
2231 2520 2372 2576 sede
2405 2520 2675 2578 Biturica.
2703 2520 2917 2578 Habuit
2936 2525 3137 2577 tamen
3164 2520 3248 2577 ibi
3267 2519 3486 2576 missos
3507 2534 3650 2575 suos

1976 2623 2049 2664 ex
2100 2610 2289 2666 sancti
2320 2610 2617 2667 Benedicti
2657 2610 2992 2667 monachis.
3029 2610 3216 2669 Simul
3244 2609 3645 2666 interfuerunt

1978 2697 2246 2771 episcopi
2267 2699 2627 2757 Gislebertus
2648 2700 3025 2768 Pictavensis,
3054 2698 3352 2756 Arualdus
3372 2700 3649 2767 Petrago-

1976 2787 2240 2857 ricensis,
2294 2789 2408 2846 lslo
2460 2789 2923 2858 Santonicensis,
2976 2789 3364 2846 Grimoardus
3408 2786 3643 2858 Engoli-

1979 2877 2252 2934 smensis.
2276 2881 2415 2935 Post
2440 2878 2925 2935 benedictionem
2960 2880 3048 2935 12'
3064 2877 3329 2935 comitati
3350 2880 3490 2933 sunt
3504 2890 3645 2931 eum

1978 2982 2171 3040 usque
2200 2967 2578 3025 Lemovicam
2605 2968 2903 3026 Arualdus
2932 2972 2990 3025 et
3010 2966 3397 3025 Grimoardus
3420 2964 3647 3038 episco-

1980 3057 2062 3129 pi.
2094 3057 2361 3114 Primum
2407 3059 2485 3115 ad
2532 3061 2817 3116 Sanctum
2866 3058 3200 3116 Marcialem
3243 3058 3537 3113 venerunt
3569 3053 3645 3110 si-

1981 3146 2109 3202 mul
2142 3148 2324 3211 13*,et
2350 3148 2573 3221 recepti
2598 3152 2739 3205 sunt
2762 3165 2799 3206 a
2824 3148 3159 3205 monachis.
3190 3146 3330 3203 Inde
3361 3142 3648 3201 monachi

1982 3251 2085 3292 eos
2111 3236 2388 3293 duxerint
2417 3254 2557 3294 cum
2601 3238 2945 3311 antiphonis
2992 3252 3184 3311 usque
3217 3237 3295 3293 ad
3332 3234 3646 3291 ecclesiam

1983 3326 2362 3383 Cairoensem
2395 3328 2560 3400 (139).
2589 3329 2674 3384 lbi
2704 3328 2766 3385 in
2793 3328 3077 3385 cathedra
3104 3326 3273 3395 sedit,
3300 3329 3357 3383 et
3376 3322 3645 3381 humeris

1981 3415 2191 3489 populi
2218 3422 2445 3488 vectus,
2466 3418 2769 3474 canonicis
2796 3418 3158 3491 antiphonas
3189 3413 3646 3473 concinentibus

1983 3510 2209 3563 textum
2239 3507 2542 3578 Evangelii
2568 3524 2605 3565 a
2636 3508 2988 3569 Grimoardo
3009 3507 3294 3581 episcopo
3319 3504 3647 3575 legendum

1984 3596 2258 3669 sumpsit,
2287 3601 2343 3652 et
2364 3596 2449 3652 ita
2474 3597 2839 3653 benedicens
2865 3597 3110 3653 dextera
3141 3595 3403 3662 assidue,
3434 3593 3514 3649 ad
3541 3592 3649 3648 hoc

1983 3684 2163 3740 stium
2208 3684 2468 3740 basilicae
2516 3685 2705 3741 sancti
2748 3684 3032 3757 Stephani
3071 3700 3209 3740 cum
3240 3681 3429 3752 gloria
3452 3679 3643 3735 dedu-

1983 3778 2111 3830 ctus
2140 3778 2248 3830 est.
2285 3774 2671 3832 Grimoardus
2712 3773 2955 3831 tradidit
2998 3774 3051 3829 ei
3094 3776 3302 3846 portas
3358 3769 3641 3837 ecclesiae,

1981 3863 2279 3920 Arnaldus
2304 3864 2520 3921 cordas
2551 3864 2883 3934 signorum,
2913 3866 2970 3920 et
2992 3862 3176 3920 ambo
3200 3863 3261 3918 in
3286 3861 3426 3918 sede
3453 3857 3645 3915 sancti

1982 3953 2266 4011 Marcialis
2309 3953 2817 4011 intronizaverunt
2846 3968 3009 4023 eum,
3042 3956 3100 4009 et
3146 3951 3310 4009 clara
3357 3965 3527 4017 voce,
3567 3950 3645 4004 Te

1980 4046 2171 4099 Deum
2223 4043 2566 4112 laudamus,
2624 4042 2923 4100 Amaldus
2984 4042 3302 4116 episcopus
3366 4038 3641 4097 intonuit.

1984 4133 2348 4207 Episcopum
2380 4134 2687 4190 sedentem
2716 4132 2971 4191 osculati
3012 4136 3151 4189 sunt
3175 4147 3427 4200 omnes;
3475 4129 3644 4185 dein-

1982 4222 2057 4277 de
2144 4222 2398 4278 missam
2469 4222 2919 4279 celebraverunt
2976 4221 3052 4277 de
3123 4220 3389 4278 martirio
3457 4217 3645 4275 sancti

200 4304 655 4378 pretiosioribus
686 4306 877 4363 sancti
900 4306 1190 4365 Marcialis
1216 4309 1586 4366 ornamentis
1619 4314 1675 4366 et
1693 4310 1871 4366 vesti-
1910 4314 1955 4369 D
1981 4309 2295 4381 Theodori,
2328 4312 2501 4385 cujus
2546 4310 2835 4369 festivitas
2864 4310 2997 4385 ipso
3027 4310 3122 4367 die
3154 4310 3300 4383 (140)
3331 4307 3640 4380 agebatur.

206 4485 261 4538 1’
290 4487 349 4539 et
380 4482 759 4561 sic_eccles_ia_
774 4486 873 4541 Dei
901 4486 1201 4561 genitricis
1228 4491 1281 4544 2.
1341 4489 1399 4543 2*
1427 4487 1608 4561 Sinai,
1640 4488 1745 4544 ubi
1776 4488 2088 4561 quingenti
2134 4493 2191 4545 et
2231 4505 2303 4545 eo
2354 4488 2614 4561 amplius
2643 4487 2928 4561 mona_chi
2959 4487 3075 4543 sub
3104 4486 3357 4561 imperio
3404 4484 3642 4542 abbatis

278 4555 629 4641 manebant,
661 4555 951 4639 habentes
971 4558 1208 4641 ibidem
1230 4559 1548 4641 proprium
1579 4555 1955 4634 episcopum,
1985 4565 2277 4641 venerunt
2309 4555 2773 4641 Sarracenorum
2803 4559 3013 4641 decem
3054 4555 3217 4641 milia
3246 4561 3638 4641 armatorum,

278 4632 345 4709 1_1t
368 4643 660 4709 monacos
691 4630 1072 4709 perime-rites,
1100 4630 1445 4709 habitacula
1473 4630 1682 4709 eorum
1715 4630 1853 4709 cum
1888 4632 2150 4709 ecclesiis
2188 4631 2509 4709 diruerent.
2539 4630 3015 4709 Propinquantes
3055 4633 3278 4709 autem,
3313 4645 3364 4709 a_
3377 4632 3640 4709 quatuor

278 4698 400 4775 fere
417 4698 674 4775 milibus
692 4698 1081 4775 conspiciunt
1106 4705 1295 4758 totum
1338 4707 1607 4775 montem
1637 4704 1951 4775 ardentem
1968 4708 2033 4775 et
2070 4702 2424 4775 fumantem,
2460 4698 2861 4775 flammasque
2890 4700 2951 4756 in
2983 4699 3203 4775 coelum
3232 4699 3367 4755 ferri

3439 4742 3451 4755 .
3503 4701 3561 4755 3"
3586 4714 3637 4755 e.

280 4770 539 4854 impiam
564 4769 939 4854 animam_a_b
953 4776 1279 4854 ‘paratrum
1304 4773 1556 4854 projecit
1594 4778 1661 4854 2._
1697 4778 1780 4854 _4_*
1808 4774 2006 4854 retulit
2032 4791 2180 4854 quae
2206 4774 2433 4854 viderat
2606 4769 2876 4854 infanZda,
2905 4771 3258 4854 .et.add.“2.
3340 4772 3397 4825 5‘
3425 4769 3641 4854 diebus

278 4841 745 4919 quadragesime
776 4844 915 4899 add.
949 4841 1002 4900 Ξ.
1081 4845 1137 4900 6*
1164 4860 1200 4901 a
1230 4841 1580 4901 Grimoardo
1611 4850 1667 4902 et
1696 4846 1886 4903 lslone
1914 4841 2214 4919 episcopis
2254 4846 2397 4919 (141)
2432 4845 2572 4919 add.
2606 4849 2657 4900 2.
2734 4844 2791 4899 7*
2820 4842 2963 4919 rain
2993 4841 3333 4919 frunalibus
3369 4841 3643 4919 quodam

278 4913 462 4987 mane
500 4913 714 4987 _subito
758 4919 1103 4987 expugnato
1149 4919 1207 4971 et
1244 4932 1387 4971 mox
1439 4921 1613 4987 capto
1660 4922 1854 4974 castro
1906 4913 1960 4975 2:

2039 4918 2095 4973 8*
2123 4913 2388 4973 ﬂammis
2430 4916 2641 4972 datum
2689 4919 2742 4971 2.
2845 4914 2901 4971 9*
2940 4914 3001 4970 in
3029 4913 3550 4970 revertendo’add.
3583 4917 3637 4967 2.

284 4985 376 5039 10*
390 4984 554 5040 unde
575 4983 909 5042 monachos
930 4983 1271 5043 fextruserat
1299 4988 1439 5043 add.
1473 4983 1532 5042 2T
1606 4989 1695 5043 11‘
1722 4988 1983 5044 Ylarium
2012 5004 2222 5044 mense
2254 4987 2575 5044 Novembri
2603 5002 2713 5056 pro
2746 4987 2815 5021 “8
2833 4986 3116 5042 omnibus
3146 4984 3434 5056 gradibus
3460 4983 3643 5056 eccle-

280 5056 532 5133 siasticis
563 5072 604 5133 a_
627 5056 961 5133 Gisleberto
977 5058 1283 5131 episcopo,
1311 5063 1367 5115 et
1394 5059 1457 5114 in
1487 5059 1679 5133 gradu
1707 5058 2037 5133 pontiﬁcali
2061 5075 2097 5115 a
2129 5059 2373 5133 Siguino
2394 5054 2717 5133 monacho,
2737 5054 3173 5132 archepiscopo
3192 5054 3638 5127 Burdegalensi.

284 5128 375 5183 12*
400 5126 538 5202 quas
568 5126 877 5187 dominica
904 5129 999 5187 die
1011 5126 1276 5203 'peraéta
1302 5134 1390 5187 est
1418 5126 1559 5188 add.
1590 5135 1642 5188 2.
1707 5126 1812 5190 '13“
1841 5129 2020 5187 simul
2046 5162 2117 5175 -—
2146 5126 2449 5191 duxerunt
2470 5131 2591 5189 des.
2624 5136 2677 5189 2.

1597 5310 1826 5365 VARL’E
1865 5306 2269 5367 LECTIONES.

1814 5556 2039 5612 NOTIE.

209 5431 284 5467 ¹⁶⁶
314 5429 714 5490 cadaveribus
747 5436 797 5491 1.
877 5433 949 5468 “7
981 5430 1372 5491 fondamenta
1402 5437 1453 5490 1.
1533 5433 1604 5469 “8
1629 5448 1689 5507 p.
1720 5448 1770 5489 c.

467 5680 761 5738 Nanteuil.

302 5685 402 5738 137
467 5683 664 5737 Nantei

302 5682 425 5825 138;
465 5753 664 5809 Ahun.

274 5682 430 5901 {139)
468 5826 551 5881 De
583 5826 664 5892 Qu

300 5824 430 5894 139)
468 5826 551 5881 De
583 5824 850 5892 Queroir.

2010 5676 2133 5748 140)
2172 5675 2271 5732 Die
2300 5676 2467 5748 9_aut
2499 5677 2563 5730 12
2594 5676 2739 5748 _Nov._

2010 5677 2133 5748 140)
2172 5677 2271 5732 Die
2300 5678 2330 5731 9
2364 5677 2467 5732 aut
2499 5677 2563 5730 12
2594 5677 2739 5731 Nov.

1983 5677 2134 5819 2141)
2174 5744 2609 5818 Engolismensi
2635 5747 2695 5804 et
2724 5745 3140 5804 Sanctonensi.
