4944 6546
594 110 621 121 ⁵
728 108 749 117 '-

746 176 843 187 _
868 178 977 197 ‘=
1240 172 1285 179 ’-

1372 472 1440 525 63
2524 476 2833 531 ADEMARI
2876 473 2930 528 s.
2976 471 3249 527 CIBARDI
3290 470 3621 525 nomen].
4740 459 4806 513 64

1373 594 1479 646 Per
1505 591 1632 647 dies
1663 596 1893 664 septem
1922 593 2167 650 indutus
2197 598 2495 668 processit
2526 598 2676 653 stola
2703 596 3030 653 sanctiﬁca-
3068 598 3113 649 Α
3214 598 3298 647 51.
3344 594 3448 647 Per
3488 592 3599 647 hos
3634 606 3826 646 annos
3859 588 4008 652 Odo,
4038 586 4319 661 princeps
4362 581 4643 640 Dolensis
4667 582 4808 651 χ143)

1371 682 1430 734 ta
1460 696 1598 735 cum
1637 680 2001 736 indumentis
2037 684 2089 737 1*
2120 688 2176 738 et
2223 700 2417 757 cappa
2461 688 2747 751 Romana,
2796 683 3028 755 absque
3136 682 3193 737 vi
3224 686 3281 738 et
3308 681 3547 749 ingenio
3604 681 3759 753 cepit
3780 683 4041 735 castrum
4079 679 4520 746 Argentomum
4553 674 4732 741 (144),
4759 672 4813 723 et

1372 767 1619 837 capsula
1667 772 1748 838 2',
1796 773 1853 823 et
1900 783 2006 840 per
2052 771 2295 827 eosdem
2347 772 2659 828 continuos
2710 772 2838 827 dies
2887 770 3028 825 mis-
3140 770 3217 826 ab
3248 786 3319 825 eo
3348 768 3757 824 vicecomitem
3803 766 4114 823 Widonem
4159 762 4439 837 expulsit.
4481 759 4657 816 ldem
4688 757 4814 813 Odo

1373 870 1505 909 sam
1530 858 1588 910 3‘
1619 855 1938 913 celebravit
1967 860 2045 914 4⁵.
2074 862 2233 914 Tunc
2268 860 2458 916 abbas
2489 860 2793 916 Gost'ridus
2826 859 3030 916 basili-
3137 861 3307 931 juxta
3329 858 3682 915 Masciacum
3709 858 3855 928 (145)
3881 853 4308 911 monasterium
4334 855 4611 907 castrum
4630 845 4816 902 aedili-

1375 958 1508 997 cam
1558 943 1821 1012 regalem
1877 945 2093 1015 majori
2141 963 2319 1019 opere
2368 948 2543 1022 coepit
2575 954 2858 1005 r’enovare
2892 950 3033 1021 (142)
3143 948 3497 1020 cavit,quod
3523 964 3625 1002 rex
3648 946 3958 1002 Rotbertus
3979 957 4339 1017 expugnans
4360 955 4585 1013 capere
4606 933 4819 1008 nequi-

1378 1032 1497 1101 (an.
1537 1035 1710 1103 1017).
1762 1035 2233 1103 Quadragesima
2280 1054 2421 1094 vero
2471 1039 2671 1095 media
2718 1039 2841 1110 (an.
2880 1038 3034 1106 1018)
3143 1038 3257 1106 vit;
3298 1042 3355 1093 et
3384 1037 3465 1092 sic
3492 1036 3772 1091 irustatus
3802 1034 4058 1090 recessit.
4102 1033 4198 1089 His
4230 1028 4617 1102 temporibus
4661 1023 4821 1080 basi-

1381 1137 1518 1175 cum
1560 1123 1865 1178 nocturnis
1902 1123 2113 1193 vigiliis
2146 1126 2462 1182 multitudo
2495 1128 2759 1183 maxima
2785 1127 2845 1182 in
2872 1142 3035 1181 eam-
3144 1128 3257 1183 lica
3284 1126 3470 1183 sancti
3507 1126 3729 1182 Martini
3761 1124 4074 1193 Turonica,
4106 1122 4183 1178 ab
4209 1126 4403 1177 Arveo
4433 1114 4822 1174 thesaurario

1382 1210 1523 1265 dem
1554 1211 1754 1267 aulam
1782 1213 1859 1267 ad
1892 1215 2186 1269 tumulum
2210 1215 2366 1271 beati
2398 1216 2683 1272 Marcialis
2717 1230 3040 1288 properan—
3147 1232 3369 1286 magno
3386 1216 3548 1271 cultu
3564 1214 3945 1275 inchoata.ad
3965 1214 4148 1268 tinem
4164 1211 4823 1284 perducta,etcorpore

1383 1304 1470 1354 tes
1507 1300 1813 1371 intrarent,
1848 1303 1951 1358 viri
2001 1320 2137 1358 cum
2187 1304 2535 1360 mulieribus
2597 1305 2733 1377 plus
2791 1310 2857 1359 50
2882 1304 3033 1359 invi-
3142 1306 3330 1361 sancti
3361 1306 3584 1362 Martini
3615 1304 3948 1372 sublevato,
3972 1319 4109 1357 cum
4135 1299 4323 1365 gloria
4351 1312 4586 1367 magna
4613 1309 4824 1349 conse-

1385 1404 1515 1442 cem
1567 1389 1898 1445 conculcati
1944 1392 2097 1446 intra
2140 1392 2451 1448 ecclesiam
2502 1394 2939 1465 cxpiraverunt,
2981 1396 3038 1447 et
3143 1398 3304 1449 erata
3326 1398 3413 1448 est
3438 1393 3496 1447 in
3524 1393 3749 1447 honore
3785 1396 3847 1446 12
3874 1389 4308 1462 apostolorum.
4331 1387 4432 1439 His
4456 1383 4649 1439 etiam
4680 1387 4826 1436 tem-

1383 1476 1479 1531 die
1505 1478 1762 1532 crastina
1794 1480 2004 1551 sepulti
2051 1486 2206 1536 sunt.
2258 1482 2584 1555 Episcopus
2614 1483 2895 1537 Geraldus
2925 1485 3037 1537 Ro-
3144 1482 3393 1555 poribus
3433 1480 3680 1535 ecclesia
3723 1479 3911 1535 sancti
3952 1477 4098 1533 Petri
4144 1475 4300 1531 sedis
4344 1470 4827 1543 Engolismensis

1383 1580 1548 1618 mam
1578 1566 1837 1634 abierat;
1871 1568 2005 1623 ideo
2036 1586 2141 1641 per
2173 1571 2502 1626 Arnaldum
2533 1573 2787 1627 missum
2813 1576 2899 1626 est
2927 1570 3042 1643 epi-
3147 1570 3419 1625 dedicata
3444 1574 3533 1624 est
3563 1586 3597 1625 a
3616 1568 3801 1625 tribus
3832 1566 4152 1639 episcopis,
4173 1581 4208 1620 a
4232 1562 4481 1631 Signina
4513 1558 4828 1615 monacho

1385 1668 1655 1723 scopum,
1689 1655 1792 1725 qui
1822 1660 1877 1708 εί*
1908 1673 2045 1711 cum
2078 1674 2238 1729 aqua
2265 1660 2588 1731 episcopali
2619 1660 2927 1715 ecclesiam
2958 1676 3043 1714 re-
3150 1658 3592 1723 Burdegalensi,
3624 1673 3660 1712 a
3681 1656 3838 1712 Grim
3854 1654 4029 1711 tardo
4060 1658 4116 1709 et
4148 1652 4337 1707 lslone
4368 1651 4555 1705 fratre
4583 1650 4649 1703 7’
4676 1646 4826 1716 ejus.

1385 1739 1735 1796 conciliavit.
1772 1743 1955 1798 Paulo
1986 1750 2121 1815 post
2145 1746 2328 1800 exorti
2361 1751 2497 1802 sunt
2528 1763 2634 1819 per
2661 1746 3043 1812 Aquitaniam
3153 1747 3378 1813 Quibus
3411 1746 3779 1817 temporibus
3808 1743 4056 1800 ecclesia
4088 1746 4311 1797 sancta:
4347 1734 4832 1795 Resurrectionis

1388 1829 1691 1897 Manichei,
1755 1832 2103 1888 seducentes
2174 1835 2431 1906 plebem.
2490 1836 2796 1903 Negabant
2859 1836 3047 1908 bapti-
3154 1840 3287 1891 ante
3316 1834 3627 1889 basilicam
3673 1833 3828 1889 beati
3878 1830 4147 1904 Eparchii
4181 1835 4345 1885 terrae
4381 1832 4555 1883 motu
4588 1828 4653 1881 8'
4692 1823 4831 1878 sub-

1386 1936 1583 1973 smum
1632 1924 1687 1974 et
1734 1937 1971 1977 crucem
1999 1929 2055 1978 et
2083 1924 2372 1995 quidquid
2422 1942 2581 1979 same
2629 1925 2907 1980 doctrinae
2939 1930 3041 1981 est.
3088 1948 3124 1999 Β
3156 1941 3325 1979 versa
3347 1928 3451 1991 est,
3482 1928 3537 1977 et
3565 1922 3787 1977 ibidem
3819 1920 4145 1976 clocarium
4170 1919 4482 1990 inceptum
4513 1919 4628 1969 est.
4657 1912 4835 1968 Gisle—

1386 2006 1756 2061 Abstinentes
1788 2026 1822 2063 a
1850 2009 2015 2075 cibis,
2044 2013 2218 2083 quasi
2248 2013 2525 2067 monachi
2564 2013 2961 2086 apparabant,
2991 2017 3046 2067 et
3154 2013 3320 2068 berto
3352 2028 3593 2085 quoque
3638 2010 3936 2066 Pictavino
3982 2009 4269 2081 episcopo
4318 2004 4624 2062 reverenti
4686 2001 4835 2057 sime

1387 2095 1715 2150 castitatem
1750 2097 2134 2163 simulabant,
2170 2100 2274 2155 sed
2305 2101 2453 2156 inter
2498 2120 2557 2156 se
2602 2103 2765 2174 ipsos
2800 2118 3045 2157 omnem
3153 2102 3312 2156 diem
3345 2101 3655 2155 claudente
3682 2101 3695 2167 (
3705 2100 3867 2153 circa
3892 2115 3992 2153 an.
4030 2102 4206 2166 1020),
4231 2101 4289 2150 et
4312 2091 4693 2150 Malliacensi
4718 2107 4837 2145 mo-

1386 2184 1684 2240 luxuriam
1725 2188 2097 2257 exercebant,
2133 2194 2187 2244 et
2230 2191 2430 2245 nuncii
2478 2192 2803 2247 antichristi
2854 2194 3041 2257 erant,
3153 2189 3408 2245 nastcrio
3452 2190 3720 2255 bumato,
3764 2186 4026 2241 succedit
4071 2184 4435 2241 lsembertus
4474 2181 4834 2253 episcopus.

1387 2272 1726 2345 muuosque
1765 2292 1799 2330 ει
1830 2276 1947 2331 ﬁde
1978 2278 2307 2333 exorbitare
2341 2280 2623 2335 fecerunt-
3224 2302 3309 2351 :12.
3338 2296 3431 2350 llis
3452 2295 3682 2359 diebus,
3706 2293 3764 2348 in
3788 2308 4133 2365 parasceve,
4153 2295 4289 2363 post
4309 2305 4561 2345 crucem
4578 2286 4839 2341 adoran-

1462 2383 1549 2435 50.
1586 2384 1689 2435 Per
1730 2382 1842 2436 hoc
1875 2387 2106 2455 tempus
2142 2385 2481 2453 \Villelmus,
2515 2388 2871 2451 cognomine
2905 2390 3041 2441 Βυοη
3153 2391 3272 2442 tam
3287 2390 3649 2441 Homaterrae
3664 2389 3829 2439 motu
3849 2381 4352 2438 etnimioturbine
4368 2378 4837 2453 periclitataest.

1391 2474 1665 2539 eauncta,
1692 2487 1891 2525 comes
1924 2474 2365 2529 Matisconensis
2399 2479 2476 2543 6‘,
2509 2476 2815 2530 castellum
2856 2476 3040 2529 axliti-
3154 2479 3217 2531 Et
3240 2476 3547 2530 confestim
3570 2472 3820 2545 quidam
3845 2472 4173 2526 Jndeorum
4197 2474 4252 2525 9'
4271 2468 4587 2525 intimavit
4608 2467 4839 2521 domno

1391 2557 1544 2612 cavit
1573 2563 1775 2614 contra
1821 2560 2202 2616 Cluniacense
2234 2566 2303 2597 Ην
2337 2565 2765 2619 monasterium
2805 2568 3046 2636 propter
3151 2565 3502 2638 papze,quia
3520 2581 3589 2619 ea
3608 2565 3756 2618 hora
3779 2561 4146 2616 deludebant
4170 2558 4839 2627 sinagogreludeornm

1394 2648 1798 2718 superandum
1849 2653 2157 2719 Hugoneiu
2204 2669 2465 2709 omnem.
2522 2656 2631 2707 l’ro
2662 2671 2784 2725 qua
2815 2671 2874 2707 re
2906 2671 3042 2708 cum
3153 2654 3424 2708 tlrucilixi
3447 2654 3723 2719 figuram.
3750 2651 3921 2717 Quod
3943 2648 4290 2705 Benedictus
4314 2650 4465 2717 (136)
4486 2662 4661 2718 papa
4691 2644 4843 2698 solli-

1392 2734 1593 2789 divina
1638 2752 1889 2792 censura
1916 2741 2229 2809 percussit,
2265 2746 2327 2795 ut
2356 2741 2519 2795 nullo
2550 2742 2732 2796 modo
2762 2742 3043 2813 deinceps
3152 2744 3258 2797 cite
3284 2742 3587 2813 inquirens
3609 2746 3663 2796 et
3689 2740 4080 2812 comperiens,
4102 2754 4246 2793 mox
4271 2740 4559 2791 auctores
4591 2733 4838 2789 sceleris

1392 2830 1627 2895 ereptus
1651 2841 1919 2895 gressum
1945 2834 2163 2895 ageret.
2202 2834 2265 2885 lit
2297 2832 2502 2901 paucis
2534 2831 2891 2902 interpositis
2920 2831 3042 2885 dic-
3152 2832 3387 2903 capitali
3411 2831 3699 2884 sententia
3725 2828 4101 2901 dampnavit.
4127 2826 4358 2887 Quibus
4381 2823 4739 2887 decollatis,
4765 2823 4842 2876 fu-

1392 2912 1524 2978 bus,
1557 2915 1724 2983 Hugo
1775 2933 1975 2972 comes
2016 2919 2210 2974 subito
2254 2920 2452 2990 ipsum
2491 2926 2753 2975 castrum
2808 2922 2863 2975 vi
2893 2920 3047 2991 cepit
3154 2938 3249 2975 ror
3280 2926 3594 2975 ventorum
3625 2918 3897 2975 cessavit.
3935 2920 4063 2983 Quo
4095 2921 4364 2988 tempore
4399 2917 4603 2981 Hugo,
4642 2910 4843 2983 capel-

1393 3006 1568 3074 atque
1615 3005 1740 3060 solo
1783 3009 2115 3078 coequavit.
2177 3009 2460 3064 Defuncto
2510 3010 2778 3064 tiosfrido
2826 3010 3042 3064 abbate
3153 3011 3324 3065 lanus
3355 3007 4007 3063 Abnericivicecomitis
4036 3003 4535 3065 Rocacardensis,
4565 3017 4719 3057 cum
4749 3018 4837 3054 ρος

1395 3092 1517 3161 (an.
1554 3098 1732 3165 1019),
1764 3099 1931 3164 Hugo
1972 3098 2021 3152 ei
2064 3100 2383 3165 successit;
2440 3100 2541 3154 sed
2582 3100 2898 3171 episcopus
2952 3104 3051 3153 tie-
3159 3100 3296 3154 dem
3328 3098 3561 3153 senioro
3595 3114 3702 3152 suo
3728 3096 3994 3152 'l‘bolosre
4025 3095 4086 3150 in
4117 3094 4347 3166 pascha
4370 3092 4594 3151 adfuit.
4615 3095 4679 3146 et
4695 3090 4845 3144 cola-

1395 3182 1604 3237 raldus
1630 3185 1919 3240 adversus
1951 3186 2003 3241 ei
2032 3188 2266 3255 exstitit,
2294 3189 2619 3260 prohibens
2650 3189 2701 3243 ei
2740 3190 2882 3243 dare
2913 3206 3047 3244 con-
3087 3193 3126 3246 C
3155 3189 3343 3260 phum
3373 3186 3580 3251 ludeo,
3601 3186 3749 3241 sicut
3778 3184 3890 3239 illic
3913 3183 4078 3239 omni
4104 3182 4341 3255 pascha
4370 3196 4629 3253 semper
4658 3179 4845 3234 moris

1397 3271 1788 3327 secrationem
1814 3289 1995 3329 causa
2017 3275 2139 3343 zeli,
2171 3276 2312 3347 quia
2342 3292 2461 3331 non
2491 3282 2721 3348 poterat
2750 3277 3046 3332 vindicare
3157 3283 3262 3343 est,
3292 3275 3597 3347 imposuit,
3625 3279 3681 3329 et
3708 3273 4021 3329 cerebrum
4051 3271 4208 3327 illico
4229 3275 4285 3326 et
4304 3269 4523 3326 oculos
4547 3285 4629 3323 ex
4652 3268 4845 3340 capite

1400 3358 1512 3413 sibi
1542 3359 1881 3429 abbatiam;
1926 3362 2060 3417 ideo
2093 3379 2199 3435 per
2226 3364 2535 3419 biennium
2567 3366 2772 3420 seditio
2795 3382 2913 3420 non
2946 3366 3049 3420 mi-
3158 3365 3387 3438 perﬁdo
3418 3365 3495 3419 ad
3522 3370 3739 3419 terram
3761 3362 4005 3428 effudit;
4040 3366 4097 3416 et
4119 3360 4320 3416 statim
4352 3362 4674 3421 mortuus,
4708 3373 4748 3412 a
4776 3358 4844 3411 si-

1400 3445 1567 3500 nima
1599 3445 1707 3502 fuit
1737 3448 1942 3517 civilis,
1975 3450 2165 3505 donec
2195 3452 2420 3506 ratione
2448 3452 2800 3507 erubescens
2838 3455 2905 3487 “'0
2928 3453 3047 3525 cpi-
3160 3453 3737 3521 nagogaludeorum
3751 3452 3824 3507 dc
3838 3451 4084 3506 basilica
4097 3449 4287 3506 sancti
4306 3448 4609 3520 Stephani
4632 3447 4845 3509 elatus,

1403 3550 1622 3606 scopus
1646 3535 1871 3592 domno
1903 3540 2131 3608 Hugoni
2163 3541 2430 3597 assensit.
2461 3545 2522 3596 Et
2543 3542 2881 3613 cpiscopus,
2908 3543 3049 3614 quia
3162 3542 3479 3615 sepulturae
3494 3542 3669 3596 datus
3686 3542 3937 3605 est.Quo
3953 3544 4218 3610 tempore
4237 3536 4687 3594 Cordubenses
4703 3538 4850 3591 Mau-

1402 3624 1805 3680 thesaurarius
1853 3628 2043 3683 Sancti
2084 3629 2279 3698 Hilarii
2318 3636 2461 3698 erat,
2489 3631 2637 3685 dum
2677 3636 2810 3686 ante
2842 3632 3052 3687 festivi-
3162 3632 3209 3686 ri
3238 3648 3344 3703 per
3367 3646 3528 3685 mare
3551 3628 3838 3684 Gallicum
3862 3627 4058 3682 subito
4090 3643 4229 3683 cum
4259 3625 4453 3681 multa
4487 3624 4685 3679 classi
4721 3627 4851 3678 Nar-

1404 3716 1583 3767 tatem
1613 3714 1880 3770 omnium
1929 3723 2271 3772 sanctorum
2301 3719 2552 3774 Pictavis
2585 3719 2711 3787 iret,
2738 3720 2796 3774 in
2839 3723 3051 3776 Sancto
3162 3722 3336 3775 bome
3367 3736 3472 3792 per
3510 3724 3745 3773 noctem
3793 3717 4174 3790 appulerunt,
4208 3719 4265 3770 et
4312 3730 4573 3769 summo
4604 3712 4850 3768 diliculo

1405 3804 1640 3858 Carrofo
1671 3810 1968 3873 egrotans,
2006 3806 2158 3861 intra
2196 3812 2255 3861 13
2288 3808 2413 3863 dies
2443 3809 2587 3863 obiit
2632 3812 2751 3878 (an.
2794 3815 2966 3880 1020),
3000 3817 3055 3866 et
3163 3826 3300 3864 cum
3333 3808 3513 3863 armis
3544 3807 3604 3862 in
3634 3807 3879 3862 circuitu
3923 3804 4171 3860 civitatis
4202 3819 4330 3859 sese
4358 3802 4766 3866 effuderunt;
4805 3808 4851 3855 et

1400 3890 1480 3945 ibi
1512 3892 1776 3963 sepultus
1802 3900 1904 3949 est.
1937 3901 2007 3950 At
2034 3901 2215 3967 caput
2243 3898 2371 3966 ejus
2405 3898 2609 3952 tabula
2642 3898 2924 3968 plumbea
2954 3916 3053 3971 po-
3164 3897 3434 3968 sicutipsi
3452 3896 3624 3950 nobis
3642 3894 3968 3950 retulerunt
3992 3895 4102 3959 10⁸,
4122 3891 4507 3961 sortilogium
4529 3907 4763 3946 eorum
4780 3890 4850 3943 eis

1404 3979 1515 4034 sita
1539 3986 1625 4035 est
1652 3981 1733 4036 ita
1764 3983 2018 4055 scripta:
2048 3986 2165 4039 Hic
2194 3987 2503 4056 requiescit
2529 3988 2820 4042 Geraldus
2842 3990 3056 4056 episco-
3163 3986 3535 4059 promiserat,
3563 4000 3845 4057 prospere
3894 3987 4131 4038 acturos
4162 3986 4220 4038 et
4248 3980 4617 4037 Narbonam
4652 3986 4851 4053 captu-

1396 4084 1513 4137 ρας
1538 4072 1877 4140 Lemovicze,
1910 4072 2049 4127 obiit
2082 4076 2111 4126 3
2146 4074 2288 4127 Idus
2320 4075 2680 4129 Novembris.
2705 4076 2943 4145 Prefm't
2975 4079 3053 4132 ei-
3162 4093 3282 4130 ros.
3315 4080 3387 4129 At
3415 4072 3720 4129 christiani
3749 4072 4097 4145 quantotius
4132 4087 4353 4143 corpus
4385 4074 4445 4125 et
4474 4070 4853 4139 sanguinem

1403 4156 1535 4211 dem
1573 4157 1700 4211 sedi
1722 4158 1758 4211 8
1788 4160 1981 4214 annis.
2016 4162 2149 4215 Post
2178 4164 2430 4215 mortem
2473 4162 2598 4231 ejus
2632 4162 2912 4217 ειιορρε-ςὶί
2936 4165 3056 4217 Jor-
3166 4164 3263 4219 Dei
3287 4180 3321 4219 a
3343 4162 3751 4218 sacerdotibus
3768 4161 4124 4234 accipientes
4140 4158 4855 4225 communicaverunt,et

1405 4244 1601 4300 danus
1631 4246 1969 4319 episcopus.
3166 4257 3569 4327 praeparantes
3595 4268 3655 4306 se
3679 4251 3753 4306 ad
3778 4255 4054 4316 mortem,
4079 4248 4236 4304 bello
4259 4248 4643 4304 invaserunt
4665 4250 4857 4305 Sarra-

1412 4452 1905 4534 1'Acumquibus
1920 4452 2266 4534 benedictus
2300 4455 2486 4534 fuerat
2513 4457 2652 4534 add.
2687 4461 2738 4511 2.
2770 4529 2777 4534 _
2816 4462 2881 4512 2'
2906 4456 3140 4534 colobio
3174 4462 3369 4534 tamen
3402 4461 3458 4511 et
3477 4455 3688 4534 casula
3717 4459 3788 4534 2h._
3837 4458 3906 4534 Δ3⁸
3936 4470 4045 4534 per
4068 4452 4391 4508 stationem
4413 4450 4613 4534 urbis
4648 4453 4858 4534 missas

1478 4526 1531 4577 2.
1561 4591 1571 4602 ἣ
1607 4525 1665 4576 li"
1703 4526 1825 4602 Non
1870 4524 2160 4602 debemus
2191 4528 2821 4602 pi-zetermitterc,_quia
2848 4545 2953 4600 per
2986 4534 3047 4583 15
3081 4528 3205 4583 dies
3247 4528 3547 4602 altercatio
3578 4527 3687 4583 fuit
3730 4524 3983 4602 Rictavis
4016 4541 4131 4602 pro
4160 4540 4253 4602 eo,
4283 4524 4857 4602 contradicentibus

1479 4593 1774 4669 episcopis
1802 4596 2108 4669 omnibus,
2141 4593 2262 4669 non
2296 4614 2422 4652 esse
2453 4593 2867 4653 auctoritatem
2898 4602 3152 4669 Patrum,
3186 4599 3594 4653 ordinationes
3627 4597 3926 4665 graduum
3954 4593 4053 4669 ab
4083 4595 4307 4669 ostiaro
4342 4610 4553 4669 usque
4589 4596 4860 4669 adpres-

1476 4662 1749 4735 byterum
1784 4666 1906 4740 fieri
1933 4667 2171 4740 debere,
2204 4668 2320 4723 nisi
2351 4685 2456 4740 per
2481 4670 2710 4739 jejunia
2739 4677 2997 4740 quatuor
3028 4662 3367 4740 temporum
3399 4670 3541 4725 anni
3581 4662 3788 4724 et'tota
3809 4662 4603 4740 quadragesimaper—dies
4632 4662 4857 4740 albato-

1475 4750 1609 4789 rum
1636 4752 1831 4813 usque
1860 4737 1921 4813 in
1946 4739 2204 4813 palmis,
2248 4736 2373 4805 sed,
2410 4736 2802 4813 mammas
2836 4740 3100 4796 Willelmi
3130 4736 3299 4813 ducis
3316 4743 3403 4813 ff“
3431 4741 3784 4813 praevalens,
3817 4736 4234 4813 auctoritatem
4264 4736 4557 4813 debitam
4588 4739 4856 4813 oppilare

1476 4821 1598 4860 non
1622 4807 1840 4883 timuit.
1874 4807 1979 4883 Per
2008 4810 2118 4865 hos
2136 4810 2275 4883 dies
2305 4810 2597 4883 Iosfredus
2630 4816 2680 4865 2.
2843 4817 2977 4883 post
3016 4812 3257 4883 terciam
3296 4807 3456 4883 diem
3497 4812 3638 4883 add.
3670 4816 3723 4867 2.
3790 4815 3857 4883 0⁸
3889 4809 4246 4874 Masticonte,
4280 4808 4459 4880 quod
4494 4816 4593 4883 est
4625 4807 4709 4883 in"
4736 4813 4858 4883 Bur-

1478 4878 1701 4945 gundia
1731 4883 1783 4934 2.
1863 4884 1918 4933 7'
1945 4880 1983 4935 f.
2017 4897 2067 4936 e.
2103 4882 2223 4937 des.
2252 4885 2305 4936 2.
2382 4887 2439 4935 8~
2465 4882 2640 4937 ruina
2669 4878 2867 4938 subita
2900 4888 2949 4938 2.
3028 4888 3085 4939 9·
3116 4882 3190 4938 de
3224 4882 3430 4939 schola
3469 4882 3672 4938 Grecia
3717 4881 3860 4937 add.
3982 4883 4073 4935 10⁸
4101 4878 4323 4952 postea
4352 4880 4597 4952 captivi
4630 4881 4777 4937 add.
4806 4879 4852 4933 2.

2781 5087 3011 5142 VARL‘E
3051 5087 3451 5143 LECTIONES.

1478 5248 1547 5285 ¹⁸⁰
1579 5250 1992 5309 cluniacensis.
2027 5258 2076 5309 1.
2156 5253 2229 5287 ¹⁵⁰
2261 5254 2621 5311 erubescans
2653 5260 2699 5311 1.
2781 5258 2845 5290 ¹⁵¹
2891 5273 2953 5312 se
2979 5272 3030 5312 e.
3111 5258 3181 5290 ¹⁵²
3210 5256 3349 5311 duci
3377 5271 3427 5313 ο.

3010 5463 3232 5519 ΝΟΤΑΞ.

1483 5594 1623 5673 (Ῑᾷἓ)
1656 5594 1767 5673 _Cf._
1804 5598 1960 5673 ann:
1986 5599 2239 5673 _Lemov.
2299 5617 2353 5657 a.
2407 5604 2566 5670 1017,
2624 5604 2780 5671 1018,
2834 5602 2930 5659 SS.
2990 5605 3054 5658 ll.
3170 5616 3297 5655 esse
3328 5615 3519 5673 usque
3550 5596 3627 5673 ad
3655 5598 3873 5673 solum.

1408 5679 1469 5737 p.
1800 5665 2342 5745 Geraldumjama.
2371 5676 2503 5745 1013
2528 5663 2725 5745 Romre
2756 5663 3059 5728 reversum
3244 5673 3389 5741 (143)
3421 5663 3491 5727 in
3520 5670 3838 5726 Britannia.

1411 5734 2077 5814 essedicitndemarus
2106 5734 2165 5814 in
2191 5742 2439 5814 epistola
2469 5758 2566 5814 ap.
2601 5743 2751 5814 Mab.
2784 5749 2933 5798 Ann.
2971 5747 3060 5813 IV,
3243 5734 3388 5811 (111')
3431 5748 3749 5811 Argenton.

1411 5820 1471 5891 p.
1504 5809 1627 5891 721ί2
1658 5804 2002 5891 ibidemque
2046 5804 2327 5891 refert'(p.
2361 5804 2848 5891 723),?basilicam
2893 5804 3060 5891 vetui
3246 5804 3391 5891 (1121')
3433 5804 3662 5891 litassai.

1412 5876 1933 5952 stamrsalvatoris',
1964 5896 2099 5952 quae
2126 5876 2311 5936 nimia
2340 5876 2627 5939 vetustate
2653 5890 2793 5940 tunc
2822 5885 3063 5941 ruinam
3244 5876 3393 5952 (140)
3440 5884 3784 5940 Benedictus
3812 5884 3950 5938 Vill.

1416 5946 1753 6014 minitabat,
1778 5946 1928 6004 ante
1958 5946 2189 6022 scptem
2225 5967 2416 6008 annos
2448 5954 2504 6022 (i.
2536 5970 2587 6009 e.
2620 5958 2777 6025 1021)
2802 5955 3063 6013 dirutam
