3966 6400
237 274 306 324 65
1298 268 1773 325 HISTORIARUM
1816 266 1991 323 LIBRI
2031 269 2226 326 THES.
2254 303 2320 310 ——
2373 271 2498 329 LIB.
2533 275 2626 330 ΙΙΙ.
3611 295 3677 350 66

233 401 444 453 cenos,
474 389 532 440 et
564 383 804 440 victoria
834 384 1004 456 potiti
1033 389 1189 454 sunt,
1225 401 1558 458 omnesque
1589 389 1691 440 aut
1717 388 1905 440 morte
1935 387 1981 439 A
2022 389 2108 441 ter
2127 387 2256 457 ejus
2300 391 2546 458 Magnus
2601 394 2846 450 Carolus
2900 401 3346 458 assuescebant.
3408 407 3679 466 Theodo-

234 479 343 531 aut
371 474 707 548 captivitate
732 491 870 529 cum
893 474 1146 530 navibus
1164 481 1220 531 et
1248 476 1450 531 multis
1473 475 1676 549 spoliis
1695 491 1904 530 eorum

233 565 629 630 retinuerunt,
659 570 715 619 et
740 563 1004 636 captivos
1042 571 1148 620 aut
1203 565 1602 621 vendiderunt
1655 569 1758 620 aut
1790 581 1905 620 ser-

232 653 361 710 vire
384 654 674 720 fecerunt,
722 657 779 709 et
809 642 1024 710 Sancto
1056 655 1311 711 Marciali
1345 655 1670 710 Lemovicze
1699 652 1907 722 viginti

235 747 474 800 Mauros
533 759 787 816 corpore
853 760 1130 800 enormes
1207 745 1670 801 transmiserunt
1749 743 1910 799 dono

237 833 525 890 muneris.
564 836 642 888 Ex
673 833 897 906 quibus
922 832 1114 889 abbas
1146 834 1454 890 Gosfridus
1487 834 1640 889 duos
1667 832 1907 888 retinuit

233 921 297 976 in
323 921 626 990 servitute,
661 925 887 977 ceteros
912 921 1155 976 diversit
1180 939 1287 994 per
1315 921 1616 994 principes
1643 920 1905 993 peregri-

235 1027 371 1081 nos,
395 1013 500 1083 qui
530 1012 604 1066 de
630 1011 903 1084 partibus
935 1011 1185 1066 diversis
1211 1012 1591 1067 Lemovicam
1617 1026 1908 1066 convene-

235 1105 392 1154 rant.
431 1099 692 1172 [.oquela
723 1116 933 1155 eorum
955 1115 1344 1173 nequaquam
1376 1105 1502 1155 erat
1535 1099 1905 1156 Sarracenis-

235 1206 328 1255 ca,
365 1187 470 1243 sed
512 1205 678 1244 more
734 1188 1072 1244 catulorum
1116 1189 1454 1261 loquentes,
1508 1188 1714 1258 glatire
1741 1188 1906 1243 vide-

235 1278 484 1333 bantur.

307 1373 394 1422 53.
426 1370 506 1422 Eo
537 1371 806 1440 tempore
862 1367 1097 1423 inﬁnita
1155 1367 1476 1422 multitudo
1538 1372 1905 1423 Normanno-

233 1473 370 1511 rum
404 1473 476 1512 ex
511 1457 933 1512 Danamarcha
960 1462 1020 1514 et
1055 1460 1248 1512 lresca
1304 1456 1545 1526 regione
1578 1473 1716 1512 cum
1762 1456 1908 1511 clas-

233 1562 296 1600 se
332 1546 403 1579 '53
435 1545 758 1601 innumera
785 1561 952 1617 appu
974 1550 1150 1601 erunt
1180 1549 1421 1617 portum
1453 1545 1905 1617 Aquitanicum.

235 1637 321 1697 Et,
374 1635 529 1690 sicut
574 1640 856 1707 parentes
934 1639 1202 1704 egerant,
1237 1635 1435 1690 conati
1478 1639 1616 1689 sunt
1660 1650 1905 1689 omnem

232 1723 623 1796 Aquitaniam
681 1723 983 1778 desertare
1024 1728 1081 1778 et
1134 1724 1455 1795 captivare.
1519 1728 1720 1795 Itaque
1778 1723 1900 1777 dux
1935 1740 1972 1792 Β

233 1813 597 1868 fortissimus
619 1812 944 1868 Willelmus
981 1813 1235 1868 mandat
1265 1813 1488 1885 ubique
1521 1830 1626 1885 per
1669 1813 1898 1885 episco-

231 1918 367 1975 pos,
401 1906 463 1956 ut
488 1902 811 1958 suaderent
861 1902 1100 1975 plebem
1146 1902 1378 1958 Domini
1425 1903 1714 1958 auxilium
1761 1919 1899 1957 cum

234 1995 306 2063 jej
321 1993 476 2048 uniis
507 1998 561 2049 et
591 1993 823 2049 letaniis
844 1994 1184 2066 implorare.
1219 1998 1345 2066 lpsc
1377 2010 1515 2050 vero
1536 1999 1901 2065 congregata

235 2099 427 2138 manu
474 2083 674 2139 valida
723 2083 1066 2152 electorum,
1120 2099 1326 2138 mense
1376 2088 1663 2153 Augusto,
1709 2083 1904 2139 immi-

234 2176 417 2227 nente
443 2173 572 2243 jam
611 2177 807 2243 nocte,
841 2172 997 2227 circa
1026 2172 1165 2228 litus
1206 2172 1392 2227 maris
1419 2188 1590 2227 secus
1622 2189 1722 2227 eos
1776 2189 1901 2227 cas-

234 2265 327 2315 tra
357 2260 676 2332 disposuit.
720 2262 941 2331 Pagani
967 2261 1234 2316 videntes
1295 2266 1526 2317 tantam
1579 2261 1905 2317 multitudi-

232 2366 399 2418 nem,
431 2354 653 2405 tcrrore
685 2351 979 2423 conpulsi,
1016 2355 1135 2406 tota
1165 2355 1339 2406 nocte
1363 2351 1627 2407 minutas
1658 2352 1900 2406 scrobes

232 2455 341 2511 per
367 2439 682 2496 circuitum
709 2442 776 2474 ιδ)
801 2440 1080 2495 foderunt
1105 2445 1161 2495 et
1183 2441 1512 2512 cespitibus
1534 2445 1904 2512 operuerunt

231 2535 298 2583 ut
341 2528 692 2598 ignorantes
742 2528 969 2601 equites
1025 2528 1106 2583 ibi
1154 2535 1420 2584 ruerunt.
1482 2535 1683 2601 Itaque
1723 2546 1901 2584 mane

229 2618 432 2691 primo
459 2618 736 2672 incautus
769 2618 1080 2684 exercitus,
1123 2635 1262 2673 cum
1284 2619 1436 2673 duce
1465 2618 1661 2690 prima
1692 2618 1902 2673 frontis

232 2707 362 2762 acie
407 2712 829 2780 praecurrente,
884 2723 1040 2778 equo
1091 2724 1270 2779 super
1318 2723 1592 2779 paganos
1627 2709 1795 2763 frena
1822 2708 1903 2762 la-

231 2813 410 2864 xans,
472 2813 618 2865 mox
670 2813 776 2868 per
834 2797 1080 2851 scrobes
1125 2796 1426 2851 dilabitur.
1472 2800 1537 2852 Et
1587 2797 1901 2852 ruentibus

233 2885 407 2958 equis
438 2903 578 2941 cum
605 2885 938 2941 sessoribus
965 2902 1276 2941 armorum
1303 2885 1570 2959 pondere
1613 2887 1898 2955 gravatis,

231 2976 463 3049 pagani
492 2975 716 3031 multos
747 2975 996 3047 capiunt
1031 2995 1043 3043 ;
1079 2980 1135 3030 et
1164 2975 1475 3031 novissimi
1509 2978 1578 3010 κεῖ
1610 2977 1900 3032 exercitus

235 3064 406 3120 tarde
437 3070 719 3120 cavantes
753 3064 983 3131 dolum,
1019 3064 1188 3136 equis
1236 3064 1560 3120 dissibunt.
1598 3070 1728 3137 lpse
1755 3066 1898 3136 dux,
1934 3092 1973 3146 ρ

234 3171 395 3227 equo
427 3153 701 3209 scrobem
734 3154 1066 3219 offendens,
1094 3154 1155 3209 in
1200 3170 1466 3226 praeceps
1499 3155 1674 3221 venit,
1722 3161 1777 3210 et
1807 3172 1901 3210 ar-

234 3241 351 3297 mis
375 3246 658 3298 oneratus
681 3242 941 3312 jamjam
972 3241 1276 3297 deciderat
1319 3242 1378 3296 in
1408 3259 1658 3297 manum
1690 3243 1902 3298 adver-

234 3331 554 3398 sariorum,
583 3332 721 3400 nisi,
755 3327 893 3400 Deo,
921 3332 1024 3404 qui
1065 3348 1204 3387 eum
1237 3348 1473 3405 semper
1503 3333 1781 3400 custodit,
1805 3351 1900 3388 ro-

232 3422 352 3478 bur
372 3427 429 3478 et
453 3427 718 3478 mentem
744 3421 794 3476 ei
827 3421 1224 3491 ministrante,
1269 3438 1494 3491 magno
1526 3422 1754 3495 impetu
1786 3423 1901 3479 sal-

231 3514 359 3565 tum
391 3509 563 3564 daret
593 3515 649 3564 et
677 3509 1050 3565 velocissimo
1084 3526 1268 3565 cursu
1299 3526 1427 3565 sese
1459 3510 1731 3566 redderet
1753 3511 1897 3565 suis.

232 3603 364 3658 Mox
389 3599 799 3654 intermissum
831 3604 920 3654 est
950 3599 1176 3655 bellum
1222 3615 1407 3655 causa
1448 3605 1784 3672 captorum,
1828 3617 1901 3655 ne

231 3688 716 3744 interimerentur
750 3706 762 3756 ;
798 3693 967 3743 erant
998 3688 1157 3743 enim
1181 3705 1251 3744 ex
1283 3688 1698 3744 nobilioribus.
1754 3693 1901 3746 Cum

233 3795 305 3834 eo
338 3777 433 3833 die
462 3777 540 3832 ab
568 3777 834 3850 utrisque
863 3782 1191 3843 nutaretur,
1226 3777 1499 3849 sequenti
1559 3783 1750 3844 nocte,
1775 3778 1901 3850 ple-

231 3867 506 3923 nitudine
536 3866 1038 3935 marisinvitante,
1068 3883 1207 3922 cum
1239 3867 1428 3939 captis
1461 3867 1688 3922 coneite
1711 3884 1901 3940 paga-

229 3956 294 4012 ni
319 3955 579 4011 navibus
619 3955 904 4020 insiliunt,
939 3959 994 4011 et
1019 3955 1240 4012 auxilio
1298 3956 1495 4028 pelagi
1552 3955 1900 4029 liberantur,

232 4062 345 4100 nec
378 4043 638 4116 amplius
669 4045 820 4100 lines
872 4043 1003 4098 illos
1032 4043 1442 4115 inquietarunt
1501 4046 1590 4100 “"3.
1641 4047 1771 4101 Dux
1802 4063 1905 4102 au-

233 4140 356 4190 tem
391 4151 500 4206 pro
531 4133 722 4205 captis
752 4133 986 4188 inﬁnita
1018 4134 1287 4206 pondera
1338 4135 1571 4204 argenti
1623 4136 1806 4204 misit,
1849 4141 1905 4191 et

230 4239 739 4295 unumquemque
795 4238 1058 4294 pensans
1117 4227 1364 4294 argento
1415 4223 1666 4279 redemit
1713 4224 1903 4280 homi-

232 4330 415 4368 nem-

2015 473 2150 563 sius
2173 477 2224 528 l'
2254 492 2498 549 quoque
2525 478 2709 536 vietor
2739 490 3034 553 augustus
3075 487 3133 541 in
3166 489 3304 546 aula
3325 492 3530 563 palatii
3557 513 3680 553 non

2015 562 2196 618 modo
2250 564 2526 638 legendo,
2588 586 2794 626 verum
2852 578 2909 628 et
2957 575 3275 634 scribendo
3326 562 3680 642 creberrime

2014 652 2452 710 exercitabatur
2477 660 2644 728 (147).
2682 663 2826 716 Nam
2860 665 3219 721 Octavianus
3251 671 3433 726 Cesar
3453 677 3682 744 Augus-

2015 744 2109 795 tus
2126 747 2261 813 post
2284 743 2600 802 lectionem
2635 750 2877 821 propria
2903 769 3090 809 manu
3112 757 3318 828 praelia
3340 778 3448 816 sua
3470 768 3527 818 et
3553 781 3680 835 ges-

2015 835 2075 886 ta
2108 833 2516 890 Romanorum
2544 841 2598 891 et
2625 837 2742 894 alia
2785 855 3040 913 quasque
3072 860 3194 900 non
3231 850 3431 917 seguis
3459 833 3679 910 scribe-

2017 919 2120 974 bat
2152 921 2317 991 (118).

2089 1015 2174 1064 ὃὸ.
2212 1010 2312 1064 His
2338 1015 2708 1085 temporibus
2740 1021 3068 1077 Normanni
3111 1028 3454 1098 supradicti,
3516 1035 3680 1105 quod

2017 1103 2216 1170 patres
2248 1116 2457 1158 eorum
2479 1120 2798 1178 nunquam
2829 1110 2964 1165 ansi
2997 1118 3138 1168 sunt
3166 1115 3380 1186 facere,
3430 1103 3568 1178 eum
3600 1125 3682 1179 in—

2017 1203 2270 1244 numera
2296 1190 2482 1246 classe
2516 1193 2856 1252 Hiberniam
2881 1198 3161 1272 insulam,
3196 1222 3332 1276 quae
3365 1214 3422 1264 et
3448 1211 3678 1267 Hirlun-

2016 1276 2095 1331 da
2126 1275 2357 1343 dicitur,
2393 1279 2641 1349 ingressi
2674 1290 2811 1340 sunt
2840 1303 2960 1343 una
2977 1306 3115 1346 cum
3147 1275 3434 1351 uxoribus
3457 1300 3679 1357 etlibe-

2017 1366 2096 1420 ris
2127 1371 2181 1421 et
2211 1368 2457 1438 captivis
2498 1371 2850 1440 christianis,
2884 1393 3038 1447 quos
3097 1381 3362 1440 fecerant
3410 1387 3521 1443 sibi
3557 1407 3676 1445 ser-

2017 1471 2146 1523 vos,
2177 1460 2258 1521 ut,
2293 1456 2583 1513 Hirlandis
2619 1462 2915 1531 extinctis,
2946 1466 3058 1537 ipsi
3099 1486 3207 1540 pro
3253 1472 3336 1527 eis
3385 1474 3681 1534 inhabita-

2016 1545 2687 1616 rentopulentissimam
2742 1553 2810 1586 ίίλτ
2844 1558 3080 1612 terram.
3118 1560 3259 1624 Quae
3313 1567 3374 1617 t2
3415 1564 3678 1622 civitates

2019 1649 2157 1686 cum
2204 1634 2592 1705 amplissimis
2638 1639 3085 1714 epis'COpatibus
3146 1652 3201 1702 et
3247 1665 3437 1705 unum
3475 1669 3678 1724 regem

2019 1721 2279 1778 habetet
2334 1726 2641 1798 propriam
2699 1729 2992 1802 linguam,
3046 1736 3154 1790 sed
3197 1739 3430 1796 l.atinas
3457 1721 3677 1800 litteras

2012 1811 2204 1875 Quam
2231 1815 2482 1869 Sanctus
2515 1818 2798 1874 Patricius
2838 1824 3141 1879 Romanus
3173 1827 3250 1882 ad
3304 1829 3488 1886 ﬁdem
3533 1851 3676 1889 con-

2014 1901 2201 1972 vertit,
2225 1907 2280 1957 ct
2309 1902 2389 1958 ibi
2416 1904 2644 1975 primus
2675 1909 2909 1979 praefuit
2936 1911 3258 1985 episcopus
3296 1935 3307 1983 ;
3333 1935 3468 1989 quae
3502 1923 3676 1977 undi-

2010 2004 2125 2059 que
2158 1990 2308 2044 mari
2339 1991 2762 2052 circumcincta
2809 2004 2912 2052 est.
2959 1999 3041 2054 lbi
3095 2002 3429 2060 solsticialis
3492 2010 3678 2066 estiva

2010 2092 2130 2170 nox
2162 2079 2433 2147 ejusdem
2463 2084 2791 2154 parvitatis.
2829 2089 3176 2146 Consertum
3212 2099 3299 2148 est
3329 2112 3470 2163 ergo
3529 2115 3676 2170 prae-

2008 2165 2156 2220 lium
2188 2183 2295 2238 per
2347 2169 2608 2226 triduum
2655 2173 3041 2244 incessanter,
3087 2186 3142 2234 et
3193 2165 3678 2243 Normanuo-rum

2011 2255 2210 2310 nullus
2240 2256 2412 2312 vivus
2452 2261 2656 2316 exasit.
2691 2265 2909 2318 Uxores
2954 2282 3162 2322 eorum
3217 2287 3356 2326 cum
3408 2276 3675 2345 parvulis

2012 2361 2139 2399 sese
2171 2352 2399 2403 cunctaz
2428 2348 2488 2404 in
2515 2367 2681 2406 mare
2722 2353 3058 2427 praecipites
3122 2361 3510 2418 suil'ocarunt.
3570 2366 3679 2430 Qui

2012 2435 2129 2490 vivi
2159 2438 2314 2509 capti
2352 2444 2508 2508 sunt,
2564 2441 2700 2496 feris
2761 2444 2838 2498 ad
2890 2445 3245 2504 laniandum
3314 2454 3380 2485 ¹⁵⁸
3433 2457 3680 2526 projecti

2013 2530 2173 2579 sunt.
2215 2529 2406 2582 Unum
2439 2545 2511 2583 ex
2539 2531 2846 2602 captivum
2888 2534 3072 2590 fuisse
3105 2541 3405 2607 cognovit,
3454 2548 3510 2598 et
3539 2562 3677 2600 cum

2011 2615 2362 2671 muneribus
2389 2618 2652 2675 donavit.
2691 2623 2806 2676 Rex
2840 2638 2980 2678 vero
3041 2629 3300 2683 Canotus
3358 2630 3432 2685 de
3479 2635 3674 2689 Dana-

2013 2704 2258 2759 marcha
2285 2721 2580 2776 paganus,
2606 2714 2842 2765 mortuo
2857 2711 3158 2769 Adalrado
3183 2732 3320 2785 rege
3347 2720 3674 2788 Anglorum

2012 2791 2134 2862 (an.
2174 2795 2354 2865 10w};
2387 2812 2642 2865 regnum
2676 2798 2803 2866 ejus
2827 2799 2966 2855 dolo
2995 2802 3167 2874 cepit,
3195 2810 3543 2876 etreginam
3574 2828 3681 2867 an-

2011 2879 2247 2948 glorum
2269 2882 2328 2936 in
2353 2884 2704 2954 conjugium
2728 2889 2975 2959 accepit,
3007 2907 3142 2961 qua:
3176 2899 3299 2949 erat
3357 2913 3526 2952 soror
3576 2917 3676 2955 co-

2011 2970 2169 3024 mitis
2193 2974 2564 3028 Rotomensis
2601 2976 2671 3009 “‘9
2717 2976 3014 3047 Richardi,
3077 2985 3132 3035 et
3188 2983 3379 3038 factus
3411 2987 3678 3044 christia-

2013 3076 2146 3130 nus,
2185 3065 2433 3134 utraque
2460 3079 2646 3133 regna
2681 3066 2883 3136 tenuit,
2919 3072 2974 3122 et
3005 3085 3422 3145 quoscumque
3486 3079 3678 3148 potuit

2014 3175 2085 3213 ex
2116 3160 2372 3247 paganis
2398 3161 2472 3215 de
2498 3165 2915 3221 Danamarcha
2945 3166 3021 3221 ad
3055 3168 3235 3224 tidem
3297 3171 3510 3229 Christi
3543 3191 3676 3247 per-

2014 3245 2186 3300 traxit
2211 3249 2285 3301 2‘.
2323 3246 2614 3316 Ricgardo
2647 3266 2782 3304 vero
2814 3252 3028 3308 comite
3062 3256 3395 3327 Rotomagi,
3425 3245 3561 3315 ﬁlio?
3584 3262 3676 3317 Ri—

2012 3334 2239 3403 chardi,
2266 3339 2641 3392 Normannos
2667 3338 3058 3408 gubernante,
3118 3344 3436 3402 multitudo
3468 3366 3677 3406 eorum

2013 3441 2151 3480 cum
2177 3425 2329 3481 duce
2360 3426 2613 3482 Rodulfo
2665 3429 2877 3484 armati
2933 3433 3204 3503 Romam,
3259 3439 3314 3490 et
3343 3436 3481 3493 inde
3515 3441 3674 3496 coni-

2011 3521 2183 3569 vente
2215 3531 2376 3586 papa
2416 3517 2734 3572 Benedicto
2787 3520 3108 3590 Appuliam
3151 3526 3395 3592 agressi,
3461 3535 3676 3586 cuncta

2012 3604 2328 3659 devastant
2359 3607 2476 3675 (an.
2513 3607 2686 3676 1017).
2724 3609 2939 3662 Contra
2965 3626 3119 3681 quos
3151 3615 3475 3670 exercitum
3510 3620 3674 3675 Basi-

2011 3693 2123 3748 lius
2146 3693 2417 3763 intendit,
2470 3699 2526 3750 et
2568 3697 2988 3766 congressione
3035 3699 3128 3754 bis
3159 3707 3214 3757 et
3255 3707 3339 3758 ter
3390 3705 3548 3764 facta
3583 3711 3674 3778 “’0,

2009 3783 2260 3839 victores
2312 3785 2639 3840 Normanni
2724 3786 3002 3843 existunt.
3079 3791 3300 3854 Quarto
3351 3811 3677 3866 congressu

2013 3889 2151 3927 cum
2185 3877 2357 3940 gente
2387 3876 2715 3929 Russorum
2748 3875 2892 3945 (l-ttl)
2929 3877 3062 3932 victi
3096 3883 3151 3934 et
3177 3884 3431 3951 prostati
3460 3891 3599 3941 sunt
3623 3893 3679 3942 et

2013 3962 2090 4016 ad
2120 3961 2411 4017 nichilum
2442 3963 2685 4032 redacti,
2721 3969 2776 4019 et
2805 3964 3105 4021 innumeri
3128 3968 3303 4025 ducti.
3345 3975 3677 4031 Constanti-

2013 4050 2302 4122 nopolim,
2342 4068 2530 4124 usque
2563 4052 2639 4107 ad
2678 4053 2903 4108 exitum
2953 4055 3085 4110 vitae
3117 4056 3176 4112 in
3207 4062 3547 4118 carceribus
3581 4065 3678 4120 tri-

2011 4139 2205 4196 bulati
2234 4145 2393 4196 sunt.
2425 4142 2590 4197 Unde
2622 4142 2797 4198 exivit
2828 4145 3214 4215 proverbium
3248 4167 3258 4203 :
3296 4151 3514 4208 Grecus
3545 4170 3675 4210 cmn

2015 4246 2272 4287 carruca
2295 4233 2550 4301 leporem
2581 4235 2761 4301 capit.
2797 4236 2958 4289 Tunc
2988 4252 3094 4307 per
3149 4237 3468 4296 triennium
3497 4242 3676 4299 inter-

2012 4319 2180 4376 clusa
2200 4325 2291 4376 est
2314 4321 2414 4376 via
2448 4321 2843 4377 Hierosolimae
2865 4341 2877 4385 ;
2903 4339 3045 4378 nam
3071 4331 3315 4397 propter
3353 4328 3501 4385 iram
3532 4335 3679 4387 Nor-

305 4406 394 4458 Eii.
427 4402 554 4458 Fuit
574 4402 698 4457 dux
727 4401 832 4456 iste
860 4418 895 4458 a
923 4402 1190 4474 puericia
1221 4402 1434 4458 doctus
1459 4403 1682 4470 litteris,
1728 4410 1784 4461 et
1811 4423 1901 4461 sa-
1932 4449 1974 4501 Β
2016 4424 2404 4474 mannorum,
2439 4409 2809 4481 quicumque
2859 4409 3268 4468 invenirentur
3296 4418 3612 4487 peregrini,
3642 4440 3677 4476 a

233 4491 304 4547 tis
336 4491 622 4547 noticiam
673 4491 1104 4564 scripturarum
1163 4492 1392 4547 habuit.
1457 4492 1767 4549 Librorum
1799 4512 1899 4551 co-

232 4581 401 4654 piam
431 4580 491 4636 in
513 4580 736 4652 palatio
767 4597 876 4636 suo
918 4579 1190 4650 servavit,
1224 4585 1280 4637 et
1311 4581 1354 4635 si
1402 4581 1548 4637 forte
1576 4599 1611 4638 a
1644 4584 1902 4640 tumultu

231 4673 490 4738 vacaret,
523 4667 758 4724 lectioni
782 4684 889 4740 per
914 4685 975 4724 se
1008 4669 1210 4740 ipsum
1241 4685 1488 4741 operam
1521 4670 1726 4726 dabat.
1757 4675 1902 4727 Lon-

233 4757 502 4830 gioribus
523 4757 804 4813 noctibus
837 4757 1200 4814 elucubrans
1221 4759 1280 4813 in
1303 4757 1486 4827 libris,
1519 4759 1712 4816 donec
1739 4778 1900 4817 som-

232 4863 314 4904 no
339 4847 694 4903 vinceretur.
741 4850 859 4903 Hoc
892 4847 1253 4904 Hludovicus
1283 4849 1629 4921 imperator,
1655 4851 1769 4906 hoc
1800 4867 1904 4923 pa-

2016 4494 2210 4549 Creeis
2243 4493 2404 4563 ligati
2436 4493 3015 4564 Constantinopolim
3063 4495 3456 4569 ducebantur,
3513 4507 3568 4558 et
3594 4503 3676 4558 ibi

1995 4585 2294 4637 .earcerati
2311 4580 2750 4650 atiligebantur.
2774 4586 2916 4636 ltem
2939 4585 3262 4639 Normanni
3287 4587 3438 4643 duce
3463 4592 3673 4661 Rotge-

2011 4671 2119 4737 rio,
2153 4670 2228 4724 ad
2270 4668 2632 4724 occidendos
2688 4685 2963 4741 paganos
3020 4671 3370 4744 Hispaniam
3428 4678 3677 4749 profecti

2015 4763 2183 4830 (1:30),
2212 4758 2562 4813 innumeros
2593 4761 3059 4815 Sarracenorum
3087 4760 3455 4834 deleverunt,
3510 4772 3568 4823 et
3593 4769 3674 4825 ci-

2013 4850 2221 4907 vitates
2251 4848 2336 4903 vel
2369 4847 2614 4904 castella
2643 4848 2720 4904 ab
2753 4848 2836 4903 eis
2863 4849 3159 4907 abstulere
3211 4853 3420 4911 multa.
3478 4855 3674 4914 Primo

238 4994 290 5048 1·
341 4995 501 5068 Nam
519 4995 580 5068 _e_t
611 4992 1018 5068 Octaviannus
1050 4994 1228 5049 Cesar
1255 4997 1558 5063 Augustus
1580 4992 1647 5068 in
1671 4993 1810 5068 aula
1840 4995 2046 5068 palatii
2076 5009 2199 5068 non
2231 4991 2414 5048 modo
2446 4991 2702 5068 legendo
2733 5009 2944 5049 verum
2999 4998 3055 5049 et
3085 4995 3406 5068 scribendo
3439 4998 3674 5055 creber-

305 5063 455 5143 rime
489 5065 554 5097 ¹⁶¹
588 5065 760 5132 gesta
779 5068 840 5143 et_
861 5063 979 5143 alia
1002 5079 1242 5136 queque
1271 5080 1396 5143 non
1425 5063 1978 5143 segnisscribe'bat.
2006 5073 2058 5122 2.
2120 5067 2176 5120 2'
2207 5067 2376 5120 Pater
2425 5065 2553 5136 ejus
2609 5080 2904 5137 paganus,
2957 5065 3202 5122 nomine
3234 5072 3469 5141 Asquec
3502 5075 3646 5143 (l51)

308 5134 506 5190 solum
527 5151 784 5204 regnum
805 5135 879 5190 de
912 5134 1290 5192 Danamarca
1322 5135 1528 5192 tenuit.
1565 5135 1708 5192 add.
1738 5141 1791 5191 2.

3659 5116 3672 5140 9

1671 5237 1911 5290 VARl/E
1951 5236 2354 5292 LECTIONES.

313 5329 608 5405 ‘53_classa
634 5346 791 5405 corr.
825 5318 1015 5386 classe
1049 5334 1096 5405 1.
1134 5332 1204 5392 ¹⁵,⁵
1227 5330 1534 5405 circuitam
1572 5336 1617 5386 1.
1675 5333 1744 5405 ¹δςῖ
1776 5332 2004 5389 novissi
2040 5337 2086 5388 1.
2126 5332 2196 5405 '5‘}
2226 5332 2635 5405 inequitarunt
2669 5337 2715 5386 1.
2756 5333 2824 5366 ¹⁵τ
2851 5333 3376 5405 opulantissimam
3408 5343 3455 5395 1.
3487 5340 3555 5376 ¹⁵⁸
3585 5339 3673 5399 la-

234 5401 530 5458 niendum
568 5406 615 5456 1.
656 5403 726 5437 ³⁵9
758 5401 1119 5458 rotomansis
1145 5406 1192 5457 1.
1229 5404 1299 5436 ¹⁶⁰
1327 5403 1463 5458 facti
1495 5419 1650 5459 corr.

1709 5403 1864 5460 facta
1894 5410 1941 5460 1.
1975 5406 2040 5438 ¹¹³¹
2079 5403 2413 5459 crebime’c.

1861 5503 2079 5558 NOTAE.

307 5599 456 5668 (147)
492 5597 576 5654 Cf.
635 5597 710 5652 de
753 5597 1086 5653 Theodosio
1125 5597 1365 5654 Juniore
1397 5599 1538 5654 Hist.
1570 5598 1740 5654 mise.
1784 5617 1900 5667 xxv,

236 5670 333 5726 ed.
384 5673 591 5741 Murart.
626 5685 685 5741 p.
722 5675 811 5725 96.

311 5743 459 5812 (148)
486 5740 569 5798 Cf.
603 5740 866 5798 Suetonii
898 5742 1021 5796 Vita
1050 5741 1323 5811 Augusti,
1357 5758 1405 5797 c.
1439 5745 1525 5797 85.

1063 5973 1068 5996 l

2087 5601 2238 5669 (149)
2268 5600 2380 5665 Qui
2407 5600 2467 5654 in
2501 5599 2694 5654 Basilii
2719 5602 2979 5657 exercitu
3010 5603 3196 5659 fuisse
3229 5604 3524 5661 videntur.

2088 5669 2238 5748 (150)
2271 5672 2352 5748 Cf.
2389 5669 2886 5748 Balaziusltlarea
2921 5675 3103 5748 Hisp.,
3136 5692 3194 5746 p.
3230 5679 3356 5733 429.

2000 5781 2004 5784 -
2087 5743 2235 5814 (131)
2266 5744 2444 5798 Suen.
2472 5743 2816 5815 'l‘veskiaeg.
