3966 6408
318 260 387 315 67
1487 253 1803 310 ADEMABI
1841 252 1900 310 S.
1955 249 2234 308 CIBARDI
2277 250 2612 309 IONACHI.
3697 253 3771 310 08

323 396 467 439 vero
496 379 763 439 adventu
818 393 932 435 suo
986 376 1324 448 Rotgerius,
1390 376 1731 434 Sarracenis
1775 375 1984 448 captis,
2015 378 2063 432 Δ
2099 375 2360 431 cursoris
2386 375 2619 432 Domini
2643 373 3015 431 Alexandriae
3041 372 3317 431 habitum
3345 378 3435 431 est
3449 376 3524 431 5".
3558 378 3770 450 Itaque

325 484 824 544 unumquemque
853 483 1066 525 eorum
1096 482 1204 540 per
1226 466 1354 522 dies
1400 465 1690 536 singulos,
1741 464 1990 520 videnti-

323 559 440 616 bus
463 559 691 627 ceteris,
723 557 897 632 quasi
922 573 1178 632 porcum
1214 572 1322 630 per
1342 556 1560 612 frustra
1586 557 1658 592 ¹⁶¹
1691 553 1984 624 dividens,

323 649 386 706 in
413 649 693 706 caldariis
717 652 956 705 coctum
983 647 1069 703 eis
1090 645 1440 720 apponebat
1461 661 1572 719 pro
1599 645 1816 718 epulis,
1843 649 1901 702 et
1925 644 1986 700 in

322 739 443 797 alia
472 739 658 796 domo
680 737 1005 796 simulabat
1041 753 1104 794 se
1131 736 1447 794 comedere
1497 752 1636 792 cum
1695 735 1819 791 suis
1850 733 1984 790 reli-

322 845 445 902 qua
469 828 801 886 medietatis
839 827 1111 885 menbra.
1142 831 1467 900 Postquam
1504 825 1587 882 ita
1611 841 1826 882 omnes
1855 840 1985 898 per-

323 921 618 992 currisset,
652 918 1053 977 novissimum
1076 918 1151 974 de
1169 917 1441 974 custodia
1466 916 1641 990 quasi
1661 915 1985 987 neglegens

319 1009 698 1083 permittebat
753 1008 934 1079 fugae,
986 1007 1091 1081 qui
1130 1007 1259 1063 haec
1311 1009 1584 1064 monstra
1639 1004 1982 1062 Sarracenis

321 1098 633 1155 nunciaret
651 1099 721 1154 Γ.
756 1097 888 1163 Qua
911 1095 987 1152 de
1015 1111 1206 1152 causa
1235 1095 1447 1151 timore
1473 1093 1820 1164 exanimati,
1849 1093 1986 1150 vici-

320 1202 413 1244 nae
441 1185 735 1260 Hispaniae
768 1185 1078 1243 Sarraceni
1107 1201 1248 1241 cum
1299 1199 1440 1254 rege
1490 1199 1600 1240 suo
1630 1186 1854 1240 Museto
1880 1199 1985 1255 pa-

318 1292 504 1334 cema
527 1275 832 1333 comitissa
861 1273 1273 1332 Barzelonensi
1314 1273 1719 1330 Ermensende
1751 1276 1981 1346 petunt,

317 1371 376 1424 et
401 1382 678 1423 annuum
725 1365 1018 1422 tributum
1073 1365 1412 1438 persolvere
1473 1363 1792 1437 spondent.
1849 1366 1987 1419 Erat

315 1456 476 1513 enim
503 1456 634 1513 haec
653 1455 859 1524 vidua,
889 1459 946 1512 et
976 1454 1252 1526 Rotgerio
1302 1471 1477 1512 suam
1530 1453 1718 1511 ﬁliam
1760 1453 1822 1509 in
1851 1468 1984 1509 ma-

315 1545 662 1603 trimonium
694 1545 1044 1602 sociaverat.
1103 1548 1254 1603 Cum
1312 1544 1538 1618 quibus
1595 1559 1744 1618 pace
1803 1543 1980 1611 facta,

315 1634 623 1707 Rotgerius
646 1649 789 1691 cum
820 1633 1094 1692 ulteriore
1107 1633 1390 1707 Hispania
1409 1633 1714 1689 decertare
1725 1632 1899 1705 cepit,
1928 1635 1985 1688 et

2097 464 2246 520 dum
2272 464 2581 522 inventum
2603 464 3015 522 ostenderetur
3035 468 3218 537 caput
3239 464 3432 521 sancti
3447 465 3767 535 Johannis,

2096 554 2294 610 omnis
2318 554 2640 628 Aquitania
2664 559 2722 611 et
2748 554 2954 622 Gallia,
2989 553 3154 611 Italia
3180 558 3238 610 et
3267 553 3551 628 Hispania
3571 555 3650 612 ad
3681 555 3770 614 fa-

2094 658 2263 700 mam
2285 649 2611 716 commota,
2631 642 2714 700 ibi
2737 659 3019 700 occurere
3035 643 3303 700 certatim
3319 642 3559 700 festinat
3585 645 3771 716 (Oct)-

2095 734 2215 788 Rex
2241 748 2487 807 quoque
2513 733 2830 790 Rotbertus
2861 733 2917 788 ϐ·
2956 749 3027 790 ac
3083 731 3306 802 regina,
3330 748 3435 789 rex
3462 736 3762 801 Navarrae,

2093 821 2220 878 dux
2249 823 2576 880 Wasconiae
2610 822 2886 894 Sancius,
2926 821 3054 880 Odo
3085 821 3541 895 Campanensis,
3571 823 3762 881 comi—

2094 915 2180 968 tes
2205 909 2262 970 e't
2289 913 2612 986 principes,
2642 929 2783 970 cum
2813 912 3115 986 episcopis
3148 917 3206 970 et
3246 912 3594 984 abbatibus,
3627 930 3762 970 om-

2093 1016 2321 1076 nesque
2379 1002 2701 1074 dignitates
2747 1006 3042 1060 terrarum
3107 1017 3180 1059 eo
3229 1001 3590 1060 conﬂuxere.
3651 1003 3762 1060 Ubi

2091 1107 2305 1148 omnes
2335 1091 2672 1149 otierebant
2697 1107 2953 1148 munera
2982 1091 3256 1165 preciosa
3272 1091 3492 1148 diversi
3522 1093 3759 1163 generis

2093 1180 2198 1237 ubi
2218 1182 2601 1255 supradictus
2631 1197 2736 1238 rex
2783 1184 3170 1248 Francorum,
3220 1180 3426 1238 oblata
3481 1197 3672 1239 conca
3702 1183 3758 1238 7·

2093 1287 2165 1326 ex
2196 1287 2344 1327 auro
2371 1270 2782 1344 purississimo
2831 1273 3122 1343 pensante
3160 1269 3344 1326 libras
3394 1273 3462 1326 3O
3501 1273 3559 1326 et
3586 1269 3757 1327 vesti-

2089 1360 2206 1417 bus
2234 1360 2521 1433 preciosis
2553 1361 2610 1416 8'
2631 1359 2712 1416 ad
2756 1363 3040 1416 ornatum
3083 1358 3369 1429 ecclesiae,
3401 1375 3439 1416 a
3463 1358 3756 1416 Willelmo

2090 1450 2244 1506 duce
2273 1453 2610 1506 reverenter
2629 1452 2946 1521 susceptus
2994 1449 3074 1517 9',
3117 1447 3430 1506 Franciam
3475 1463 3754 1505 reversus

2089 1545 2196 1597 est.
2234 1541 2392 1597 Ultra
2418 1555 2665 1598 omnem
2695 1539 3036 1596 felicitatem
3065 1543 3122 1595 et
3153 1538 3409 1608 gloriam
3440 1537 3758 1596 videbatur

2091 1645 2423 1685 concursus
2440 1628 2825 1702 psallentium
2855 1644 2996 1684 cum
3013 1627 3254 1702 reliquis
3277 1633 3626 1685 sanctorum
3653 1644 3753 1685 ca-

311 1724 583 1797 quadam
607 1724 706 1781 die
734 1740 859 1780 una
886 1740 1028 1780 cum
1056 1725 1109 1779 2‘
1138 1727 1208 1780 40
1231 1722 1618 1779 solummodo
1644 1720 1979 1778 christianis
2010 1740 2051 1795 Β
2091 1719 2472 1788 nonicorum,
2512 1717 2974 1785 monachorum,
3032 1717 3437 1790 undecunque
3501 1717 3582 1774 ad
3633 1733 3758 1774 me-

312 1815 675 1888 quingentos
707 1815 1176 1872 Sarracenorum
1201 1813 1420 1870 electos
1443 1812 1507 1868 in
1537 1811 1767 1868 insidiis
1798 1811 1981 1868 laten-

314 1907 400 1960 tes
429 1904 698 1972 offendit,
731 1919 872 1960 cum
902 1903 1126 1977 quibus
1155 1902 1767 1973 conﬂigens,fratrem
1796 1917 1980 1977 suum

312 2009 654 2052 manzerem
680 1992 900 2061 amisit,
929 1997 987 2049 et
1015 1992 1184 2049 tertio
1205 2008 1492 2064 campum
1535 1990 1816 2059 lustrans,
1844 1994 1900 2046 et
1924 1992 1976 2047 3'

310 2081 448 2154 plus
495 2085 739 2138 centum
790 2080 1166 2137 adversarios
1217 2079 1486 2148 extinxit,
1543 2082 1602 2134 et
1654 2094 1795 2134 cum
1853 2077 1978 2134 suis

312 2169 560 2242 propria
585 2167 806 2239 revisit,
837 2185 947 2226 nec
978 2168 1110 2224 ausi
1161 2172 1304 2223 sunt
1359 2166 1668 2225 Sarraceni
1697 2165 1978 2240 persequi

312 2257 662 2329 fugientem.

385 2351 474 2403 56.
506 2350 614 2404 Per
640 2347 753 2403 hos
782 2344 910 2401 dies
937 2346 1089 2417 (152)
1114 2345 1399 2415 dignatus
1425 2349 1519 2401 est
1542 2344 1830 2401 Dominus
1861 2345 1978 2402 cla-

312 2434 546 2492 riﬁcare
593 2439 873 2509 tempora
921 2434 1284 2490 serenissimi
1340 2434 1512 2490 ducis
1563 2433 1850 2490 Willelmi.
1911 2438 1975 2489 In

311 2523 525 2581 diebus
554 2524 678 2580 suis
707 2538 974 2596 namque
1001 2527 1184 2596 caput
1211 2523 1401 2580 sancti
1452 2521 1744 2579 Johannis
1775 2522 1836 2578 in
1864 2522 1974 2579 ba-

273 2612 287 2623 ’
313 2613 480 2671 silica
503 2612 949 2684 Angeriacensi,
977 2612 1040 2668 in
1095 2613 1266 2669 theca
1319 2614 1388 2648 ¹⁶³
1439 2629 1621 2668 saxea
1677 2613 1886 2669 turrita
1912 2613 1975 2668 in

307 2709 432 2760 star
445 2703 881 2778 piramincndis
934 2704 1030 2772 1“,
1083 2702 1397 2759 inventum
1452 2707 1541 2759 est
1594 2702 1674 2758 ab
1717 2703 1975 2760 Alduino

307 2794 640 2852 clarissimo
665 2793 887 2851 abbate
920 2794 1040 2864 (an.
1081 2797 1219 2849 1010
1249 2794 1318 2864 ‘1’).
1371 2793 1545 2859 Quod
1573 2798 1848 2849 sanctum
1874 2809 1974 2850 ca-

307 2890 416 2957 put
445 2885 654 2942 dicunt
668 2900 805 2940 esse
830 2882 1145 2956 proprium
1174 2883 1451 2956 baptista:
1482 2883 1973 2939 Johannis.Tunc

307 2974 631 3030 Willelmus
654 2974 780 3029 dux
804 2977 942 3046 post
970 2971 1286 3045 paschales
1333 2972 1461 3028 dies
1520 2976 1709 3029 Roma
1737 2988 1971 3042 regres-

307 3080 434 3132 sus,
464 3064 581 3120 hoc
609 3062 838 3130 audito,
868 3061 1130 3156 repletus
1159 3065 1251 3117 est
1278 3061 1524 3156 gaudio,
1591 3067 1649 3117 et
1693 3067 1970 3118 sanctum
1999 3101 2041 3156 Ο

305 3157 490 3226 caput
509 3151 752 3226 populis
774 3149 1217 3208 ostendendum
1257 3150 1539 3206 decrevit.
1574 3153 1672 3207 Est
1694 3151 1969 3207 recondi-

305 3245 437 3298 tum
463 3242 667 3314 ipsum
680 3244 866 3312 caput
892 3239 955 3295 in
981 3239 1244 3295 turibulo
1277 3243 1584 3310 argenteo,
1615 3239 1720 3295 ubi
1765 3239 1970 3296 litterae

303 3329 586 3400 leguntur
611 3347 624 3384 ε
654 3330 773 3385 Hic
803 3329 1118 3400 requiescit
1146 3334 1331 3398 caput
1349 3329 1746 3398 praecursoris
1774 3330 1973 3384 Domi-

305 3418 390 3474 ni.
423 3422 472 3474 Δ
492 3433 618 3492 quo
648 3422 849 3476 tamen
878 3417 974 3475 vel
1004 3433 1129 3492 quo
1180 3423 1452 3490 tempore
1506 3417 1603 3473 vel
1647 3417 1809 3473 unde
1850 3419 1968 3474 huc

303 3507 593 3576 delatum,
623 3507 719 3564 vel
747 3509 800 3564 si
824 3508 1212 3582 praecursoris
1235 3507 1475 3564 Domini
1524 3507 1617 3577 sit,
1644 3508 1966 3581 haudqua-

297 3614 490 3670 quam
515 3596 770 3654 ﬁdeliter
798 3602 961 3671 patet
990 3600 1082 3655 15‘.
1120 3603 1185 3654 in
1211 3597 1392 3669 gestis
1436 3596 1599 3653 enim
1636 3597 1826 3670 Pipini
1881 3615 1968 3654 re-

301 3687 420 3758 gis,
448 3703 588 3744 cum
610 3687 685 3743 de
711 3687 1048 3745 minoribus
1070 3687 1305 3758 legatur
1324 3686 1530 3754 rebus,
1559 3703 1632 3743 ex
1660 3688 1796 3756 hac,
1829 3705 1965 3761 quae

301 3794 376 3834 ex
400 3776 683 3834 maximis
708 3781 818 3845 est,
851 3794 1038 3835 causa
1062 3777 1360 3848 reticetur,
1389 3782 1449 3834 et
1477 3777 1773 3850 scriptura
1795 3794 1869 3834 ex
1895 3793 1966 3834 eo

300 3866 460 3923 facta
484 3867 633 3938 (153)
659 3881 1054 3940 nequaquam
1071 3883 1198 3925 non
1227 3866 1408 3923 futilis
1433 3867 1512 3923 ab
1539 3866 1787 3922 eruditis
1815 3867 1969 3939 diju-

297 3955 532 4012 dicetur
587 3958 663 4012 4'.
695 3956 998 4012 Nonenim
1028 3956 1270 4029 Pipinus
1300 3956 1362 4011 in
1381 3955 1636 4012 Pdiebus
1661 3956 1969 4030 Theophili

299 4061 412 4102 nec
444 4050 713 4118 tempore
742 4045 1173 4102 Wandalorum
1199 4045 1406 4114 extitit,
1446 4061 1556 4102 nec
1605 4050 1788 4118 caput
1815 4061 1964 4118 prae-

2087 1809 2345 1866 moriam
2401 1808 2592 1866 sancti
2628 1805 3015 1880 praecursoria
3093 1805 3522 1864 festinantium.
3598 1811 3754 1863 Inter

2083 1915 2222 1971 quae
2243 1897 2508 1970 reliquiae
2529 1895 2816 1969 principis
2867 1895 3109 1964 summi,
3132 1896 3237 1968 qui
3267 1900 3437 1969 pater
3464 1901 3553 1952 est
3572 1894 3753 1969 Aqui-

2084 1989 2365 2042 tanorum
2395 1990 2454 2042 et
2481 1985 2714 2058 primus
2745 1983 3071 2041 Galliarum
3116 1984 3557 2058 spermologus,
3593 1984 3755 2040 vide-

2084 2072 2220 2131 licet
2243 2073 2402 2131 beati
2433 2073 2690 2148 apostoli
2719 2073 3030 2142 Marcialis,
3082 2073 3260 2130 simul
3290 2090 3430 2130 cum
3485 2073 3752 2147 reliquiis

2085 2163 2276 2220 sancti
2309 2163 2595 2236 Stephani
2637 2163 2962 2219 Lemovicaa
3012 2163 3192 2230 sedis,
3223 2162 3362 2220 illuc
3396 2161 3752 2220 defereban-

2082 2255 2198 2308 tur.
2231 2252 2544 2310 Protractis
2572 2252 2644 2287 ¹⁶⁶
2671 2251 2873 2325 itaque
2894 2252 3084 2310 sancti
3108 2251 3392 2310 Marcialis
3411 2252 3472 2309 in
3489 2252 3752 2310 vectorio

2083 2360 2157 2401 ex
2186 2359 2335 2400 auro
2365 2347 2424 2399 et
2443 2341 2698 2412 gemmis
2716 2342 3074 2415 pignoribus
3098 2342 3239 2400 foris
3266 2342 3598 2400 baselicam
3621 2359 3758 2416 pro-

2083 2433 2301 2509 priam,
2331 2449 2477 2488 mox
2503 2430 2701 2488 omnis
2737 2432 3082 2505 Aquitania,
3113 2449 3252 2507 quae
3274 2433 3405 2504 jam
3433 2432 3537 2489 diu
3573 2432 3754 2490 nimis

2083 2520 2302 2593 pluviis
2341 2519 2741 2587 laboraverat,
2793 2520 3054 2578 adventu
3083 2521 3270 2594 patris
3297 2521 3389 2578 sui
3415 2520 3752 2578 laetiﬁcatur

2083 2611 2397 2667 serenitate
2423 2609 2674 2666 reddita.
2709 2613 2858 2667 Cum
2889 2610 3120 2668 eisdem
3175 2611 3524 2684 pigneribus
3555 2611 3748 2670 abbas

2083 2700 2391 2757 Josfredus
2417 2703 2597 2772 atque
2623 2698 2947 2772 episcopus
2975 2700 3258 2757 Girardus
3298 2717 3439 2758 cum
3467 2701 3748 2774 principi-

2081 2790 2199 2846 bus
2224 2789 2566 2846 numerosis
2614 2793 2672 2846 et
2727 2789 2895 2846 omni
2925 2789 3351 2847 innumerabili
3397 2791 3625 2866 populo
3659 2791 3748 2847 di-

2081 2884 2380 2937 verterunt
2426 2879 2487 2935 in
2539 2878 2856 2936 basilicam
2913 2882 3102 2937 sancti
3137 2880 3454 2938 Salvatoris
3494 2881 3741 2939 Carroﬁ.

2083 2970 2481 3042 Exieruntque
2509 2969 2592 3026 eis
2622 2969 2868 3026 obviam
2898 2971 3183 3028 monachi
3211 2989 3352 3028 cum
3373 2971 3542 3029 omni
3565 2971 3742 3046 plebe

2079 3059 2360 3134 populari
2393 3060 2462 3095 ¹⁶⁷
2485 3058 2718 3116 miliaro
2748 3075 2892 3132 uno,
2925 3065 2983 3117 et
3011 3077 3151 3117 cum
3178 3066 3477 3135 apparatu
3505 3061 3744 3118 honori-

2078 3151 2194 3206 ﬁco
2227 3151 2338 3221 10*,
2388 3149 2754 3222 antiphonas
2789 3149 3024 3208 excelsa
3066 3167 3212 3208 voce
3241 3151 3606 3220 intonantes,
3637 3151 3740 3208 de-

2079 3241 2380 3297 duxerunt
2405 3257 2596 3313 usque
2619 3240 2698 3296 ad
2725 3240 2909 3297 altare
2962 3241 3306 3299 Salvatoris.
3340 3246 3408 3299 Et
3436 3241 3624 3299 missa
3643 3258 3741 3300 ce-

2077 3330 2329 3398 lebrata,
2355 3330 2527 3386 simili
2545 3330 2730 3387 modo
2757 3331 3060 3404 prosecuti
3079 3337 3219 3389 sunt
3239 3349 3362 3390 eos.
3397 3335 3666 3406 Cumque
3678 3333 3740 3388 in

2077 3420 2388 3477 basilicam
2420 3421 2612 3477 sancti
2638 3421 3008 3494 precursoris
3033 3421 3375 3492 intrassent,
3425 3421 3744 3480 celebravit

2074 3509 2157 3566 ibi
2187 3510 2275 3565 Μ’
2319 3510 2568 3566 missam
2605 3509 2926 3582 episcopus
2976 3510 3250 3568 Giraldus
3301 3511 3378 3569 de
3429 3511 3742 3568 nativitato

2078 3599 2270 3656 sancti
2298 3599 2594 3672 baptistte,
2619 3615 2762 3655 cum
2797 3604 2954 3656 esset
2978 3601 3203 3657 mensis
3235 3600 3511 3658 Octuber.
3546 3604 3739 3659 Cano-

2076 3689 2194 3745 nici
2225 3688 2412 3744 sancti
2436 3688 2720 3762 Stephani
2745 3705 2886 3745 cum
2906 3690 3221 3747 monachis
3241 3691 3432 3748 sancti
3453 3690 3742 3748 Marcialis

2076 3778 2413 3835 alternatim
2441 3782 2648 3850 tropos
2672 3793 2742 3834 ac
2767 3778 2979 3834 laudes
3009 3779 3352 3836 cecinerunt
3386 3781 3494 3848 t2';
3522 3785 3581 3837 et
3599 3782 3740 3854 post

2075 3867 2323 3924 missam
2350 3866 2672 3940 episcopus
2696 3883 2836 3924 cum
2868 3867 3060 3940 capite
3089 3868 3279 3926 sancti
3307 3869 3602 3926 Johannis
3633 3869 3738 3925 be-

2072 3957 2299 4016 nedixit
2327 3956 2623 4029 populum
2651 3975 2665 4026 ;
2694 3961 2751 4013 et
2779 3956 2862 4013 sic
2887 3957 2963 4014 de
2993 3957 3296 4016 miraculis
3350 3959 3540 4017 sancti
3587 3961 3737 4016 Mar-

2075 4047 2264 4113 cialis,
2287 4063 2424 4119 qua:
2451 4063 2560 4118 per
2588 4045 2753 4103 viam
2791 4047 3186 4118 contigerant,
3236 4049 3413 4106 valde
3442 4050 3735 4120 lietantes,

304 4161 362 4216 l"
387 4159 470 4242 ita
497 4159 769 4245 fabulam
801 4159 1007 4243 Tiestis
1031 4177 1238 4218 veram
1272 4162 1612 4245 adimplens
1638 4163 1779 4218 add.
1812 4167 1866 4245 2.
1927 4165 1991 4245 _2'.
2013 4166 2181 4245 Petro
2212 4161 2502 4245 episcopo
2528 4161 2934 4245 Tplose.(15‘{i)‘
2957 4165 3014 4218 et
3033 4163 3174 4245 add.
3193 4167 3270 4245 .2:
3332 4169 3389 4220 3‘
3412 4163 3740 4245 Tercioque

367 4232 528 4314 acies
557 4232 935 4318 adversaries
955 4233 1372 4318 irrumpensg.
1420 4232 1474 4290 t"
1507 4235 1571 4318 ln
1593 4235 1706 4318 hac
1740 4235 1902 4318 enim
1922 4233 2134 4292 frivola
2159 4232 2685 4318 referturjpag‘ina,
2736 4233 2796 4289 in
2818 4233 3035 4318 diebus
3082 4235 3277 4318 Pipini
3305 4236 3464 4318 regis
3490 4232 3737 4318 Aquita-

369 4304 486 4385 nize
515 4304 848 4377 quemdam
880 4304 1131 4386 Felicem
1147 4304 1445 4386 detulisse
1471 4305 1550 4362 ab
1575 4305 1938 4386 Alexandria
1961 4321 2087 4386 per.
2118 4321 2285 4362 mare
2315 4305 2375 4360 in
2398 4304 2790 4386 Aquitaniam
2820 4309 3003 4387 caput
3034 4304 3223 4362 sancti
3252 4304 3544 4389 Johannis
3560 4304 3736 4388 :Bap-

369 4379 536 4432 lisias.
553 4378 622 4432 Et
640 4380 782 4433 tunc
814 4381 1098 4434 temporis
1114 4377 1470 4434 Alexandrie
1499 4378 1811 4434 praefuisse
1826 4377 2222 4434 Theonhilum
2246 4377 2795 4434 archxemsconum.
2829 4393 3002 4434 culus
3024 4379 3212 4434 Lucas
3241 4378 3303 4434 in
3325 4395 3620 4434 nrmcinio
3641 4393 3743 4434 ac-

521 4419 536 4432 .
553 4393 622 4432 at
640 4393 782 4433 tunc
814 4393 1098 4452 temporis
1114 4393 1470 4434 Alexandria
1499 4393 2222 4453 praemisse'l'neopnuum
2246 4393 2795 4450 archiepiscopum,
2829 4393 3002 4448 cujus
3024 4393 3212 4435 Lucas
3241 4395 3303 4435 1n
3367 4395 3620 4453 rmcipio
3641 4393 3714 4434 ac

521 4465 539 4504 1
591 4447 1007 4505 apostolorum
1054 4449 1328 4505 meminit
1359 4448 1566 4505 dicens
1615 4464 1629 4502 :
1689 4450 1963 4505 Primum
2003 4450 2242 4505 quidem
2282 4463 2610 4505 sermonem
2643 4450 2764 4505 feci
2789 4449 2862 4504 de
2890 4449 3187 4505 omnibus.
3215 4467 3247 4505 ο
3287 4396 3654 4505 Ιῌιρουὴίιεε
3680 4465 3711 4504 e

367 4450 539 4504 tuum
591 4447 1328 4522 apostolorum‘meminit
1359 4447 1566 4522 dicens
1615 4464 1629 4502 :

1689 4450 1963 4521 Primum
1987 4449 2242 4521 fquidem
2282 4463 2610 4506 sermonem
2627 4449 2764 4521 feci
2789 4449 2862 4521 de
2890 4449 3187 4521 omnibus,
3215 4467 3247 4507 ο

3335 4451 3654 4523 7ιεορ1ἱίὶε;
3680 4453 3737 4506 et

365 4519 1519 4602 perac-tumesseprasliumin_Alniensi
1545 4535 1708 4602 pago
1747 4519 1915 4602 inter
1943 4519 2233 4602 Pipinum‘
2268 4535 2477 4589 regem
2523 4525 2580 4576 et
2632 4519 2942 4602 Walados;
2994 4520 3326 4602 ipsumque
3348 4519 3530 4602 caput
3556 4519 3738 4602 super

357 4590 666 4664 quosdam
695 4590 1034 4664 interfectos
1061 4592 1341 4664 satellites
1372 4608 1514 4648 suos
1540 4590 1894 4664 impositum
1921 4609 1957 4648 a
1994 4590 2153 4662 rege,
2183 4596 2241 4648 et
2265 4607 2368 4648 eos
2414 4607 2558 4664 mox
2605 4591 2994 4664 resuscitatos
3017 4590 3167 4664 esse.
3202 4590 3342 4650 ddd.
3377 4590 3440 4650 2:
3482 4599 3539 4664 5'
3561 4590 3736 4664 Le—gi-

361 4662 514 4736 mus
532 4663 595 4736 in
620 4663 1060 4736 Aquitanorum
1080 4663 1337 4734 legimus
1361 4666 1456 4733 ωδ,
1481 4662 1678 4736 primo
1700 4662 2012 4720 inventum
2046 4665 2117 4700 ¹⁶⁹
2145 4667 2328 4736 caput
2358 4662 3264 4736 sanctiprecursorisaduobus
3287 4663 3604 4723 monachis
3629 4679 3740 4736 per

357 4733 785 4808 revelationém
813 4735 877 4808 in
905 4750 978 4792 eo
999 4751 1124 4808 quo
1148 4733 1398 4808 ventum
1429 4733 1523 4790 est
1546 4753 1560 4802 ;
1583 4733 1869 4808 deinceps
1900 4739 2105 4792 autem
2122 4751 2159 4793 a
2184 4733 2519 4808 Theodosio
2549 4733 2911 4808 imperatore
2929 4733 3199 4793 delatum
3229 4736 3292 4793 in
3317 4736 3620 4794 civitatem
3630 4733 3747 4792 're-

362 4805 525 4876 giam
556 4805 1163 4880 Constantinopolim,
1188 4806 1542 4880 ibidemque
1567 4805 1858 4864 venerari.
1887 4811 2092 4880 Itaque
2137 4812 2203 4880 ut
2242 4806 2320 4864 ad
2363 4805 2748 4880 propositum
2773 4805 3098 4880 redeamus
3118 4808 3259 4880 add.
3285 4811 3338 4862 2.
3387 4810 3445 4862 δ’
3476 4809 3738 4880 Franco-

360 4875 497 4951 rum
520 4877 866 4951 _Retbertus,
890 4875 1004 4951 rex
1033 4875 1293 4951 Navarre
1327 4875 1601 4948 San‘cius,
1630 4875 2325 4951 omnesque—dignitates
2354 4875 2565 4951 eorum
2596 4877 2938 4947 conﬂugere
2967 4882 3022 4933 2.
3046 4878 3106 4951 ξπ
3131 4877 3353 4951 gabata
3380 4881 3433 4931 2.
3469 4876 3527 4932 8‘
3549 4875 3738 4932 odos-

361 4948 565 5005 cericis
592 4954 652 5005 et
681 4965 829 5007 auro
870 4949 1041 5006 textis
1068 4950 1210 5006 add.
1244 4953 1298 5005 2.
1351 4951 1404 5006 9'

361 5020 554 5080 sancti
580 5019 876 5080 Johannis
896 5024 950 5078 2.
1008 5024 1101 5079 12‘
1129 5019 1343 5079 festive
1374 5019 1544 5080 more
1566 5021 1712 5079 add.
1738 5024 1793 5078 2.

1445 4964 1554 5022 per
1581 4948 1832 5022 Pictavis
1861 4948 2003 5008 add.
2037 4948 2092 5008 2.
2148 4954 2236 5009 10'
2270 4949 2434 5008 diem
2454 4949 2679 5008 festum
2700 4952 2946 5022 agentes
2977 4948 3120 5006 add.
3152 4952 3206 5004 2.
3262 4950 3348 5004 12.
3379 4951 3518 5006 ante
3551 4952 3738 5021 caput

1652 5147 1888 5202 unus
1929 5113 2362 5204 ‘LECTIONES.

360 5271 432 5308 ¹⁶²
485 5270 704 5328 frustra
749 5275 797 5328 1.
874 5270 946 5305 ¹⁶³
980 5269 1342 5327 techaxasea
1387 5273 1434 5326 l.
1500 5269 1571 5304 ιθι

283 5343 362 5380 ¹⁶²
392 5342 705 5418 populeris
751 5346 802 5398 1.
857 5342 930 5378 ³⁸⁸
981 5343 1070 5400 ita
1090 5358 1141 5400 c.
1164 5339 1435 5414 legendis
1450 5341 1542 5398 ed.
1592 5339 1667 5378 1"
1709 5346 1875 5398 metu
1903 5358 1954 5398 c.

1666 5269 1951 5328 iramedis
2021 5286 2179 5330 corr.
2248 5266 2561 5344 piramidis
2619 5272 2668 5323 t.
2727 5267 2799 5302 ¹⁶⁸
2851 5269 3023 5346 pater
3072 5271 3124 5328 1.
3177 5267 3250 5302 ¹⁶⁶
3311 5268 3621 5329 Pertractis
3680 5272 3734 5330 l.

1895 5470 1939 5524 Ν
1946 5467 2121 5528 ΟΤΔΞ.

360 5593 509 5665 (152)
535 5596 710 5650 Anno
753 5595 891 5650 1010
943 5591 1126 5663 vulgo
1181 5591 1476 5663 statuitur,
1512 5592 1680 5665 quod
1725 5591 1953 5648 falsum

287 5669 514 5805 Ριῗὲθ)
539 5733 623 5791 Cf.
655 5736 801 5794 Acta
823 5735 922 5791 SS.
962 5735 1098 5790 Jun.
1128 5733 1217 5802 ιν,
1241 5749 1310 5806 p.
1341 5738 1446 5791 754
1492 5751 1651 5808 sqq,
1693 5735 1798 5798 ubi
1828 5733 1952 5792 his-

2067 5591 2218 5648 toria
2244 5587 2524 5646 fabulasa
2545 5603 2607 5661 p.
2641 5592 2744 5645 756
2764 5586 2931 5646 edita
2959 5591 3071 5645 est.

2136 5664 2285 5734 (154)
2337 5661 2448 5729 Qui
2503 5658 2582 5720 an
2626 5661 2741 5718 hoc
2788 5676 2951 5719 anno
3007 5658 3328 5734 praefuerit,
3379 5676 3506 5719 non
3561 5676 3736 5720 cons-

2065 5737 2168 5792 tat.
