3966 6408
133 287 224 338 89
1218 284 1688 340 HISTORIARUM
1729 281 1908 338 LIBRI
1945 281 2140 338 TRES.
2173 312 2241 321 -—
2276 283 2400 337 LIB.
2436 285 2524 337 IIl.
3529 290 3601 343 7O

144 408 371 478 quinto
401 406 498 460 die
530 409 668 462 ante
716 405 1092 462 festivitatem
1140 407 1422 464 Omnium
1473 412 1827 466 Sanctorum
1868 414 1914 466 A
2016 411 2102 461 57.
2137 409 2276 462 Post
2306 410 2560 462 mortem
2589 405 2850 478 denique
2881 405 3209 476 supradicti
3225 407 3490 482 episcopi
3517 409 3607 466 Gi-

146 495 381 550 rcversi
415 499 572 550 sunt.
607 527 674 534 ———
709 497 789 550 Ea
819 500 1166 567 tempestate
1198 501 1441 552 sanctus
1488 496 1835 563 Leonardus

150 584 474 640 confessor
504 583 564 638 in
626 584 1026 644 Lemovicino.
1085 589 1141 640 et
1196 591 1439 642 sanctus
1494 586 1829 642 Antoninus

151 680 394 747 martyr
447 675 507 729 in
557 674 892 730 Cadurcino
953 675 1256 731 miraculis
1307 677 1725 746 coruscabant,
1777 681 1832 732 et

153 765 432 835 undique
459 763 669 836 populi
699 780 770 818 eo
803 764 1206 820 conﬂuebant.
1260 767 1323 821 Et
1367 765 1662 834 gloriosus
1707 764 1831 820 dux

157 855 546 922 recognitans
577 853 675 908 Dei
706 853 1020 921 honorem,
1065 855 1252 910 accito
1285 855 1534 912 Odilone
1579 855 1834 911 sanctis-

159 944 320 999 simo
380 943 756 998 Cluniacensi
793 945 864 977 "0
896 943 1134 1013 abbate,
1193 947 1251 999 in
1315 945 1503 1001 sancti
1553 943 1839 1001 Johannis

160 1031 533 1088 monasterio
559 1031 897 1101 regularem
921 1033 1233 1088 renovavit
1251 1033 1707 1103 districtionem,
1735 1031 1839 1088 ubi

158 1119 334 1177 Odilo
401 1120 687 1176 abbatem
747 1119 1113 1176 Rainaldum
1189 1121 1504 1195 disposuit,
1558 1121 1840 1178 defuncto

167 1213 222 1266 t'
251 1210 509 1266 Aldumo
539 1209 778 1266 abbate.
834 1213 900 1266 Et
951 1210 1242 1267 Rainaldo
1385 1212 1659 1285 spiritum
1704 1211 1837 1266 red-

160 1299 364 1367 dente,
393 1298 742 1354 Aimiricum
795 1315 904 1371 pro
954 1315 1025 1354 eo
1073 1300 1337 1355 domnus
1389 1301 1559 1356 Odilo
1607 1305 1840 1374 patrem

163 1387 495 1460 prmposuit
547 1389 732 1454 (circa
787 1403 887 1442 an.
946 1391 1121 1457 1020).
1181 1393 1325 1444 ltem
1372 1389 1520 1444 dum
1576 1387 1839 1460 reliquiae

161 1476 354 1532 sancti
390 1476 658 1548 Eparchii
692 1476 1085 1547 procederent
1113 1477 1190 1533 ad
1247 1481 1525 1532 sanctum
1578 1491 1839 1549 praecur-

163 1582 390 1628 sorem,
422 1565 656 1620 delatus
689 1569 778 1619 est
823 1565 1043 1636 pariter
1078 1565 1334 1621 baculus
1382 1566 1652 1637 ejusdem
1705 1580 1842 1621 con-

159 1653 432 1710 fessoris.
471 1655 566 1708 Est
590 1653 716 1724 ipse
746 1652 1000 1707 baculus
1028 1655 1346 1725 pastoralis
1392 1655 1452 1710 in
1497 1654 1840 1709 summitate

159 1748 472 1808 curvatus,
505 1743 584 1798 ad
615 1743 790 1813 cujus
841 1743 1292 1800 similitudinem
1333 1761 1513 1816 super
1560 1743 1841 1816 reliquias

160 1833 444 1904 eiusdem
492 1833 681 1888 sancti
711 1832 829 1887 oris
861 1833 1168 1888 nocturnis
1209 1850 1399 1906 usque
1451 1833 1572 1889 sole
1615 1834 1840 1889 oriente

161 1921 545 1994 resplenduit
573 1920 634 1976 in
665 1920 816 1976 cmlo
842 1921 1053 1991 igneus
1084 1923 1138 1977 3'
1165 1922 1438 1989 baculus,
1468 1922 1672 1994 quoad
1703 1938 1844 1976 ven-

163 2018 296 2068 tum
329 2016 418 2066 cst
447 2010 526 2065 ad
553 2016 734 2083 caput
767 2011 958 2066 sancti
1005 2012 1318 2080 Johannis,
1369 2015 1425 2067 et
1469 2011 1771 2067 miraculis
1805 2027 1839 2066 a

166 2103 235 2137 ίῖι
278 2104 489 2156 sancto
514 2099 802 2172 Eparchio
851 2116 1030 2172 super
1059 2101 1330 2157 inﬁrmos
1380 2106 1621 2156 sanatos
1670 2116 1838 2172 pera-

162 2190 301 2259 ctis,
331 2205 472 2244 cum
512 2188 705 2244 leticia
747 2204 1089 2257 regressum
1143 2193 1246 2244 est.
1300 2189 1612 2245 Canonicis
1661 2189 1838 2244 etiam

159 2280 358 2336 sancti
388 2279 534 2334 Petri
567 2278 728 2334 sedis
762 2278 1182 2350 Egolismensis
1205 2279 1668 2351 procedentibus
1700 2295 1838 2334 cum

159 2369 456 2441 reliquiis,
490 2385 629 2423 cum
657 2367 1043 2423 subvectores
1069 2385 1298 2431 earum,
1322 2369 1510 2424 induti
1543 2368 1726 2423 sacris
1754 2373 1842 2423 tu-

161 2460 340 2530 nicis,
375 2474 484 2530 per
513 2457 884 2531 profundum
917 2457 1164 2513 tluvium
1211 2459 1689 2530 pertransissent,
1719 2473 1842 2513 non

163 2552 487 2606 senserunt
515 2563 761 2619 aquam,
805 2547 910 2601 sed
955 2547 1075 2602 acsi
1105 2549 1176 2582 ¹τ²
1210 2563 1315 2618 per
1362 2547 1595 2603 aridam
1635 2547 1845 2602 ambu-

161 2639 416 2706 lassent,
445 2635 680 2691 nullum
714 2637 955 2703 signum
987 2650 1161 2707 aqure
1194 2651 1376 2708 super
1404 2652 1506 2690 eos
1529 2651 1639 2690 nec
1666 2651 1845 2706 super

161 2727 526 2783 vestimenta
567 2723 664 2780 vel
722 2725 1113 2780 calciamenta
1165 2741 1373 2780 eorum
1429 2725 1712 2796 apparuit
1763 2725 1838 2778 ιϐ’.

165 2816 431 2886 Contigit
460 2814 738 2870 homines
765 2814 953 2870 sancti
978 2814 1265 2870 Johannis
1297 2820 1351 2869 et
1383 2814 1651 2869 Willelmi
1673 2813 1842 2868 ducis

162 2907 231 2962 in
267 2907 338 2940 “3
371 2903 700 2975 Angeriaco
733 2903 862 2959 vico
897 2903 1264 2969 tumultuari,
1296 2908 1350 2958 et
1378 2903 1725 2958 vulneratus
1757 2907 1846 2958 est

162 2995 537 3070 przepositus
567 2994 738 3050 ducis
771 2994 846 3049 ad
879 2999 1154 3060 mortem,
1184 2998 1240 3050 et
1269 2993 1408 3048 aula
1457 2995 1586 3063 ejus
1636 2993 1716 3047 ibi
1761 2992 1847 3047 di-

164 3090 330 3141 ruta.
363 3087 526 3139 Tunc
561 3099 597 3138 a
626 3083 984 3156 primatibus
1018 3082 1335 3147 malivolis,
1384 3087 1441 3137 et
1487 3080 1768 3153 precipue
1811 3096 1848 3135 a

169 3173 436 3230 Fulcone
466 3172 703 3240 comite,
733 3171 836 3244 qui
866 3177 1004 3226 tunc
1028 3171 1087 3225 in
1119 3169 1355 3225 servitio
1386 3169 1556 3224 ducis
1600 3169 1846 3225 Pictavis

165 3267 322 3330 erat,
368 3268 636 3334 tempore
684 3260 1164 3333 quadragesima
1209 3259 1577 3315 suadebatur
1620 3260 1671 3315 ei
1718 3260 1850 3315 des-

165 3360 375 3412 truere
406 3353 608 3409 locum
639 3352 828 3408 sancti
875 3351 1183 3418 Johannis,
1236 3355 1294 3406 et
1331 3351 1470 3406 inde
1521 3351 1853 3406 monachos

169 3446 415 3516 ejicere,
449 3442 777 3498 canonicos
895 3441 955 3496 in
989 3441 1304 3496 inmittere.
1340 3443 1405 3496 Et
1433 3441 1568 3496 licet
1597 3439 1853 3496 serenis-

170 3536 371 3592 simus
401 3534 680 3606 princeps
709 3533 907 3588 furore
943 3532 1108 3602 gravi
1153 3535 1494 3587 commotus
1544 3536 1698 3587 esset
1743 3546 1853 3603 pro

169 3623 403 3696 injuria
429 3639 558 3688 sua,
595 3627 796 3677 tamen
825 3637 1000 3676 suam
1035 3621 1182 3676 iram
1215 3625 1272 3676 et
1302 3621 1626 3693 impiorum
1659 3619 1855 3676 consi-

173 3710 258 3765 lia
289 3709 450 3778 vicit,
482 3715 540 3765 et
570 3710 754 3778 regali
781 3725 946 3765 more
979 3726 1118 3765 cum
1151 3709 1378 3765 ratione
1409 3707 1687 3780 prudenti
1711 3723 1853 3762 cau-

175 3816 318 3856 sam
346 3799 707 3872 paciﬁcavit.
745 3802 1111 3871 Semperque
1135 3799 1242 3854 fuit
1274 3814 1587 3854 servorum
1619 3797 1719 3852 Dei
1756 3797 1858 3852 de-

175 3891 407 3958 fensor,
427 3893 484 3944 et
514 3893 667 3945 Deus
696 3889 749 3946 ei
776 3889 838 3944 in
869 3888 1152 3945 omnibus
1183 3889 1423 3959 adjutor
1452 3890 1694 3944 6‘.Tunc
1710 3903 1857 3942 casu

180 3981 398 4036 civitas
431 3978 680 4035 Pictavis
711 3979 1025 4034 combusta
1059 3983 1168 4044 est,
1201 3983 1259 4033 et
1288 3977 1410 4032 dux
1433 3976 1639 4032 sedem
1670 3976 1857 4032 sancti

179 4069 338 4126 Petri
363 4074 714 4140 ceterasque
739 4068 1021 4124 ecclesias
1052 4083 1353 4140 suumque
1397 4066 1688 4140 palatium
1735 4083 1862 4123 ma-

180 4159 303 4230 jori
332 4158 554 4214 decore
585 4159 656 4191 ‘7‘
687 4157 1018 4230 ampliavit.

195 4340 244 4393 l'
299 4353 496 4408 nuper
547 4337 688 4391 add.
737 4341 789 4390 2.

1941 494 2090 551 raldi
2123 498 2246 567 (an.
2285 497 2443 567 1020)
2475 494 2864 551 decertabant
2891 493 3190 568 principes
3232 497 3608 555 Lemovicen-

1942 602 2036 640 ses
2066 601 2174 658 pro
2203 585 2578 658 episcopatu,
2613 600 2751 640 cum
2783 583 3123 640 Simoniaca
3151 583 3342 642 heresi
3373 589 3609 660 pontiﬁ-

1943 679 2142 729 catum
2164 673 2465 729 vindicare
2497 672 2714 730 conati.
2761 675 2923 728 Tunc
2960 672 3222 745 populus
3259 675 3426 731 urbis
3469 677 3609 735 leta-

1942 765 2073 819 nias
2095 779 2234 818 cum
2263 763 2578 818 monachis
2607 766 2665 818 et
2695 760 3000 818 canonicis
3028 765 3274 834 propter
3301 763 3416 819 hoc
3445 779 3611 836 pere—

1944 853 2044 923 git,
2097 857 2152 907 et
2195 852 2318 907 dux
2365 850 2867 924 prudentissimus
2923 867 3062 906 cum
3116 851 3454 909 consiliario
3498 871 3608 910 suo

1946 939 2235 996 Willelmo
2265 940 2480 997 comite
2511 938 2902 1010 Egoh’smensi
2919 939 3084 1011 apud
3105 941 3388 998 Sanctum
3409 943 3611 1000 Junia-

1946 1046 2094 1086 num
2115 1029 2402 1102 placitum
2427 1029 2638 1086 habuit
2661 1046 2734 1085 ex
2756 1029 2871 1085 hac
2891 1044 3078 1085 causa
3097 1031 3216 1100 (an.
3240 1035 3396 1099 1021,
3419 1034 3606 1098 Jan.).

1947 1119 2147 1176 Adfuit
2171 1119 2251 1175 ibi
2278 1120 2446 1175 Wido
2476 1119 2809 1176 vieecomes
2839 1123 2896 1176 et
2919 1134 3132 1175 omnes
3175 1119 3478 1194 principes
3506 1126 3610 1180 Le-

1948 1209 2407 1266 movicinorum.
2442 1209 2525 1265 lbi
2569 1209 2671 1265 Dei
2715 1214 2866 1265 nutu
2895 1209 3072 1279 elegit
3116 1210 3178 1266 in
3231 1212 3612 1286 episcopatus

1946 1301 2174 1357 honore
2249 1301 2580 1357 Jordanum
2647 1299 3017 1373 prepositum
3084 1301 3347 1358 ecclesiae
3423 1303 3613 1360 sancti

1948 1390 2259 1459 Leonardi,
2282 1406 2521 1460 magnae
2547 1389 2871 1446 nobilitatis
2890 1393 2948 1446 et
2971 1389 3370 1464 simplicitatis
3391 1391 3608 1449 virum.

1947 1481 2208 1549 Surgens
2237 1495 2415 1535 mane
2443 1479 2568 1535 dux
2613 1495 2650 1536 a
2698 1479 3062 1535 monasterio
3121 1480 3312 1537 sancti
3351 1481 3610 1553 Iuniani,

1947 1586 2086 1626 cum
2108 1569 2348 1626 duobus
2375 1569 2676 1642 episcopis
2706 1569 2893 1626 lslone
2923 1573 2979 1625 et
3006 1569 3314 1627 lsimberto
3343 1574 3401 1628 et
3420 1571 3616 1628 multi-

1947 1657 2152 1715 tudine
2196 1659 2558 1732 principum,
2583 1657 2822 1716 devenit
2852 1657 2930 1714 ad
2954 1659 3166 1714 urbem
3198 1659 3357 1716 circa
3397 1661 3613 1718 horam

1947 1753 2198 1805 sextam.
2234 1748 2337 1805 Cui
2365 1748 2611 1804 obviam
2641 1747 2934 1821 processit
2969 1749 3167 1804 omnis
3217 1749 3420 1806 civitas
3463 1767 3613 1822 gau-

1948 1838 2118 1906 dens,
2150 1843 2205 1894 et
2234 1854 2377 1893 mox
2407 1843 2690 1911 properat
2715 1838 2792 1894 ad
2817 1837 3130 1894 basilicam
3156 1839 3420 1910 regalem
3439 1842 3614 1912 (155),

1950 1932 2223 1999 receptus
2253 1944 2287 1984 a
2314 1927 2629 1983 monachis
2651 1928 2707 1982 7'
2723 1943 2864 1983 cum
2884 1931 3052 1983 textu
3072 1933 3416 1984 sanctorum
3436 1944 3617 1986 evan-

1954 2016 2247 2087 geliorum
2275 2021 2331 2073 et
2359 2017 2818 2073 timiamatherio
2843 2017 2915 2086 8",
2949 2017 3101 2073 sicut
3139 2033 3376 2091 semper
3424 2018 3502 2074 ab
3531 2018 3616 2074 eis

1948 2105 2070 2160 dux
2098 2105 2243 2162 solet
2273 2106 2485 2179 excipi.
2522 2105 2662 2162 Inde
2691 2105 2771 2162 ad
2809 2105 3112 2162 tumulum
3157 2107 3349 2162 sancti
3377 2107 3619 2164 Marcia-

1945 2196 2018 2266 1is
2048 2195 2296 2250 missam
2331 2195 2598 2263 audivit;
2633 2199 2690 2250 et
2727 2195 2899 2266 juxta
2939 2195 3373 2252 monasterium
3402 2211 3474 2252 eo
3519 2196 3616 2252 die

1948 2284 2224 2353 regaliter
2276 2285 2611 2357 hospitatus
2663 2288 2767 2340 est.
2819 2283 3085 2341 Crastino
3135 2283 3394 2341 barbam
3430 2289 3618 2342 electo

1950 2373 2222 2428 benedici
2249 2373 2422 2444 jubet
2451 2377 2507 2429 et
2531 2372 2798 2441 detondi,
2833 2377 2890 2428 et
2933 2373 3015 2430 sic
3049 2372 3130 2429 ad
3178 2373 3384 2430 sedem
3431 2374 3622 2430 sancti

1952 2461 2239 2516 Marcialis
2270 2461 2332 2516 in
2363 2461 2499 2517 aula
2533 2461 2722 2517 sancti
2751 2461 3036 2534 Stephani
3062 2461 3394 2519 Jordanum
3437 2463 3622 2520 dedu-

1952 2552 2054 2620 xit,
2087 2556 2141 2607 et
2167 2569 2305 2607 cum
2335 2552 2554 2608 baculo
2584 2551 2868 2624 pastorali
2897 2551 2980 2607 ibi
3009 2568 3149 2607 eum
3178 2553 3360 2623 gratis
3389 2553 3621 2610 honore

1952 2640 2278 2712 pontificali
2317 2641 2588 2709 vestivit;
2641 2646 2886 2713 eratque
2916 2640 3054 2696 ﬁnis
3080 2641 3346 2698 Januarii
3369 2643 3619 2715 mensis,

1953 2734 2008 2785 et
2049 2745 2324 2784 reversus
2353 2734 2440 2785 est
2485 2728 2752 2785 Pictavis.
2811 2727 3290 2798 Quadragesima
3337 2746 3623 2802 superve-

1952 2817 2149 2873 niente
2181 2818 2303 2873 dux
2349 2821 2601 2875 Romam
2647 2817 2876 2885 abiens,
2928 2816 3049 2873 ﬁlio
3100 2833 3232 2888 suo,
3281 2817 3622 2892 prudentis-

1955 2906 2107 2961 simo
2139 2906 2523 2975 adolescenti,
2549 2906 2836 2962 Willelmo
2856 2905 3172 2978 imperavit
3203 2907 3294 2980 ‘7‘,
3349 2911 3416 2963 ut
3432 2924 3628 2963 rever-

1956 3000 2083 3050 tens
2141 2994 2487 3051 ordinatum
2537 2995 2819 3066 reperiret
2875 2994 3250 3067 episcopum.
3312 2995 3486 3061 Quod
3527 2995 3624 3052 ille

1957 3083 2285 3156 adimplere
2315 3084 2562 3155 curavit,
2595 3089 2651 3140 et
2681 3083 2881 3140 media
2929 3083 3400 3156 quadragesima
3429 3085 3485 3140 9"
3511 3090 3626 3140 An-

1958 3172 2194 3242 gcriaco
2224 3178 2361 3229 ante
2393 3177 2573 3245 caput
2603 3172 2790 3229 sancti
2827 3171 3115 3228 Johannis
3169 3173 3258 3228 10·
3311 3189 3624 3230 consecra-

1956 3267 2051 3317 tus
2077 3265 2166 3317 est
2188 3262 2508 3334 episcopus
2535 3262 2614 3318 ab
2647 3262 2834 3318 lslone
2865 3261 3150 3336 episcopo
3185 3263 3274 3318 H‘
3302 3267 3358 3318 et
3425 3265 3626 3320 Roone

1894 3353 1932 3407 C
1961 3352 2108 3422 (156)
2143 3355 2323 3424 atque
2355 3352 2616 3408 Arnaldo
2645 3368 2881 3408 necnon
2930 3357 2987 3408 et
3037 3352 3348 3409 Isimberto
3397 3352 3626 3428 episco-

1961 3440 2077 3512 pis,
2106 3445 2163 3495 et
2189 3456 2224 3495 a
2255 3440 2600 3496 clarissimae
2629 3441 2847 3498 indolis
2881 3441 3169 3497 Willelmo
3199 3441 3418 3498 comite
3442 3447 3501 3498 et
3529 3447 3630 3499 Ar-

1962 3529 2146 3586 naldo
2175 3531 2640 3602 Petragoricensi
2674 3529 2960 3604 episcopo
3008 3531 3390 3588 Lemovicam
3437 3531 3629 3588 dedu-

1963 3623 2112 3688 ctus,
2135 3619 2522 3675 intronizatus
2548 3624 2640 3676 est
2667 3619 2728 3674 in
2761 3619 2899 3676 sede
2931 3619 3119 3675 sancti
3168 3619 3456 3676 Marcialis
3505 3621 3626 3690 (an.

1967 3709 2144 3778 l021).
2169 3709 2666 3782 Archiepiscopus
2692 3724 2835 3765 vero
2868 3708 3240 3764 Bituricensis
3270 3707 3626 3779 Gauzlenus,

1964 3796 2044 3852 ad
2073 3797 2246 3867 cujus
2278 3797 2565 3854 diocesim
2586 3813 2728 3854 vero
2752 3797 3064 3853 Lemovica
3079 3797 3332 3870 pertinet
3356 3798 3463 3866 12",
3487 3797 3632 3870 quia

1967 3885 2018 3940 si
2049 3901 2158 3940 sua
2188 3885 2536 3942 auctoritate
2567 3890 2949 3942 consecratus
2975 3891 3066 3942 est
3083 3885 3404 3960 episcopus
3438 3887 3529 3942 13'
3547 3889 3634 3942 to-

1964 3979 2094 4031 tum
2119 3975 2568 4032 Lemovicinum
2594 3975 3162 4045 excommunicavit,
3191 3980 3405 4048 praeter
3430 3975 3634 4032 locum

1970 4066 2158 4122 sancti
2188 4065 2475 4122 Marcialis
2525 4071 2583 4123 et
2629 4083 2764 4140 quae
2808 4066 3067 4140 proprias
3097 4066 3176 4122 ad
3207 4083 3348 4123 eum
3375 4068 3634 4140 pertine-

1968 4155 2134 4223 bant,
2157 4155 2479 4230 ipsumque
2496 4155 2804 4229 prohibuit
2829 4155 2908 4212 ab
2923 4155 3121 4213 oﬁcio
3149 4173 3261 4213 suo
3282 4156 3636 4230 episcopum

977 4339 1114 4407 post
1162 4334 1390 4406 aliquot
1420 4350 1613 4390 annos
1639 4335 1780 4390 add.
1815 4339 1846 4390 2
1948 4335 2005 4390 3'
2048 4334 2227 4404 ignea
2251 4335 2440 4406 virga,
2475 4339 2725 4390 curvata
2751 4333 3188 4391 nihilhominus
3240 4333 3301 4407 in
3344 4333 3550 4407 fatigio
3580 4339 3632 4388 2.

261 4410 319 4464 4‘
352 4405 408 4466 2:
489 4409 599 4464 hoc
629 4410 754 4463 loco
785 4407 926 4463 add.
965 4405 1229 4462 {interea
1256 4405 1439 4478 caput
1467 4439 1539 4478 —ﬂ
1565 4407 2006 4478 retineturqu
2036 4408 2206 4478 infra
2236 4422 2285 4463 c.
2309 4405 2390 4478 58,
2408 4407 2717 4478 leguntur.
2736 4407 2918 4478 Iuno
2945 4422 3082 4462 vero
3109 4406 3309 4478 pergit
3327 4421 3352 4460 :
3389 4405 3636 4478 Piramis

263 4485 472 4537 autem
499 4495 683 4534 saxea
715 4478 1109 4550 supervestita
1139 4482 1237 4550 est,
1257 4475 1575 4550 ex'tabulis
1597 4477 1810 4548 ligneis
1835 4475 2240 4550 deargentatis
2271 4475 2562 4548 undique,
2589 4493 2666 4532 ex
2696 4475 2996 4532 oblatione
3027 4475 3255 4550 copiosi
3281 4475 3511 4544 argenti
3537 4477 3634 4544 '75,

263 4550 438 4623 quod
465 4567 568 4605 rex
601 4547 889 4623 Navafrai
910 4549 1158 4607 Saucius
1185 4549 1396 4604 obtulit
1424 4548 1603 4623 beato
1633 4547 2008 4623 praecursori.

266 4618 536 4690 contigit.
652 4621 1093 4677 monachorum
1124 4623 1401 4675 senatum
1429 4618 1654 4690 ejicere
1673 4624 1730 4674 et
1760 4618 2178 4674 canoricorum
2227 4620 2518 4674 feritatem
2559 4618 2783 4672 ibidem
2818 4618 3134 4690 immittere
3165 4621 3218 4672 2.

2044 4548 2328 4629 Quodam.
2349 4547 2493 4603 vero
2522 4552 2792 4672 tempore
2820 4547 3147 4628 postquam
3179 4547 3306 4602 haec
3336 4550 3470 4602 acta
3496 4551 3638 4600 sunt

2044 4635 2178 4672 rum
2227 4620 2518 4672 feritatem
2559 4619 2641 4672 lbl
2688 4633 2783 4672 em
2818 4622 3134 4672 immittere
3165 4621 3218 4672 2.
3317 4618 3376 4672 δ’
3422 4622 3476 4671 2.
3527 4617 3638 4672 hoc

3465 4659 3476 4671 .
3527 4633 3639 4672 ηοο

269 4696 399 4774 loco
422 4687 606 4774 add;
640 4693 736 4773 llis
767 4692 1140 4774 temporibus
1160 4697 1432 4774 cometes
1461 4687 1869 4774 '—‘d‘evoravit
1897 4705 2029 4762 quae
2059 4692 2226 4774 infra
2255 4706 2303 4745 c.
2337 4693 2424 4774 5‘8.
2457 4690 2907 4774 ocgurrunt.'7:
2928 4687 3381 4774 vestibus‘a‘lbi‘s
3409 4693 3469 4744 et
3494 4703 3636 4774 cap-

267 4765 363 4837 pis
390 4763 684 4837 olociricis
717 4763 947 4820 amictis
979 4764 1119 4837 add.
1157 4768 1209 4818 2.

261 4836 737 4908 quadragesime
764 4841 815 4890 2.

267 4906 526 4980 piscopo
559 4906 982 4980 Burdega‘lensi
1011 4910 1063 4980 2_.

263 4979 327 5033 et
352 4979 499 5034 add.
535 4983 587 5034 ‘2.

270 5053 649 5155 pentecostes
675 5066 816 5105 cum
848 5049 1223 5118 sufragancis
1257 5046 1554 5120 episcopis
1583 5047 1724 5103 add.
1770 5051 1824 5101 2.

300 5122 344 5154 77
384 5136 412 5155 ει
444 5119 616 5155 nnan
678 5120 720 5155 αἱ
755 5120 926 5155 uallat
981 5135 1182 5155 nnngm
1215 5134 1372 5155 nano
1407 5122 1675 5155 annnn
1706 5119 1776 5153 ΠΒ

1309 4765 1365 4817 8'
1395 4761 1776 4834 candelabris
1801 4760 2045 4834 quoque
2076 4767 2132 4817 et
2161 4777 2322 4833 aqua
2351 4760 2674 4834 benedicta
2703 4760 2931 4834 adds2.

920 4837 1009 4890 10*
1036 4835 1328 4891 diaconus
1356 4838 1412 4888 et
1440 4833 1756 4905 presbyter
1784 4830 2094 4905 ordia—atus
2127 4830 2240 4901 est,
2265 4832 2611 4905 etgcrastina
2639 4830 2945 4886 dominica
2971 4831 3116 4886 add.
3141 4835 3194 4886 2.

3045 4761 3102 4814 9'
3145 4759 3400 4815 sabbato
3439 4759 3638 4814 edie

3300 4835 3318 4884 1
3335 4831 3386 4885 t"
3415 4830 3642 4886 archie-

1167 4906 1254 4985 l2'_
1285 4903 1774 4985 quia’pe‘cuniam
1810 4904 2154 4985 requirebat
2190 4920 2302 4985 pro
2327 4903 2708 4985 impositione
2755 4917 3074 4985 manuum,
3124 4905 3509 4985 contemptis
3551 4905 3642 4985 est

692 4971 785 5033 13⁸
810 4978 965 5034 facta
998 4976 1212 5032 sinodo
1237 4971 1574 5048 ixi-Francia
1603 4991 1810 5048 coram
1838 4971 1977 5045 re'ge
2004 4971 2305 5044 Rotbei'to,
2329 4971 2442 5048 ubi
2471 4979 2708 5048 septem
2728 4971 3166 5047 archiepiscopi
3195 4971 3514 5030 adfuerunt
3543 4971 3641 5029 die

1931 5048 2192 5128 14³9οω
2217 5046 2824 5128 radentem—reddere.
2861 5049 3065 5118 posset
3103 5046 3162 5102 et
3201 5061 3338 5127 sese
3379 5059 3640 5118 purgare

307 5122 344 5202 ff
381 5136 418 5176 a
444 5119 643 5202 culpa,
677 5120 726 5202 si
755 5120 948 5190 vellet,
981 5116 1188 5202 coram
1215 5116 1380 5193 papa
1407 5116 1675 5177 Romano
1706 5119 1800 5188 ηε,
1834 5117 2057 5176 scilicet
2084 5118 2534 5192 comtempsisse
2564 5116 3088 5192 archiepiscopum
3117 5116 3431 5191 premium
3452 5131 3646 5175 causa

281 5191 646 5260 Simoniaca,
684 5195 884 5248 tamen
916 5191 1058 5249 add.
1091 5194 1144 5246 2.

1585 5288 1816 5343 VARUE
1853 5287 2259 5346 LECTIONES.

276 5409 352 5442 ¹⁷⁰
382 5404 780 5464 cluniacensis
815 5409 864 5459 1.
892 5405 959 5439 ¹⁷¹

208 5481 279 5514 ¹⁷⁶
300 5493 445 5549 arge
477 5495 528 5535 ε.

638 5478 710 5512 ¹⁷⁷
742 5491 906 5533 sesse
929 5489 1201 5548 pugnare
1233 5491 1283 5531 ι’.
1437 5476 1506 5510 ¹⁷⁸
1537 5489 1792 5532 romana
1821 5489 1870 5530 c.

1076 5402 1155 5459 ad
1191 5409 1210 5458 1
1249 5404 1320 5438 172
1544 5408 1595 5458 ,1.
1635 5403 1705 5437 178

1989 5407 2247 5462 mortem
2272 5403 2392 5461 des.
2416 5405 2470 5458 2.
2503 5399 2718 5459 decore
2751 5400 2824 5436 ιη
2923 5405 3063 5459 mi.
3098 5401 3170 5438 ¹²⁶
3249 5399 3543 5476 imperavi
3591 5403 3640 5456 1.

1813 5573 2035 5628 ΝΟΤΕ.

279 5678 429 5747 (155)
484 5673 576 5731 Sic
623 5671 814 5730 sancti
858 5670 1135 5747 Martialis
1177 5671 1514 5747 ecclesiam
1561 5670 1865 5747 appellat;

206 5743 471 5804 efjAn'n.
498 5747 662 5802 Lem.
696 5760 752 5802 a.
790 5747 948 5814 1017,
983 5746 1135 5802 Mon.
1169 5743 1267 5800 SS.
1303 5745 1369 5811 Π,
1395 5758 1455 5817 p.
1488 5743 1614 5798 252;

2052 5671 2196 5742 (156)
2232 5668 2680 5742 Engolismensi.
