3966 6394
363 242 423 293 71
1524 227 1837 284 ADEMARI
1879 224 1934 280 S.
1979 225 2259 281 CIBARDI
2298 227 2632 285 MONACHI.
3731 238 3796 288 72

365 360 473 427 Qui
509 359 597 414 14¹
648 352 1043 420 satisfaciens,
1076 351 1257 408 nudis
1291 351 1568 425 pedibus,
1603 368 1743 407 cum
1788 353 2031 406 centum
2062 355 2108 405 Α
2145 348 2452 406 diversas.

2537 351 2870 409 Occidentis
2947 357 3149 427 partes
3209 353 3403 410 nuntii
3481 354 3799 413 antichristi

364 447 590 506 clericis
639 450 695 502 et
736 442 1071 510 monachis,
1126 441 1408 498 omnibus
1464 440 1735 497 similiter
1777 437 2033 512 pedibus
2142 440 2352 504 exorti,
2405 456 2512 513 per
2564 441 2813 498 latibula
2852 459 2981 499 sese
3024 442 3326 499 occultare
3381 443 3692 513 curabant,
3743 450 3797 501 et

364 537 562 603 nudis,
619 533 936 591 Bituricam
990 531 1195 587 sedem
1250 530 1417 597 adiit,
1474 528 1581 585 ubi
1635 526 2032 601 archiepisco-

361 644 478 702 pus
512 641 653 682 cum
684 623 841 680 clero
889 622 976 677 eis
1009 620 1297 694 processit
1322 619 1586 689 obviam,
1635 622 1693 674 et
1736 633 1877 673 cum
1926 618 2031 672 ho-

363 732 509 774 nore
538 731 641 771 eos
688 712 1014 779 deducens,
1065 709 1233 783 quod
1267 709 1556 781 ligaverat
1603 706 1862 765 absolvit
1904 707 2027 779 (an.

368 811 548 863 1022).

436 807 784 951 ἐέ1ηῑθηα
818 891 867 945 t'
924 892 1107 961 caput
1148 887 1339 945 sancti
1379 885 1667 943 Johannis
1704 888 2029 957 postquam

365 983 509 1040 satis
532 986 845 1038 ostensum
866 982 959 1034 est
1009 976 1265 1050 populis,
1316 980 1685 1032 reservatum
1724 977 1813 1030 est
1850 974 2029 1045 jussu

366 1070 632 1128 Willelmi
662 1068 852 1135 ducis,
873 1071 930 1123 et
950 1064 1325 1121 reconditum
1356 1064 1417 1120 in
1434 1062 1729 1136 piramide
1755 1061 2024 1135 pristina,

2141 545 2583 603 quouscunque
2612 547 2692 603 po
2704 535 2897 588 terant
2925 532 3084 589 viros
3104 537 3163 589 et
3191 532 3472 589 mulieres
3505 534 3797 591 subverte-

2140 615 2306 673 bant.
2343 617 2596 683 Quidam
2628 619 2808 675 etiam
2836 620 3167 677 Aurelianis
3199 621 3255 676 7‘
3286 621 3613 678 canonicus
3667 639 3794 679 cau-

2139 709 2250 773 tor,
2304 707 2547 764 nomine
2594 707 2993 779 Theobaldus,
3050 709 3155 782 qui
3208 715 3483 766 mortuus
3514 715 3795 768 eratante

2139 793 2461 850 triennium
2490 794 2551 850 in
2573 795 2673 851 illa
2711 795 2944 865 haeresi,
3004 802 3070 853 ut
3119 797 3519 870 perhibebant
3567 798 3795 872 probati

2136 882 2247 938 viri
2283 885 2374 952 17°,
2397 884 2710 954 religiosus
2750 885 2914 942 visus
2970 886 3162 942 fuerat
3190 887 3267 943 8".
3325 888 3506 958 Cujus
3562 904 3792 962 corpus,

2137 977 2461 1045 postquam
2492 974 2817 1046 probatum
2842 980 2948 1042 est,
2982 977 3237 1047 ejectum
3266 981 3355 1033 est
3382 977 3456 1033 de
3478 977 3795 1046 cinsiterio,

2130 1061 2379 1132 jubente
2408 1063 2693 1137 episcopo
2725 1064 3021 1132 Odolrico,
3056 1070 3113 1121 et
3151 1066 3487 1139 projectum
3544 1066 3791 1123 invium.

362 1163 467 1219 ubi
492 1159 734 1217 interius
764 1154 1228 1214 timiamatherio
1275 1158 1559 1224 argenteo
1589 1151 1758 1225 quod
1808 1150 2030 1223 pendet
2137 1150 2247 1216 Qui
2277 1155 2477 1207 autem
2507 1152 2775 1209 ﬂammis
2798 1153 3047 1224 judicati
3079 1158 3219 1211 sunt
3249 1154 3573 1228 supradicti
3591 1156 3794 1212 decem

362 1249 670 1316 catenulis,
703 1247 1007 1303 inclusum
1035 1244 1338 1301 retinetur.
1372 1243 1470 1299 His
1514 1240 1887 1313 temporibus
1925 1255 2025 1296 co-

360 1345 547 1397 metes
573 1337 736 1394 velut
763 1335 925 1392 ensis
972 1333 1145 1389 latior
1171 1337 1229 1388 et
1250 1331 1487 1401 longior
1532 1333 1741 1387 contra
1788 1333 2024 1401 septen—

359 1431 611 1487 trionem
643 1425 923 1501 apparuit
947 1423 1224 1498 pluribus
1252 1420 1471 1477 aestivis
1501 1419 1804 1483 noctibus,
1834 1424 1891 1476 ct
1918 1436 2026 1493 per

359 1519 607 1575 Galliam
636 1521 694 1573 et
762 1513 990 1571 Italiam
1028 1511 1281 1581 vestigio
1333 1508 1618 1580 civitates,
1679 1507 1921 1565 castella
1970 1512 2026 1564 et

360 1606 721 1664 monasteria
747 1604 885 1675 igne
924 1605 1192 1658 cremata
1242 1603 1382 1655 sunt
1421 1598 1639 1672 plura;
1689 1597 1840 1653 inter
1886 1613 2022 1670 quae

2133 1257 2275 1297 cum
2303 1242 2493 1299 Lisoio
2516 1244 2686 1314 (158),
2713 1260 2898 1317 quem
2922 1262 3027 1301 rex
3057 1245 3231 1302 valde
3257 1246 3545 1303 dilexerat
3559 1252 3795 1320 propter

2135 1332 2535 1402 sanctitatem,
2564 1350 2751 1406 quam
2800 1351 2939 1390 eum
2968 1335 3194 1391 habere
3245 1336 3546 1404 credebat,
3606 1337 3791 1393 securi

2132 1420 2281 1476 nihil
2308 1422 2510 1492 ignem
2535 1422 2848 1491 timebant,
2878 1429 2935 1479 et
2958 1440 2994 1480 a
3022 1424 3287 1481 ﬂammis
3318 1441 3380 1481 se
3396 1424 3617 1482 inlesos
3640 1426 3789 1483 exire

2130 1509 2580 1582 promittebant,
2642 1515 2699 1567 et
2749 1511 3010 1569 ridentes
3058 1512 3119 1568 in
3167 1513 3369 1569 medio
3426 1513 3580 1583 ignis
3632 1514 3791 1585 ligati

2132 1602 2289 1654 sunt.
2345 1604 2402 1656 et
2456 1599 2583 1655 sine
2628 1617 2801 1656 mora
2847 1601 3087 1674 penitus
3142 1602 3205 1659 in
3254 1602 3516 1659 cinerem
3572 1603 3789 1660 redacti

357 1698 667 1757 Carrofum
695 1710 835 1751 casu
867 1692 1118 1748 ﬂamma
1146 1689 1514 1746 conbustum
1543 1692 1635 1743 est
1680 1703 1820 1743 cum
1860 1686 2021 1743 basi-
2052 1706 2093 1760 Β
2132 1693 2290 1759 sunt,
2350 1693 2413 1744 ut
2460 1706 2570 1745 nec
2619 1689 2694 1745 de
2745 1691 2985 1747 ossibus
3039 1690 3353 1748 residuum
3432 1692 3791 1750 inveniretur

354 1787 468 1844 lica
499 1782 840 1844 Salvatoris.
876 1779 1201 1837 Ecclesiam
1221 1794 1466 1851 quoque
1492 1780 1677 1833 sanun
1701 1775 1900 1833 Crucis
1931 1793 2017 1832 se-

354 1877 449 1933 dis
505 1871 838 1932 Aurelianis
896 1875 954 1927 et
1007 1867 1439 1925 monesterium
1492 1865 1681 1922 sancti
1720 1865 2016 1922 Benedicti

356 1965 688 2023 Floriacum
719 1967 775 2018 et
823 1959 940 2015 alia
981 1957 1171 2015 multa
1217 1956 1468 2012 ﬂamma
1509 1954 1836 2011 devoravit.
1888 1957 2015 2010 Dux

353 2068 595 2127 quoque
626 2048 969 2114 Willelmus,
1002 2060 1244 2118 semper
1274 2044 1543 2113 cogitans
1592 2043 1694 2099 Dei
1739 2042 2013 2098 volunta-

354 2148 495 2201 tem.
527 2138 864 2211 regularem
892 2134 1273 2208 disciplinam
1310 2132 1667 2189 restauravit
1693 2132 1753 2187 in
1798 2134 2015 2189 Sancto

353 2229 594 2288 Carrofo
623 2228 745 2300 (an.
780 2228 915 2281 1014
935 2226 1004 2295 ‘2),
1032 2223 1218 2294 ejecto
1245 2224 1410 2277 Petro
1441 2220 1679 2288 abbate,
1727 2218 2012 2293 potentis-

353 2319 508 2374 simo
560 2317 638 2388 2‘,
670 2314 775 2387 qui
812 2328 919 2386 per
964 2310 1367 2368 Simoniacam
1420 2308 1679 2365 heresim
1721 2307 2015 2380 praelatio-

351 2425 492 2466 nem
536 2405 875 2479 optinuerat
899 2406 956 2458 et
985 2399 1345 2457 saeculariter
1393 2402 1448 2455 3'
1485 2398 1689 2453 locum
1731 2396 2015 2453 adminis-

352 2498 566 2565 trabat,
618 2498 675 2550 et
733 2492 1062 2562 subrogato
1120 2487 1435 2545 Gunbaldo
1482 2486 1739 2558 regulari
1797 2491 1853 2542 ct
1911 2487 2011 2543 Dei

353 2601 550 2653 servo,
575 2581 792 2638 abbate
825 2579 1015 2635 sancti
1046 2576 1247 2636 Savini
1276 2577 1352 2632 4'.

420 2680 507 2730 59.
544 2676 623 2728 Eo
652 2676 922 2743 tempore
964 2669 1083 2741 (an.
1116 2668 1270 2739 1022)
1302 2670 1367 2722 10
1411 2683 1485 2722 ex
1528 2666 1832 2722 canonicis
1880 2683 2013 2722 san-

348 2770 457 2823 ctae
488 2763 691 2822 Crucis
722 2759 1071 2827 Aurelianis,
1104 2759 1209 2832 qui
1230 2757 1592 2814 videbantur
1618 2773 1750 2812 esse
1778 2757 2012 2828 religio-

347 2856 532 2911 siores
591 2852 741 2917 aliis,
801 2848 1040 2923 probati
1115 2852 1254 2903 sunt
1309 2864 1441 2903 esse
1499 2845 1787 2903 Manichei
1841 2847 2006 2918 (157).

348 2925 508 3011 Quos
532 2959 637 2999 rex
675 2943 1008 3006 Bottiertus,
1040 2954 1180 2994 cum
1224 2936 1451 2993 nollent
1579 2935 1657 2991 ad
1696 2934 1878 2991 fidem
1918 2952 2009 2992 re-

344 3033 512 3101 verti,
545 3032 741 3106 primo
766 3046 803 3118 a
834 3029 1028 3118 gradu
1057 3025 1371 3118 sacerdotii
1395 3024 1637 3098 deponi,
1683 3024 1899 3118 deinde
1930 3028 2008 3118 ab
2041 3063 2080 3118 Ο

346 3120 615 3178 aacclesia
642 3116 956 3187 eliminari,
988 3120 1045 3172 et
1072 3116 1320 3172 demum
1350 3114 1487 3185 igne
1517 3113 1768 3169 cremari
1803 3113 2005 3185 jussit.

345 3216 493 3268 Nam
514 3211 624 3283 ipsi
655 3206 888 3279 decepti
917 3222 954 3262 a
982 3208 1252 3279 quodam
1280 3203 1504 3260 rustico
1535 3206 1610 3273 6',
1662 3204 1768 3276 qui
1820 3219 1881 3259 se
1923 3202 2007 3259 di-

344 3301 517 3357 cebat
572 3298 765 3354 facere
822 3294 1088 3363 virtutes,
1157 3298 1214 3350 et
1269 3292 1579 3367 pulverem
1629 3309 1703 3348 ex
1756 3292 2007 3349 mortuis

342 3389 543 3465 pueris
573 3403 779 3444 secum
809 3385 1056 3454 ferebat,
1087 3383 1163 3439 de
1193 3399 1315 3456 quo
1344 3383 1393 3439 si
1417 3397 1600 3456 quem
1626 3387 1829 3455 posset
1848 3398 2009 3438 com-

342 3476 672 3543 municare,
721 3490 866 3531 mox
908 3472 1280 3531 Manicheum
1338 3470 1614 3539 faciebat,
1669 3469 2007 3526 adorabant

341 3566 673 3637 diabolum,
704 3563 809 3638 qui
836 3563 1033 3637 primo
1063 3562 1147 3618 eis
1196 3561 1260 3616 in
1302 3559 1586 3634 rEtyopis,
1634 3559 1850 3616 deinde
1895 3576 2003 3616 an-

340 3656 455 3727 geli
506 3655 656 3711 lucis
700 3653 1055 3724 figuratione
1104 3650 1455 3725 apparebat,
1504 3653 1561 3705 et
1611 3648 1697 3705 eis
1743 3649 2004 3705 multum

340 3746 552 3803 cotidie
584 3749 899 3815 argentum
928 3741 1250 3798 deferebat.
1288 3739 1471 3811 Cujus
1501 3739 1702 3795 verbis
1725 3739 2005 3795 obedien-

337 3842 444 3902 tes,
477 3835 714 3908 penitus
745 3833 1042 3891 Christum
1071 3830 1319 3886 latenter
1336 3833 1708 3902 respuerant,
1738 3832 1795 3884 et
1819 3828 2004 3884 abho-

338 3924 696 3981 minationes
739 3927 797 3978 et
825 3920 1097 3987 crimina,
1148 3935 1284 3993 quas
1314 3917 1431 3973 dici
1478 3916 1658 3974 etiam
1708 3916 2003 3988 ﬂagitium

337 4017 444 4085 est,
479 4012 544 4068 in
571 4011 804 4067 occulto
834 4008 1210 4075 exercebant,
1262 4010 1318 4062 et
1365 4006 1426 4062 in
1479 4010 1685 4078 aperto
1740 4005 2005 4063 christia-

336 4118 448 4158 nos
495 4117 668 4156 veros
719 4115 780 4155 se
820 4098 1124 4154 fallebant.
1178 4094 1572 4151 Nihilominus
1618 4093 1781 4167 apud
1831 4095 1999 4152 Tolo-

336 4206 473 4248 sam
501 4189 726 4246 inventi
750 4190 889 4243 sunt
916 4184 1221 4254 Manichei,
1250 4187 1307 4240 et
1334 4181 1449 4255 ipsi
1476 4182 1781 4252 destructi,
1810 4188 1864 4240 et
1895 4199 2001 4256 per

2126 1793 2335 1833 eorum
2361 1778 2437 1833 9'.

2197 1871 2284 1921 60.
2329 1868 2458 1932 Quo
2495 1871 2759 1940 tempore
2791 1874 2914 1937 (an.
2956 1870 3114 1939 1021)
3149 1868 3485 1924 Alimiricus
3515 1869 3789 1943 princeps

2124 1956 2554 2012 Ronconiensis
2581 1958 2652 1992 ¹⁸⁰
2675 1961 2883 2013 contra
2906 1956 3203 2013 seniorem
3235 1974 3413 2013 suum
3436 1958 3786 2015 Willelmum

2123 2045 2404 2101 comitem
2460 2045 2840 2116 Engolismae,
2903 2046 3051 2102 dum
3102 2046 3230 2120 ipse
3285 2047 3609 2103 Willelmus
3687 2052 3791 2105 Bo-

2118 2148 2239 2187 min
2296 2136 2467 2199 esset,
2504 2137 2782 2189 castrum
2837 2134 3254 2190 Fractabotum
3316 2134 3378 2190 in
3439 2136 3788 2192 Sanctonico

2122 2223 2378 2278 extruxit
2432 2238 2539 2295 per
2608 2222 2736 2278 dies
2789 2223 3255 2279 resurrectionis.
3316 2224 3668 2281 Promiserat
3737 2227 3789 2283 ei

2122 2311 2470 2367 ﬁdelitatem
2503 2328 2685 2385 super
2737 2311 3020 2385 reliquias
3050 2317 3397 2369 sanctorum
3436 2313 3788 2371 calciamen-

2124 2405 2321 2457 torum
2358 2403 2445 2458 lO'
2477 2402 2668 2458 sancti
2698 2401 2991 2475 Eparchii.
3026 2406 3092 2459 Et
3118 2402 3263 2476 quia
3287 2402 3564 2476 perjurus
3580 2409 3787 2461 contra

2119 2490 2319 2564 ipsum
2352 2491 2479 2561 fuit,
2510 2496 2648 2565 post
2677 2508 2904 2564 paucos
2933 2491 3061 2547 dies
3116 2508 3153 2548 a
3206 2491 3497 2563 Josfredo,
3537 2492 3660 2549 ﬁlio
3690 2510 3785 2550 co-

2120 2580 2279 2636 mitis
2297 2580 2644 2653 supradicti,
2669 2580 2951 2637 obviante
2972 2580 3128 2638 ferro
3153 2582 3491 2652 confossus,
3517 2582 3784 2639 animam

2121 2670 2246 2725 sine
2272 2686 2446 2726 mora
2486 2669 2739 2743 reliquit.
2803 2673 3015 2727 Comes
3068 2686 3210 2727 vero
3260 2670 3586 2727 Willelmus
3643 2689 3784 2728 cum

2118 2759 2375 2815 Alduino
2396 2760 2520 2815 filio
2546 2765 2810 2816 castrum
2840 2760 2947 2816 diu
2965 2760 3220 2829 obsedit,
3254 2765 3310 2817 et
3339 2761 3565 2818 fortiter
3592 2777 3784 2835 expu-

2120 2854 2370 2919 gnatum
2402 2849 2646 2922 capiens
2671 2849 2981 2919 destruxit,
2999 2855 3057 2906 et
3080 2854 3218 2922 post
3255 2849 3512 2907 multum
3543 2855 3784 2924 tempus

2118 2938 2333 2993 iterum
2359 2938 2742 3009 reediﬁcavit,
2772 2943 2829 2994 et
2856 2938 2979 2995 ﬁlio
3010 2954 3119 2995 suo
3151 2939 3425 2995 Josfredo
3477 2956 3786 2997 commen-

2118 3026 2303 3083 davit.
2356 3026 2704 3083 Guillclmus
2758 3043 2902 3083 vero
2949 3027 3285 3085 vicecomes
3344 3029 3784 3087 Martiliaccnsis

2121 3115 2264 3186 (159)
2300 3119 2355 3170 et
2374 3114 2554 3171 frater
2569 3116 2698 3187 ejus
2731 3115 3041 3173 Odolricus
3063 3116 3231 3188 gravi
3257 3116 3559 3174 discordia
3581 3117 3783 3173 decer-

2116 3204 2327 3259 tabant
2347 3220 2486 3259 cum
2524 3203 2782 3261 Alduino
2810 3206 2988 3261 fratre
3011 3222 3221 3262 eorum
3251 3210 3495 3279 propter
3515 3210 3785 3262 castrum

2116 3292 2427 3350 Roﬁacum
2451 3294 2642 3351 multo
2672 3298 2962 3368 tempore.
2997 3295 3163 3352 Unde
3222 3297 3448 3353 factum
3493 3302 3600 3368 est,
3634 3300 3699 3353 ut
3748 3312 3786 3352 a

2116 3381 2405 3438 Willelmo
2435 3381 2650 3438 comite
2679 3382 2830 3439 inter
2855 3399 2917 3439 se
2947 3382 3424 3456 paciﬁcarentur,
3487 3390 3544 3442 et
3567 3400 3811 3457 pacem,

2113 3471 2312 3544 ipsam
2342 3476 2709 3544 pactumque
2735 3472 3093 3528 conditionis
3123 3488 3305 3546 super
3329 3489 3549 3546 corpus
3590 3474 3785 3530 sancti

2115 3561 2391 3634 Eparchii
2418 3561 2615 3617 eidem
2640 3562 2929 3633 jurarent.
2961 3562 3132 3628 Quod
3159 3563 3313 3619 inter
3339 3579 3400 3619 se
3440 3564 3670 3619 mentiti
3724 3568 3785 3619 et

2112 3649 2377 3723 perjurio
2406 3649 2512 3718 rei,
2540 3649 2687 3706 alter
2716 3657 3032 3706 excecatus
3065 3655 3175 3719 est,
3222 3650 3321 3707 alii
3369 3650 3492 3707 duo
3549 3652 3783 3709 honore

2112 3738 2280 3796 omni
2308 3738 2522 3812 privati
2574 3744 2731 3796 sunt.
2791 3743 2940 3796 Nam
2983 3740 3307 3796 Willelmus
3354 3744 3412 3795 et
3465 3740 3781 3798 Odolricus

2111 3827 2253 3884 dolo
2285 3828 2364 3884 ad
2394 3845 2456 3884 se
2480 3833 2794 3885 evocatum
2823 3829 3149 3886 Alduinum
3188 3829 3386 3902 prima
3432 3829 3783 3887 ebdomada

2111 3919 2353 3991 paschae
2374 3918 2435 3974 in
2461 3918 2797 3987 traditione,
2827 3923 3154 3993 postquam
3177 3935 3317 3975 cum
3359 3919 3442 3976 eis
3501 3936 3782 3977 coenave-

2109 4011 2199 4063 rat
2226 4007 2368 4063 etin
2397 4024 2606 4063 eorum
2650 4007 2910 4080 hospitio
2966 4008 3312 4077 dormierat,
3366 4012 3701 4083 antequam
3742 4025 3783 4066 ει

2109 4095 2260 4153 lecto
2291 4101 2577 4168 surgeret,
2609 4097 2873 4170 capiunt,
2904 4103 2961 4154 et
2993 4097 3266 4168 linguam
3320 4098 3374 4155 ei
3431 4103 3779 4172 amputant,

2109 4190 2166 4241 et
2194 4186 2436 4243 occulos
2467 4187 2777 4255 effodiunt,
2809 4191 2867 4244 et
2890 4186 2971 4244 ita
3025 4188 3336 4245 Rotiacum
3390 4192 3773 4261 recuperant.

338 4371 392 4425 1·
428 4374 652 4425 Interea
679 4398 748 4442 7—-
771 4364 1092 4442 _dcvorav_it
1117 4364 1226 4442 hoc
1254 4364 1378 4442 loco
1402 4361 1615 4442 desunt
1641 4366 1719 4442 2;;
1752 4362 1833 4442 cf:
1867 4377 1916 4442 ς.
1943 4366 2123 4442 63-70,
2153 4380 2214 4419 η.
2244 4365 2321 4430 4⁶,
2350 4364 2425 4442 6:.
2458 4363 2514 4442 2'
2546 4363 2799 4442 seculari
2828 4365 2969 4442 add.
3006 4370 3059 4420 2.
3082 4366 3148 4442 δ’
3179 4364 3518 4442 et_insipide
3543 4364 3688 4442 add,
3713 4370 3776 4422 2.

401 4442 458 4496 4'
485 4445 645 4495 resta
674 4438 829 4514 fecit,
868 4453 989 4514 que.
1005 4435 1325 4508 placebant
1353 4433 1413 4489 in
1440 4432 1629 4514 oculis
1650 4432 1915 4514 'Domini.
1944 4433 2184 4514 Ejectus
2209 4451 2348 4491 vero
2380 4438 2603 4514 Petrus,
2623 4435 2718 4514 ad
2751 4436 3036 4514 Sanctum
3062 4436 3355 4514 Angelum
3382 4432 3777 4514 Lemovicino

401 4510 769 4567 monasterio
798 4502 1025 4565 mansit
1045 4522 1369 4613 percussus
1420 4502 1665 4577 paralisi
1711 4502 2064 4574 longissima
2124 4522 2315 4577 usque
2352 4506 2429 4561 ad
2480 4511 2756 4563 mortem.
2815 4508 2956 4563 add.
2984 4512 3037 4563 2.
3098 4502 3511 4564 5’“ᾶ11(>θῐθηιιε
3539 4509 3684 4564 add.
3714 4512 3774 4564 2.

401 4584 456 4613 [ξ’
515 4580 974 4613 Πηθησηηνῖηοηοί
1009 4581 1052 4613 18
1156 4578 1276 4613 nihil
1350 4581 1380 4613 θ
1459 4576 1515 4613 Ἲ⁶
1574 4580 1775 4613 curinio
1834 4575 2034 4613 l‘rnnic
2097 4577 2528 4613 Annalignnncia
2600 4583 2630 4613 ἢ
2706 4578 2761 4613 Q'
2821 4578 3175 4613 noniknknnf
3240 4579 3475 4613 Βανιθῦἰηί
3537 4579 3647 4613 {nui
3710 4584 3745 4613 ε)

401 4584 456 4639 6'
514 4580 978 4639 Petragoricensi
1009 4581 1023 4613 ¹

1155 4578 1294 4652 add.
1350 4575 1515 4652 2.1T
1574 4575 2035 4652 sanctenCrucis
2087 4575 2530 4652 Aurelianensis
2600 4583 2652 4633 2.
2706 4578 2761 4633 8'
2821 4578 3178 4652 peribebant
3238 4579 3652 4652 heretici_ipsi
3710 4584 3770 4652 2.

400 4656 457 4711 9'
488 4653 585 4709 His
604 4646 818 4708 diebus
851 4651 1102 4724 quidam
1123 4655 1181 4705 et
1206 4646 1576 4724 principibus
1609 4646 2133 4724 Engolismensum
2164 4648 2687 4724 Gardradus,_cum
2705 4646 3040 4724 nonfﬁlium
3069 4650 3334 4724 haberet,
3360 4646 3681 4724 aediﬁcavit
3705 4649 3776 4706 in

403 4724 802 4783 Sanctonicho
831 4718 990 4796 pago
1017 4738 1053 4777 a
1080 4718 1241 4796 novo
1273 4720 1333 4775 in
1349 4719 1576 4774 honore
1605 4718 1793 4796 sancti
1812 4718 2094 4796 stephani
2120 4720 2576 4796 protomartyris
2602 4720 3328 4796 ccpnobiumiBaciacense
3357 4722 3523 4792 (161),
3545 4719 3652 4796 ubi
3673 4736 3775 4776 re-

396 4796 634 4867 gulares
664 4788 998 4867 monachos
1022 4791 1384 4867 adgregans,
1411 4788 1817 4867 venerabilem
1842 4788 2175 4867 Ainardum
2203 4788 2487 4867 abbatem
2508 4791 2781 4867 praefecit
2804 4793 2895 4867 ιβ’.
2956 4791 3259 4867 Dedicavit
3305 4788 3512 4867 ipsum
3559 4791 3775 4867 locum

399 4860 788 4926 Crimoardus
820 4860 1250 4936 Egolismebsis
1277 4862 1400 4936 (an.
1425 4866 1455 4936 _t
1465 4863 1569 4936 014
1592 4861 1662 4932 ‘2),
1682 4865 1737 4916 et
1758 4860 2083 4936 fraterejus
2106 4861 2218 4917 Islo
2242 4860 2720 4936 Sanctoni'censis
2743 4862 3084 4936 episcopus.
3111 4865 3302 4929 Quem
3322 4860 3777 4936 Iocum_Carda-

398 4939 524 5008 dre,
557 4938 713 4994 facto
744 4931 1125 5008 testamento,
1153 4931 1475 5008 attitulavit
1493 4931 1777 4988 Romanae
1807 4931 2069 4989 basilicae
2091 4933 2279 4989 sancti
2307 4933 2576 5008 Petri,qut
2603 4931 2904 5008 omnibus»
2945 4931 3185 5007 semper
3245 4934 3420 5008 annis
3470 4933 3773 4990 tributum

395 5002 1031 5138 guihqueEsolidorum
1054 5002 1287 5077 argenti
1315 5002 1657 5061 exsolvatur
1680 5019 1863 5076 super
1893 5019 2112 5077 corpus
2139 5005 2328 5062 sancti
2351 5002 2523 5062 Petri.
2556 5006 2699 5063 add.
2732 5010 2787 5061 2.
2825 5006 2911 5062 1Ο⁶
2934 5002 3282 5063 sanctarum
3312 5004 3649 5075 caligarum
3708 5010 3768 5061 2.

457 5126 469 5138 .
494 5097 626 5138 ann.
721 5098 822 5138 na.

494 5097 626 5153 app.
664 5082 822 5152 Eng.

1700 5248 1930 5303 VARM‘I
1979 5247 2381 5305 LECTIONES.

396 5380 471 5415 ¹¹¹⁹
500 5376 618 5435 vivi
653 5381 703 5434 1.
763 5376 835 5411 ¹⁸⁰
897 5372 1315 5431 roncomensis
1350 5377 1399 5430 1.
1461 5373 1528 5408 ¹⁸¹
1589 5371 2089 5446 petragoricumsi
2117 5389 2168 5429 c.
2230 5373 2300 5408 ¹⁸²
2327 5369 2575 5444 perfecit
2602 5386 2652 5427 c.

1928 5552 2148 5607 NOTAE.

393 5660 542 5731 (157)
582 5657 663 5731 Cf.
698 5658 912 5715 Glaber
936 5660 1199 5731 Rod.qlll.
1233 5665 1264 5716 8

394 5728 542 5799 (158)
585 5728 667 5786 Cf.
703 5731 875 5785 Gesta
894 5729 1111 5801 synodi
1131 5730 1323 5787 Aurel.
1358 5733 1711 5804 Bouquetx,
1747 5746 1806 5803 p.
1850 5734 1974 5785 537.

2165 5655 2304 5726 (159)
2347 5654 2429 5711 Cf.
2464 5672 2514 5711 c.
2548 5660 2638 5725 ρο,
2675 5671 2781 5710 n...
