4944 6472
1324 265 1388 315 τε,
2496 248 2804 307 ADEMARl
2847 248 2901 302 s.
2945 241 3212 297 CIBARDI
3256 245 3562 303 MONACHI
4680 259 4753 309 7e

1394 386 1481 438 63.
1516 384 1620 436 Per
1648 380 1776 435 haec
1806 383 2078 451 tempora
2123 377 2244 447 (an.
2308 378 2465 444 t022)
2512 378 2736 428 Arvcus
2795 366 2959 440 (163),
3001 369 3046 419 Λ
3075 365 3219 422 dore
3276 368 3482 425 festivo
3532 371 3774 427 obviam
3823 378 4107 430 exeuntes
4157 383 4521 448 exceperunt
4572 395 4742 433 eum.

1324 471 1630 528 sanctitate
1706 468 1979 538 insignis,
2034 464 2437 522 thesaurarius
2508 460 2695 515 sancti
2745 456 2967 514 Martini

1320 560 1567 617 Turonis
1626 560 1716 626 193,
1749 557 1895 614 obiit
1920 557 1982 612 in
2013 555 2260 621 Christo,
2293 551 2557 625 sepultus
2584 550 2644 605 in
2675 549 2823 603 atrio
2866 547 2969 602 ba-

1320 650 1495 705 silicaa
1544 647 1757 704 mediae
1814 646 1893 702 ad
1933 645 2117 719 pedes
2166 641 2448 699 crucifixi.
2514 640 2617 694 llic
2655 637 2903 693 Turonis
2931 632 2981 691 a‘

1318 756 1474 795 novo
1515 736 1842 794 construxit
1897 734 2223 794 oratorium
2269 733 2331 786 in
2373 732 2599 786 honore
2656 725 2965 796 genetricis

1318 830 1436 897 Dei,
1483 828 1587 883 ubi
1672 823 2211 881 sanctimonialium
2279 818 2800 887 congregationem
2849 814 2963 869 sub

1314 919 1534 989 regulas
1560 915 1901 987 magisterio
1928 917 2045 969 Deo
2072 912 2288 968 servire
2309 908 2631 965 constituit.

1386 1012 1472 1063 64.
1505 1010 1664 1063 Tunc
1692 1004 1973 1077 temporis
2017 1018 2218 1056 comes
2271 996 2717 1068 Andegavensis
2770 993 2960 1060 Folco,

1314 1113 1451 1152 cum
1485 1096 1790 1151 manifeste
1822 1107 2099 1165 superare
2122 1088 2393 1161 nequiret
2430 1086 2743 1141 Arbertum
2785 1089 2960 1140 Ceno-

1310 1185 1554 1243 manuis
1595 1183 1869 1239 comitem
1910 1185 1975 1249 1”,
2000 1179 2139 1235 dolo
2170 1177 2337 1234 acciit
2364 1193 2501 1232 eum
2532 1174 2591 1229 in
2614 1172 2957 1246 capitolium

1313 1279 1622 1348 Sanctonte
1654 1272 1839 1339 urbis,
1872 1270 2043 1342 quasi
2066 1268 2125 1323 in
2177 1266 2469 1322 beneficio
2508 1265 2719 1319 urbem
2762 1264 2955 1336 ipsam

1309 1365 1359 1420 ei
1392 1363 1757 1419 concederet.
1794 1364 1850 1414 Et
1880 1360 2187 1414 incautum
2217 1362 2271 1412 et
2292 1355 2438 1411 nihil
2465 1354 2606 1410 mali
2653 1354 2955 1425 suspican-

1309 1459 1446 1513 tem,
1480 1450 1776 1506 inclusum
1807 1446 2084 1520 capitolio
2115 1445 2378 1500 nefanda
2400 1460 2537 1499 eum
2579 1443 2733 1514 cepit
2786 1441 2956 1497 tradi-

1310 1543 1485 1609 tione,
1513 1540 1721 1613 primte
1759 1537 2116 1594 ebdomadie
2153 1534 2635 1616 quadragesimze
2690 1530 2955 1587 secundo

1305 1630 1421 1685 die.
1453 1633 1605 1685 Uxor
1634 1644 1771 1683 vero
1796 1628 1925 1697 ejus
1958 1642 2203 1680 uxorem
2232 1623 2458 1679 Arberti
2515 1622 2653 1677 dolo
2710 1624 2954 1692 tempta-

3075 458 3147 510 At
3219 456 3321 513 ubi
3388 475 3593 516 rumor
3653 462 3944 517 adventus
4004 464 4133 534 ejus
4192 466 4561 533 Egolismam
4616 485 4745 540 per-

3074 545 3253 616 venit,
3286 562 3493 603 omnes
3520 550 3818 622 principes
3850 567 3970 606 non
3997 553 4192 608 solum
4230 554 4739 623 Egolismensium

3077 635 3182 689 sed
3222 636 3401 693 etiam
3452 641 4024 709 Petragoricensium
4069 647 4127 699 et
4153 644 4551 711 Sanctonum,
4612 662 4741 702 om-

3073 724 3284 797 nisque
3334 732 3475 783 aetas
3522 732 3579 784 et
3653 746 3829 787 sexus
3888 731 3963 787 ad
4018 747 4158 787 eum
4203 734 4462 790 occurrit
4510 735 4739 804 gaudio

3072 816 3334 886 perfusa,
3407 834 3543 873 eum
3626 835 3864 876 cernere
3927 821 4296 879 desiderans.
4339 822 4546 880 Clerus
4596 842 4737 881 vero

3071 905 3438 959 monasticus
3486 907 3673 963 sancti
3724 910 3993 981 Eparchii
4022 895 4081 965 in
4125 912 4393 968 vestibus
4452 914 4612 971 albis
4653 917 4738 971 (li-

3075 993 3374 1065 versisque
3444 998 3809 1053 ornamentis
3879 1015 4016 1054 cum
4080 1016 4306 1070 magna
4350 1002 4733 1059 multitudine

3067 1083 3273 1154 populi
3318 1089 3373 1141 et
3425 1086 3773 1142 clericorum
3815 1088 3937 1144 sive
3984 1090 4417 1148 canonicorum
4456 1094 4732 1165 gaudens

3066 1174 3352 1244 processit
3389 1176 3631 1231 obviam
3662 1177 3712 1232 ei
3744 1182 3909 1233 extra
3964 1179 4264 1235 civitatem
4301 1182 4564 1239 miliario
4610 1200 4730 1240 uno

3066 1274 3203 1312 cum
3256 1258 3538 1315 laudibus
3595 1265 3651 1317 et
3706 1262 4068 1334 antiphonis.
4126 1268 4192 1320 Et
4260 1282 4476 1322 omnes
4524 1268 4589 1323 in
4640 1286 4734 1324 ex-

3066 1346 3290 1402 celsum
3341 1348 3733 1405 vociferantes
3769 1368 3781 1407 :
3816 1354 3890 1406 Te
3922 1354 4109 1407 Deum
4135 1350 4485 1423 laudamus,
4541 1356 4732 1413 dedu-

3065 1440 3278 1491 xerunt
3332 1453 3491 1505 eum,
3553 1443 3616 1494 ut
3661 1439 3845 1495 moris
3899 1446 4009 1497 est.
4080 1444 4241 1498 Tunc
4305 1444 4731 1503 Amalfredum

3067 1526 3453 1598 monachum,
3507 1528 3612 1599 qui
3665 1545 3801 1584 cum
3832 1545 3903 1585 eo
3945 1530 4157 1599 fuerat,
4207 1532 4386 1603 elegit
4440 1535 4729 1592 abbatem

3064 1631 3136 1669 ex
3189 1615 3435 1671 basilica
3460 1616 3619 1673 beati
3652 1620 3942 1690 Eparchii.
3976 1623 4126 1676 Nam
4183 1622 4377 1679 abbas
4438 1624 4727 1681 Ricardus

1305 1722 1614 1792 vitcapere
1642 1718 1775 1790 ipso
1806 1717 1921 1785 die,
1955 1720 2281 1787 antequam
2308 1715 2503 1768 virum
2555 1716 2800 1783 captum
2857 1726 2957 1765 au-
2995 1720 3035 1772 Β
3068 1703 3401 1761 Solombria
3449 1708 3593 1777 (165)
3652 1707 3885 1764 civitate
3933 1710 4150 1766 Grecite
4199 1712 4345 1768 citra
4402 1715 4728 1770 Constanti-

1306 1810 1456 1864 diret
1484 1814 1557 1877 '2',
1588 1808 1690 1862 sed
1718 1807 1795 1863 ad
1826 1823 1961 1862 cam
2013 1804 2265 1877 quidam
2306 1801 2650 1873 anticipavit
2705 1799 2956 1872 prodere

1306 1898 1621 1954 cautelam.
1655 1897 1790 1952 Ideo
1818 1895 1988 1951 Folco
2027 1910 2276 1949 uxorem
2306 1890 2533 1947 Arberti
2561 1896 2613 1946 et
2660 1888 2957 1961 principes

1308 1989 1541 2052 timens,
1574 2002 1695 2041 non
1734 1991 1821 2040 est
1850 2001 2033 2039 ausus
2062 2000 2199 2038 eum
2233 1982 2577 2049 interficere,
2639 1980 2741 2033 sed
2795 1978 2956 2033 bien-

1307 2078 1406 2133 nio
1437 2081 1804 2133 carceratum
1837 2073 2281 2141 diligentissime
2311 2070 2644 2138 custodivit,
2669 2073 2724 2123 et
2754 2085 2787 2123 a
2836 2084 2956 2122 ma-

1308 2167 1487 2221 nibus
1518 2167 1644 2235 ejus
1687 2164 1970 2219 Dominus
2008 2162 2386 2216 innocentem
2440 2158 2671 2230 eripuit.
2720 2160 2846 2221 Quo
2902 2158 2956 2211 3'

1313 2261 1576 2325 tempore
1610 2253 1727 2321 (an.
1766 2254 1917 2319 1026)
1953 2248 2413 2319 gloriosissimus
2468 2247 2747 2302 Ricardus
2794 2249 2959 2301 Roto~

1312 2342 1612 2411 inagcnsis
1645 2357 1843 2396 comes
1878 2339 2040 2406 obiit,
2101 2338 2367 2411 sepultus
2420 2337 2581 2408 apud
2632 2339 2955 2390 l~‘escanum

1313 2431 1674 2495 cumcbium,
1706 2430 1763 2484 in
1795 2428 2038 2483 basilica
2067 2433 2285 2483 sanctae
2315 2426 2623 2481 Trinitatis.
2653 2429 2716 2480 Et
2761 2441 2956 2479 succe-

1312 2522 1398 2576 dit
1467 2537 1576 2592 pro
1628 2535 1698 2574 eo
1773 2517 2055 2572 liicardus
2109 2516 2265 2570 filius
2332 2515 2485 2585 ejus,
2542 2519 2599 2569 et
2669 2514 2793 2586 ipse
2839 2530 2959 2568 non

1310 2611 1491 2678 longo
1538 2613 1671 2682 post
1732 2612 1994 2678 tempore
2046 2621 2279 2661 veneno
2335 2604 2631 2659 extinctus
2684 2607 2771 2659 est
2836 2605 2957 2671 (an.

1314 2698 1487 2768 £028)
1586 2695 1965 2766 succeditque
2057 2710 2166 2765 pro
2249 2709 2319 2747 eo
2396 2692 2707 2747 Rotbertus
2784 2691 2963 2746 frater

1311 2788 1462 2857 ejus.

1382 2882 1468 2931 65.
1499 2856 1578 2930 Eo
1604 2879 1867 2946 tempore
1895 2873 2017 2942 (an.
2050 2871 2207 2940 1026)
2241 2870 2559 2925 Willelmus
2594 2870 2960 2939 Egolismen-

1311 2965 1391 3020 sis
1422 2979 1623 3019 comes
1654 2978 1759 3034 per
1788 2959 2119 3030 Bajoariam
2150 2958 2257 3013 iter
2282 2957 2399 3026 egit
2442 2958 2521 3013 ad
2580 2958 2961 3030 sepulchrum

1316 3053 1721 3121 DominiUtii)
1775 3049 2045 3107 Comitati
2104 3052 2243 3103 sunt
2288 3064 2425 3102 eum
2477 3048 2603 3103 Odo
2656 3048 2957 3113 Bituricus,
3002 3071 3041 3123 ρ

1314 3143 1592 3216 princeps
1628 3139 1908 3205 Dolensis,
1961 3136 2246 3193 Ricardus
2300 3136 2491 3192 abbas
2542 3137 2959 3199 Verdunensis,

1318 3231 1600 3287 Ricardus
1626 3229 1815 3285 abbas
1849 3227 2036 3282 sancti
2092 3226 2362 3299 Eparchii
2417 3226 2854 3292 l'lgolismensis,
2910 3230 2965 3280 et

1318 3321 1594 3393 princeps
1620 3320 1747 3389 ejus
1774 3322 1830 3373 et
1877 3316 2247 3372 consiliarius
2274 3316 2402 3385 ejus
2469 3315 2738 3371 Giraldus
2790 3319 2965 3370 Fane-

1318 3409 1503 3476 sinus,
1579 3412 1635 3462 et
1690 3404 2064 3460 Amalfredus
2128 3408 2336 3476 postea
2388 3403 2600 3469 abbas,
2643 3408 2699 3458 et
2740 3420 2964 3469 magna

1316 3502 1552 3553 caterva
1599 3494 1906 3549 nobilium.
1969 3493 2304 3564 Stephanus
2369 3508 2471 3546 rex
2536 3492 2765 3561 Ungrim
2826 3509 2964 3547 cum

1315 3586 1481 3643 omni
1536 3585 1760 3639 honore
1791 3600 1929 3637 eum
1962 3583 2222 3654 suscepit
2251 3586 2306 3636 et
2336 3581 2687 3635 muneribus
2733 3581 2960 3636 ditavit.

1315 3675 1826 3748 Cuepititeragcre
1859 3672 2083 3727 mensis
2123 3670 2394 3728 Octubris
2445 3673 2639 3743 primo
2695 3671 2790 3725 die
2839 3672 2961 3739 (an.

1320 3768 1495 3835 1026),
1535 3769 1590 3819 et
1643 3762 1911 3836 pervenit
1962 3762 2023 3817 in
2090 3765 2361 3816 sanctam
2414 3759 2710 3815 civitatem
2768 3761 2966 3832 prima

1314 3852 1656 3909 ebdomada
1688 3850 1908 3906 mensis
1957 3850 2149 3907 Marcii
2175 3851 2299 3918 (an.
2342 3850 2516 3920 1027),
2572 3866 2965 3922 reversusque

1316 3948 1405 3998 est
1483 3941 1659 3996 tercia
1707 3939 2051 3995 ebdomada
2098 3938 2319 3994 mensis
2366 3939 2521 3993 Junii
2574 3940 2652 3993 ad
2699 3940 2961 4010 propria.

1319 4031 1553 4087 Divertit
1616 4046 1721 4102 per
1782 4029 2155 4083 Lemovicam
2220 4032 2538 4095 revertens,
2610 4028 2713 4083 ubi
2769 4029 2967 4084 omnis

1320 4119 1633 4175 multitudo
1704 4118 2139 4173 monachorum
2197 4116 2382 4173 sancti
2440 4116 2711 4173 Martialis
2769 4118 2962 4190 splen-

3064 1794 3333 1866 nopolim
3385 1795 3447 1849 in
3517 1796 3718 1851 eundo
3770 1798 4018 1871 obierat,
4074 1804 4131 1856 et
4176 1801 4258 1857 ibi
4317 1803 4600 1874 sepultus
4648 1811 4728 1860 est

3064 1884 3265 1953 vigilia
3312 1883 3728 1956 epifaniorum.
3791 1887 4101 1945 Ordinavit
4139 1891 4565 1963 supradictum
4633 1894 4729 1948 ab-

3065 1973 3267 2028 batem
3316 1976 3437 2028 Roo
3459 1974 3795 2047 episcopus,
3819 1976 3923 2032 ubi
3971 1977 4097 2050 ipse
4155 1995 4361 2035 comes
4423 1986 4486 2038 et
4542 1983 4733 2039 abbas

3067 2063 3256 2118 sancti
3307 2063 3580 2119 Martialis
3612 2065 3943 2133 Odolricus,
3978 2068 4230 2140 stipatus
4259 2069 4557 2140 dignitate
4612 2088 4735 2129 mo-

3066 2152 3419 2221 nachorum,
3453 2157 3509 2208 et
3553 2151 3801 2208 abbates
3855 2154 4032 2210 vicini
4076 2159 4133 2211 et
4186 2158 4464 2214 maxima
4522 2160 4734 2215 nobili-

3067 2244 3155 2295 tas
3205 2240 3545 2313 principum
3577 2246 3879 2313 presentes
3905 2243 4247 2302 adfuerunt.

3138 2334 3223 2385 66.
3259 2330 3479 2385 Eodem
3527 2348 3666 2385 vero
3722 2348 3885 2387 anno
3941 2338 4251 2407 correptus
4299 2340 4389 2392 est
4438 2336 4731 2406 languore

3068 2425 3333 2493 corporis
3360 2422 3517 2477 idem
3550 2439 3751 2478 comes
3780 2440 3969 2497 usque
3991 2424 4071 2480 ad
4096 2430 4375 2482 mortem.
4407 2430 4544 2494 Quo
4574 2445 4735 2485 anno

3072 2514 3400 2567 Sanctonas
3432 2511 3575 2566 in'bs
3614 2515 3665 2566 4·
3703 2512 3782 2567 ab
3838 2512 4039 2585 impiis
4093 2514 4435 2571 christianis
4494 2533 4743 2573 concre-

3070 2600 3232 2650 mata
3299 2600 3382 2651 est
3436 2613 3574 2651 cum
3632 2596 3763 2669 ipsa
3811 2596 4058 2654 basilica
4117 2599 4307 2654 sancti
4366 2600 4526 2656 Petri
4577 2602 4748 2657 sedis

3070 2684 3429 2757 episcopalis
3477 2688 3553 2753 5',
3597 2690 3653 2740 et
3709 2686 3814 2741 diu
3881 2688 4219 2760 permansit
4276 2688 4557 2745 desertus
4612 2692 4751 2763 ipse

3069 2773 3236 2829 locus
3316 2791 3351 2831 a
3416 2774 3617 2830 divino
3704 2775 3885 2831 cultu.
3966 2780 4031 2832 Et
4075 2776 4233 2833 hanc
4289 2778 4584 2850 injuriam
4644 2782 4753 2836 Dei

3071 2880 3273 2919 comes
3350 2863 3726 2936 supradictus
3787 2864 4088 2921 vindicare
4163 2866 4393 2936 volens,
4440 2869 4753 2940 paulatim

3072 2953 3248 3025 cirpit
3277 2953 3503 3007 viribus
3562 2953 3827 3024 corporis
3855 2954 4112 3021 destitui,
4158 2960 4213 3011 et
4262 2955 4326 3011 in
4381 2957 4538 3013 urbe
4598 2961 4754 3028 Ego-

3071 3042 3245 3097 lisma
3267 3058 3437 3097 secus
3488 3042 3817 3097 aecclesiam
3849 3044 4038 3099 sancti
4065 3044 4319 3100 Andreas
4345 3052 4605 3119 propter
4658 3048 4753 3104 of—

3070 3131 3261 3186 titium
3311 3131 3580 3185 divinum
3605 3130 3777 3200 jubet
3820 3132 3932 3187 sibi
3963 3132 4220 3189 domum
4276 3150 4637 3207 preparare,
4688 3138 4751 3193 in

3072 3237 3194 3291 qua
3237 3225 3533 3291 regi-etans
3565 3219 3923 3275 decumbere
3970 3221 4149 3293 coepit
4199 3222 4323 3291 (an.
4390 3227 4578 3295 1028),
4641 3226 4753 3281 L’bi

3072 3307 3440 3364 incessanter
3503 3325 3533 3364 e
3589 3308 3836 3364 diversis
3921 3309 4194 3381 partibus
4266 3313 4469 3367 cuncti
4527 3314 4755 3385 princi-

3073 3412 3180 3469 pes
3229 3403 3284 3453 et
3333 3398 3563 3453 nobiles
3614 3414 3753 3453 eum
3811 3397 4156 3455 visitabant.
4225 3402 4503 3473 Cumque
4595 3403 4755 3459 dice-

3073 3493 3202 3542 rent
3226 3488 3516 3558 nonnulli,
3558 3488 3845 3543 maleﬁcis
3874 3488 4102 3544 artibus
4160 3505 4301 3545 eum
4344 3496 4653 3560 aegrotare
4685 3526 4751 3533 —-

3076 3576 3307 3631 solebat
3322 3577 3482 3632 enim
3510 3577 3756 3633 robusto
3777 3582 3834 3632 et
3856 3592 4005 3633 sano
4023 3593 4273 3650 corpore
4297 3578 4505 3648 vigere
4520 3612 4595 3621 —
4608 3586 4748 3637 tunc

3073 3683 3213 3721 vero
3235 3683 3342 3721 nec
3374 3683 3537 3723 more
3569 3683 3782 3723 senum
3812 3683 3922 3723 nec
3953 3683 4121 3724 more
4154 3669 4455 3739 juvenum
4492 3688 4746 3746 corpore

3074 3755 3402 3826 fatesceret,
3426 3756 3655 3813 detecta
3704 3760 3792 3812 est
3847 3757 4132 3830 quaedam
4192 3757 4475 3815 malefica
4536 3762 4749 3817 mulier

3074 3850 3228 3901 artes
3244 3845 3552 3901 maleﬁcas
3570 3851 3776 3902 contra
3788 3862 3819 3902 e
3830 3863 3927 3902 um
3941 3846 4449 3913 exercuisse.Quaa
4464 3866 4615 3905 cum
4630 3867 4748 3905 non

3074 3934 3469 3998 confiteretur,
3499 3934 3715 4004 juditio
3746 3934 3847 3989 Dei
3882 3935 4279 3991 commissum
4321 3941 4433 4007 est,
4474 3942 4547 3993 ut
4584 3938 4747 4010 quod

3073 4041 3277 4079 verum
3296 4024 3513 4079 latebat
3528 4028 3745 4079 eventu
3763 4024 4023 4080 victoria».
4044 4024 4196 4080 inter
4209 4026 4364 4081 duos
4384 4028 4743 4101 campiones

3072 4117 3446 4192 probaretur.
3468 4113 3653 4170 Factis
3675 4129 3816 4186 ergo
3839 4114 4248 4184 sacramentis,
4281 4113 4745 4173 decertaverunt

1320 4306 1365 4354 1·
1394 4299 1579 4351 lilium
1615 4296 1828 4357 ligonis
1861 4295 2080 4368 adit}.
2117 4301 2164 4348 2'
2214 4299 2539 4368 antequam
2565 4295 2870 4351 audiretur
2900 4297 3052 4352 inter
3081 4295 3245 4368 ipsos
3278 4291 3515 4368 traditio
3557 4293 3787 4349 Arbcrti
3817 4299 3870 4368 2.
3901 4298 3955 4350 3'
3986 4296 4116 4368 Quo
4176 4298 4453 4365 tempore
4485 4327 4559 4335 —
4586 4296 4737 4368 priu-

1384 4370 1586 4440 cipum
1619 4373 1918 4440 presentes
1948 4366 2266 4440 adfuerunt
2292 4367 2502 4421 desunt
2536 4371 2647 4440 24'
2703 4368 2867 4439 quod
2912 4366 3240 4440 dicidolor
3270 4370 3356 4420 est
3393 4366 3535 4440 atl'l.
3591 4371 3644 4420 2.
3703 4371 3753 4421 ὅ·
3804 4366 4200 4440 Sequentibus
4231 4367 4492 4440 omissis,
4544 4366 4739 4435 pergit

1388 4448 1420 4495 2
1444 4436 1466 4493 ’ί
1499 4436 2180 4511 Permansit_Stepliauus
2214 4454 2375 4511 vero,
2407 4442 2463 4491 et
2488 4436 2741 4511 exiliens
2763 4455 3014 4511 corpore
3047 4438 3299 4511 inlesus,
3335 4436 3548 4511 eadem
3574 4452 3681 4511 ora
3712 4437 3876 4511 venit
3902 4453 4151 4493 currens
4204 4436 4472 4511 pedibus
4521 4440 4745 4506 gratias

1389 4516 1505 4566 Deo
1539 4513 1750 4565 referre
1778 4509 1854 4582 arl
1895 4507 2193 4582 tumulum
2222 4508 2387 4582 beati
2410 4509 2698 4579 Eparchii,
2735 4511 2833 4582 ubi
2864 4507 3036 4566 nocte
3062 4508 3360 4582 praeterita
3386 4507 3634 4582 pervigil
3652 4508 4086 4582 Aexcubaverat,
4121 4512 4178 4582 et
4202 4507 4426 4563 deinde
4460 4511 4746 4582 equitans

1386 4598 1657 4637 reversus
1673 4585 1760 4635 est
1783 4580 1840 4634 in
1872 4579 2188 4644 civitatem,
2215 4584 2276 4634 ut
2292 4580 2570 4635 reticeret.
2598 4581 2856 4637 Maleﬁca
2879 4598 3041 4650 vero,
3064 4579 3279 4635 multis
3306 4579 3615 4634 tormentis
3648 4579 3962 4649 ignorante
3980 4579 4201 4636 comite
4217 4595 4364 4635 mox
4395 4579 4753 4635 excruciata

1392 4656 1480 4717 ιλιι,
1541 4669 1649 4707 nec
1683 4652 1764 4706 sic
1796 4651 2072 4705 confessa
2110 4656 2221 4714 est,
2253 4655 2309 4705 et
2332 4668 2368 4705 a
2390 4651 2635 4723 diabolo
2665 4653 2841 4708 corde
2869 4653 3168 4717 obturato,
3218 4650 3472 4723 mullum
3502 4650 3776 4723 verbum_
3800 4651 3911 4723 vel,
3940 4667 4150 4707 vocem
4199 4668 4275 4706 ex
4316 4666 4422 4706 ore
4483 4653 4755 4723 profere-

1386 4725 1506 4789 bat,
1541 4741 1577 4778 a
1628 4723 1818 4795 tribus
1850 4738 1990 4776 vero
2004 4727 2247 4795 tantum
2280 4722 2646 4795 mulieribus,
2681 4740 2795 4795 que
2845 4740 2985 4779 cum
3012 4722 3508 4795 eaiinterfuerunt
3538 4722 3628 4776 his
3661 4721 3990 4795 maleficiis,
4048 4722 4321 4795 convicta
4355 4726 4448 4776 est
4480 4721 4752 4778 testimo-

1387 4795 1518 4861 niis,
1549 4793 1966 4866 quasdamque
1991 4792 2340 4866 fantasticas
2364 4809 2437 4847 ex
2462 4793 2603 4849 limo
2646 4792 2718 4829 ωδ
2756 4795 3047 4861 imagines
3077 4793 3367 4849 desubtus
3412 4798 3567 4849 terra
3597 4793 3812 4849 eodem
3844 4795 3918 4829 ¹⁹⁶
3984 4794 4266 4866 mulieres
4313 4798 4754 4866 extracxerunt

1390 4864 1592 4920 corani
1635 4864 1937 4933 omnibus,
1980 4864 2524 4936 jamputrcfactas
2565 4868 2630 4899 “J7
2663 4866 3065 4921 diuturnitate.
3128 4867 3338 4920 Comes
3369 4880 3510 4933 ergo
3556 4866 3821 4936 pepercit
3886 4866 3956 4900 ¹⁹⁸
3987 4865 4260 4921 malefice
4309 4864 4582 4933 mulieri,
4646 4882 4751 4921 nec

1390 4937 1521 4991 si\it
1542 4952 1676 5009 eam
1705 4934 2045 5009 tormentari
2076 4934 2334 5009 ulterius,
2369 4940 2424 4990 et
2476 4935 2656 4991 vitam
2688 4938 2737 4992 ei
2769 4937 3078 4992 concessit.
3110 4939 3315 4991 Narrat
3348 4934 3743 5009 Hieronymus
3776 4939 3837 4991 in
3862 4936 4243 5009 exposicione
4291 4935 4564 4992 Danielis

4618 4954 4753 5009 quae

1392 5008 1568 5063 etiam
1595 5007 1655 5062 in
1686 5006 1871 5061 Gestis
1912 5005 2286 5079 epp._rEugol.
2316 5023 2365 5061 ε.
2407 5010 2475 5061 25
2511 5009 2813 5078 leguntur.
2868 5011 3014 5064 Haec
3050 5009 3109 5063 in
3141 5008 3517 5077 sequentibus
3542 5005 3772 5079 quoque
3796 5005 3992 5064 cum—'2
4023 5010 4389 5065 conveniunt
4419 5009 4531 5064 sed
4552 5005 4756 5066 multa

1388 5081 1576 5147 plura
1604 5079 1907 5134 continent
1939 5077 2371 5133 additamenta.

2691 5203 2775 5256 VA
2788 5203 2919 5256 8le
2960 5201 3359 5259 LECTIONES.

1403 5299 1469 5332 193
1519 5297 1823 5372 _uronis—
1873 5295 1962 5372 hic
1995 5296 2207 5372 desunt
2256 5295 2845 5372 Qabipro_1‘uronis
2900 5300 3074 5354 etiam
3116 5298 3330 5372 furoris
3383 5301 3623 5372 legitur.
3686 5300 4114 5357 “ieecruciata
4167 5318 4217 5358 ε.
4268 5303 4341 5337 ¹⁹⁵
4369 5302 4502 5360 lino
4583 5307 4756 5364 Gesta

1330 5384 1456 5438 ειη).
1509 5370 1660 5437 Ιίηῃ.
1685 5383 1734 5423 c.
1765 5374 1846 5421 2:3.
1889 5367 2183 5422 chdem
2214 5382 2263 5422 ρ.
2292 5368 2361 5401 ¹⁰τ
2384 5369 2713 5437 putrefacta
2744 5387 2793 5425 ε.
2839 5373 2908 5404 ¹⁹⁸
2942 5370 3204 5442 pepersit
3228 5386 3277 5425 c.

2932 5488 3131 5541 NOT/E

1404 5582 1549 5651 (103)
1586 5576 1669 5634 (Lf.
1733 5578 1941 5634 tilaber
1967 5577 2131 5651 R041.
2172 5583 2260 5649 lll,
2289 5584 2341 5635 4.

1405 5653 1552 5719 (161)
1583 5651 1758 5722 Gesta
1786 5666 1920 5722 epp.
1953 5650 2157 5716 Engol.
2191 5666 2240 5722 c.
2274 5655 2341 5706 25
2390 5650 2529 5708 add.
2566 5670 2580 5708 :
2634 5655 2788 5711 Nam
2840 5661 2979 5712 ante

1335 5736 1460 5777 eum
1518 5733 1640 5788 per
1692 5719 1838 5775 illas
1862 5719 2078 5790 partes
2101 5721 2302 5777 nullus
2318 5725 2715 5798 praeterierat,
2756 5729 2974 5798 quippe

3132 5585 3229 5664 uia
3254 5587 3488 5664 nov_clla
3516 5588 3715 5643 adhuc
3747 5589 4174 5645 Christianitas
4207 5604 4323 5657 per
4371 5592 4682 5664 Ungriam
4708 5599 4752 5649 et

3133 5658 3469 5713 clavoniam
3519 5666 3668 5715 erat.

3164 5730 3272 5801 (65)
3328 5729 3670 5787 Selembria.
