4944 6540
579 343 643 395 81

1701 346 2248 414 COMMEMOBATIO
2287 347 2610 405 ΛΒΒΑἸἮΜ
2650 349 2901 405 LEMOV.

3944 357 4012 411 82

548 465 1049 539 parchiepiscopo
1106 466 1423 523 fundatum
1488 473 1543 524 et
1598 474 2033 532 consecratum,
2085 474 2142 524 et
2191 471 2246 526 S.
2288 478 2333 528 Α
2358 476 2605 526 vocatur
2636 476 3048 544 Campanense
3102 473 3275 543 juxta
3319 473 3628 529 castellum
3663 478 4007 536 Potentiam.

581 555 883 609 tieraldus
909 556 1326 612 Auriliacensis
1360 563 1536 613 natus
1566 564 1670 613 est.
1738 557 1894 614 Obiit
1937 558 2107 613 Abbo
2157 576 2252 613 xxv

582 644 845 700 Kalend.
878 646 1053 701 Junii.

655 734 891 790 Tertius
920 735 1111 791 abbas
1140 736 1375 809 praefuit
1406 737 1750 792 Benedictus
1792 736 1963 792 annis
1992 754 2090 791 xv.
2133 738 2250 792 Hu-

573 822 682 891 jus
735 823 1065 895 praasulatu
1118 824 1444 880 Normanni
1509 830 1817 899 coeperunt
1871 842 1932 881 se
1989 826 2250 897 primum

580 913 744 982 (168)
774 912 1080 967 effundere
1112 913 1171 968 iu
1207 913 1512 969 Franciam
1558 920 1614 970 et
1642 915 2055 987 Aquitaniam;
2110 914 2254 969 obiit

577 1016 685 1054 xw
718 1000 1021 1057 Kalendas
1056 1002 1373 1058 Februarii.
1406 1003 1627 1059 Stodilo
1659 1004 1941 1077 episcopo
1988 1002 2252 1059 succedit

578 1088 744 1143 Aldo
777 1090 1094 1163 episcopus
1141 1096 1198 1146 et
1226 1091 1371 1147 obiit
1409 1092 1589 1147 Nonis
1645 1093 1931 1159 Octobris,
1985 1092 2251 1164 sepultus

576 1175 644 1232 in
686 1177 945 1234 basilica
987 1179 1304 1236 Salvatoris
1357 1180 1698 1236 Lemovicze.
1752 1184 1887 1236 Post
1923 1198 2061 1237 eum
2093 1180 2250 1235 Geilo

578 1267 919 1340 episcopus
944 1269 1177 1336 exstitit,
1211 1269 1314 1341 qui
1346 1269 1490 1325 obiit
1516 1287 1567 1324 Iv
1598 1270 1734 1325 Idus
1765 1270 1917 1325 Julii.
1950 1274 2083 1326 Post
2112 1286 2247 1324 eum

577 1355 911 1412 Anselmus
939 1356 1350 1431 episcopatum
1381 1359 1584 1415 tenuit.

657 1446 922 1508 Quartus
982 1446 1173 1502 abbas
1230 1447 1464 1520 praefuit
1517 1448 1854 1504 Gonsindus
1887 1448 2059 1503 annis
2090 1464 2245 1503 xvui.

577 1535 780 1604 Hiijus
839 1535 1105 1591 secundo
1159 1552 1319 1591 anno
1377 1537 1619 1593 Carolus
1669 1537 1883 1593 Calvus
1927 1537 2251 1609 imperator

575 1621 737 1676 obiit
766 1627 824 1678 et
843 1621 999 1678 ﬁlius
1031 1623 1159 1694 ejus
1212 1624 1542 1679 Ludovicus
1592 1624 1806 1679 Balbus
1855 1641 2109 1694 regnum
2150 1642 2248 1680 su-

577 1711 796 1782 scepit.
830 1711 933 1766 Hic
963 1712 1152 1767 tribus
1183 1714 1356 1767 annis
1388 1718 1708 1785 postquam
1754 1719 2065 1783 regnasset
2103 1713 2249 1768 obiit

575 1803 636 1853 et
666 1799 835 1855 filius
867 1801 995 1871 ejus
1029 1801 1272 1856 Carolus
1311 1818 1562 1872 regnum
1625 1804 1882 1875 suscepit
1934 1805 2102 1874 (169),
2153 1802 2247 1859 cui

577 1887 716 1943 Odo
742 1905 851 1944 rex
877 1904 1126 1959 regnum
1164 1890 1403 1946 abstulit
1432 1895 1487 1945 et
1515 1908 1624 1964 pro
1655 1909 1724 1947 eo
1752 1892 2034 1961 regnavit.
2078 1892 2245 1945 Hune

576 1976 877 2034 abbatem
907 1994 1029 2034 non
1069 1980 1360 2035 mitterem
1412 1980 1473 2035 in
1528 1981 1821 2051 catalogo,
1872 1979 1984 2036 nisi
2041 1979 2246 2035 fuisset

576 2068 929 2123 monastico
958 2068 1166 2124 habitu
1194 2069 1457 2125 indutus.
1514 2073 1662 2125 Nam
1710 2070 1886 2125 nimis
1934 2068 2112 2124 corde
2141 2086 2245 2122 sua-

578 2154 809 2211 cularis
836 2158 1053 2214 multas
1083 2159 1361 2214 ecclesias
1390 2165 1445 2214 et
1477 2164 1660 2215 terras
1684 2176 1719 2214 a
1748 2159 1993 2214 basilica
2022 2158 2246 2214 Martia-

576 2244 650 2299 lis
699 2246 961 2318 apostoli
1015 2247 1257 2304 abstulit
1307 2252 1361 2303 et
1419 2248 1803 2304 szecularibus
1850 2246 2246 2320 potestatibus

577 2334 874 2391 inutiliter
893 2337 1199 2392 concessit.
1231 2337 1385 2393 Obiit
1413 2354 1486 2393 vn
1520 2338 1644 2393 Kal.
1679 2336 2048 2393 Novembris.

654 2425 916 2490 Quintus
950 2426 1140 2482 abbas
1172 2427 1477 2482 Fulbertus
1508 2427 1740 2500 praefuit
1768 2426 1940 2482 annis
1973 2443 2048 2481 v1.
2092 2424 2247 2481 Obiit

578 2530 638 2568 1x
668 2513 922 2569 Kalend.
960 2515 1274 2571 Februarii.
1309 2517 1496 2587 Hujus
1520 2533 1680 2573 anno
1708 2516 1919 2588 quinto
1966 2515 2091 2571 Odo
2141 2531 2241 2569 rex

577 2602 733 2657 obiit
782 2607 839 2658 et
886 2604 1088 2660 (Iarlus
1140 2605 1323 2661 Minor
1368 2621 1621 2675 regnum
1671 2602 2059 2677 recuperavit.
2109 2608 2242 2675 Ipso

575 2709 748 2748 anno
784 2694 1102 2749 Anselmus
1150 2695 1466 2767 episcopus
1527 2693 1961 2750 Lemovicensis
2015 2692 2160 2748 obiit
2205 2710 2242 2748 v

574 2783 723 2837 ldus
788 2783 1105 2852 Februarii,
1170 2786 1438 2858 sepultus
1496 2786 1558 2840 in
1614 2784 1860 2840 basilica
1920 2782 2238 2840 Salvatoris

565 2872 754 2943 juxta
787 2888 1006 2945 corpus
1040 2874 1364 2946 supradicti
1393 2874 1636 2930 Aldonis
1666 2873 1951 2946 episcopi.

650 2964 871 3017 Sextus
928 2961 1119 3018 abbas
1193 2963 1499 3019 Fulbertus
1579 2963 1814 3036 praefuit
1889 2961 2061 3017 annis
2136 2977 2233 3016 xx.

572 3051 774 3122 Hujus
807 3066 991 3108 -anno
1043 3057 1206 3107 sexto
1264 3056 1502 3107 sanctus
1561 3050 1845 3107 Geraldus
1899 3049 2064 3123 apud
2126 3053 2238 3103 Au-

2358 559 2580 615 Tertius
2611 577 2851 634 quoque
2878 562 3249 617 Raimundus
3273 562 3477 632 junior
3507 568 3653 619 natu
3683 566 4013 624 Germanus

2358 649 2571 704 exstitit
2600 650 2939 716 amborum,
2971 652 3141 721 cujus
3171 667 3283 720 ego
3329 650 3663 707 Ademarus
3718 651 3876 709 ﬁlius
3934 653 4015 711 fui

2358 743 2543 793 matre
2574 739 2920 809 ttildegarde
2951 740 3091 811 [sive
3110 738 3442 810 Aldearde].

2431 831 2564 881 Post
2612 828 2921 883 Aimimem
2982 824 3262 884 abbatem
3311 830 3543 884 vacavit
3593 829 3837 887 abbatia
3873 847 4014 888 xxxi

2359 916 2531 970 annis
2559 916 2682 969 sine
2714 921 2969 986 pastore.
3004 916 3172 971 illum
3207 916 3365 971 enim
3392 917 3496 988 qui
3536 922 3619 973 tot
3647 918 3823 974 annis
3868 935 4015 991 prta-

2343 1005 2463 1059 "fuit
2496 1010 2719 1059 tantum
2755 1023 2871 1059 non
2906 1005 3298 1076 profuit,nolo
3320 1005 3379 1061 in
3409 1005 3691 1076 Catalogo
3722 1007 4010 1064 abbatum

2356 1111 2598 1167 ponere,
2632 1112 2765 1148 cum
2798 1095 3086 1163 injustam
3117 1095 3230 1150 hoc
3262 1095 3351 1150 sit.
3385 1098 3535 1151 Nam
3556 1096 3767 1152 habitu
3791 1112 4015 1169 nequa-

2356 1196 2541 1251 quam
2574 1181 2932 1250 monaehali,
2968 1182 3072 1237 scd
3115 1183 3466 1250 canonicali,
3519 1184 3642 1239 imo
3684 1184 3878 1241 laicali
3906 1200 4014 1257 per

2357 1273 2440 1324 tot
2470 1286 2660 1325 annos
2691 1271 3091 1342 principatum
3118 1270 3232 1326 loci
3274 1272 3463 1327 tenuit
3483 1272 3609 1327 solo
3631 1274 3875 1329 nomine
3904 1272 4012 1330 ab-

2356 1358 2484 1414 bas.
2521 1360 2629 1425 Qui
2666 1359 2786 1414 vult
2816 1363 2944 1429 ejus
2974 1376 3191 1415 nomen
3223 1361 3393 1429 scire,
3420 1361 3746 1417 Aimericus
3770 1366 4012 1418 vocatus

2356 1453 2459 1503 est.
2504 1449 2610 1517 lluj
2625 1466 2691 1503 us
2717 1465 2877 1503 anno
2906 1466 2943 1503 Χ
2973 1449 3402 1505 monasterium
3451 1452 3506 1507 S.
3556 1449 3830 1506 Martialis
3867 1449 4013 1506 divi-

2354 1553 2435 1591 no
2456 1537 2681 1606 judicio
2716 1539 2849 1606 igne
2884 1542 3216 1594 crematum
3243 1543 3348 1593 est.
3380 1539 3478 1594 Hic
3510 1555 3755 1595 omnem
3794 1543 4009 1596 terram

2355 1629 2697 1683 monasterii
2726 1629 2905 1698 hujus
2931 1634 2986 1682 et
3016 1628 3293 1683 ecclesias
3324 1632 3445 1684 tam
3495 1628 3844 1700 parentibus
3888 1629 4009 1685 suis

2356 1733 2539 1787 quam
2592 1717 2816 1771 οεθίειτίς
2863 1717 3249 1772 szreularibus
3295 1717 3686 1789 potestatibus
3715 1717 3859 1773 dare
3885 1734 4009 1774 non

2292 1821 2327 1873 Β
2360 1804 2569 1859 timuit.
2602 1805 2702 1859 Hic
2729 1804 2893 1859 tertio
2921 1806 3015 1860 die
3055 1810 3190 1860 ante
3238 1809 3490 1860 mortem
3537 1820 3712 1860 suam
3736 1803 4009 1859 habitum

2363 1893 2655 1949 monachi.
2671 1893 2881 1963 induit,
2916 1894 3127 1949 timens
3159 1893 3487 1965 perjnriuin
3535 1893 3700 1964 quod
3727 1892 3852 1961 regi
3879 1891 4009 1947 Hlo-

2360 1980 2550 2035 thario
2580 1981 2641 2035 in
2669 1980 2910 2036 Francia
2939 1980 3300 2047 ﬁrmaverat,
3330 1980 3575 2052 quando
3605 1996 3640 2035 a
3660 1994 3797 2049 rege
3817 1979 4009 2035 abbas

2359 2069 2714 2125 constitutus
2768 2073 2872 2124 est.
2930 2073 3078 2125 Nam
3129 2069 3351 2139 juravit
3393 2069 3516 2138 regi
3549 2085 3610 2124 se
3640 2068 4007 2124 monachum

2356 2158 2503 2225 fieri,
2558 2157 2663 2212 sed
2715 2157 2941 2212 derisor
2990 2158 3086 2212 Dei
3138 2174 3324 2230 usque
3372 2158 3451 2212 ad
3476 2161 3728 2212 mortem
3759 2155 4003 2223 distulit,

2353 2248 2459 2318 qui
2490 2246 2598 2301 nisi
2629 2246 2821 2301 scelus
2862 2246 3343 2318 praesumptionis
3395 2246 3523 2316 ejus
3574 2244 3799 2301 deleret
3844 2260 4003 2312 eum,

2353 2352 2551 2391 nonus
2577 2335 2767 2391 abbas
2800 2335 3172 2391 scriberetur.

2425 2428 2625 2480 Nonus
2680 2424 2872 2479 abbas
2926 2424 3111 2493 Guigo
3170 2423 3401 2495 praefuit
3442 2422 3618 2479 annis
3666 2438 3803 2476 xvu.
3856 2420 4009 2478 Obiit

2352 2513 2663 2583 Egolismae
2697 2512 2860 2568 tertio
2892 2512 3189 2567 Kalendas
3215 2512 3501 2577 Octobris,
3531 2510 3797 2582 sepultus
3822 2509 3882 2564 in
3904 2510 4007 2566 ba-

2352 2604 2513 2659 silica
2545 2605 2600 2659 S.
2637 2601 2906 2674 Eparchii
2935 2607 3070 2656 ante
3098 2600 3280 2656 altare
3312 2601 3500 2656 sancti
3531 2599 3839 2671 Staphani,
3861 2598 4005 2671 quia

2352 2697 2408 2747 et
2437 2691 2510 2746 de
2541 2691 2672 2763 ipso
2699 2688 3060 2744 monasterio
3091 2688 3281 2743 abbas
3310 2691 3454 2743 erat.
3489 2686 3589 2742 Hic.
3613 2686 4002 2741 Adalbertum

2350 2779 2758 2852 supradictum
2790 2778 3090 2833 constituit
3139 2775 3253 2831 sibi
3295 2776 3591 2831 decanum
3648 2774 3710 2829 in
3758 2774 4004 2830 basilica

2351 2869 2539 2924 sancti
2568 2866 2859 2924 Martialis.
2913 2867 3095 2936 Hujus
3143 2881 3304 2921 anno
3351 2863 3710 2919 duodecimo
3744 2879 3842 2917 rex
3873 2861 4001 2917 Hlo-

2351 2958 2577 3014 tliarius
2633 2955 2976 3012 Lemovicas
3029 2953 3209 3020 venit,
3258 2952 3655 3026 princepitquc
3705 2949 3906 3007 abbati
3939 2956 4004 3006 ut
4056 2990 4063 2995 .

2350 3048 2671 3103 aediﬁcaret
2700 3060 2905 3100 muros
2937 3043 3144 3109 castri;
3172 3043 3274 3114 qui
3308 3057 3575 3096 reversus
3600 3040 3659 3095 in
3694 3039 4000 3095 Franciam

569 3139 858 3195 riliacum
909 3139 1054 3195 obiit
1106 3141 1271 3195 tertio
1326 3139 1462 3195 Idus
1519 3139 1803 3206 Octobris,
1864 3137 2129 3210 sepultus
2178 3137 2236 3192 in
2280 3170 2319 3223 α
2349 3143 2489 3210 post
2514 3152 2740 3209 paucos
2770 3134 2894 3189 dies
2924 3138 3196 3188 mortuus
3230 3135 3335 3197 est,
3394 3134 3472 3223 etA
3500 3128 3814 3223 progenies
3841 3127 4003 3223 _ejus

568 3228 950 3283 monasterio
980 3229 1125 3283 Petri
1156 3228 1409 3301 apostoli
1435 3228 1600 3300 quod
1648 3227 1773 3300 ipse
1820 3227 2235 3282 zediticaverat.

570 3317 771 3388 Hujus
802 3316 1038 3372 abbatis
1069 3333 1229 3373 anno
1250 3316 1483 3372 decimo
1513 3332 1675 3372 nono
1702 3316 1847 3372 obiit
1895 3314 2238 3372 Guillelmus

567 3407 720 3475 dux,
759 3422 965 3461 comes
994 3406 1289 3472 Arvernis,
1339 3405 1441 3479 qui
1498 3405 1846 3462 Cluniacum
1895 3403 2238 3460 cmnobium

566 3494 900 3551 aedificavit
930 3498 1096 3563 (HO).
1135 3495 1294 3551 Idem
1338 3495 1530 3551 abbas
1579 3494 1885 3549 Fulbertus
1937 3493 2084 3548 obiit
2130 3495 2239 3547 Ka-

563 3584 772 3641 lendis
805 3584 1122 3641 Februarii.

643 3672 955 3747 Septimus
1002 3673 1193 3730 abbas
1241 3674 1576 3746 Stephanus
1627 3672 1860 3745 praefuit
1897 3671 2070 3728 annis
2099 3687 2234 3738 xvu,

567 3765 723 3820 obiit
754 3781 895 3820 xvm
925 3764 1170 3820 Kalend.
1221 3764 1576 3820 Decembris.
1626 3763 1723 3819 Hic
1769 3761 2106 3834 composuit
2144 3777 2239 3817 su-

566 3873 677 3928 per
708 3854 899 3911 altare
928 3854 1248 3910 Salvatoris
1275 3854 1586 3910 ecclesiam
1617 3870 1688 3909 ex
1729 3868 1876 3909 auro
1898 3856 1954 3907 ct
1983 3850 2235 3921 gemmis

567 3952 624 4002 et
655 3949 912 4015 argento
937 3960 1124 4016 quam
1151 3947 1368 3999 vocant
1393 3946 1713 4001 Muneram.
1774 3941 1877 3997 Hic
1934 3945 2124 3996 turres
2172 3939 2232 3996 in

567 4034 822 4091 castello
855 4036 909 4090 S.
941 4032 1212 4090 Martialis
1242 4033 1394 4089 duas
1426 4032 1576 4103 fecit,
1607 4048 1793 4088 unam
1840 4034 2045 4086 contra
2096 4032 2233 4087 Scu-

569 4125 758 4181 tarios
793 4123 1035 4179 nomine
1065 4123 1422 4193 Orgoletam,
1471 4122 1720 4178 alteram
1762 4124 1968 4176 contra
2010 4123 2233 4174 Arenas

566 4213 823 4269 nomine
886 4211 1223 4279 Fustiviam,
1279 4210 1656 4283 praecipiente
1693 4210 1808 4266 hoc
1848 4224 1987 4278 rege
2024 4206 2233 4265 Carolo

565 4304 795 4359 Minore
824 4301 897 4357 ad
926 4301 1336 4373 repellendum
1367 4300 1742 4356 Guillelmum
1772 4298 2008 4367 ducem,
2054 4297 2233 4353 Picta-

565 4392 787 4447 vinum
818 4390 1116 4460 comitem,
1165 4394 1221 4445 et
1267 4406 1338 4445 ex
1381 4388 1621 4445 nomine
1650 4404 1758 4444 suo
1800 4388 2002 4460 ipsum
2028 4385 2233 4441 castel-

562 4482 698 4536 lum
728 4479 1064 4535 nominavit
1093 4479 1476 4551 Stenopolim,
1522 4478 1694 4552 quasi
1722 4476 2003 4549 Stephani
2032 4475 2230 4532 civita-

563 4574 693 4624 tem
727 4570 899 4639 (171).

639 4652 902 4705 Octavus
947 4648 1136 4704 abbas
1187 4648 1356 4703 Almo
1398 4647 1633 4720 praefuit
1676 4646 1850 4702 annis
1901 4662 2023 4702 sex.
2076 4644 2232 4702 Obiit

564 4737 757 4793 Nonis
785 4736 931 4793 Maii.
990 4737 1088 4793 Hic
1139 4737 1461 4793 amicitiam
1507 4735 1718 4792 habuit
1763 4751 1900 4790 cum
1934 4736 1990 4791 S.
2024 4733 2229 4790 Odone

563 4825 950 4882 Cluniacensi
978 4825 1215 4893 abbate,
1250 4825 1345 4881 cui
1369 4825 1543 4897 jussit
1571 4823 1745 4880 edere
1787 4822 1974 4878 Vitam
2022 4824 2077 4880 S.
2130 4824 2232 4877 Ge-

560 4914 746 4969 raldi.
784 4914 881 4968 Hic
910 4914 1268 4985 Turpionem
1317 4913 1667 4986 episcopum
1728 4910 2226 4981 Lemovicensem,

560 5005 818 5058 fratrem
841 5019 1038 5072 suum,
1063 5020 1301 5059 summo
1330 5019 1533 5059 amore
1554 5001 1810 5058 excoluit
1826 5005 1881 5056 et
1902 5000 2067 5056 tertio
2092 5004 2229 5073 post

560 5093 807 5147 obitum
838 5092 967 5162 ejus
996 5109 1156 5148 anno
1187 5093 1381 5148 eidem
1410 5094 1464 5148 S.
1496 5092 1710 5164 Turpio
1743 5090 2060 5164 episcopus
2081 5089 2227 5145 obiit

564 5198 660 5235 \‘llI
692 5180 991 5236 Kalendas
1017 5182 1283 5252 Augusti.
1315 5185 1392 5237 Ex
1427 5183 1596 5255 cujus
1642 5186 1817 5254 nepte
1867 5180 2071 5237 Otticia
2112 5195 2221 5235 no-

558 5273 755 5341 mine,
789 5272 910 5325 nati
949 5276 1087 5326 sunt
1114 5271 1468 5327 Adalbertus
1499 5271 1763 5327 decanus
1811 5276 1867 5327 et
1916 5270 2222 5340 Rotgerius

552 5365 737 5433 patre
770 5358 1075 5416 Fulcherio
1106 5361 1163 5416 in
1189 5362 1430 5434 proprio
1454 5363 1587 5434 jure
1615 5359 2008 5428 hiereditario,
2057 5359 2222 5432 quod

630 5520 788 5595 (168)
828 5522 952 5595 I_mo
981 5522 1181 5591 potius
1211 5523 1476 5579 secunda
1504 5523 1847 5595 irruptione.

626 5590 648 5663 (
666 5596 679 5644 t
696 5591 788 5663 69)
828 5590 1013 5663 Errat.

633 5661 1003 5739 (lZOLQuod
1034 5661 1407 5739 verissimum
1438 5670 1529 5722 est
1578 5682 1930 5739 quanquam
1980 5663 2224 5739 relucte-

555 5737 655 5788 tur
695 5730 1628 5811 Dcslius,scribatque_auctorem
1660 5730 1819 5811 hunc
1848 5736 2065 5811 falsum
2084 5735 2223 5811 tuis-

555 5819 647 5870 se,
684 5818 831 5858 cum
858 5805 987 5875 ipse
1014 5806 1071 5858 et
1095 5818 1168 5858 ex
1192 5805 1349 5863 male
1396 5807 1688 5865 intellecto
1736 5806 2049 5864 Flodoardi
2089 5805 2222 5862 loco

2349 3228 2629 3300 deinceps
2660 3241 2844 3293 regno
2874 3223 3107 3297 privata
3131 3226 3238 3277 est.
3271 3224 3417 3277 Nam
3450 3220 3627 3275 frater
3668 3219 3797 3288 ejus
3828 3220 3976 3275 Caro

2348 3318 2443 3374 lus
2472 3317 2531 3372 in
2564 3330 2862 3374 carcerem
2894 3312 3115 3368 missus
3145 3316 3232 3365 est
3255 3309 3332 3364 ab
3365 3312 3565 3378 Ugoue
3596 3308 3767 3373 duce,
3797 3312 3855 3361 et
3879 3306 4003 3378 ipse

2353 3409 2473 3475 Ugo
2505 3420 2609 3460 rex
2637 3402 2827 3458 factus
2852 3404 2959 3463 est,
2992 3399 3162 3469 cujus
3192 3397 3349 3452 ﬁlius
3398 3396 3709 3461 Bobertus,
3764 3410 3864 3449 rex
3911 3409 4003 3449 sa-

2348 3492 2754 3566 pientissimus
2779 3494 2838 3545 et
2865 3488 3186 3561 piissimus,
3216 3501 3406 3556 usque
3428 3484 3607 3540 hodie
3636 3482 3797 3537 vivit.
3816 3480 4003 3554 Ipsius

2348 3580 2583 3638 abbatis
2614 3578 2954 3653 principatu
2980 3580 3189 3648 crypta
3228 3589 3410 3629 aurea
3442 3570 3714 3629 Martialis
3747 3568 4004 3642 apostoli

2349 3671 2549 3728 media
2578 3674 2749 3725 nocte
2798 3668 2936 3737 igne
2984 3670 3072 3721 est
3119 3663 3434 3720 combusta
3463 3661 3712 3717 cadente
3751 3657 4003 3715 candela

2347 3777 2469 3817 una
2498 3758 2695 3814 minus
2726 3755 3005 3811 restincta
3033 3755 3182 3808 inter
3234 3749 3678 3806 multitudinem
3721 3746 4000 3802 candela-

2347 3867 2497 3915 rum,
2532 3853 2587 3904 et
2608 3847 2837 3919 lapides
2866 3840 3273 3917 pretiosissimi
3316 3844 3450 3896 tunc
3472 3838 3549 3893 ab
3576 3838 3712 3908 igne
3740 3835 3998 3909 corrupti

2348 3942 2503 4004 sunt,
2536 3942 2593 3992 et
2617 3934 2910 4009 quidquid
2942 3933 3097 3989 intra
3136 3932 3384 3987 domum
3418 3930 3613 4002 ipsam
3666 3931 3791 3983 erat
3834 3924 4001 3998 quod

2345 4029 2551 4082 ardere
2600 4028 2851 4098 poterat,
2912 4020 3173 4077 ﬂammis
3222 4020 3672 4075 concrematum
3720 4018 3831 4086 est,
3863 4012 4000 4070 libri

2344 4115 2608 4182 cremati,
2643 4130 2859 4169 aurum
2886 4116 2942 4167 et
2970 4114 3285 4180 argentum
3314 4104 3698 4180 liquefactum
3750 4109 3815 4175 et
3846 4102 4000 4159 intra

2343 4204 2685 4279 quindecim
2712 4202 2837 4257 dies
2866 4200 3052 4273 cripta
3084 4214 3265 4255 aurea
3295 4213 3434 4252 cum
3465 4193 3718 4265 gemmis
3767 4208 3802 4248 a
3839 4207 3998 4247 novo

2341 4298 2677 4351 restaurata
2706 4296 2795 4347 est
2819 4308 2861 4368 .a
2886 4289 3154 4345 Josbcrto
3185 4284 3427 4343 custode
3459 4281 3754 4356 sepulchri
3792 4296 4000 4337 mona-

2342 4386 2473 4441 cho.
2510 4383 2670 4438 Idem
2696 4381 2998 4437 Josbertus
3022 4378 3257 4434 iconem
3288 4389 3535 4431 auream
3558 4371 3746 4427 sancti
3773 4369 3996 4427 Martia-

2342 4474 2413 4529 lis
2440 4470 2693 4544 apostoli
2718 4469 2872 4538 fecit,
2904 4466 3210 4522 sedentem
3239 4478 3418 4535 super
3448 4461 3651 4526 altare,
3699 4462 3755 4514 et
3806 4473 3994 4517 manu

2342 4564 2551 4619 dextra
2600 4558 2896 4632 populum
2952 4553 3423 4618 benedicentcm,
3481 4548 3715 4603 sinistra
3770 4546 3991 4603 librum

2341 4654 2636 4709 tenentem
2688 4644 3004 4713 Evangelii.
3059 4639 3479 4713 Supradictum
3532 4634 3877 4692 incendium
3924 4636 3985 4692 in

2338 4756 2542 4798 mense
2571 4737 2743 4794 Junio
2774 4733 2986 4791 accidit
3015 4736 3149 4789 ante
3197 4727 3570 4785 festivitatem
3612 4724 3798 4781 sancti
3844 4727 3985 4783 Mar-

2338 4830 2514 4888 tialis.

2408 4908 2682 4966 Decimus
2713 4904 2902 4962 abbas
2916 4899 3217 4958 Josfredus
3234 4897 3469 4971 praefuit
3487 4897 3660 4954 annis
3675 4894 3936 4952 vu.0biit
3951 4911 3980 4950 v

2336 5001 2473 5057 ldus
2505 4996 2791 5056 Octobris.
2828 4992 3011 5064 Hujus
3036 4989 3375 5064 principatu
3416 4988 3597 5060 plaga
3623 4985 3776 5056 ignis
3805 5000 3984 5057 super

2334 5104 2586 5161 corpora
2606 5084 3039 5158 Aquitanorum
3065 5077 3326 5134 desaeviit
3355 5080 3411 5132 et
3432 5074 3650 5131 mortui
3680 5078 3818 5129 sunt
3841 5072 3977 5145 plus

2329 5175 2731 5253 quadraginta
2749 5170 2938 5230 millia
2956 5168 3272 5225 hominum
3292 5166 3369 5223 ab
3386 5165 3597 5222 eadem
3624 5161 3977 5237 pestilentia.

2332 5252 2470 5325 ideo
2497 5264 2798 5323 Josfredus
2818 5261 3010 5319 abbas
3054 5264 3110 5314 et
3133 5256 3401 5330 episcopi
3450 5252 3781 5327 Aquitaniae
3828 5252 3978 5309 adu-

2330 5358 2454 5415 nati
2485 5353 2827 5424 Lemovicas
2869 5350 3214 5407 levaverunt
3242 5360 3459 5419 corpus
3489 5342 3680 5401 sancti
3706 5340 3978 5400 Martialis

2331 5516 2631 5586 erraverit,
2685 5510 2935 5586 aliisque
2983 5507 3163 5586 etiam
3207 5504 3619 5563 eruditissimis
3671 5502 3811 5561 viris
3841 5517 3977 5560 cau-

2331 5605 2462 5645 sam
2487 5579 2724 5643 errandi
2753 5579 3088 5657 praebuerit.
3785 5645 3796 5656 .

2403 5658 2547 5705 (ΠΗ
2588 5661 2648 5705 In
2674 5654 2954 5705 Cataloa'o
2985 5648 3203 5705 Gallico
3232 5649 3582 5705 eorumdem
3613 5650 3800 5702 sancti
3837 5647 3979 5701 Mar-

2403 5658 2547 5785 sl'H)
2588 5661 2650 5711 ln
2674 5653 2954 5722 Catalogo
2985 5653 3203 5730 Gallico
3232 5653 3582 5731 earumdem
3613 5653 3800 5702 sancti
3837 5653 3977 5727 Mar-

2329 5732 2409 5788 tia
2432 5730 2481 5784 is
2506 5727 2797 5784 abbatum
2835 5721 3206 5779 emendatius
3257 5719 3469 5778 dicitur
3517 5717 3977 5790 Stephanopohs

2330 5806 2388 5859 et
2414 5804 2601 5874 portas
2629 5797 2927 5864 dicuntur,
2949 5808 3074 5850 non
3099 5796 3311 5850 turres.
