4944 6546
378 0 1198 191 ΠΞἽῌ
748 58 971 155 ἐν’-ἡ-
1046 76 1055 79 4

1567 446 1635 498 83
2726 433 3035 490 ADEMARI
3076 432 3131 486 S.
3174 426 3449 484 CIBARDI
3488 427 3817 485 MONACHI.
4554 388 4557 391 ἱ
4865 441 4915 494 84

1568 564 1822 638 apostoli
1871 568 1927 620 et
1982 565 2040 618 in
2098 566 2365 618 montem
2414 559 2623 616 Gaudii
2672 556 3113 620 transtulerunt,
3158 557 3213 608 et
3249 555 3294 607 A
3324 551 3663 624 apostolatu
3720 550 3908 607 sancti
3961 548 4254 615 Martialis,
4286 565 4392 604 cur
4447 548 4547 604 alii
4591 548 4650 605 in
4683 558 4913 626 apostolo.

1567 653 1782 708 exinde
1808 652 1997 726 pridie
2030 655 2225 706 Nonas
2259 649 2597 705 Decembris
2625 646 2854 703 tumulo
2900 661 3010 699 suo
3060 642 3223 697 resti-

1568 746 1825 809 tuerunt,
1854 745 1909 796 et
1937 740 2189 796 cessavit
2217 738 2549 811 pestilentia
2578 736 2756 805 ignis.
2806 735 2904 790 Hic
2948 734 3020 788 de
3054 733 3225 788 icona

1567 848 1750 888 aurea
1793 831 2058 888 loculum
2107 830 2241 885 fecit
2286 844 2536 884 aureum
2566 844 2701 882 cum
2736 824 2989 893 gemmis
3014 824 3073 878 in
3104 838 3224 894 quo

1565 927 1804 978 vectum
1835 925 1923 977 est
1948 936 2165 993 corpus
2188 918 2376 973 sancti
2401 916 2695 973 Martialis.
2727 916 2824 971 llic
2847 915 2998 969 duas
3023 928 3225 969 cruces

1566 1028 1638 1067 ex
1666 1028 1813 1067 auro
1840 1015 1897 1066 et
1929 1009 2186 1077 gemmis
2221 1008 2372 1063 fecit.

1641 1100 2002 1157 Undecimus
2038 1098 2229 1154 abbas
2255 1095 2623 1152 Adalbaldus
2656 1095 2889 1168 pl‘tl‘fllii
2929 1094 3101 1149 annis
3145 1110 3221 1148 ix.

1570 1191 1670 1245 Hic
1718 1190 1998 1259 regaliter
2044 1188 2356 1243 basilicam
2397 1188 2452 1242 S.
2510 1185 2783 1241 Martialis
2834 1184 3223 1256 recuperavit-

1570 1280 1754 1351 llujus
1778 1278 2112 1352 principatu
2142 1276 2515 1349 supradictus
2554 1275 2817 1329 dccanus
2849 1274 3219 1339 Adalbertus,

1569 1369 1658 1425 vir
1689 1368 2080 1436 clarissimus,
2115 1366 2259 1420 obiit
2295 1382 2353 1419 x1
2389 1363 2683 1419 Kalendas
2718 1364 2862 1419 Maii.
2893 1365 3065 1418 Juxta
3088 1381 3222 1417 cum

1570 1462 1840 1513 mortuus
1895 1460 1983 1511 est
2040 1453 2409 1510 Adalbaldus
2451 1452 2618 1508 tertio
2667 1469 2870 1507 mense
2916 1454 3026 1508 hoc
3054 1458 3140 1508 est
3168 1470 3223 1507 x1

1569 1545 1866 1602 Kalendas
1898 1542 2168 1614 Augusti.

1642 1634 2040 1690 Duodecimus
2074 1633 2266 1688 abbas
2299 1632 2503 1687 itidem
2524 1631 2831 1687 Josfrcdus
2861 1633 3091 1704 prtrfuit
3123 1650 3225 1687 an-

1568 1724 1661 1779 nis
1693 1724 2034 1779 duodecim.
2068 1723 2167 1778 Hic
2197 1738 2482 1777 coronam
2517 1738 2761 1776 auream
2791 1739 2927 1777 cum
2974 1724 3225 1787 gemmis

1568 1814 1927 1882 pendentem
1953 1817 2086 1867 ante
2118 1828 2335 1884 corpus
2367 1811 2526 1867 beati
2559 1810 2831 1865 Martialis
2863 1810 3010 1864 fecit.
3061 1811 3155 1864 llic
3188 1826 3223 1865 a

3332 659 3486 707 rum,
3520 643 3616 698 alii
3647 642 3705 697 in
3740 640 4157 696 confessorum
4187 655 4441 695 numero
4496 656 4635 695 cum
4678 646 4836 702 tenere
4858 651 4905 704 vi-

3331 731 3645 787 debantur.
3681 731 3791 797 Qui
3822 730 3881 785 in
3909 745 4163 785 numero
4192 729 4608 784 confessorum
4649 747 4763 788 eum
4795 741 4908 794 tene-

3333 820 3498 888 bant,
3533 820 3666 876 ideo
3696 822 3810 876 hoc
3842 819 4103 889 agebant
4131 818 4274 891 quia
4296 834 4420 874 non
4449 818 4909 899 putabantaliquos

3332 925 3463 965 esse
3522 908 3825 982 apostolos
3880 913 4095 982 prieter
4137 907 4479 963 duodecim.
4530 907 4639 964 Alii
4682 926 4798 968 vero
4831 917 4912 973 hoc

3335 1000 3616 1070 agebant,
3648 1000 3793 1072 quia
3824 1015 4047 1054 nomen
4078 999 4209 1070 ejus
4240 998 4301 1053 in
4330 1002 4592 1071 quatuor
4616 1005 4913 1072 evangelistis

3332 1105 3455 1144 non
3498 1088 3890 1161 reperiebant.
3954 1089 4064 1153 Qui
4107 1104 4245 1143 vero
4290 1087 4510 1144 saniori
4542 1090 4914 1152 consilioizutcl-

3334 1178 3482 1233 lecta
3512 1177 3842 1250 sapiebant,
3876 1177 4262 1233 afﬁrmabant
4289 1193 4427 1232 eum
4472 1193 4605 1233 esse
4646 1183 4912 1253 apostolum

3335 1284 3520 1322 unum
3550 1268 3914 1338 praecipuum
3943 1271 4079 1339 post
4108 1265 4449 1338 duodecim,
4494 1266 4635 1339 quia
4661 1285 4779 1325 cum
4813 1272 4915 1328 duo-

3333 1356 3525 1412 decim
3558 1361 3944 1412 convcrsatus
3978 1360 4063 1411 est
4095 1356 4447 1411 cteamdem
4475 1356 4713 1425 gratiam
4735 1368 4915 1433 aposto~

3332 1441 3506 1511 latus,
3534 1459 3719 1515 quam
3750 1448 3806 1499 et
3835 1443 3935 1511 illi,
3970 1461 4006 1500 a
4041 1444 4295 1500 Domino
4329 1444 4599 1517 accipere
4633 1449 4830 1507 meruit.
4870 1455 4917 1507 tu

3333 1548 3455 1603 quo
3486 1532 3735 1587 concilio
3766 1533 3845 1588 ab
3874 1534 4157 1589 omnibus
4186 1532 4501 1590 definitum
4549 1538 4633 1591 est
4671 1551 4775 1593 non
4814 1555 4915 1596 cum

3334 1622 3635 1676 numerari
3666 1621 3780 1676 nisi
3828 1622 3888 1678 in
3929 1622 4202 1692 catalogo
4247 1622 4675 1695 apostolorum,
4719 1626 4842 1685 sicut
4876 1637 4917 1685 ct

3331 1713 3586 1765 Joannes
3617 1712 4002 1779 evangelista,
4032 1713 4133 1785 qui
4165 1713 4225 1768 in
4254 1730 4405 1786 pace
4431 1713 4711 1783 migravit,
4732 1715 4913 1774 debere.

3336 1803 3478 1854 Nam
3512 1801 3769 1872 plurima
3814 1802 4151 1859 testimonia
4199 1807 4433 1875 reperta
4475 1807 4612 1858 sunt
4659 1806 4913 1878 antiquitus

1568 1918 1726 1957 novo
1752 1902 2062 1956 basilicam
2098 1901 2415 1957 Salvatoris
2465 1900 2788 1965 magnifico
2836 1916 3013 1971 0pm
3063 1919 3231 1955 pono.
3270 1910 3307 1963 Β
3337 1906 3471 1943 cum
3508 1893 3563 1944 in
3596 1890 3829 1945 Litaniis
3860 1892 3999 1947 etin
4029 1891 4155 1947 aliis
4186 1892 4420 1964 scriptis
4450 1892 4767 1964 apostolum
4794 1896 4913 1952 fateri

1570 1990 1749 2047 vavit.
1786 1991 1967 2061 Hujus
1998 1991 2163 2046 tertio
2204 2006 2365 2044 anno
2417 1989 2754 2061 sepulcrum
2811 1990 3039 2045 Domini
3088 1995 3226 2051 Jcsu

1571 2079 1780 2135 Christi
1811 2079 1974 2151 apud
2004 2079 2477 2151 Hierosolymam
2510 2078 2879 2133 confractum
2922 2085 3007 2133 est
3056 2098 3087 2135 a
3126 2086 3224 2138 Sa-

1569 2168 1799 2224 racenis
1829 2168 2144 2235 etJudaeis,
2198 2173 2253 2223 et
2311 2171 2535 2221 caeteras
2584 2168 2845 2222 ecclesize
2895 2186 2999 2240 per
3030 2171 3223 2243 ipsam

1570 2255 1941 2326 provinciam
1973 2272 1985 2309 :
2021 2255 2150 2309 sola
2177 2254 2423 2310 ecclesia
2453 2254 2807 2321 Bcthlehetn,
2871 2256 2971 2310 ubi
3025 2265 3223 2329 natus,

1571 2350 1680 2407 est,
1711 2344 2001 2413 confringi
2032 2360 2153 2399 non
2180 2344 2388 2417 potuit.
2425 2346 2571 2399 Nam
2602 2344 2787 2399 virtus
2834 2346 2929 2400 Dei
2958 2363 3089 2403 eam
3122 2349 3224 2404 de-

1572 2434 1779 2504 fendit,
1838 2438 1893 2489 ct
1952 2437 2276 2489 Saracenos
2328 2433 2431 2505 qui
2479 2447 2613 2488 eam
2658 2434 2878 2489 violare
2920 2444 3221 2505 venerant,

1572 2521 1834 2593 pessima
1863 2526 2051 2577 morte
2084 2538 2292 2576 omnes
2324 2522 2602 2578 exstinxit
2629 2542 2641 2578 :
2673 2532 3025 2595 crepuerunt
3066 2529 3223 2584 enim

1570 2627 1712 2666 mox
1742 2610 2048 2666 ventribus
2082 2627 2310 2678 omnes,
2361 2617 2418 2667 et
2462 2612 2548 2667 ira
2578 2612 2674 2666 Dei
2704 2619 2904 2669 secuta
2935 2621 3020 2671 est
3053 2634 3227 2688 super

1571 2702 1915 2766 Saracenos,
1944 2704 2000 2754 et
2030 2700 2248 2755 mcrtui
2282 2706 2420 2756 sunt
2452 2708 2572 2756 tam
2623 2702 2780 2756 fame
2828 2720 3012 2773 quam
3054 2708 3226 2777 pesti-

1564 2788 1743 2844 lentia
1771 2805 1876 2861 per
1901 2794 2014 2844 tres
2044 2806 2236 2846 annos
2287 2792 2719 2845 Saracenorum
2766 2796 2820 2846 et
2875 2794 3223 2851 Jlulet'llm

1564 2877 1697 2949 plus
1727 2892 1911 2950 quam
1942 2878 2291 2948 nongenties
2326 2884 2563 2933 centum
2595 2878 2798 2934 millia.
2844 2882 3222 2939 (Zonfractum

1563 2973 1649 3021 est
1676 2972 1874 3021 autem
1900 2966 2060 3022 idem
2091 2967 2434 3038 sepulcrum
2484 2968 2651 3023 tertio
2706 2968 3001 3024 Kalendas
3051 2973 3221 3027 Octo-

1558 3055 1704 3125 bris,
1735 3060 1792 3111 et
1815 3072 1957 3111 mox
1988 3056 2066 3111 ab
2093 3056 2239 3127 ipsis
2274 3056 2611 3111 Saracensis
2640 3057 2818 3129 C(Ppit
2840 3058 3217 3127 rezedificari;

1562 3143 1803 3199 fuerunt
1832 3145 1990 3199 enim
2027 3144 2235 3199 timore
2267 3144 2574 3216 perterriti.
2602 3146 2785 3214 llujus
2803 3146 3036 3201 abbatis
3059 3164 3219 3203 anno

3333 1995 3438 2050 per
3468 1979 3713 2034 Galliam
3746 1984 3801 2034 ct
3826 1980 4208 2037 Britanniam.
4242 1980 4466 2036 Italiam
4518 1984 4575 2036 et
4615 1981 4912 2055 Hispaniam,

3334 2075 3387 2124 el
3414 2070 3543 2123 illos
3569 2088 3699 2123 esse
3724 2070 4063 2126 llcbionitas
4094 2072 4421 2139 hmreticos,
4453 2070 4561 2144 qui
4588 2087 4699 2128 non
4726 2074 4919 2130 credunt

3333 2166 3545 2233 printer
3574 2160 3891 2217 duodecim
3920 2161 4244 2233 apostolos.
4268 2165 4416 2218 Nam
4448 2165 4610 2229 gesta
4648 2163 4758 2234 ejus
4780 2181 4915 2219 cauo-

3334 2251 3467 2305 nica
3526 2266 3762 2321 semper
3818 2249 3894 2305 ab
3927 2250 4185 2306 Ecclesia
4214 2256 4451 2323 recepta
4500 2252 4639 2307 satis
4677 2252 4919 2309 declarant

3334 2339 3707 2410 privilegium
3740 2338 4108 2410 apostolatus
4135 2340 4300 2410 ejus;
4334 2344 4390 2395 et
4417 2340 4564 2413 quia
4594 2340 4709 2396 sine
4735 2342 4913 2397 dubita-

3335 2428 3487 2481 tione
3534 2443 3687 2481 unus
3745 2432 3831 2483 est
3878 2428 3952 2482 de
4000 2428 4379 2499 septuaginta
4422 2428 4660 2484 duobus
4697 2431 4915 2503 apostolis

3332 2534 3483 2588 quos
3512 2517 3798 2571 Dominus
3828 2517 3987 2573 misit
4016 2518 4175 2574 velut
4205 2534 4395 2586 agnos
4421 2517 4575 2574 inter
4596 2518 4773 2591 lupos,
4806 2537 4917 2592 quos

3336 2606 3712 2677 septuaginta
3741 2606 3894 2660 duos
3921 2623 4043 2662 non
4067 2607 4264 2662 solum
4303 2607 4510 2675 Graeci,
4550 2624 4744 2664 verum
4786 2609 4924 2664 etiam

3335 2699 3519 2750 Lucas
3547 2696 3909 2761 evangelista
3938 2701 3995 2752 et
4018 2696 4234 2752 Paulus
4262 2696 4573 2769 apostolus
4619 2697 4675 2753 in
4721 2699 4925 2770 Epistula

3331 2784 3409 2839 ad
3442 2784 3769 2839 Corinthios
3794 2784 3989 2856 prima
4019 2790 4189 2841 vocat
4219 2785 4552 2857 apostolos.
4582 2788 4720 2842 Nam
4736 2786 4928 2858 etaputl

3332 2877 3563 2927 Graecos
3592 2874 3977 2945 saliiicntiores
3998 2874 4273 2929 Martialis
4302 2874 4613 2947 apostolus
4640 2875 4927 2930 notissimus

3330 2968 3434 3018 est.
3470 2964 3569 3017 llic
3598 2981 3632 3018 a
3666 2963 3907 3018 Francia
3933 2963 4169 3018 rediens
4201 2979 4343 3019 mox
4375 2964 4531 3020 sicut
4561 2964 4823 3037 comperit
4861 2980 4929 3017 ve-

3328 3053 3559 3108 ritatem
3586 3054 3645 3107 in
3677 3053 3945 3120 concilio,
3974 3053 4296 3109 Martialem
4351 3054 4592 3126 scripsit
4633 3054 4689 3109 in
4737 3054 4926 3110 Litauiis

3330 3143 3475 3197 inter
3506 3143 3827 3215 apostolos,
3878 3158 4001 3199 non
4053 3142 4363 3199 conﬁdens
4420 3143 4792 3216 disputationi
4832 3160 4928 3217 pro-

1562 3234 1819 3302 decimo,
1875 3234 2195 3290 Dominicre
2241 3236 2473 3289 mediae.
2509 3236 2993 3305 Quadragcsimae
3024 3246 3214 3307 nocte,
3257 3263 3297 3318 ρ
3330 3232 3493 3303 prim,
3528 3232 3629 3285 sed
3658 3231 3919 3304 antiquis
3951 3231 4325 3301 testimoniis,
4375 3236 4433 3288 et
4479 3231 4690 3288 exinde
4734 3249 4797 3288 ex
4825 3237 4926 3287 toto.

1563 3324 1711 3380 dum
1761 3325 2047 3381 intrarent
2098 3325 2286 3380 turbae
2329 3326 2405 3380 ad
2456 3326 2763 3381 Matutinas
2810 3326 2868 3381 in
2914 3327 3218 3385 basilicam

1562 3416 1858 3468 vetustam
1893 3412 2229 3482 Salvatoris,
2263 3412 2653 3486 impressione
2683 3414 2868 3469 nimia
2899 3416 2957 3469 in
2981 3416 3217 3473 introitu

1565 3506 1872 3572 portarum
1927 3502 2366 3575 quinquaginta
2423 3502 2545 3557 duo
2625 3504 2897 3558 homines
2950 3506 3219 3562 exstincti

1565 3597 1718 3647 sunt.
1756 3593 1907 3648 Obiit
1937 3593 2063 3664 ipse
2089 3592 2389 3647 Josfredus
2421 3593 2600 3648 Nonis
2634 3595 2988 3651 Decembris.

1636 3682 1906 3737 Decimus
1940 3682 2140 3738 tertius
2168 3682 2357 3737 abbas
2386 3685 2553 3748 Hugo
2585 3684 2812 3755 praefuit
2860 3685 3031 3739 annis
3091 3704 3216 3743 sex.

1562 3770 1660 3826 Hic
1687 3771 1745 3827 in
1772 3772 2015 3827 Francia
2046 3771 2424 3827 collationem
2470 3772 2603 3827 fecit
2630 3789 2768 3827 cum
2797 3789 2933 3843 rege
2968 3775 3219 3832 Roberto

1559 3865 1616 3917 et
1680 3862 2130 3934 archiepiscopo
2189 3861 2531 3917 Bituricensi
2584 3862 2901 3932 (ianzleno,
2962 3869 3017 3921 et
3078 3883 3217 3922 cum

1558 3950 1760 4006 multis
1800 3950 2097 4022 episcopis
2124 3954 2180 4006 et
2207 3949 2579 4022 sapientibus
2629 3950 2766 4005 viris
2818 3953 3093 4023 Franciae,
3143 3955 3219 4010 de

3328 3337 3450 3376 non
3481 3338 3549 3377 ex
3598 3326 3762 3393 parte
3813 3321 4086 3377 Martialis
4131 3321 4504 3378 acclamatus
4542 3326 4629 3378 est
4674 3321 4925 3395 apostolus

3329 3410 3405 3464 ab
3437 3410 3718 3465 omnibus
3749 3410 4072 3479 catholicis,
4107 3415 4163 3468 et
4205 3410 4443 3466 confusi
4476 3415 4615 3467 sunt
4645 3411 4926 3466 Hebionitur.

3332 3501 3513 3569 Hujus
3546 3505 3708 3555 sexto
3739 3516 3899 3556 anno
3938 3500 4085 3555 obiit
4135 3500 4420 3571 Rogerius
4461 3500 4643 3556 frater
4687 3499 4926 3555 Adalbcrti

3328 3590 3559 3654 decani,
3610 3589 3696 3643 vir
3748 3589 4131 3659 clariSsimus,
4192 3594 4249 3646 et
4277 3607 4453 3645 meus
4484 3590 4759 3659 magister
4786 3595 4831 3644 et
4860 3604 4928 3659 pa-

3331 3683 3514 3746 truus,
3548 3684 3711 3732 sexto
3746 3676 4039 3732 Kalendas
4071 3677 4232 3745 Maii;
4266 3683 4401 3749 post
4433 3695 4580 3734 eum
4629 3678 4720 3733 die
4770 3677 4925 3732 ίτὶρρδέο

3329 3784 3429 3822 ma
3461 3767 3726 3822 secunda
3757 3771 4030 3822 mortuus
4060 3772 4148 3823 est
4193 3767 4353 3823 idem
4402 3768 4605 3825 abbas
4638 3770 4771 3837 Ugo,
4813 3772 4925 3820 SCXit'

3332 3857 3625 3911 Kalendas
3655 3856 3810 3912 Junii
3843 3873 3856 3912 :
3889 3872 4152 3930 quorum
4182 3858 4419 3914 animas
4469 3858 4579 3915 tibi
4609 3854 4922 3914 commendo.

3332 3946 3577 4007 Domine
3606 3949 3631 4001 J
3638 3962 3763 4002 esu.

1567 4075 1739 4161 Quae
1775 4088 2170 4172 sequuntur
2206 4099 2347 4147 non
2386 4088 2557 4147 sunt
2587 4076 2957 4168 Adcmarz',
3004 4080 3131 4152 sed
3162 4082 3452 4156 alterius
3482 4073 3883 4170 czljztspiam
3915 4072 4264 4164 monachi,
4309 4072 4549 4145 Heliae
4588 4074 4672 4146 de
4700 4072 4921 4169 Roﬁam

1762 4248 1791 4269 Ι

1634 4295 1905 4350 Decimus
1936 4299 2183 4368 quartus
2215 4295 2403 4351 abbas
2450 4296 2756 4353 Odolricus
2801 4299 3053 4371 praefuit.
3108 4306 3218 4359 Iste

1560 4384 1934 4457 comparavit
1959 4384 2081 4439 duo
2111 4384 2290 4457 pallia
2319 4385 2579 4456 leonina,
2611 4392 2667 4441 et
2699 4391 2921 4443 textum
2954 4392 3219 4460 Evange-

1558 4474 1618 4530 lii
1650 4474 1941 4530 minorem
1972 4475 2044 4529 dc
2072 4491 2237 4543 auro,
2266 4480 2322 4530 et
2351 4476 2485 4531 fecit
2514 4476 2792 4531 dedicare
2824 4483 3005 4550 caput
3046 4479 3213 4535 istius

1557 4563 1821 4619 ecclesiae
1875 4581 2012 4619 cum
2052 4580 2275 4633 magno
2331 4566 2580 4633 honore,
2636 4571 2693 4621 et
2745 4567 2994 4623 redemit
3056 4569 3212 4624 duas

1556 4652 1859 4723 ecclesias,
1905 4670 2109 4709 muros
2157 4658 2214 4709 et
2261 4654 2592 4710 castellum.
2650 4655 2865 4721 Quinto
2918 4656 3215 4712 Kalendas

1560 4742 1808 4798 Octibris
1839 4741 2001 4798 obiit.

1628 4831 1904 4886 Decimus
1944 4832 2188 4903 quintus
2216 4834 2416 4887 Petrus
2441 4832 2633 4888 abbas
2662 4833 2916 4906 praefuit,
2948 4835 3053 4907 qui
3083 4834 3217 4892 fecit

1558 4925 1793 4993 portam
1820 4937 1856 4977 a
1885 4922 2272 4977 Mourmelier.

1633 5011 1904 5067 Decimus
1935 5016 2134 5068 sextus
2159 5016 2299 5085 post
2326 5028 2465 5067 eum
2496 5012 2835 5069 Mainardus
2851 5014 3043 5069 abbas
3070 5030 3213 5087 prae-

1560 5100 1683 5157 fuit.

1631 5190 1904 5247 Decimus
1932 5190 2223 5264 septimus
2268 5190 2381 5247 loci
2432 5191 2600 5248 istius
2649 5192 2841 5248 abbas
2889 5198 3107 5249 sanctae
3148 5210 3216 5250 ac

1561 5280 1917 5336 venerabilis
1949 5283 2256 5337 memoriae
2287 5281 2570 5338 dominus
2622 5283 2838 5339 exstitit
2862 5284 3213 5339 Ademarus.

1563 5368 1661 5424 llic
1710 5369 1887 5439 igitur
1913 5377 2209 5443 quantum
2239 5371 2439 5426 locum
2477 5371 2638 5427 hunc
2690 5388 2807 5444 prae
2860 5374 3084 5428 caeteris
3112 5374 3217 5445 qui

1564 5463 1697 5513 ante
1729 5476 1789 5512 sc
1821 5458 2074 5529 fuerant,
2112 5459 2529 5527 nobilitaverit,
2588 5460 2910 5532 qualiterve
2968 5478 3107 5516 eum
3154 5461 3216 5516 in

1565 5547 1771 5601 ordine
1802 5550 1859 5601 et
1890 5545 2189 5617 religione,
2224 5548 2519 5621 simulque
2568 5548 2627 5602 in
2674 5565 2870 5603 rerum
2921 5554 3216 5620 tempora-

1565 5634 1713 5689 lzum
1756 5634 1931 5704 copia
1984 5636 2368 5707 ampliaverit,
2422 5637 2499 5692 ad
2547 5638 2794 5710 plenum
2838 5638 3063 5692 narrari
3094 5654 3215 5693 non

1566 5728 1779 5795 potest.
1814 5723 2092 5777 Postluec
2124 5724 2299 5794 igitur
2325 5730 2381 5780 et
2409 5727 2525 5782 alia
2567 5727 2730 5783 bona
2767 5728 3217 5800 quamplurima

1569 5828 1704 5867 cum
1723 5828 1831 5884 per
1849 5811 2300 5883 quinquagenm
2331 5830 2520 5871 annos
2549 5822 2605 5873 et
2630 5834 2845 5873 novem
2874 5834 3111 5873 menses
3133 5818 3216 5873 Ιο-

2975 4180 3345 4270 nominati,
3421 4180 3557 4245 etc.

3328 4314 3464 4360 cum
3525 4298 3704 4353 istum
3761 4294 4031 4364 religiose
4079 4298 4257 4366 atque
4288 4294 4551 4352 fideliter
4581 4295 4920 4366 gubernasse.

3326 4394 3670 4465 ipsumque,
3703 4388 3767 4440 ut
3795 4384 4021 4439 dictum
4054 4388 4161 4455 est,
4182 4383 4357 4439 bonis
4383 4385 4682 4440 omnibus
4711 4384 4921 4439 adornas

3328 4486 3433 4548 set,
3495 4493 3654 4533 anno
3703 4474 3782 4530 ab
3832 4473 4240 4529 incarnatione
4285 4475 4533 4531 Domini
4590 4478 4719 4531 illi
4754 4474 4803 4530 in
4827 4486 4920 4544 patr

3325 4569 3569 4643 quievit,
3602 4564 3836 4619 decimo
3868 4563 4164 4619 Kalendas
4197 4564 4600 4637 Septembris,
4646 4569 4700 4620 et
4735 4564 4787 4619 in
4818 4558 4923 4630 capi-

3324 4659 3447 4714 tulo
3472 4653 3740 4728 quiescit.

3395 4746 3668 4803 Decimus
3694 4746 3941 4797 octavus
3970 4742 4189 4798 exstitit
4218 4744 4571 4801 Bernardus
4601 4744 4795 4801 abbas.

3395 4836 3671 4892 Decimus
3720 4847 3917 4887 nonus
3970 4831 4232 4887 domnus
4289 4834 4688 4904 Amblardus,
4754 4844 4923 4897 magna?

3324 4924 3625 4994 religionis
3652 4926 3708 4977 et
3733 4922 4058 4977 honestatis
4102 4922 4210 4990 vir,
4256 4923 4318 4978 in
4369 4926 4559 4996 cujus
4586 4931 4823 4996 tempore
4854 4919 4921 4972 hoc

3324 5014 3756 5072 monasterium
3802 5028 3940 5068 cum
3986 5012 4285 5083 adjacenti
4334 5014 4484 5072 villa
4542 5013 4800 5072 incendio
4837 5023 4925 5063 corr

3325 5110 3655 5161 crematum
3708 5107 3795 5159 est
3851 5104 4020 5173 (173).
4091 5103 4258 5159 Rexit
4328 5106 4768 5162 monasterium
4820 5096 4923 5154 istud

3327 5211 3433 5267 per
3487 5209 3678 5249 annos
3728 5191 3931 5261 viginti
3982 5195 4137 5247 octo.
4199 5192 4354 5249 Obiit
4439 5210 4611 5252 anno
4671 5196 4806 5250 Hii}.
4858 5196 4923 5247 Qu

3326 5282 3607 5354 praecepit
3667 5280 4018 5336 consulibus
4066 5284 4132 5337 ut
4183 5280 4459 5339 facerent
4506 5300 4714 5339 muros
4761 5287 4807 5337 et
4851 5278 4923 5332 f0:-

3328 5378 3473 5427 sata.

3397 5460 3718 5515 Vicesimus
3746 5460 3961 5516 exstitit
3987 5460 4179 5515 abbas
4205 5460 4517 5531 Albertus,
4550 5464 4643 5518 vir
4669 5458 4919 5518 admon

3327 5550 3636 5613 religiosus
3671 5556 3724 5603 ct
3756 5549 4064 5619 honestus,
4098 5551 4247 5605 rexit
4275 5568 4387 5623 per
4432 5569 4635 5607 annos
4667 5548 4893 5607 tredecim

3327 5640 3470 5695 obiit
3501 5655 3659 5693 anno
3695 5643 3848 5703 11ξὶ0,
3878 5638 4087 5710 quinto
4122 5641 4258 5693 ldus
4290 5642 4584 5707 Augusti.

3399 5729 3721 5783 Vicesimus
3778 5729 4004 5800 primus
4050 5728 4311 5784 domnus
4356 5732 4600 5799 Petrus,
4648 5731 4729 5786 vir
4770 5736 4915 5782 manli

3326 5817 3627 5885 religionis
3670 5821 3725 5872 et
3752 5818 4095 5884 honestatis,
4128 5818 4365 5889 praefuit
4388 5825 4774 5893 perquatuor
4795 5828 4916 5870 auum

1639 5909 1653 5965 t
1670 5913 1788 5966 173)
1828 5912 1999 5965 Anno
2028 5914 2177 5977 1121,
2212 5910 2591 5969 combustum
2624 5919 2888 5972 castrum
2922 5917 2977 5971 S.
3010 5914 3283 5971 Martialis
3310 5920 3367 5970 et
3390 5914 3825 5971 monasterium
3854 5914 4041 5988 ipsius
4070 5932 4211 5972 cum
4240 5917 4547 5976 omnibus
4578 5916 4829 5977 ofﬁcinis.
