4944 6506
589 335 652 385 85
1655 338 2206 395 COMMEMORATIO
2250 335 2578 390 ABBATUM
2621 334 2868 388 LEMOV.
3931 334 3998 385 86

590 460 645 509 et
673 471 911 511 menses
945 461 1080 514 tres.
1127 459 1278 516 Obiit
1325 461 1684 519 duodecimo
1735 480 1895 519 anno
1943 463 2238 518 Kalendas
2277 461 2616 512 Amensem
2659 461 2982 528 antequam
3037 454 3365 519 decederet,
3408 470 3563 507 Ctlt‘tt'.
3616 450 3896 523 pastorali
3940 451 3997 505 in

593 544 972 614 Septembris.

661 632 984 689 Vicesimus
1029 637 1330 692 secundus
1381 639 1570 695 abbas
1617 643 1837 707 Petrus,
1875 640 1962 694 vir
2004 655 2239 708 magnae

587 722 889 792 religionis
923 729 979 779 et
1006 725 1351 794 honestatis,
1386 745 1832 801 pi'avorunique
1877 745 2113 784 morum
2161 728 2238 783 ri-

587 812 762 880 gidus
791 817 1102 869 corrector.
1133 815 1298 871 Rexit
1328 833 1432 890 per
1454 818 1735 874 tredecim
1766 835 1958 874 annos
1987 824 2041 874 et
2070 834 2237 872 men—

587 919 681 957 ses
714 907 867 959 octo.
903 903 1056 960 Obiit
1097 910 1313 977 quarto
1360 907 1496 962 ldus
1548 909 1928 980 Septembris,
1961 925 2119 964 anno
2161 907 2238 962 ab

582 989 992 1048 incarnatione
1024 994 1255 1049 Domini
1287 999 1441 1052 116i.
1478 997 1539 1051 In
1569 1014 1689 1069 quo
1724 1013 1883 1053 anno
1915 997 2119 1052 sedata
2149 1000 2240 1051 est

585 1083 908 1150 tempestas
929 1081 1078 1136 inter
1103 1083 1417 1138 Henricum
1440 1085 1867 1156 probissimum
1889 1101 2088 1152 regem
2118 1088 2236 1139 An-

580 1165 716 1235 glize
748 1173 909 1223 terrae
938 1173 994 1224 et
1021 1169 1174 1225 ﬁlios
1207 1188 1370 1239 suos,
1404 1189 1539 1244 quae
1574 1173 1689 1229 tere
1721 1190 1826 1246 per
1856 1174 2009 1229 duos
2040 1189 2233 1228 annos

579 1255 842 1325 duravit,
875 1263 982 1314 etc.
1035 1260 1225 1315 Helias
1269 1261 1342 1316 de
1397 1263 1635 1318 ltotiaco
1679 1264 2023 1336 capellanus
2064 1281 2231 1333 suus,

578 1362 792 1402 earum
822 1364 1020 1405 rerum
1069 1350 1337 1423 scriptor,
1367 1368 1545 1424 quem
1598 1353 1671 1408 de
1717 1370 1824 1408 suo
1860 1353 2233 1424 beneplaeito

574 1436 762 1506 hujus
793 1437 1053 1494 ecclesiae
1083 1441 1449 1495 monachum
1476 1441 1627 1496 fecit.

651 1527 982 1583 Vicesimus
1013 1529 1214 1584 tertius
1242 1530 1435 1585 abbas
1463 1530 1723 1586 domnus
1749 1532 2121 1600 lsembertus,
2147 1531 2233 1586 vir

573 1616 932 1672 mitissimus
965 1621 1019 1674 et
1060 1618 1315 1691 quietus,
1339 1624 1394 1675 et
1423 1620 1499 1676 ad
1523 1624 1793 1693 potentes
1826 1620 2078 1675 multum
2107 1636 2233 1689 gra-

573 1705 788 1763 tiosus.
825 1707 1202 1763 Exactionem
1222 1725 1409 1780 quam
1436 1709 1751 1781 episcopus
1776 1709 2227 1775 Lemovicensis,

568 1793 670 1848 vel
702 1795 978 1850 canonici
1010 1796 1121 1851 sub
1152 1797 1392 1853 nomine
1410 1798 1760 1863 confratrite,
1786 1814 1820 1852 a
1850 1797 2076 1870 populo
2102 1797 2227 1852 vio-

568 1884 768 1940 lenter
796 1885 1174 1958 expetebant,
1209 1887 1428 1943 sedulis
1455 1887 1976 1945 reclamationibus
2005 1887 2231 1943 irritam
2271 1873 2309 1924 Β

568 1973 733 2031 fecit.
772 1975 934 2031 Rexit
963 1991 1069 2048 per
1108 1976 1315 2047 viginti
1357 1982 1616 2050 quatuor
1658 1993 1866 2034 annos.
1908 1980 2012 2034 Per
2041 1993 2229 2033 unum

571 2180 847 2264 Reliqua
879 2201 993 2240 non
1018 2193 1341 2264 potuerunt
1374 2184 1490 2263 legz
1523 2186 1584 2243 z'n
1612 2203 1720 2244 ms.
1749 2182 2193 2264 σοίὶιέελίγιᾳιιξί
2239 2181 2500 2240 Joannes
2530 2177 2786 2264 Bas-lius,
2823 2197 2873 2236 cz

2350 546 2607 617 capitulo
2629 545 2947 613 resiguavit
2973 564 2983 610 ;
3009 549 3221 599 etcum
3250 543 3325 597 ad
3349 542 3505 596 diem
3529 541 3839 612 prtetixum
3866 556 3995 610 per-

2349 636 2596 705 agendte
2625 634 2922 690 electionis
2957 639 3075 689 tam
3098 633 3357 688 domnus
3379 631 3567 686 abbas
3594 627 3996 684 Cluniacensis

2347 741 2531 796 quam
2558 723 2782 796 priores
2813 727 2867 777 et
2898 722 3217 795 praepositi,
3251 726 3306 776 et
3349 721 3445 776 alii
3482 719 3649 774 multi
3681 735 3749 772 ex
3782 716 3995 772 nostris

2348 813 2566 891 pariter
2596 812 3025 878 convenissent,
3051 812 3110 866 in
3140 812 3301 866 bona
3329 809 3697 865 confessione
3729 808 3995 861 intereos

2347 902 2447 974 qui
2481 901 2658 956 simul
2688 909 3108 968 convenerant,
3153 901 3421 956 animam
3474 896 3790 962 exhalavit,
3823 897 3992 950 nocte

2294 999 2298 1002 ’
2345 991 2615 1046 videlicet
2641 989 2996 1062 praecedenti
3027 990 3181 1044 diem
3217 987 3535 1053 electionis,
3559 987 3705 1041 dum
3733 1000 3992 1039 conven-

2349 1084 2439 1135 tus
2486 1080 2947 1152 Complctorimn
2988 1079 3361 1134 celebrasset.
3412 1081 3472 1131 ln
3517 1075 3772 1131 crastino
3811 1073 3991 1128 libere

2344 1170 2547 1224 electio
2579 1169 2874 1224 celebrata
2901 1173 3007 1236 est,
3041 1169 3184 1224 feria
3227 1167 3494 1222 secunda
3523 1165 3769 1220 traditur
3798 1164 3986 1218 hono-

2344 1259 2503 1314 riﬁce
2536 1259 2871 1330 sepulturae,
2901 1258 3292 1330 prtcsentibus
3324 1255 3616 1328 episcopis
3645 1257 3869 1308 Joanne
3897 1256 3990 1307 Lc-

2343 1348 2687 1418 lnovieensi,
2715 1352 2776 1403 (ἶ.
2810 1348 3190 1412 Gadurcensi,
3215 1351 3271 1402 et
3301 1345 3620 1402 abbatibus
3643 1343 3986 1397 Cluniacen-

2343 1440 2410 1506 si,
2445 1439 2672 1494 noviter
2697 1439 2880 1494 electo
2981 1437 3276 1503 Martialis,
3297 1438 3350 1490 S.
3377 1435 3520 1490 Petri
3551 1431 3986 1491 Solemniacen-

2343 1529 2439 1597 sis,
2476 1531 2529 1585 S.
2565 1528 2896 1596 Augustini,
2935 1530 2987 1584 8.
3023 1526 3265 1584 Martini.

2411 1618 2732 1673 Vicesimus
2749 1621 2993 1690 quartus
3011 1616 3270 1671 domnus
3293 1617 3457 1683 llugo
3475 1611 3772 1668 sexdecim
3791 1627 3862 1666 an
3872 1609 3980 1664 nis.

2410 1708 2735 1763 Vicesimus
2778 1707 3021 1780 quintus
3073 1705 3263 1761 abbas
3313 1707 3512 1760 Petrus
3561 1703 3632 1758 de
3686 1702 3742 1757 la
3790 1700 3984 1756 Grissu

2338 1798 2548 1853 dictus.

2410 1886 2735 1942 Vicesimus
2767 1890 2984 1953 sextus,
3019 1887 3218 1940 Petrus
3250 1883 3632 1938 Davalacum.

2878 2177 2996 2256 {jus
3027 2174 3439 2256 apographmn
3471 2195 3506 2234 a
3551 2172 3615 2233 V.
3652 2173 3727 2232 cl.
3759 2171 3981 2256 Jacobo

651 2213 847 2260 ruguu
879 2213 993 2240 Ιιυιι
1018 2213 1339 2264 patuerunt
1374 2213 1490 2263 tege
1523 2213 1584 2243 Ub
1612 2213 1720 2244 Πιδ.
1749 2213 1966 2260 CUUUJC,
2002 2213 2190 2262 uulua
2239 2213 2496 2240 ειυιιιιιιυο
2530 2213 2786 2246 unauna,
2823 2213 2890 2236 ιιι
2932 2213 2993 2235 ιιι)
3027 2213 3439 2256 ιιιιυυιιιμηιιηι
3471 2213 3506 2234 ιι
3558 2213 3574 2232 v
3605 2221 3615 2233 .
3652 2213 3727 2232 ιι.
3759 2213 3981 2232 υυιωυυυ

651 2261 931 2345 Ιξῖέιθαηο
975 2263 1140 2322 nobis
1169 2280 1298 2324 eum
1319 2265 1625 2345 plerisque
1654 2263 1792 2325 aliis
1822 2263 2083 2343 ejusdem
2127 2261 2460 2322 doctz'sszme'
2496 2258 2807 2338 scriptoris
2843 2213 3262 2336 cbzi'ograp/u's
3293 2255 3789 2315 communicatum
3834 2253 3982 2311 bona

649 2341 704 2420 ﬂ
706 2341 781 2401 de
823 2345 1236 2424 expresszbws.

1484 2449 1830 2530 Subjz'cztur
1879 2450 1987 2510 iste
2031 2447 2358 2529 Catalogus
2414 2445 2746 2508 eor-umdem
2802 2442 3104 2506 abbatum.

637 2634 951 2692 Ainardus
975 2637 1166 2694 abbas
1187 2638 1484 2695 saecularis
1503 2637 1826 2708 resignavit
1849 2652 2010 2695 anno
2032 2640 2154 2692 848.

638 2724 816 2781 Dodo
1988 2741 2068 2783 an
2102 2729 2154 2782 3.

634 2812 823 2868 Abbo
2070 2819 2090 2869 1
2105 2818 2124 2869 1
2139 2855 2152 2870 .

633 2901 997 2957 Benedictus
2068 2908 2151 2958 15.

631 2991 975 3047 Gossindus
2066 2997 2152 3048 18.

629 3081 958 3137 Fulbertus
2099 3087 2150 3138 6.

628 3168 956 3225 Fulbertus
2058 3175 2145 3227 20.

629 3257 986 3330 Stephanus
2067 3263 2151 3313 17.

627 3350 844 3418 Aymo
2102 3351 2153 3402 6.

624 3435 975 3494 Aimerieus
2061 3440 2148 3492 31.

625 3525 836 3594 Guigo
2071 3530 2150 3580 t7.

617 3612 946 3671 Josfredus
2098 3618 2150 3670 7.

621 3702 1019 3760 Adalbaldus
2098 3709 2150 3759 9.

615 3791 946 3849 Josfredus
2067 3796 2149 3845 12.

615 3885 813 3950 Hugo
2099 3882 2151 3934 6.

615 3968 951 4029 Odolricus

613 4058 921 4116 Anterius
2095 4063 2125 4110 7
2137 4098 2149 4112 .

612 4154 701 4206 Pe
713 4153 845 4205 trUS
2101 4149 2119 4198 1
2138 4188 2149 4201 .

609 4235 980 4297 Mainardus

609 4328 976 4383 Ademarus
1691 4338 1767 4378 an
1799 4327 1866 4377 50
1898 4326 1954 4380 et
1981 4339 2062 4379 In.
2096 4329 2148 4379 9.

605 4413 976 4474 Bernardus
2094 4417 2148 4468 2.

605 4503 1006 4563 Amblardus
2060 4504 2147 4557 28.

604 4595 917 4652 Albertus
2065 4594 2147 4647 13.

604 4689 839 4743 Petrus
865 4681 1027 4755 prior
1056 4679 1221 4735 Clun.
1900 4681 1954 4747 3,
1985 4694 2067 4734 m.
2098 4684 2149 4735 3.

603 4779 840 4833 Petrus
868 4770 1059 4826 abbas
1089 4771 1142 4825 8.
1172 4772 1324 4838 Aug.
1860 4771 1945 4835 13,
1979 4783 2060 4823 m.
2095 4773 2146 4823 8.

606 4860 1006 4919 lsambertus
1036 4857 1355 4914 Escoblart.
1384 4855 1545 4928 prior
1570 4853 1643 4909 de
1673 4853 1913 4910 Rotiaco
2058 4858 2146 4910 2-1.

2410 2633 2579 2701 Hugo
2601 2631 2674 2686 de
2705 2633 2915 2686 Brossa
2945 2629 3105 2702 prior
3130 2634 3212 2699 16,
3235 2628 3380 2684 obiit
3413 2632 3566 2685 1218.

2406 2724 2606 2776 Petrus
2622 2719 2680 2776 la
2701 2718 2877 2773 Griffa
2892 2717 3243 2791 praepositus
3265 2717 3337 2773 de
3363 2721 3596 2772 ltossac.
3653 2719 3734 2770 10.
3756 2730 3833 2769 m.
3857 2717 3907 2768 3.

2406 2812 2607 2865 Petrus
2637 2806 2955 2863 Davalcum

2407 2896 2749 2953 Guillelmus

2405 2984 2775 3042 Raimundus
2807 2982 3082 3042 Gaucelin
3617 2981 3714 3036 ob.
3758 2984 3815 3034 t2
3830 2984 3841 3032 1

2407 3072 2750 3129 Guillelmus

2408 3161 2754 3218 Guillelmus

2403 3250 2666 3306 Jacobus

2403 3343 2606 3396 Petrus
2628 3343 2631 3345 ’

2406 3429 2709 3485 Geraldus.

2404 3516 2612 3573 Guido.

2405 3604 2798 3662 Gualliardus.

2334 3768 2613 3837 (Caeteros
2665 3781 2862 3822 omnes
2915 3765 3187 3833 repetesz's
3243 3779 3318 3819 ex
3375 3763 3578 3837 Gallia
3635 3763 3981 3837 Christiana

2407 3839 2647 3896 Claudia
2694 3837 2954 3893 Roberti.
3005 3838 3126 3891 Nec
3173 3835 3497 3892 omittenda
3545 3850 3620 3890 ear
3648 3850 3753 3890 ms.
3788 3834 3984 3889 codice

2263 3921 2303 3974 C
2403 3926 2535 3982 qua?
2563 3914 2893 3980 sequuntur
2917 3908 3201 3975 ibidem).

2407 4032 2593 4088 Tertio
2637 4031 2934 4088 Kalendas
2987 4030 3368 4104 Septembris,
3400 4045 3559 4085 anno
3609 4029 3685 4084 ab
3715 4028 3985 4084 incarna-

2333 4123 2490 4177 tione
2521 4121 2756 4177 Domini
2787 4125 2941 4187 1066,
2967 4119 3300 4176 combustio
3325 4117 3758 4174 Lomovicensis
3786 4117 3982 4174 civita-

2335 4210 2424 4278 tis,
2458 4210 2518 4264 in
2549 4227 2672 4282 qua
2702 4209 2977 4266 obierunt
3008 4214 3247 4266 centum
3279 4213 3334 4264 et
3362 4207 3564 4279 viginti
3593 4207 3886 4263 homines.

2405 4330 2548 4382 Item
2576 4343 2736 4382 anno
2771 4331 2902 4382 11Οὸ
2932 4327 3209 4383 Kalendis
3234 4324 3408 4391 Junii,
3438 4324 3756 4380 combusta
3785 4325 3872 4378 est
3901 4321 3980 4378 ci-

2331 4415 2480 4472 vitas
2513 4415 2827 4471 Lemovica
2856 4415 2934 4471 ab
2962 4415 3309 4471 hominibus
3339 4413 3413 4469 de
3445 4417 3636 4470 castro
3664 4415 3717 4470 S.
3753 4411 3980 4470 Martia-

2331 4504 2402 4560 lis
2427 4523 2440 4574 ;
2472 4504 2533 4559 in
2559 4520 2682 4576 qua
2711 4504 3122 4560 eombustione
3153 4507 3532 4561 concremata
3562 4506 3650 4558 est
3676 4506 3864 4558 mater
3893 4516 3982 4556 ec-

2331 4593 2511 4649 clesia
2557 4594 2611 4648 S.
2648 4592 2929 4665 Stephani
2961 4609 3099 4649 cum
3143 4592 3426 4648 omnibus
3459 4590 3711 4648 ofﬁcinis
3749 4590 3894 4658 suis,
3926 4593 3984 4646 et

2331 4681 2761 4738 monasterium
2815 4683 3043 4737 Sanctae
3091 4680 3279 4736 Mariae
3331 4679 3613 4748 similiter,
3644 4683 3701 4735 et
3733 4679 3982 4735 ecclesia

2335 4773 2390 4827 S.
2421 4770 2667 4826 Joannis
2699 4773 2989 4842 Baptistae,
3023 4774 3080 4824 et
3106 4772 3160 4826 S.
3194 4768 3471 4836 Mauricii,
3498 4773 3555 4824 ct
3583 4771 3636 4825 8.
3662 4768 3978 4838 Trinitatis,

2331 4859 2387 4910 et
2419 4857 2472 4912 8.
2507 4854 2754 4924 Genesii,
2787 4859 2842 4910 et
2873 4857 2927 4911 S.
2959 4851 3325 4910 Domnoleni.
