4944 6526
1420 334 1486 387 87
2571 326 2883 381 ADEMARI
2926 325 2981 381 S.
3022 324 3299 379 CIBARDI
3339 322 3674 381 MONACHI.
4794 315 4872 367 88

2631 616 3604 761 ΑΒΕΜΑΒΙ

2825 904 3417 1019 EPISTOLA

1731 1116 1924 1233 DE
2006 1109 2935 1235 APOSTOLATU
3052 1112 3563 1231 SANtLTl
3686 1109 4542 1231 MARTIALIS.

2330 1298 2529 1372 (Apud
2561 1298 2772 1355 Mabill.
2804 1299 3028 1355 Annal.
3054 1300 3197 1353 tom.
3234 1299 3319 1364 1V,
3353 1297 3650 1369 Append.,
3685 1311 3744 1369 p.
3773 1298 3919 1368 717.)

2921 1428 3336 1445 ——.—-—-—-—.

2842 1560 3428 1655 ADMONITIO.

2620 1714 2854 1786 (Mabill.
2888 1714 3139 1781 Annal.,
3171 1711 3274 1767 lib.
3304 1727 3411 1779 LVI,
3446 1726 3505 1766 n.
3536 1713 3649 1777 49.)

1504 1961 1779 2017 Habitum
1831 1968 1918 2019 est
1962 1963 2076 2018 hoc
2122 1978 2281 2018 anno
2323 1965 2485 2036 apud
2520 1965 2859 2021 Lemovicas
2890 1963 3080 2019 conci-
3120 1968 3164 2019 Λ
3190 1961 3389 2033 ibique
3424 1965 3544 2016 toto
3572 1975 3776 2015 mense
3810 1956 4139 2031 Septembri
4177 1962 4544 2026 remoratus,
4581 1954 4867 2027 frequen-

1432 2052 1601 2120 l‘lum,
1660 2056 1802 2107 teste
1851 2051 2150 2108 Ademaro
2208 2053 2544 2109 Cabanensi
2601 2056 2660 2111 in
2713 2054 3085 2127 apologetica

1435 2140 1685 2212 epistola
1713 2140 1787 2195 de
1819 2141 2160 2212 apostolatu
2203 2143 2387 2197 sancti
2417 2145 2710 2213 Martialis,
2739 2161 2919 2216 quem
2950 2159 3087 2197 eon-

1436 2235 1527 2284 tra
1554 2229 1933 2285 Benedictum
1957 2231 2254 2286 Clusensis
2276 2234 2620 2289 monasterii
2639 2235 2897 2306 priorem
2915 2250 3086 2305 aspc-

1439 2319 1593 2375 riore
1625 2318 1778 2390 stylo
1804 2322 2223 2392 propugnavit.
2259 2323 2542 2395 Inscripta
2572 2331 2662 2379 est
2691 2324 2816 2379 haec
2839 2324 3089 2396 epistola

1440 2407 1701 2464 Jordano
1750 2409 2151 2463 Lemovieensi
2190 2410 2493 2483 episcopo,
2526 2412 2798 2468 Odolrico
2829 2415 3090 2469 doctissi-

1442 2513 1536 2553 mo
1567 2497 1772 2553 abbati
1798 2501 2289 2555 monasteriorum
2325 2501 2480 2556 beati
2504 2504 2826 2569 Martialis,
2860 2504 3091 2559 Rainal-

1442 2586 1523 2640 do
1570 2585 1758 2641 levitas
1809 2591 1866 2641 et
1912 2585 2202 2657 Alberico,
2244 2590 2584 2661 cteterisque
2642 2592 2889 2662 majoris
2935 2592 3091 2648 beati

1445 2672 1726 2744 Stephani
1772 2672 2034 2728 ecclesiae
2073 2676 2413 2743 canonicis;
2466 2678 2776 2747 Aimcrico,
2810 2682 2973 2735 Petro
3024 2697 3093 2735 ac

1444 2760 1691 2817 Geraldo
1744 2761 1976 2817 decano
2025 2767 2202 2835 atque
2256 2765 2573 2832 Adelardo,
2606 2767 2856 2839 aliisque
2905 2768 3094 2823 sancti

1442 2849 1713 2906 Martialis
1743 2850 2090 2917 monachis;
2123 2852 2445 2921 Engclrico,
2479 2855 2762 2927 fratrique
2793 2857 2920 2926 ejus
2950 2859 3093 2911 Teo-

1442 2938 1612 2994 tardo
1642 2938 1831 2994 beata:
1864 2939 2051 2995 Marias
2082 2942 2404 2997 Aniciensis
2435 2945 2738 3000 canonicis
2763 2964 2775 3012 ;
2822 2946 3097 3001 Wernoni

1445 3027 1839 3097 grammatico
1868 3026 2027 3082 beati
2055 3029 2201 3084 Petri
2233 3032 2486 3102 apostoli
2518 3033 2967 3089 Belliloacensis
3000 3050 3094 3089 ec-

1447 3116 1641 3172 clesiae
1671 3117 2009 3185 monacho;
2055 3118 2305 3174 Geraldo
2332 3122 2519 3177 sancti
2549 3124 2864 3191 Augustini
2891 3126 3095 3179 Lemo-

1446 3204 1700 3261 vieensis
1747 3206 2092 3261 monasterii
2133 3207 2355 3279 abbati,
2390 3210 2660 3279 Rotgerio
2692 3217 2908 3268 sanctae
2940 3213 3101 3269 Vale-

1446 3294 1549 3350 riae
1578 3294 2007 3350 Cambonensis
2030 3296 2283 3351 coenobii
2304 3299 2655 3370 praeposito;
2688 3301 2825 3356 item
2850 3302 3098 3357 Geraldo

1448 3381 1792 3436 doctissimo
1821 3381 2302 3439 Sollemniacensi
2355 3386 2577 3453 abbati,
2607 3390 2865 3446 Arnaldo
2893 3392 3099 3446 Bothe-

1448 3469 1620 3525 nensi
1663 3474 1719 3523 et
1764 3469 2122 3526 Theoderico
2180 3474 2436 3528 Mettensi
2488 3475 2807 3549 episcopis,
2864 3494 3099 3533 necnon

1451 3558 1799 3627 Cunegundi
1848 3565 2137 3629 augustte,
2173 3563 2398 3617 Cononi
2428 3580 2532 3619 seu
2580 3565 2854 3622 Conrado
2888 3568 3099 3624 Ctrszu‘i

1446 3651 1731 3717 Augusto,
1787 3648 2073 3703 Willelmo
2130 3651 2565 3721 Aquitanorum
2622 3655 2780 3721 duci,
2840 3657 3099 3729 denique

1444 3736 1657 3792 Joanni
1682 3739 1949 3793 Romano
1980 3755 2175 3810 papa}.
2225 3743 2307 3795 Ex
2336 3742 2426 3798 his
2458 3748 2573 3798 tres
2602 3751 2937 3817 postremos
2967 3748 3099 3801 aliis

1448 3842 1509 3881 se
1563 3825 1966 3881 intermiscere
2020 3828 2120 3898 ait,
2178 3834 2262 3899 ut,
2319 3830 2367 3885 si
2443 3832 2589 3889 forte
2656 3834 2781 3889 hzec
2852 3836 3102 3907 epistola

1450 3916 1528 3971 ad
1584 3931 1687 3970 eos
1734 3917 2017 3987 pervenit,
2074 3935 2197 3973 sure
2247 3922 2551 3977 sententia:
2607 3924 2926 3981 arrideant.
2984 3930 3103 3983 Cte-

1451 4008 1609 4058 teros
1663 4004 1947 4075 praedicto
2006 4007 2406 4064 Lemovicensi
2467 4012 2718 4068 concilio
2770 4012 3103 4071 interfuisse

1454 4095 1622 4165 puto,
1674 4091 1748 4147 de
1801 4108 1923 4164 quo
1980 4093 2107 4150 1]ωο
2158 4096 2360 4154 subdit
2402 4099 2752 4157 Ademarus.
2807 4104 3106 4159 «Avobis

1455 4182 1703 4254 quidem
1748 4199 1868 4238 non
1900 4184 2024 4241 sine
2056 4186 2269 4255 grandi
2312 4188 2688 4264 exaltatione,
2720 4192 2885 4249 ﬁnito
2916 4195 3107 4251 conci-

1456 4270 1536 4326 lio
1568 4271 1991 4340 Lemovicensi,
2016 4279 2233 4346 quarto
2263 4275 2356 4331 die
2387 4280 2609 4335 mensis
2639 4283 2881 4351 Augusti
2905 4284 3108 4340 abces-

1459 4360 1528 4429 si,
1586 4364 1887 4416 revertens
1939 4362 2017 4418 ad
2070 4364 2435 4433 Egolismam
2492 4368 2810 4440 civitatem,
2871 4373 2974 4429 ubi
3032 4374 3108 4430 ab

1460 4448 1593 4521 ipsa
1623 4448 1937 4505 tenerrima
1966 4451 2219 4523 pueritia
2246 4453 2553 4523 hactenus,
2581 4462 2751 4515 astate
2782 4461 3111 4534 quadrage-

1460 4536 1689 4604 narius,
1717 4536 1899 4593 vitam
1928 4539 1990 4595 in
2020 4543 2381 4600 monasterio
2418 4544 2576 4602 beati
2608 4550 2877 4622 Eparchii
2906 4552 3113 4608 transi-

3195 2058 3278 2107 tes
3328 2051 3400 2105 de
3450 2049 3661 2105 eodem
3715 2053 4070 2117 argumento
4128 2047 4477 2102 collationes
4540 2045 4865 2103 habuerat,

3194 2141 3453 2195 maxime
3482 2142 3539 2194 in
3572 2140 3981 2195 conventiculo
4012 2138 4444 2194 monachorum
4480 2137 4863 2206 Egotismen-

3194 2231 3345 2285 siam
3376 2236 3429 2285 et
3462 2230 4032 2294 Brantosmensium,
4066 2226 4168 2299 qui
4197 2225 4336 2281 illuc
4369 2224 4451 2282 ad
4500 2225 4730 2280 festum
4758 2239 4869 2277 na-

3197 2318 3433 2374 tivitatis
3481 2318 3671 2373 beata:
3725 2317 3913 2373 Mariae
3963 2320 4385 2385 convenerant,
4419 2314 4776 2386 multosque
4808 2314 4869 2368 in

3198 2424 3372 2463 suam
3424 2406 3779 2463 sententiam
3818 2410 4206 2479 pertraxerat,
4256 2404 4574 2474 gloriatus,
4607 2403 4874 2459 Adema-

3196 2514 3332 2555 rum
3363 2497 3525 2570 apud
3558 2497 3901 2552 Lemovicas
3934 2513 3969 2552 a
3999 2512 4060 2551 se
4092 2495 4392 2551 devictum
4421 2499 4479 2550 et
4510 2498 4879 2566 superatum

3200 2587 3399 2643 fuisse.
3437 2587 3495 2641 Id
3529 2586 3630 2641 ubi
3674 2586 3907 2641 rescivit
3934 2601 4042 2659 per
4089 2601 4229 2640 suos
4273 2584 4640 2647 Ademarus,
4670 2599 4884 2640 acrem

3201 2677 3362 2731 illam
3394 2681 3450 2731 et
3483 2676 3815 2731 aculeatam
3847 2674 4137 2730 adversus
4190 2674 4579 2730 Benedictum
4634 2673 4890 2745 scripsit

3203 2764 3535 2837 epistolam,
3568 2764 3629 2820 in
3659 2781 3781 2837 qua
3828 2780 3896 2820 ea
3926 2780 4063 2836 quae
4093 2763 4155 2819 in
4182 2762 4618 2836 disceptatione
4670 2764 4892 2818 Lemo-

3203 2854 3425 2909 vicensi
3455 2853 3613 2909 dicta
3643 2858 3892 2925 actaque
3934 2853 4189 2920 fuerant,
4222 2856 4691 2917 commemorat,
4728 2850 4893 2907 mul-

3205 2946 3381 3014 taque
3427 2942 3746 3011 glorianter
3795 2957 3829 2997 a
3883 2942 4197 2997 Benedicto
4245 2940 4502 3013 prolata,
4530 2956 4771 3013 nempe
4831 2957 4890 2995 se

3206 3036 3482 3102 nepotem
3541 3047 3668 3085 esse
3734 3030 3967 3086 abbatis
4036 3029 4352 3096 Clusensis,
4412 3046 4642 3085 novem
4701 3029 4888 3086 annis

3208 3121 3610 3190 grammatica:
3634 3120 3692 3175 in
3723 3106 4168 3190 liongorbardia
4190 3125 4247 3176 et
4273 3118 4520 3175 Francia
4541 3120 4885 3183 studuisse,

3209 3216 3264 3267 et
3291 3211 3413 3268 duo
3462 3210 3645 3266 millia
3692 3210 4019 3266 solidorum
4073 3209 4375 3280 magistris
4421 3209 4545 3265 suis
4597 3209 4883 3275 dedisse;

3139 3324 3177 3375 Β
3211 3318 3272 3356 se
3301 3300 3451 3355 duas
3482 3317 3735 3370 magnas
3765 3299 3982 3355 domos
4014 3300 4236 3355 habere
4264 3298 4428 3355 libris
4458 3298 4667 3355 omnis
4701 3316 4886 3370 gene-

3207 3389 3285 3443 ris
3314 3389 3557 3444 refcrtas
3585 3407 3597 3455 ;
3640 3393 3697 3443 et
3726 3394 4046 3461 postquam
4077 3404 4108 3443 e
4140 3387 4345 3443 schola
4385 3387 4616 3451 exierit,
4652 3388 4795 3443 fore
4830 3393 4889 3441 ut

3205 3492 3384 3532 nemo
3412 3477 3524 3531 sub
3554 3476 3699 3532 cmlo
3729 3477 3859 3550 ipso
3891 3475 4218 3549 sapientior
4244 3476 4480 3531 futurus
4505 3475 4603 3532 sit.
4628 3476 4729 3532 Ad
4756 3477 4887 3532 haec

3208 3582 3268 3621 se
3318 3566 3575 3638 priorem
3629 3582 3758 3621 esse
3802 3564 4146 3621 monasierii
4174 3564 4250 3621 de
4287 3564 4484 3633 Clusa,
4518 3564 4885 3638 ibidemque

3207 3660 3340 3729 post
3373 3661 3622 3711 mortem
3672 3655 3947 3711 avunculi
3993 3655 4085 3711 sui
4124 3655 4392 3711 futurum
4438 3655 4785 3723 abbatem;
4837 3660 4886 3711 et

3209 3744 3394 3800 multa
3422 3746 3479 3799 id
3524 3761 3737 3814 genus,
3770 3761 3904 3818 quae
3936 3745 4011 3800 ad
4042 3745 4341 3800 Ademaro
4372 3744 4589 3801 saltem
4623 3761 4884 3815 exagge-

3210 3838 3338 3889 rata
3385 3851 3506 3889 non
3555 3834 3783 3889 dubito.
3819 3828 3980 3890 Certe
4012 3834 4346 3890 Ademarus
4391 3833 4521 3907 ipse
4562 3834 4880 3891 modestiae

3209 3924 3361 3977 iines
3390 3924 3502 3978 hac
3528 3923 3587 3978 in
3619 3922 3869 3995 epistola
3912 3923 4183 3989 excessit,
4211 3922 4274 3978 in
4305 3939 4431 3996 qua
4483 3923 4880 3979 Benedictum

3211 4012 3377 4068 omni
3420 4012 3824 4069 conviciorum
3862 4028 4075 4084 genere
4119 4010 4340 4079 aﬁlicit,
4391 4012 4790 4068 Hebionitam
4835 4016 4882 4067 et

3211 4102 3555 4158 haereticum
3592 4118 3731 4158 eum
3775 4102 4105 4175 appellans,
4138 4101 4218 4157 ob
4260 4101 4420 4157 hanc
4476 4102 4713 4157 scilicet
4750 4118 4882 4157 cau-

3214 4208 3343 4247 sam
3389 4191 3553 4264 quod
3585 4191 3774 4247 sancti
3812 4190 4087 4248 Martialis
4120 4189 4532 4263 apostolatum
4563 4190 4878 4247 refelleret.

3216 4284 3379 4337 Hunc
3410 4285 3608 4337 autem
3639 4280 3719 4338 ita
3743 4281 4049 4338 mordicus
4072 4279 4383 4336 asserebat
4400 4280 4781 4347 Adcmarus,
4806 4285 4878 4343 ut,

3215 4370 3445 4425 etiamsi
3474 4370 3640 4427 aliter
3664 4386 3826 4443 papa
3856 4374 4155 4436 statueret,
4173 4385 4237 4425 se
4267 4369 4319 4424 ei
4341 4385 4464 4424 non
4485 4369 4878 4425 obediturum

3216 4458 3393 4530 dicat,
3425 4474 3501 4514 ne
3532 4461 3670 4527 Deo,
3698 4458 3802 4532 qui
3839 4457 4160 4515 Martialem
4203 4456 4554 4531 apostolum
4599 4462 4877 4521 creasset,

3216 4562 3339 4602 non
3389 4546 3631 4604 obedire
3679 4547 3992 4603 videretur.
4044 4550 4224 4602 Porro
4273 4546 4430 4601 hanc
4477 4546 4879 4619 quaestionem

1465 4640 1562 4695 80-
1590 4647 1617 4674 η
1656 4627 1846 4734 .i’orro
1888 4643 2113 4685 annum
2140 4647 2262 4703 quo
2303 4633 2431 4689 haec
2465 4636 2779 4707 scribebat,
2810 4639 2869 4695 in
2902 4656 3109 4697 conse-
3152 4678 3193 4734 Ο
3222 4635 3456 4693 deﬁniri
3495 4652 3617 4693 non
3648 4653 3824 4709 posse
3870 4636 3985 4692 nisi
4032 4636 4091 4692 in
4141 4634 4403 4706 generali
4451 4635 4716 4691 concilio
4765 4651 4880 4691 om-

1465 4714 1788 4785 quentibus
1808 4716 2017 4773 diserte
2039 4720 2314 4792 exprimit
2333 4723 2427 4778 his
2454 4725 2669 4782 verbis.
2704 4751 2731 4777 ‹‹
2752 4732 2898 4785 Nam
2916 4730 3114 4788 adhuc

1470 4820 1661 4875 usque
1699 4804 1759 4859 in
1790 4813 2142 4877 praesentem
2191 4826 2420 4869 annum
2458 4831 2579 4888 quo
2615 4816 2938 4891 loquimur,
2969 4820 3117 4893 quid

1470 4897 1558 4947 est
1585 4892 1939 4950 millesimus
1968 4914 2146 4954 xxvm
2196 4900 2273 4955 ab
2310 4901 2719 4962 incarnatione
2751 4909 2982 4965 Domini
3016 4926 3119 4967 no-

1468 4981 1570 5037 stri
1613 4984 1749 5038 Jesu
1796 4984 2022 5054 Christi,
2054 5004 2162 5060 per
2205 4988 2589 5049 indictionem
2635 5012 2715 5063 x1,
2761 4996 2839 5052 ab
2886 5014 3116 5055 assum-

1466 5070 1667 5143 ptione
1716 5064 1917 5130 autem
1968 5075 2128 5133 beati
2159 5080 2412 5151 apostoli
2442 5082 2712 5139 Martialis
2744 5087 3120 5155 nongentesi-

1466 5178 1603 5217 mus
1631 5163 2169 5236 quinquagesimus
2214 5174 2486 5242 quartus,
2518 5188 2640 5229 non
2687 5180 2828 5231 sunt
2869 5177 2980 5232 nisi
3012 5194 3119 5234 CLX

1467 5249 1631 5316 anni,
1680 5266 1752 5307 ex
1822 5267 1944 5325 quo
2012 5258 2380 5313 monasticus
2448 5260 2597 5317 ordo
2643 5261 2705 5318 in
2748 5262 2860 5319 hoc
2908 5264 3059 5334 loco,
3088 5288 3118 5316 ››

1465 5353 1684 5410 nempe
1706 5341 1892 5396 sancti
1912 5344 2207 5413 Martialis,
2240 5368 2267 5393 «
2287 5350 2721 5406 transmutatus
2743 5355 2830 5407 est
2848 5352 2923 5411 de
2944 5370 3123 5409 cano-

1467 5427 1624 5482 nico.
1656 5450 1684 5478 »
1725 5432 1891 5485 Forte
1922 5446 2027 5503 per
2061 5434 2123 5489 id
2162 5439 2398 5510 tempus
2438 5440 2784 5497 Benedictus
2816 5441 3120 5499 Clusensis

1472 5517 1638 5588 apud
1657 5518 1999 5575 Taurinates
2025 5527 2367 5582 monasterii
2382 5528 2563 5601 prior,
2581 5532 2923 5587 Lemovicas
2944 5533 3124 5591 adve-

1471 5607 1779 5674 nerat,ubi
1796 5614 2000 5665 contra
2016 5612 2378 5671 Ademarum
2399 5618 2669 5693 aliosque
2692 5623 3024 5678 monachos
3044 5623 3120 5680 de

1472 5693 1814 5764 apostolatu
1842 5698 2030 5754 sancti
2078 5702 2349 5758 Martialis
2378 5706 2828 5779 disceptaverat.
2872 5710 3010 5765 lude
3041 5710 3123 5768 ad

1472 5782 1825 5845 Buxeriense
1835 5788 1976 5860 pagi
1989 5788 2345 5847 Pictavensis
2355 5798 2788 5855 monasterium
2799 5800 3119 5871 profectus,

3224 4726 3392 4781 nium
3422 4727 3840 4799 episcoporum
3874 4724 4069 4782 Galliae
4097 4730 4152 4780 et
4191 4724 4367 4781 ltalize
4397 4739 4522 4779 una
4547 4740 4698 4779 cum
4729 4739 4883 4796 papa

3226 4818 3514 4872 Romano.
3547 4816 3693 4871 Cum
3718 4816 3930 4871 eodem
3960 4813 4277 4872 Benedicto
4308 4812 4666 4869 Lemovicas
4696 4813 4885 4869 venis-

3227 4922 3288 4960 se
3314 4905 3527 4962 dicitur
3549 4905 3803 4961 Bernard
3814 4922 3883 4960 us
3908 4904 4180 4978 quidam,
4202 4905 4499 4959 Ravenna:
4520 4903 4883 4967 monachus,

3226 4995 3535 5051 medicinae
3578 4995 3719 5051 artis
3755 4996 4002 5069 peritus,
4034 4993 4138 5067 qui
4167 4993 4329 5050 idem
4375 5009 4517 5048 cum
4566 4992 4883 5048 Benedicto

3227 5085 3536 5141 sentiebat.
3570 5088 3632 5140 ln
3661 5085 3872 5141 eadem
3902 5100 4145 5158 quoque
4168 5082 4460 5139 sententia
4488 5086 4621 5139 erat
4664 5082 4885 5151 Salgio-

3223 5174 3381 5242 nius,
3399 5190 3472 5230 ex
3505 5174 3796 5230 canonico
3820 5173 4012 5230 factus
4042 5172 4377 5229 monachus
4404 5170 4884 5242 Angeriacensis,

3227 5263 3332 5337 qui
3360 5268 3561 5319 tamen
3592 5262 3789 5319 aiebat
3815 5279 3876 5319 se
3907 5278 4045 5318 cum
4085 5260 4565 5332 Hierosolymam
4594 5263 4885 5333 pergeret,

3227 5352 3446 5408 vidisse
3489 5351 3818 5424 quemdam
3858 5353 4151 5407 Joannem
4199 5349 4598 5418 monachum,
4632 5349 4887 5419 fortissi-

3229 5458 3388 5497 mum
3419 5443 3879 5512 grammaticum
3910 5455 3985 5496 ex
4012 5441 4254 5495 civitate
4282 5439 4504 5506 Remi:,
4526 5440 4641 5509 qui
4665 5441 4733 5493 in
4768 5436 4891 5494 nari

3231 5531 3491 5604 quotidie
3533 5531 3875 5586 Martialem
3912 5529 4355 5599 pronuntiabat
4398 5528 4463 5582 in
4507 5528 4735 5584 ordine
4776 5543 4891 5598 apo-

3232 5623 3541 5677 stolorum.
3579 5622 3709 5675 Haec
3742 5619 3885 5675 satis
3913 5635 3985 5673 ex
4015 5617 4117 5673 illa
4161 5616 4433 5689 epistola,
4467 5618 4650 5687 cujus
4677 5618 4889 5691 ipsum.

3232 5716 3300 5767 ut
3334 5711 3579 5783 quidem
3609 5715 3774 5782 puto,
3807 5707 4253 5780 autographum
4302 5705 4688 5761 clarissimus
4744 5708 4891 5762 Baiu-

3233 5800 3361 5861 zius
3390 5815 3630 5864 meeum
3656 5796 4070 5858 liberalissime
4100 5793 4600 5852 communicavit.
