3966 6434
114 365 193 417 89
1429 358 1638 412 EPIST.
1698 358 1785 410 DE
1849 357 1904 413 S.
1969 360 2317 414 MARTlALl.
3515 362 3585 413 90

473 517 985 604 ADEMARI
1048 517 1579 610 EPISTOLA
1640 513 1780 600 DE
1856 515 2557 608 APOSTOLATU
2623 515 3255 602 MARTIALIS.

206 697 488 754 Dominis
514 697 960 768 gloriosissiinis
1017 702 1195 770 atque
1245 696 1806 770 praecellentissimis
1841 701 1884 753 Α
1921 712 2049 751 rem
2076 694 2154 750 ad
2184 712 2291 751 vos
2323 701 2378 752 et
2408 696 2864 769 rcquiescerem.
2896 695 3288 752 lmitabamur
3316 702 3585 752 vestrum

118 786 490 860 pastoribus
522 791 743 841 sancta:
774 786 1066 853 Ecclesiae,
1123 788 1385 842 Joanne
1416 785 1814 841 Lemovicensi

122 871 454 945 episcopo,
489 877 670 943 atque
714 873 997 926 Onouuco
1030 872 1426 940 grammatico
1467 870 1814 925 doctissimo

125 960 354 1015 abbati
417 959 926 1015 monasteriorum
992 960 1150 1015 beati
1203 959 1478 1015 Martialis
1537 958 1810 1031 apostoli,

125 1065 384 1106 necnon
429 1054 484 1105 et
512 1049 1002 1104 reverentissimis
1052 1049 1324 1121 patribus
1385 1048 1815 1121 philosophicis

128 1139 361 1194 studiis
390 1138 708 1194 liberaliter
741 1138 1041 1194 instructis
1074 1143 1245 1193 tum
1259 1155 1382 1209 Lno,
1427 1139 1585 1193 sedis
1607 1133 1814 1192 Lemo—

127 1229 292 1284 vicze
327 1228 540 1294 levita'e,
571 1232 627 1283 et
652 1233 929 1283 ALBERico
952 1232 1007 1283 et
1033 1229 1316 1283 omnibus
1356 1227 1812 1300 protomartyris

127 1317 304 1373 beati
359 1317 643 1389 Stephani
704 1317 967 1373 ecclesize
1015 1317 1319 1372 canonicis
1377 1336 1388 1372 :
1446 1323 1716 1372 Animum
1761 1321 1817 1372 et

128 1410 332 1462 Pereo
363 1407 552 1479 perito
581 1408 924 1476 architecto,
981 1423 1048 1463 ac
1083 1410 1343 1462 Ges-uno
1370 1407 1602 1462 decano
1632 1411 1811 1478 atque

129 1501 473 1563 ADALARDO,
531 1511 766 1551 necnon
831 1493 1056 1550 caeteris
1137 1495 1423 1550 omnibus
1484 1493 1813 1567 supradicti

129 1583 406 1656 apostoli
431 1584 786 1641 monachis:
831 1587 1142 1639 Exceuuco
1193 1589 1248 1640 et
1304 1585 1470 1640 fratri
1495 1585 1624 1655 ejus
1670 1587 1811 1640 Teo-

128 1689 330 1728 TARDO
356 1673 788 1743 grammaticis,
823 1673 984 1728 sedis
1032 1673 1360 1728 Aniciensis
1404 1674 1590 1729 beatae
1621 1673 1811 1729 Mariae

128 1762 355 1818 matris
384 1762 616 1818 Domini
645 1762 911 1818 ecclesiaa
936 1763 1239 1818 canonicis
1275 1781 1287 1817 :
1325 1766 1585 1819 Wenxoxi
1619 1779 1814 1832 gram-

130 1852 392 1919 matico,
422 1852 582 1908 beati
604 1852 751 1908 Petri
783 1852 1038 1924 apostoli
1071 1852 1515 1908 Belliloacensis
1549 1853 1811 1908 ecclesiae

131 1941 452 1996 monacho
511 1959 522 1994 :
572 1944 833 1996 GERALDO
866 1941 1053 1997 sancti
1081 1941 1395 2011 Augustini
1431 1942 1812 1996 Lemovicen-

1921 785 2044 840 imo
2076 784 2636 856 antiquissimorum
2663 789 2905 840 Patrum
2944 790 3226 852 veterem,
3267 784 3498 840 bonum
3532 791 3588 840 et

1921 874 2292 929 laudabilem
2322 891 2555 930 morem
2584 876 2642 929 in
2671 875 2891 930 litaniis
2924 879 2979 930 et
3018 874 3078 930 in
3110 874 3392 929 omnibus
3422 875 3585 930 diur-

1924 962 2014 1017 nis
2038 962 2288 1031 agendis
2322 963 2395 1017 de
2436 963 2648 1018 eodem
2699 967 2906 1017 sancto
2959 962 3282 1034 apostolo:
3345 966 3400 1016 et
3451 979 3586 1017 ecce

1925 1068 2169 1127 serpens
2193 1057 2547 1107 veternosus
2571 1052 2777 1107 omnia
2816 1053 2965 1118 haec,
3021 1069 3158 1124 qua:
3209 1051 3287 1107 ad
3345 1052 3586 1107 laudem

1929 1141 2024 1196 Dei
2058 1146 2113 1196 et
2144 1143 2476 1213 profectum
2506 1148 2725 1197 sancta:
2761 1141 3030 1196 Ecclesia:
3062 1141 3214 1196 bene
3246 1143 3482 1197 fuerant
3510 1141 3586 1196 ab

1924 1229 2280 1284 authenticis
2315 1229 2450 1284 viris
2499 1230 2774 1285 inchoata
2839 1247 2907 1285 ac
2958 1230 3156 1302 potius
3213 1236 3583 1302 recuperata,

1924 1319 2295 1390 perturbavit
2328 1337 2340 1386 ;
2371 1336 2438 1374 ac
2469 1325 2684 1391 praeter
2713 1337 2809 1374 me
2843 1319 3037 1374 solum
3095 1324 3151 1373 et
3191 1319 3586 1374 Gauzbertum

1918 1411 2204 1474 vestrum,
2237 1424 2447 1462 omnes
2474 1423 2509 1462 a
2538 1408 2782 1463 veritate
2823 1408 3014 1463 aversi
3081 1413 3238 1462 sunt.
3274 1411 3421 1463 Nam
3473 1424 3585 1475 ego

1921 1511 2030 1566 pro
2062 1495 2302 1551 veritate
2331 1512 2520 1568 usque
2554 1496 2632 1550 ad
2680 1503 2934 1552 mortem
2983 1495 3232 1550 libenter
3283 1496 3585 1550 decertare

1921 1586 2154 1653 festino,
2190 1586 2382 1640 sciens
2413 1585 2613 1641 utilius
2645 1603 2773 1642 esse
2806 1585 3164 1641 scandalum
3193 1585 3358 1640 nasci
3396 1601 3584 1656 quam

1923 1673 2230 1729 veritatem
2257 1675 2450 1729 deseri
2482 1694 2494 1741 ;
2527 1680 2583 1730 et
2610 1692 2807 1747 neque
2839 1691 3022 1740 mors,
3057 1689 3253 1746 neque
3319 1673 3460 1744 vita,
3488 1689 3584 1727 ne-

1921 1779 2039 1835 que
2068 1764 2368 1833 instantia,
2402 1781 2597 1838 neque
2632 1766 2851 1832 futura,
2887 1780 3083 1836 neque
3111 1763 3328 1834 angeli,
3388 1778 3586 1834 neque

1921 1856 2311 1926 prinmpatus,
2360 1871 2556 1927 neque
2602 1855 2877 1922 altitudo,
2942 1870 3141 1926 neque
3189 1852 3582 1926 profundum,

1923 1959 2117 2015 neque
2145 1948 2419 2000 creatura
2447 1944 2650 2016 aliqua
2679 1943 2893 2017 poterit
2923 1960 3018 1998 me
3070 1959 3349 2016 separare
3378 1959 3412 1997 a
3444 1941 3586 1996 cha-

133 2031 221 2086 sis
253 2031 608 2086 monasterii
639 2031 866 2103 abbati,
895 2031 999 2086 sed
1027 2037 1083 2086 ct
1104 2037 1333 2086 cunctae
1365 2031 1814 2099 congregationi
1847 2059 1885 2111 Β
1923 2032 2092 2087 ritate
2125 2038 2180 2087 ct
2200 2033 2442 2089 veritate
2465 2033 2588 2100 Dei,
2622 2051 2757 2105 quae
2789 2037 2877 2089 est
2921 2033 2982 2087 in
3028 2032 3258 2088 Christo
3314 2035 3450 2086 Jesu
3478 2034 3585 2086 Do-

133 2122 278 2192 ejus
315 2138 328 2176 :
365 2125 644 2177 ROTGERIO
677 2127 895 2177 sancta:
953 2121 1171 2177 Valerae
1224 2122 1655 2178 Cambonensis
1699 2138 1814 2176 cce-

133 2210 313 2266 nobii
353 2211 674 2283 przrposito
731 2228 744 2265 :
791 2211 930 2266 item
963 2214 1226 2267 Granum
1284 2211 1412 2266 viro
1463 2212 1813 2266 doctissimo

138 2299 684 2372 Sollempniacensi
715 2299 919 2356 abbati
951 2307 1007 2356 et
1036 2301 1320 2356 erunibus
1352 2301 1666 2356 monachis
1684 2302 1814 2371 ejus

136 2383 786 2439 ARNALDOROtheneDSl
813 2385 1485 2457 episcopo;'l‘Hiaonemuo
1513 2402 1814 2455 gramma-

138 2473 261 2529 tico
289 2473 528 2528 Metensi
560 2474 845 2546 episcopo
881 2493 892 2542 ;
919 2477 1232 2536 Coxact'xm
1263 2477 1670 2530 Romanorum
1701 2480 1816 2529 Au-

140 2567 339 2631 gustte
367 2580 379 2627 ;
433 2565 639 2618 Cosom
668 2560 883 2617 Caesari
913 2567 1183 2631 Augusto
1217 2563 1560 2635 imperatori
1595 2582 1606 2618 :
1670 2565 1812 2617 κνη-

142 2667 326 2706 LELMO
380 2651 777 2720 grammatico
849 2651 1184 2706 orthodoxo
1261 2657 1317 2707 et
1396 2651 1810 2724 potentissimo

139 2740 583 2812 Aquitanorum
605 2740 744 2795 duci
777 2759 790 2808 ;
831 2743 1027 2795 JOANNI
1059 2744 1326 2796 Romano
1358 2757 1557 2813 papae,
1591 2746 1812 2795 Anem-

143 2845 251 2884 RL'S
281 2829 731 2899 Egolismensis,
782 2830 1271 2901 presbyterorum
1321 2830 1586 2896 ultimus,
1638 2834 1811 2885 rectae

142 2918 285 2974 ﬁdei
313 2923 537 2989 regulae
569 2935 675 2991 per
704 2919 909 2974 omnia
949 2919 1413 2986 observantiam,
1443 2921 1502 2975 in
1532 2920 1672 2989 ﬁde,
1708 2936 1812 2991 spe

145 3014 203 3064 et
237 3009 523 3064 cnaritate
555 3009 790 3064 Domini
821 3009 1008 3064 nostri
1063 3012 1200 3064 .lcsu
1259 3009 1473 3066 Christi
1526 3009 1812 3078 unigeniti

147 3098 270 3155 Filii
326 3098 425 3154 Dei
469 3099 803 3154 secundum
857 3114 1070 3154 sanam
1130 3099 1543 3171 apostolorum
1595 3099 1812 3154 doctri-

150 3203 316 3243 nam.

217 3293 364 3350 Nolo
387 3310 494 3348 vos
521 3293 724 3348 mirari
754 3310 856 3349 eos
883 3310 1022 3349 cum
1044 3293 1266 3365 quibus
1298 3311 1615 3366 nunquam
1648 3293 1809 3350 locu-

151 3388 242 3439 tus
277 3400 433 3447 sum,
466 3383 666 3438 adhuc
706 3384 779 3438 de
801 3383 1078 3455 apostolo
1107 3383 1384 3455 Martiale,

149 3473 306 3541 dico,
335 3489 562 3545 papam
593 3472 866 3529 videlicet
897 3490 965 3529 ac
999 3477 1314 3542 Caesarem,
1350 3484 1529 3545 atque
1577 3475 1816 3546 Aquita-

149 3562 262 3619 niae
285 3561 524 3629 ducem,
553 3562 706 3617 inter
733 3562 982 3618 nomina
1003 3568 1200 3618 vestra
1229 3578 1325 3617 me
1348 3562 1816 3618 intermiscuisse

151 3669 290 3707 cum
319 3651 367 3706 si
399 3652 546 3707 forte
594 3652 722 3707 hzec
756 3652 834 3728 ad
865 3668 967 3707 eos
998 3653 1393 3724 pervenerint,
1428 3655 1571 3724 opto
1603 3651 1819 3707 sereni-

152 3746 333 3798 tatem
364 3757 575 3797 eorum
625 3742 715 3796 his
767 3741 922 3797 veris
980 3741 1412 3797 assertionibus
1461 3740 1738 3796 arridere.
1773 3746 1820 3796 Α

153 3831 321 3888 vobis
349 3831 598 3904 quidem
619 3848 744 3886 11011
773 3831 899 3886 sine
955 3831 1170 3902 grandi
1211 3831 1603 3886 exsultatione
1651 3831 1819 3886 linito

157 3919 402 3976 concilio
431 3921 841 3976 Lemovicensi
871 3926 1090 3992 quarto
1131 3921 1226 3974 die
1288 3919 1512 3975 mensis
1570 3920 1819 3991 Augusti

157 4009 437 4078 abscessi,
467 4014 765 4066 revertens
808 4009 887 4065 ad
921 4009 1280 4079 Egolismam
1345 4009 1664 4079 civitatem,
1717 4009 1821 4064 ubi

159 4099 234 4155 ab
260 4100 389 4173 ipsa
425 4100 744 4155 tenerrima
800 4100 1054 4172 pueritia
1090 4100 1402 4168 hactenus,
1461 4105 1629 4155 aetate
1668 4115 1821 4172 qua-

160 4184 569 4254 dragenarius,
604 4184 789 4240 vitam
820 4185 880 4239 in
914 4184 1278 4240 monasterio
1332 4184 1491 4239 beati
1550 4184 1825 4256 Eparchii

163 4269 441 4338 transigo.
481 4269 869 4324 Exsultabam
890 4269 1049 4324 enim
1079 4285 1184 4323 vos
1229 4269 1627 4337 incongruam
1658 4268 1825 4324 111011-

164 4362 282 4413 tam
319 4358 534 4414 erroris
566 4375 749 4414 causa
779 4358 858 4414 ab
890 4359 1285 4414 anterioribus
1314 4359 1539 4414 clericis
1587 4359 1827 4431 Aquita-

166 4448 274 4502 niae
313 4447 760 4518 negligentiam,
789 4464 913 4520 qua
973 4449 1502 4521 parvipendebatis
1547 4453 1824 4505 sanctum

168 4537 502 4609 apostolum
531 4537 630 4592 Dei
659 4538 1000 4604 Martialem,
1053 4554 1176 4593 non
1209 4538 1377 4594 aliter
1415 4555 1602 4610 quam
1635 4555 1824 4593 unum

169 4626 238 4681 de
267 4625 570 4681 modernis
598 4627 1061 4696 confessoribus,
1092 4631 1195 4682 aut
1217 4627 1558 4698 junioribus
1587 4629 1826 4683 moder-

171 4715 256 4771 nis
278 4715 593 4788 episcopis,
622 4717 804 4772 modo
834 4733 942 4788 per
974 4717 1071 4771 Dei
1103 4717 1357 4786 gratiam
1411 4717 1734 4788 respuisse,
1769 4721 1824 4772 et

175 4804 244 4859 de
268 4820 334 4858 eo
373 4805 541 4876 quod
588 4806 872 4878 antiquus
921 4811 979 4861 et
1024 4805 1314 4860 naturalis
1354 4805 1664 4876 apostolus
1698 4807 1825 4877 ipse

177 4893 374 4950 beatus
405 4895 702 4963 Martialis,
745 4895 895 4950 sicut
952 4899 1263 4950 attestatur
1301 4895 1549 4966 antiqua
1590 4895 1826 4950 traditio

179 4986 402 5038 Patrum
430 4989 798 5054 nostrorum,
827 4989 883 5040 et
912 4982 1159 5039 assertio
1189 4999 1327 5038 vera
1340 4986 1699 5051 Graecorum,
1724 4999 1825 5038 ve-

180 5067 395 5123 ritatem
428 5069 627 5140 potius
665 5085 1057 5142 recuperasse
1089 5083 1274 5140 quam
1328 5068 1661 5122 inchoasse.
1714 5071 1826 5122 Vo-

180 5157 263 5211 bis
292 5158 450 5212 euim
479 5162 740 5230 quatuor
776 5158 1158 5214 solummodo
1209 5173 1369 5212 nunc
1402 5156 1828 5229 specialissime

180 5241 400 5314 loquor,
431 5243 700 5315 pontifex
728 5244 1010 5310 Jordane,
1040 5242 1303 5298 Odehice
1335 5242 1514 5310 abba,
1542 5241 1829 5297 Rainalde

182 5332 345 5398 atque
371 5327 666 5383 Aimirice.
692 5333 896 5401 Itaque
927 5343 1021 5383 me
1053 5344 1192 5383 cum
1223 5327 1440 5382 abbate
1488 5327 1829 5382 Amalfredo

184 5412 475 5467 etcunctis
505 5412 809 5480 fratribus,
843 5419 899 5468 et
956 5429 1094 5468 cum
1144 5412 1428 5484 episcopo
1479 5413 1720 5468 Rohone
1768 5411 1830 5467 in

186 5496 423 5552 Domino
462 5496 536 5551 (le
593 5496 780 5565 gloria
825 5497 1082 5553 veritatis
1125 5497 1284 5552 beati
1332 5497 1606 5553 Martialis
1659 5513 1832 5568 apos-

188 5581 276 5636 toli
297 5581 651 5652 gratulante,
683 5582 881 5638 subito
906 5583 1093 5637 hostis
1125 5584 1407 5654 antiquus
1434 5599 1539 5654 per
1568 5599 1708 5636 suos
1743 5598 1833 5636 sa-

191 5667 378 5721 tellites
411 5667 815 5722 amaritudine
845 5667 1025 5722 anxia
1074 5666 1448 5722 obnubilavit
1500 5665 1834 5739 praecordia

189 5769 328 5821 mea,
360 5755 422 5806 ut
453 5751 700 5807 mallem
732 5753 884 5807 mori
935 5769 1124 5824 quam
1182 5753 1400 5821 vivere,
1457 5758 1513 5807 et
1559 5758 1833 5823 optarem

192 5853 404 5909 pennas
433 5837 588 5892 sicut
617 5836 900 5893 columba
939 5836 1182 5905 habere,
1227 5836 1451 5907 quibus
1493 5853 1637 5892 mox
1665 5835 1833 5891 vola-

1924 2121 2090 2176 mino
2121 2128 2327 2177 nostro
2359 2128 2416 2177 et
2444 2123 2504 2178 in
2536 2123 2791 2178 Martiale
2825 2123 2954 2192 ejus
2986 2121 3278 2193 apostolo.

1999 2261 2345 2333 Duoitaque
2377 2279 2449 2316 ex
2478 2261 2676 2328 nobis,
2726 2267 2882 2316 veste
2933 2265 3164 2316 tantum
3214 2264 3269 2314 et
3321 2259 3587 2326 nomine,

1922 2366 2043 2404 non
2079 2351 2310 2406 actibus
2362 2368 2557 2423 neque
2606 2351 2903 2420 moribus,
2964 2351 3267 2415 monachi,
3329 2366 3590 2420 quorum

1923 2440 2172 2496 nomina
2205 2441 2356 2496 intra
2389 2446 2584 2512 empta
2626 2441 2884 2495 inserere
2919 2439 3277 2508 sacrilegum
3309 2438 3474 2505 duxi,
3531 2439 3587 2494 in

1921 2530 2035 2584 hoc
2072 2529 2406 2602 Septembri
2437 2546 2642 2584 mense
2671 2530 2795 2584 sine
2842 2529 3256 2584 benedictione
3287 2543 3320 2582 a
3352 2544 3593 2582 monas-

1923 2618 2066 2672 terio
2098 2634 2207 2672 suo
2239 2617 2316 2672 ad
2353 2619 2771 2673 Lemovicense
2803 2617 3159 2672 territorium
3185 2617 3348 2688 quod
3377 2616 3591 2670 dicitur

1925 2706 2173 2761 Buxeria
2194 2706 2600 2772 devenientes,
2636 2705 2717 2759 ibi
2749 2722 2783 2759 a
2841 2708 3112 2776 serpente
3170 2704 3417 2775 antiquo
3447 2703 3588 2757 infe-

1921 2795 2198 2850 licissimc
2223 2794 2525 2866 corrumpi
2552 2811 2612 2849 se
2635 2793 3036 2866 permiserunt
3083 2792 3361 2846 draconis
3412 2809 3587 2846 vene-

1921 2901 2022 2951 no,
2057 2900 2092 2938 a
2119 2883 2389 2956 quodam
2423 2883 2643 2938 scilicet
2703 2881 3097 2951 Longobardo
3129 2882 3428 2947 lueretico,
3462 2898 3589 2936 mo-

1921 2973 2173 3028 nachico
2205 2973 2452 3045 quidem
2475 2973 2795 3028 schismate
2822 2972 3053 3037 induto,
3082 2987 3292 3025 verum
3320 2987 3442 3025 non
3465 2987 3590 3025 mo-

1922 3063 2137 3129 nacho,
2172 3063 2275 3115 sed
2303 3061 2568 3117 diabolo.
2634 3065 2746 3116 Nec
2795 3060 3176 3115 attenderunt
3202 3076 3236 3114 a
3269 3059 3418 3114 falso
3451 3075 3589 3131 pro-

1922 3152 2124 3222 pheta,
2158 3151 2260 3223 qui
2293 3167 2329 3205 a
2370 3151 2546 3207 Clusa
2577 3149 3068 3219 Longobardensi
3100 3149 3259 3204 venit
3289 3148 3368 3204 ad
3418 3148 3594 3220 Aqui-

1925 3242 2152 3296 taniam
2184 3241 2244 3295 in
2267 3240 2638 3296 vestimentis
2673 3241 2898 3308 ovium,
2923 3239 3251 3294 intresecus
3282 3243 3483 3293 autem
3507 3245 3595 3294 est

1923 3331 2104 3401 lupus
2145 3345 2353 3401 rapax.
2392 3333 2594 3400 Ipsum
2651 3329 2751 3383 Dei
2809 3328 3206 3396 archangelus
3268 3326 3509 3382 Michael
3541 3330 3596 3381 et

1439 3389 1554 3439 tres
1585 3389 1814 3491 ξδηίξῆαι
1848 3414 1888 3468 0
1927 3389 2121 3491 angeli
2155 3389 2284 3490 ejus
2315 3437 2349 3474 a
2387 3389 2534 3475 facie
2591 3419 2689 3474 Dei
2733 3389 3072 3491 projiciantu,
3129 3422 3193 3472 ut
3241 3433 3365 3472 non
3396 3417 3595 3472 valeat

1927 3527 2068 3566 cum
2096 3527 2205 3564 suo
2229 3525 2366 3578 rege
2390 3509 2654 3564 dracone
2681 3509 2739 3562 in
2771 3507 3026 3562 Ecclesia
3059 3507 3374 3573 catholica,
3398 3523 3594 3578 neque

1927 3601 2095 3655 locus
2120 3602 2250 3668 ejus
2277 3598 2536 3670 amplius
2568 3597 2904 3652 inveniatur
2941 3597 3002 3651 in
3030 3596 3176 3651 coelo
3203 3615 3215 3664 ;
3275 3600 3340 3650 ut
3370 3611 3596 3664 magna

1928 3706 2046 3744 vox
2070 3692 2419 3743 sanctorum
2451 3686 2734 3741 audiatur
2762 3686 2822 3740 in
2863 3685 3034 3754 coelo,
3068 3683 3233 3756 quod
3286 3688 3373 3738 est
3403 3683 3595 3738 Eccle-

1931 3778 2018 3833 sia
2048 3793 2334 3850 praesens,
2361 3775 2707 3830 dicentium.
2771 3778 2936 3829 Nunc
2969 3775 3124 3830 facta
3167 3777 3259 3828 est
3301 3772 3484 3840 salus,
3539 3776 3596 3826 et

1928 3869 2137 3934 virtus,
2174 3871 2229 3922 et
2258 3882 2512 3935 regnum
2547 3863 2984 3920 DomininOstri
3015 3869 3071 3919 et
3095 3867 3362 3935 potestas
3385 3861 3594 3918 Christi

1930 3959 2080 4029 ejus,
2112 3962 2167 4012 et
2191 3956 2380 4024 gloria
2407 3972 2477 4011 ac
2531 3955 2749 4010 veritas
2787 3953 3202 4027 apostolorum
3260 3953 3408 4023 ejus.
3461 3952 3596 4006 [deo

1930 4047 2204 4101 laetentur
2235 4045 2368 4100 CtPll
2391 4049 2448 4100 et
2467 4045 2572 4116 qui
2596 4045 2656 4098 in
2683 4043 2766 4098 eis
2795 4043 3092 4098 habitant.
3136 4047 3195 4097 1n
3223 4041 3474 4097 concilio
3501 4059 3596 4096 sa-

1933 4152 2008 4191 ne
2043 4135 2446 4190 l.emovicensi
2488 4134 2694 4204 lingua
2736 4133 3125 4205 sapientium,
3161 4132 3263 4204 qui
3299 4149 3402 4186 vos
3430 4131 3595 4197 estis,

1935 4225 2173 4282 ornavit
2199 4225 2508 4280 scientiam
2532 4238 2553 4295 ,'
2580 4224 2659 4279 ad
2699 4223 3016 4279 Buxeriam
3047 4240 3190 4277 vero
3245 4239 3312 4278 os
3344 4223 3487 4277 fatui
3518 4223 3600 4277 vi-

1933 4332 2033 4383 no,
2066 4315 2188 4370 imo
2215 4331 2448 4371 veneno
2469 4313 2790 4369 madefacti
2810 4313 3149 4385 serpentino
3173 4312 3440 4367 ebullivit
3462 4311 3600 4366 stul-

1935 4405 2145 4460 titiam.
2183 4407 2297 4459 Vos
2321 4403 2483 4458 enim
2514 4403 2574 4458 in
2605 4404 2888 4458 charitate
2931 4402 3176 4457 radicati
3234 4407 3290 4456 et
3342 4401 3595 4469 fundati,

1933 4494 2405 4568 pcrcharitatem
2437 4491 2747 4564 patientes,
2777 4491 3042 4560 benigni,
3071 4507 3191 4546 non
3221 4489 3594 4557 aemulantes,

1935 4601 2056 4640 non
2084 4588 2330 4651 agentes
2353 4597 2693 4653 perperam,
2726 4597 2847 4636 non
2870 4580 3078 4647 inllati,
3121 4596 3242 4634 non
3273 4578 3594 4647 ambitiosi,

1933 4690 2056 4729 non
2087 4677 2420 4744 quaerentes
2443 4687 2578 4742 quae
2611 4676 2806 4724 vestra
2836 4674 2994 4736 sunt,
3045 4684 3166 4724 non
3216 4667 3444 4737 irritati,
3473 4683 3597 4722 non

1851 4768 1896 4823 D
1937 4760 2264 4828 cogitantes
2297 4757 2547 4823 malum,
2590 4772 2710 4811 non
2769 4755 3098 4824 gaudentes
3149 4771 3328 4826 super
3384 4753 3598 4826 iniqui-

1935 4855 2136 4910 tatem,
2172 4847 2623 4917 congaudentes
2653 4851 2854 4901 autem
2895 4844 3147 4915 veritati,
3213 4843 3596 4899 manifestare

1936 4939 2188 4996 curastis
2209 4938 2437 5011 populo
2466 4937 2793 5002 veritatem,
2835 4935 2978 5008 quia
3029 4933 3304 4991 Martialis
3351 4934 3481 5006 ipse
3508 4939 3600 4990 est

1936 5028 2226 5085 naturalis
2258 5026 2588 5100 apostolus,
2622 5042 2766 5092 non,
2799 5025 2951 5080 sicut
3003 5040 3180 5079 canes
3230 5023 3596 5078 oblatrantes

1937 5119 2166 5183 dicunt,
2199 5133 2414 5184 novus,
2448 5117 2551 5171 sed
2579 5115 3034 5188 antiquissimus
3059 5118 3236 5184 atque
3258 5128 3364 5184 per
3394 5112 3598 5166 omnia

1939 5225 1974 5264 a
2000 5207 2228 5264 Christo
2250 5212 2386 5278 post
2415 5222 2493 5260 xu
2521 5205 2828 5278 apostolos
2857 5204 3084 5275 priores
3115 5201 3356 5268 electus;
3389 5207 3445 5257 et
3476 5218 3597 5256 non

1941 5299 2138 5353 solum
2153 5295 2485 5368 apostolus,
2522 5296 2624 5350 sed
2656 5295 2835 5349 etiam
2867 5291 3078 5349 Christi
3105 5291 3165 5346 in
3198 5308 3377 5348 carne
3428 5292 3602 5348 disci-

1939 5387 2138 5461 pulus,
2165 5391 2221 5440 et
2247 5385 2408 5440 beati
2424 5383 2574 5439 Petri
2599 5381 2885 5455 principis
2920 5381 3333 5452 apostolorum
3359 5381 3599 5436 condis-

1941 5476 2196 5549 cipulus.
2225 5474 2410 5544 Majus
2444 5478 2530 5528 est
2551 5471 2709 5527 enim
2741 5487 2868 5526 esse
2919 5471 2978 5526 in
3011 5487 3186 5526 carne
3236 5469 3601 5542 discipulum

1943 5564 2176 5634 Christi,
2204 5579 2390 5635 quam
2415 5561 2754 5634 apostolum
2778 5565 2918 5632 post
2939 5560 3355 5616 ascensionem
3369 5559 3597 5614 Christi.

1941 5653 2150 5712 Multos
2181 5653 2341 5707 enim
2364 5666 2542 5706 nemo
2569 5649 2795 5722 peritus
2852 5650 3088 5719 ignorat
3142 5650 3325 5706 fuisse
3348 5649 3603 5721 pseudo-

1943 5742 2251 5816 apostolos
2282 5748 2337 5797 et
2360 5741 2618 5796 veritatis
2646 5741 2956 5813 apostolos
2995 5747 3131 5813 post
3187 5739 3599 5795 ascensionem

1945 5832 2178 5902 Christi,
2206 5832 2310 5905 qui
2341 5847 2731 5903 nequaquam
2764 5831 3003 5886 fuerunt
3051 5836 3253 5886 tamen
3308 5828 3368 5883 in
3423 5841 3601 5880 carne
