4944 6558
1300 384 1361 436 91
2421 383 2730 437 ADEMARI
2789 381 2842 435 S.
2896 376 3177 434 CIBABDI
3234 378 3567 435 MONACHI.

4658 383 4735 434 92

1303 503 1579 575 discipuli
1603 504 1811 561 Christi
1846 522 1859 559 :
1892 510 1948 561 et
1978 505 2111 561 licet
2152 509 2409 578 quatuor
2461 504 2833 573 evangelista:
2872 502 2945 557 de
2974 503 3025 558 Α
3054 519 3164 571 ego
3186 502 3420 559 afﬁrmo
3449 508 3721 560 sanctum
3739 502 4062 559 Martialem
4078 518 4197 559 non
4218 518 4347 558 esse
4372 503 4736 575 apostolum

1303 609 1375 649 eo
1407 597 1658 662 taceant,
1688 594 1910 667 quippe
1967 595 2071 667 qui
2119 596 2463 650 summatim
2510 595 2664 650 facta
2714 594 2947 650 Domini

1304 677 1792 751 perstrinxerunt,
1823 684 2023 736 tamen
2048 679 2196 735 liber
2227 684 2532 749 gestorum
2588 680 2717 750 ejus
2774 696 2947 735 cons-

1304 768 1528 841 criptus
1567 785 1604 826 a
1645 768 1937 841 discipulo
1993 770 2121 840 ejus
2180 770 2517 839 Aureliano,
2573 786 2609 825 a
2660 770 2949 826 catholica

1306 872 1542 930 semper
1571 857 1826 913 Ecclesia
1858 863 2188 930 susceptus,
2220 858 2575 914 sufﬁcienter
2596 874 2631 915 a
2653 858 2947 930 principio

1304 950 1601 1003 memorat
1621 947 1872 1017 gratiam
1893 947 2261 1020 apostolatus
2309 949 2455 1019 ejus.
2517 948 2948 1017 Langobardus

1304 1053 1447 1092 vero
1473 1036 1744 1109 quidam,
1790 1037 2097 1093 Hebionita
2151 1038 2346 1110 potius
2392 1054 2579 1110 quam
2630 1038 2946 1108 emnobita,

1305 1126 1438 1198 ipso
1461 1142 1572 1182 suo
1604 1127 1845 1183 nomine
1875 1127 2175 1198 indignus,
2205 1127 2306 1199 qui
2355 1128 2777 1197 congruentius
2810 1145 2947 1184 ceu-

1309 1215 1422 1271 seri
1442 1216 1744 1272 debuisset
1769 1216 2121 1272 maledictus
2150 1234 2257 1290 per
2286 1216 2592 1273 veritatem
2629 1235 2813 1291 quam
2844 1218 2947 1273 be-

1306 1305 1577 1362 nedictus
1596 1322 1701 1378 per
1721 1305 2055 1376 falsitatem,
2084 1306 2145 1362 in
2180 1307 2431 1363 Buxeria
2478 1308 2725 1364 ecclesia
2752 1308 2949 1380 hospi-

1308 1397 1481 1464 tatus,
1508 1395 1912 1467 blasphemias
1941 1412 2065 1451 non
2124 1396 2319 1452 solum
2357 1397 2419 1451 in
2466 1398 2809 1470 apostolum
2850 1398 2948 1453 Dei

1305 1482 1645 1553 Martialem,
1680 1500 1889 1540 verum
1930 1485 2108 1541 etiam
2130 1486 2191 1541 in
2220 1486 2419 1559 ipsum
2463 1487 2667 1542 Filium
2700 1487 2799 1542 Dei
2852 1503 2949 1542 ne-

1305 1572 1517 1630 fandas
1549 1573 1609 1629 in
1637 1575 2049 1632 conventiculo
2101 1578 2539 1633 monachorum
2592 1578 2950 1645 Egolismen-

1307 1662 1483 1731 sium,
1517 1667 1573 1719 et
1601 1666 2173 1734 Brantosmensium,
2220 1671 2274 1723 et
2304 1667 2793 1739 presbyterorum
2848 1670 2945 1721 Le-

1303 1752 1751 1821 movieensium,
1775 1754 1880 1826 qui
1910 1760 2150 1827 propter
2170 1756 2535 1812 nativitatem
2583 1756 2682 1811 Dei
2710 1756 2947 1824 genitri-

1305 1840 1386 1895 cis
1407 1856 1475 1895 ac
1505 1847 1807 1914 perpetuas
1840 1844 2078 1912 virginis
2108 1845 2292 1900 Mariae
2342 1844 2528 1900 festivi
2558 1845 2944 1913 advenerant,

1305 1945 1579 1985 evomere
1607 1946 1727 1986 non
1756 1931 1965 1989 timuit.
1998 1936 2063 1988 Et
2088 1933 2266 1988 veluti
2320 1934 2728 1989 Arriomanitis
2760 1940 2813 1989 et
2844 1938 2945 1989 Fo-

1306 2018 1544 2074 tinianis
1568 2036 1637 2076 ac
1667 2021 1967 2077 Manichiis
1996 2027 2051 2079 et
2076 2024 2299 2079 caeteris
2326 2040 2360 2078 a
2388 2027 2504 2079 Deo
2536 2024 2740 2079 alienis
2772 2025 2951 2077 hau-e-

1306 2106 1433 2162 ticis
1462 2124 1595 2163 mos
1619 2113 1726 2176 est,
1758 2114 1821 2165 ut
1846 2110 1962 2166 sint
1991 2112 2273 2184 loquaces
2316 2113 2572 2168 multum
2625 2118 2680 2167 et
2706 2112 2949 2167 volubili

1306 2195 1648 2266 linguarum
1674 2202 1870 2254 rotatu
1900 2200 2208 2272 perfaciles
2238 2203 2370 2272 (hoc
2397 2202 2555 2256 enim
2592 2202 2785 2256 solum
2814 2218 2949 2273 pro-

1306 2286 1507 2358 prium
1529 2291 1615 2342 est
1636 2287 2394 2363 haereticorum),quatenus
2416 2292 2619 2347 brutos
2652 2291 2950 2346 auditores

1310 2392 1478 2445 suos,
1502 2376 1644 2449 quia
1672 2376 1924 2450 simplici
1946 2379 2181 2436 veritate
2204 2385 2507 2453 nequeunt
2539 2380 2743 2436 saltem
2777 2380 2950 2434 mira-

1308 2464 1413 2520 bili
1434 2464 1761 2536 etﬁgurata
1784 2468 2147 2537 garrulitate,
2191 2470 2339 2524 dum
2368 2470 2428 2524 in
2480 2470 2561 2525 eis
2612 2470 2949 2542 eloquentia

1307 2570 1431 2609 non
1464 2555 1755 2627 sapientia
1782 2557 2052 2625 miratur,
2086 2558 2309 2614 elidant
2350 2558 2410 2614 in
2450 2558 2684 2613 foveam
2715 2559 2946 2625 erroris,

1307 2645 1587 2701 dicaciter
1616 2647 1896 2704 omnibus
1922 2655 2183 2705 vestram
2226 2651 2633 2706 auctoritatem
2666 2650 2823 2705 male
2844 2650 2950 2704 im-

1305 2739 1515 2807 putare
1567 2737 1760 2810 coepit,
1812 2738 2155 2812 vituperans
2200 2756 2324 2807 eos,
2376 2740 2716 2812 quicunque
2756 2745 2951 2794 vestro

1300 2824 1477 2895 jussu
1495 2825 1556 2881 in
1573 2826 1750 2884 beato
1776 2829 2030 2885 Martiale
2061 2830 2431 2903 Apostolicas
2462 2831 2761 2885 orationes
2791 2846 2951 2884 rece-

1305 2918 1534 2985 perant,
1568 2916 1913 2990 quicunque
1936 2918 2063 2989 ejus
2089 2934 2312 2973 nomen
2339 2918 2397 2973 in
2420 2918 2637 2973 litaniis
2659 2918 2718 2973 in
2745 2918 2952 2973 ordine

1306 3003 1715 3075 apostolorum
1747 3010 1882 3062 ante
1908 3011 2202 3079 martyres
2244 3006 2575 3063 recitabant
2633 3024 2645 3061 :
2684 3023 2953 3063 asserens

1308 3109 1519 3148 omnes
1546 3094 1608 3149 in
1635 3110 1862 3151 vanum
1888 3112 2057 3151 orare
2078 3097 2183 3169 qui
2203 3114 2339 3151 eum
2355 3096 2763 3168 praedicabant
2785 3113 2956 3168 apos-

1309 3182 1521 3254 tolum,
1558 3183 1824 3258 talesque
1861 3185 2157 3241 orationes
2198 3189 2254 3240 et
2282 3185 2518 3242 litanias
2550 3185 2696 3241 nihil
2732 3185 2847 3240 nisi
2896 3185 2954 3239 in

1308 3276 1624 3345 peccatum
1654 3273 1847 3330 valere
1876 3274 2299 3331 detestabiliter
2323 3275 2660 3332 oblatrabat
2692 3294 2705 3342 ;
2740 3280 2795 3330 et
2820 3275 2954 3329 huic

1308 3360 1393 3415 rei
1422 3361 1859 3418 consentientes
1890 3362 2092 3419 anima
2130 3368 2184 3419 et
2209 3380 2456 3438 corpore
2475 3365 2603 3435 jam
2636 3363 2954 3419 damnatos

1310 3465 1439 3505 esse
1467 3466 1634 3506 more
1665 3451 1840 3507 astuti
1867 3452 2154 3524 serpentis
2185 3452 2547 3509 insibilahat.
2578 3452 2777 3509 Missas
2798 3452 2955 3507 beati

1309 3539 1581 3615 apostoli,
1615 3556 1768 3613 quas
1798 3545 2004 3614 pastor
2035 3546 2238 3598 noster
2262 3541 2617 3597 venerabilis
2647 3541 2954 3597 Odolricus

1306 3629 1885 3703 presbyterislargiri
1908 3633 1929 3703 j
1941 3636 2188 3700 usserat,
2207 3648 2317 3706 pro
2346 3633 2470 3688 luto
2498 3648 2628 3687 esse
2658 3635 2714 3687 et
2744 3646 2954 3686 omnes

1305 3718 1441 3789 igne
1461 3720 1678 3777 debere
1701 3722 1992 3779 comburi.
2030 3722 2263 3793 «Beati,
2310 3723 2520 3796 inquit,
2580 3720 2834 3795 apostoli
2874 3720 2955 3775 tui

1305 3808 1437 3865 talis
1466 3810 1651 3867 missa
1677 3810 1871 3867 lutum
1897 3816 2007 3883 est,
2034 3812 2095 3867 in
2142 3828 2366 3869 vanum
2419 3816 2529 3881 est,
2593 3815 2649 3865 et
2691 3809 2956 3866 similiter

1305 3903 1393 3955 est
1416 3900 1591 3972 quasi
1618 3917 1794 3974 super
1822 3901 2005 3958 altare
2031 3902 2165 3975 quis
2212 3902 2406 3957 lutum
2445 3905 2611 3957 terrae
2666 3916 2953 3973 superpo-

1305 3993 1448 4058 nat;
1482 3990 1787 4048 haereticos
1816 4008 1945 4047 esse
1977 3992 2081 4067 qui
2118 4008 2220 4047 eas
2268 3991 2533 4047 recitant.
2572 3990 2954 4064 Aquitaniam

1306 4077 1593 4135 foedatam
1623 4080 1724 4136 tali
1752 4085 1809 4138 et
1839 4084 2007 4137 tanta
2034 4080 2244 4136 hmresi
2274 4097 2287 4134 :
2344 4080 2659 4153 episcopos
2718 4079 2955 4152 Aquita-

1304 4167 1419 4223 niae
1447 4168 1717 4239 rusticos,
1740 4171 1844 4243 qui
1858 4172 1988 4242 jam
2016 4174 2191 4225 antea
2218 4169 2466 4242 quando
2503 4170 2660 4224 hanc
2680 4169 2954 4223 haeresim

1304 4256 1580 4329 primitus
1609 4258 1927 4315 audierunt
1943 4258 2288 4325 surrexisse,
2322 4274 2445 4314 non
2466 4258 2783 4313 concilium
2816 4274 2954 4312 mox

1305 4353 1839 4421 congregaverant,
1873 4352 2180 4420 totumque
2210 4349 2409 4405 locum
2432 4349 2619 4405 sancti
2678 4348 2951 4405 Martialis

1305 4454 1430 4494 non
1458 4438 2126 4494 excommunicaverant
2142 4443 2197 4493 et
2222 4438 2549 4494 abominati
2579 4454 2701 4493 non
2722 4439 2955 4493 fuerant

1305 4527 1691 4601 prohibentes
1720 4528 1783 4582 in
1811 4544 1952 4584 eo...
1987 4544 2222 4584 sacrum
2261 4528 2653 4585 ministerium
2693 4532 2749 4583 et
2803 4528 2952 4583 divi-

1306 4633 1457 4673 num
1483 4615 1747 4671 ofﬁcium
1781 4633 1794 4671 :
1829 4616 2167 4673 Odolricum
2212 4617 2493 4674 abbatem
2521 4634 2738 4690 parum
2792 4617 2955 4673 intel-

1306 4707 1488 4778 ligere
1516 4706 1735 4764 litteras
1764 4710 1820 4763 et
1845 4724 2059 4780 parum
2112 4708 2357 4764 doctum
2400 4725 2547 4777 esse,
2596 4709 2700 4764 sed
2748 4724 2952 4765 coram

1308 4795 1543 4852 rusticis
1567 4796 1889 4866 ﬁngentem
1920 4813 1981 4852 se
2020 4797 2369 4869 sapientem:
2404 4799 2735 4853 monachos
2764 4797 2954 4851 sancti

1309 4885 1566 4959 apostoli
1594 4885 1824 4958 idiotas,
1859 4890 1915 4942 et
1959 4886 2187 4943 nullam
2218 4886 2574 4960 sapientiam
2628 4887 2953 4943 litterarum

1303 4975 1366 5032 in
1396 4975 1610 5031 eodem
1640 4974 1999 5032 monasterio
2018 4989 2037 5033 ;
2054 4976 2253 5049 ipsum
2282 4975 2565 5033 abbatem
2586 4979 2643 5031 et
2667 4976 2795 5048 ejus
2824 4992 2954 5031 mo-

1302 5065 1530 5123 nachos
1560 5064 1778 5122 falsum
1808 5064 2214 5139 apostolatum
2262 5064 2519 5121 erexisse
2561 5080 2746 5122 causa
2774 5081 2955 5138 pecu-

1302 5154 1417 5213 nias
1440 5170 1565 5227 qua
1594 5155 1927 5223 abundant,
1960 5158 2019 5217 et
2054 5171 2241 5212 causa
2264 5154 2535 5211 elationis
2560 5169 2631 5211 ac
2663 5154 2955 5227 superbiae

1303 5243 1469 5319 ipsos
1486 5260 1615 5301 esse
1630 5244 1895 5313 vitiosos,
1934 5244 2249 5317 superbos,
2310 5244 2671 5300 aestimantes
2703 5260 2763 5301 se
2795 5243 2954 5300 solos

1305 5332 1689 5390 admirabiles
1724 5337 1787 5389 ot
1813 5334 2094 5390 omnibus
2124 5332 2689 5405 congregationibus
2740 5349 2953 5390 mona-

1306 5424 1559 5481 chorum
1589 5422 1926 5495 superiores
1967 5425 2139 5497 quasi
2188 5440 2394 5495 reges;
2454 5440 2593 5481 cum
2624 5423 2753 5480 aliis
2790 5423 2957 5497 loqui

1307 5512 1724 5581 dedignantes,
1804 5511 2215 5585 inhospitales,
2290 5530 2501 5572 omnes
2568 5518 2953 5588 spernentes;

1308 5616 1434 5657 non
1455 5616 1585 5657 esse
1617 5617 1796 5657 ausos
1823 5618 1934 5674 pro
1964 5603 2075 5660 hac
2105 5620 2166 5660 re
2193 5605 2511 5661 concilium
2543 5604 2786 5674 erigere,
2824 5603 2956 5660 nul-

1308 5691 1433 5749 lam
1462 5692 1871 5750 auctoritatem
1901 5710 2075 5767 posse
2105 5700 2458 5764 monstrare,
2489 5695 2597 5751 sed
2616 5695 2679 5751 in
2707 5694 2959 5751 abscon-

1310 5782 1435 5843 dito
1465 5782 1845 5845 acsifalsam
1897 5791 2204 5845 monetam
2254 5786 2497 5859 falsum,
2550 5790 2625 5853 et,
2684 5791 2750 5842 ut
2772 5786 2957 5842 verbo

1310 5873 1441 5943 ejus
1474 5876 1629 5942 utar,
1662 5874 2096 5932 contrafactum
2117 5875 2454 5948 apostolum
2484 5874 2676 5930 facere
2699 5878 2841 5945 Ego,
2872 5876 2958 5930 in-

1312 5962 1460 6036 quit,
1484 5979 1623 6021 sum
1652 5963 1829 6023 valde
1850 5962 2075 6036 peritus
2096 5963 2319 6037 litteris,
2350 5980 2461 6036 ego
2482 5965 2823 6024 contradico
2852 5966 2955 6035 eis,

3054 592 3173 648 ullo
3204 593 3406 648 modo.
3444 597 3563 661 Ego
3597 593 3733 648 dico
3762 595 3944 649 vitam
3977 592 4106 662 ejus
4130 597 4316 648 totam
4349 592 4597 664 falsam,
4640 592 4733 664 ip-

3055 698 3187 737 sum
3219 682 3453 738 affirmo
3480 699 3796 756 nunquam
3831 681 4009 737 fuisse
4036 682 4097 737 in
4127 697 4306 737 carne
4345 681 4730 753 discipulum

3054 772 3287 841 Christi,
3315 772 3479 827 nullo
3508 772 3687 827 modo
3718 771 3895 827 fuisse
3924 771 4002 828 ad
4032 786 4295 839 coenam,
4336 770 4582 827 nullum
4614 771 4729 827 ob-

3057 862 3330 933 sequium
3361 861 3613 917 Domino
3642 860 3969 933 praebuisse
3995 860 4073 915 ad
4113 859 4453 915 abluendos
4483 860 4682 932 pedes
4715 878 4728 927 ;

3056 950 3374 1005 Dominum
3406 951 3600 1006 solum
3631 967 3770 1005 cum
3810 950 3949 1005 solis
3997 949 4320 1005 duodecim
4368 949 4541 1005 illam
4607 966 4729 1005 caa-

3053 1055 3197 1094 nam
3228 1039 3453 1107 fecisse;
3483 1040 3667 1095 verba
3688 1056 3823 1111 quae
3845 1039 3906 1094 in
3933 1054 4108 1094 omna
4135 1038 4371 1111 locutus
4425 1044 4541 1104 est,
4579 1040 4730 1094 solis

3055 1129 3335 1184 undecim
3366 1129 3587 1183 dixisse
3611 1129 3731 1184 filio
3763 1128 4112 1201 perditionis
4142 1132 4395 1185 exeunte
4427 1146 4585 1197 ;nec
4608 1132 4730 1186 Ma-

3054 1218 3204 1274 riam
3231 1224 3482 1273 matrem
3501 1218 3756 1285 Domini,
3785 1234 3981 1290 neque
4006 1217 4190 1273 alium
4211 1218 4481 1290 aliquem
4512 1218 4605 1273 ibi
4635 1218 4729 1273 in-

3057 1306 3340 1362 terfuisse.
3376 1311 3504 1378 lpsc
3534 1306 3744 1379 inquit,
3772 1310 3942 1361 Jesus
3964 1306 4168 1379 posuit
4195 1306 4560 1363 vestimenta
4592 1324 4727 1373 sua,

3054 1396 3204 1467 ipse,
3236 1395 3545 1468 praecinxit
3575 1412 3635 1449 se
3667 1396 3868 1464 linteo,
3896 1395 4025 1467 ipse
4056 1395 4217 1450 misit
4246 1412 4475 1467 aquam
4508 1395 4575 1451 in
4608 1396 4731 1468 pel-

3054 1485 3193 1551 vim,
3224 1485 3575 1557 nullumque
3608 1485 3948 1540 ministrum
4007 1484 4239 1540 habuit.
4302 1488 4449 1553 Ego,
4500 1485 4728 1558 inquit,

3056 1573 3325 1645 praelium
3358 1574 3572 1629 faciam
3601 1574 3767 1646 quod
3828 1578 4072 1629 sanctus
4117 1574 4393 1630 Martialis
4451 1590 4586 1630 non
4641 1578 4732 1629 est

3057 1664 3383 1735 apostolus,
3418 1664 3465 1718 si
3495 1664 3712 1736 aliquis
3746 1664 3889 1719 mihi
3918 1664 4360 1719 contradixerit.
4388 1668 4515 1733 Ego
4540 1664 4730 1736 paulo

3058 1759 3192 1809 ante
3224 1754 3302 1808 fui
3333 1755 3690 1825 Lemovicas,
3715 1755 3962 1826 quando
3989 1758 4232 1827 propter
4259 1755 4547 1811 timorem
4571 1755 4729 1827 epis-

2989 1862 3027 1914 B
3058 1844 3211 1916 copi,
3242 1860 3314 1897 ne
3345 1860 3447 1898 eos
3478 1861 3585 1915 pro
3617 1846 3730 1899 hac
3757 1860 3820 1899 re
3859 1844 4410 1899 excommuniearet
4430 1848 4491 1900 et
4518 1850 4588 1899 ut
4612 1844 4731 1898 fur-

3059 1934 3173 1988 tivo
3200 1949 3407 1987 eorum
3438 1933 3712 2005 apostolo
3740 1934 4067 2001 assentiret,
4097 1932 4179 1988 illi
4204 1933 4491 1989 monachi
4509 1933 4731 2005 depor-

3059 2026 3329 2077 taverunt
3353 2022 3547 2094 ipsum
3573 2023 4004 2077 contrafactum
4022 2023 4371 2095 apostolum
4392 2022 4474 2079 ad
4493 2022 4725 2077 sedem.

3058 2111 3142 2165 lbi
3167 2111 3439 2166 canonici
3496 2112 3681 2166 sancti
3745 2111 4048 2183 Stephani,
4102 2112 4247 2183 quia
4295 2111 4575 2167 sciebant
4627 2127 4727 2166 me

3056 2200 3228 2255 valde
3262 2201 3612 2271 sapientem,
3637 2206 3860 2255 secreto
3888 2200 4183 2271 rogabant
4240 2216 4337 2255 me
4363 2203 4433 2256 ut
4462 2200 4729 2255 destrue-

3058 2304 3182 2343 rem
3214 2289 3371 2343 hunc
3404 2289 3829 2360 apostolatum,
3854 2292 3911 2345 et
3938 2288 3999 2344 in
4031 2288 4294 2361 capitulo
4354 2288 4553 2344 sancti
4602 2291 4728 2345 Ste-

3057 2377 3241 2449 phani
3272 2381 3648 2433 tentaverunt
3689 2394 3929 2433 mecum
3971 2378 4332 2433 contendere
4361 2377 4446 2433 illi
4474 2377 4643 2433 stulti
4674 2383 4732 2433 et

3057 2466 3309 2521 illiterati
3338 2467 3617 2521 monachi
3647 2468 3748 2539 qui
3778 2468 3893 2523 hoc
3931 2467 4134 2524 furtim
4155 2467 4519 2524 invenerunt
4554 2487 4567 2537 ;
4622 2467 4730 2522 sed

3060 2556 3254 2611 statim
3281 2557 3709 2612 obmutuerunt
3736 2557 4117 2613 verecundati
4148 2562 4203 2613 et
4234 2557 4447 2613 timore
4493 2562 4731 2631 perter-

3059 2646 3169 2714 riti,
3195 2651 3250 2701 et
3280 2646 3506 2702 nullam
3537 2646 3947 2702 auctoritatem
3967 2650 4291 2719 potuerunt
4320 2646 4471 2703 mihi
4498 2650 4738 2719 pande-

3059 2750 3140 2801 re,
3174 2750 3282 2789 nec
3313 2735 3372 2789 in
3402 2735 3696 2791 veteribus
3728 2735 3893 2790 libris
3922 2734 4162 2804 alicubi,
4220 2735 4316 2790 vel
4362 2735 4425 2791 in
4469 2735 4737 2792 laetaniis

3059 2823 3356 2878 veteribus
3389 2840 3527 2879 eum
3567 2824 3909 2896 apostolum
3931 2824 4267 2897 praedicari.
4315 2827 4380 2880 Et
4410 2825 4567 2881 dum
4597 2825 4739 2898 qui-

3059 2913 3201 2969 dam
3234 2914 3587 2983 Ademarus,
3628 2914 3731 2986 qui
3750 2914 3977 2986 aliquid
3995 2914 4406 2984 grammaticae
4454 2916 4606 2971 artis
4640 2916 4733 2970 vi-

3060 3002 3313 3058 debatur
3351 3004 3516 3071 scire,
3550 3004 3775 3075 quique
3828 3005 3984 3059 hanc
4037 3004 4315 3059 haeresim
4370 3004 4637 3077 primus,
4676 3011 4734 3062 et

3059 3092 3193 3163 plus
3225 3108 3407 3148 causa
3438 3092 3815 3161 adulationis,
3849 3098 3912 3148 ut
3941 3092 4201 3165 placeret
4229 3093 4439 3150 abbati
4486 3100 4548 3151 et
4598 3112 4741 3150 mo-

2995 3220 3033 3275 Ο
3064 3182 3269 3236 nat-his
3305 3201 3317 3250 ;
3347 3186 3661 3254 corruptus
3692 3199 3933 3255 quoque
3971 3183 4232 3255 pecunia
4276 3183 4355 3239 ab
4400 3182 4540 3254 illis,
4601 3186 4737 3241 sine

3064 3271 3184 3327 ulla
3214 3276 3473 3328 veterum
3501 3272 3845 3328 auctoritate
3863 3271 4234 3341 condiderat,
4258 3272 4549 3343 suadens,
4581 3273 4736 3329 bru-

3063 3360 3133 3415 tis
3159 3365 3213 3419 et
3231 3360 3419 3417 stultis
3444 3365 3597 3417 recte
3624 3378 3763 3417 eum
3792 3361 4105 3434 praedicari
4162 3361 4513 3434 apostolum
4544 3381 4559 3431 ;
4607 3363 4737 3419 dis-

3062 3456 3297 3524 Ceptare
3328 3450 3499 3507 vellet
3529 3467 3790 3519 mecum,
3820 3468 3963 3508 mox
3994 3451 4074 3508 ad
4102 3451 4371 3525 primum
4409 3451 4736 3526 eloquium

3060 3558 3265 3597 meum
3291 3541 3561 3597 nesciens
3592 3540 3740 3613 quid
3764 3542 4171 3613 responderet,
4205 3541 4503 3597 confusus
4537 3545 4736 3617 turpi-

3063 3636 3148 3687 ter
3178 3630 3495 3687 abscondit
3513 3647 3597 3699 se,
3644 3630 3879 3698 fugiens
3934 3630 4294 3704 sapientiam
4341 3647 4578 3701 meam,
4622 3649 4738 3689 nec

3062 3720 3320 3792 amplius
3348 3735 3486 3775 eum
3507 3719 3707 3775 videre
3735 3719 3923 3791 potui,
3954 3719 4099 3793 quia
4124 3720 4461 3793 sapientem
4511 3738 4619 3777 me
4644 3722 4736 3778 in-

3062 3810 3329 3877 telligens
3361 3809 3645 3865 reveritus
3672 3813 3811 3865 esta
3831 3807 3978 3865 facie
4014 3825 4170 3866 mea.
4204 3832 4231 3860 »
4278 3813 4519 3866 Etcum
4541 3812 4735 3867 nostri

3061 3900 3326 3954 dicerent
3342 3897 3391 3953 ei
3422 3916 3433 3953 :
3466 3920 3492 3946 ‹‹
3526 3901 3640 3953 Nos
3666 3898 4033 3970 putabamus
4058 3897 4433 3955 Ademarum
4467 3899 4740 3972 sapienti

3061 4004 3242 4045 nosse
3271 3986 3653 4059 respondere,
3686 3988 3882 4059 etipse
3898 3988 4119 4044 multas
4162 3988 4559 4045 auctoritates
4590 3989 4733 4045 soli-

3062 4084 3154 4133 tus
3184 4082 3269 4133 est
3300 4076 3473 4132 nobis
3500 4076 3734 4145 referre,
3760 4077 4015 4149 qualiter
4068 4077 4283 4134 beatus
4319 4079 4612 4137 Martialis
4645 4084 4735 4136 est

3060 4165 3406 4223 naturaliter
3428 4165 3755 4237 apostolus,
3788 4170 3845 4221 et
3869 4166 4011 4238 quia
4043 4166 4092 4222 si
4142 4166 4561 4240 praedicamus
4591 4185 4732 4225 eum

3061 4255 3400 4328 apostolum
3427 4270 3549 4310 non
3598 4254 3767 4311 obest
3794 4255 3989 4327 nobis,
4033 4255 4139 4311 sed
4165 4256 4434 4330 prodest.
4473 4257 4651 4314 Unde
4680 4264 4733 4314 et

3061 4346 3112 4402 ei
3143 4347 3620 4419 obtemperantes
3643 4351 3886 4418 propter
3923 4347 4269 4420 exemplum
4293 4353 4350 4404 et
4371 4349 4609 4405 amoris
4636 4367 4731 4405 so-

3061 4437 3331 4492 cietatem
3396 4437 3873 4505 congregationis
3938 4437 4125 4509 ipsius
4180 4438 4373 4493 sancti
4410 4439 4725 4508 Martialis,

3054 4528 3184 4598 jam
3205 4530 3339 4581 ante
3364 4542 3554 4580 unum
3596 4542 3867 4582 mensem
3893 4526 3955 4581 in
3999 4527 4435 4583 consuetudine
4485 4530 4727 4600 accepi-

3060 4634 3196 4673 mus
3226 4633 3365 4672 eum
3396 4632 3869 4672 commemorare
3893 4617 4259 4689 apostolum.
4296 4640 4322 4667 ››
4348 4617 4450 4673 Ille
4489 4618 4727 4675 intulit:

3063 4710 3428 4777 «Nunquam
3458 4705 3551 4759 ille
3574 4705 3785 4760 stultus
3802 4706 4137 4763 Ademarus
4158 4706 4265 4761 erit
4296 4723 4488 4763 alisus
4519 4706 4599 4762 de
4616 4708 4729 4763 hac

3061 4812 3123 4850 re
3154 4801 3358 4850 contra
3386 4810 3481 4849 me
3531 4794 3764 4865 mutire,
3821 4795 4089 4868 alioquin
4130 4795 4318 4863 factis,
4366 4812 4498 4852 non
4528 4797 4730 4852 verbis

3060 4885 3332 4940 luctabor
3344 4901 3481 4939 cum
3504 4900 3593 4951 eo,
3614 4890 3716 4940 aut
3730 4884 3879 4941 sicut
3894 4885 3955 4940 in
3968 4885 4065 4941 lite
4092 4890 4503 4958 pugnatorem
4522 4903 4731 4943 meum

3065 4976 3279 5031 faciam
3294 4974 3595 5030 decertare
3622 4990 3761 5029 cum
3791 4980 4125 5048 pugnatore
4157 4976 4307 5047 ejus,
4341 4980 4399 5032 et
4424 4976 4609 5033 factis
4643 4993 4731 5033 su-

3063 5081 3167 5138 per
3188 5065 3369 5121 altare
3392 5064 3778 5121 sacramentis
3793 5068 4097 5138 pugnator
4124 5082 4298 5122 meus
4319 5066 4581 5124 habebit
4611 5068 4733 5123 vic-

3062 5155 3336 5212 toriam.»

3134 5244 3381 5299 Piissimi
3402 5249 3691 5317 pastores,
3726 5244 3972 5300 audistis
3988 5262 4168 5301 voces
4185 5246 4613 5304 haeresiarchas
4642 5265 4739 5304 nec

3066 5334 3277 5390 fandas
3299 5337 3355 5389 et
3381 5333 3818 5401 fallacissimas,
3872 5334 4285 5393 mutilissimas
4336 5342 4393 5392 et
4422 5337 4737 5410 iniquissi-

3065 5440 3196 5479 mas
3232 5439 3300 5479 ac
3364 5422 3608 5478 refertas
3666 5422 4109 5496 blasphemiis;
4162 5424 4364 5482 audite
4413 5426 4738 5485 veritatem

3065 5528 3284 5569 meam.
3340 5512 3655 5582 Vigilanter
3705 5528 3801 5568 me
3850 5514 4237 5586 aspicientem
4291 5531 4519 5589 corpus
4568 5534 4738 5589 egre-

3068 5603 3145 5672 gii
3230 5602 3483 5675 apostoli
3550 5602 3647 5657 Dei
3728 5603 4049 5674 Martialis,
4119 5609 4178 5663 et
4260 5608 4525 5663 stantem
4600 5609 4737 5681 jux-

3068 5697 3126 5748 ta
3202 5693 3549 5749 eathedram
3632 5693 4078 5765 pontiﬁcalem,
4166 5694 4520 5753 imminente
4616 5700 4739 5770 jam

3068 5785 3216 5841 hora
3244 5800 3367 5856 qua
3424 5784 3747 5839 intraturus
3811 5789 3936 5840 erat
4017 5784 4340 5860 episcopus
4392 5786 4479 5844 ad
4553 5804 4741 5861 agen-

3070 5876 3148 5933 da
3235 5874 3466 5947 divina,
3554 5892 3744 5949 eoque
3829 5875 4193 5933 vestimentis
4267 5877 4401 5948 jam
4492 5880 4740 5950 pontiﬁ-

3068 5968 3296 6027 calibus
3350 5973 3579 6037 ornato,
3635 5984 3769 6025 ecce
3853 5968 4050 6024 subito
4109 5983 4231 6025 non
4288 5967 4417 6025 sine
4504 5969 4739 6028 feritate
