4944 6516
655 327 718 379 93
1951 317 2160 373 EPIST.
2205 316 2295 370 DE
2335 313 2391 370 Β.
2423 315 2769 373 MARTIALI.
3997 320 4066 374 94

654 444 873 512 tristiae,
897 460 1021 516 qua
1061 441 1293 497 molesti
1327 446 1494 497 erant
1519 459 1628 514 pro
1687 441 1786 496 illo
1824 441 1990 496 hoste
2022 440 2300 508 veritatis,
2337 444 2386 498 Α
2418 438 2586 495 fusus
2615 440 2791 497 siluit.
2828 443 2892 496 Et
2921 458 3062 496 mox
3079 457 3327 512 surgens
3354 442 3555 512 fugere
3586 442 3758 515 accpit
3783 443 3843 498 in
3871 443 4064 509 turba,

657 534 989 605 Stephanus
1036 535 1091 585 et
1139 530 1342 585 Daniel
1393 530 1672 585 monachi
1703 547 1799 585 me
1831 530 2111 598 clamant,
2145 535 2200 585 et
2228 530 2305 584 ad

656 625 822 680 illum
851 638 1045 695 usque
1077 619 1504 675 Antichristum
1561 621 1724 690 (nam
1776 620 1878 691 qui
1934 619 2222 675 voluntati
2254 622 2310 674 et

657 713 805 769 facto
838 709 1048 766 Christi
1097 710 1429 764 contrarius
1461 713 1569 776 est,
1603 708 1989 764 Antichristus
2028 711 2136 774 est)
2182 723 2311 780 per-

655 802 896 857 ducunt.
933 798 1036 855 Cui
1067 813 1178 868 ego
1210 797 1372 871 prior
1403 817 1414 854 :
1443 820 1467 846 ‹‹
1504 802 1714 868 Negas,
1741 798 1965 870 inquio,
1988 797 2307 853 Martialem

655 907 778 948 esse
807 889 1168 963 apostolum.
1200 910 1226 936 ››
1265 891 1329 944 Et
1365 888 1459 943 ille
1499 889 1603 960 qui
1635 905 1770 944 cum
1802 888 2081 944 fratribus
2110 888 2309 944 adhuc

655 979 875 1036 ibidem
905 977 1177 1046 litigabat
1197 993 1338 1032 voce
1371 977 1661 1043 clamosa,
1724 977 1912 1034 oculis
1974 977 2327 1046 sanguinis,

654 1068 818 1123 vultu
839 1067 1064 1136 inﬂato,
1093 1065 1438 1138 respondit:
1479 1069 1646 1121 «Nos
1676 1066 1748 1120 de
1792 1071 1998 1122 sancto
2051 1066 2307 1122 Martiale

652 1157 799 1212 nihil
827 1155 1248 1226 loquebamur,
1284 1155 1389 1209 sed
1420 1156 1494 1210 de
1542 1155 1907 1226 quibusdam
1964 1155 2307 1227 quaestioni-

652 1248 766 1302 bus
797 1245 1271 1315 Evangeliorum.
1301 1269 1326 1293 »
1380 1249 1443 1300 Et
1476 1245 1812 1316 Stephanus
1844 1245 1925 1300 ait
1982 1245 2062 1299 illi
2095 1261 2108 1300 :
2168 1267 2193 1293 ‹‹
2224 1248 2307 1300 Tu

648 1336 831 1392 modo
853 1336 1120 1406 negabas
1144 1340 1414 1391 sanctum
1445 1336 1765 1392 Martialem
1798 1335 2131 1391 interfuisse
2166 1353 2304 1392 cum

651 1425 900 1482 Domino
930 1426 1080 1481 inter
1121 1425 1402 1480 undecim
1447 1425 1773 1497 apostolos.
1813 1449 1839 1474 »
1883 1429 2002 1494 Ego
2052 1426 2306 1494 graviter

648 1516 724 1571 ad
751 1516 1004 1571 verbum
1027 1519 1386 1582 commotus,
1420 1515 1514 1572 aio
1549 1533 1561 1570 :
1595 1537 1622 1564 «
1653 1515 1824 1571 Audi.
1859 1519 1998 1572 Vere
2027 1521 2114 1570 est
2166 1533 2308 1589 apo-

646 1605 831 1661 stolus
860 1605 1070 1661 beatus
1097 1605 1387 1662 Martialis.
1423 1630 1450 1654 »
1495 1608 1559 1661 Et
1583 1604 1676 1660 ille
1708 1605 1980 1677 spiritum
2012 1623 2187 1660 suum
2223 1610 2306 1661 to-

646 1700 769 1750 tum
802 1694 1109 1767 proferens
1133 1695 1210 1749 ait
1234 1695 1411 1750 mihi:
1450 1718 1476 1742 «
1499 1695 1595 1749 Dic
1629 1695 1957 1766 quomodo.
1991 1719 2017 1744 ››
2053 1698 2115 1750 Et
2140 1711 2250 1764 ego
2286 1713 2298 1750 :

646 1809 670 1833 ‹‹
707 1785 768 1841 Si
828 1800 1037 1840 verum
1073 1789 1160 1839 est
1215 1788 1282 1840 ut
1313 1785 1390 1839 ab
1420 1785 1606 1858 ipsius
1643 1785 1849 1841 Christi
1887 1801 1987 1840 ore
2015 1785 2076 1840 in
2122 1802 2299 1842 carne
2330 1801 2369 1854 Β

642 1878 996 1947 potestatem
1028 1873 1252 1943 ligandi
1285 1879 1341 1929 et
1373 1875 1642 1930 solvendi
1683 1875 1992 1948 acceperit,
2045 1891 2167 1930 non
2220 1876 2298 1930 ab

641 1963 885 2019 homine
909 1962 1044 2030 alio,
1072 1979 1214 2033 ergo
1236 1979 1367 2018 vere
1398 1969 1453 2018 et
1485 1967 1642 2019 totus
1672 1969 1727 2020 ct
1757 1965 1981 2033 integer
2011 1970 2065 2020 et
2085 1965 2298 2037 plenus

641 2056 695 2108 ct
725 2052 1020 2124 perfectus
1052 2055 1105 2107 et
1138 2053 1423 2108 naturalis
1451 2057 1536 2108 est
1564 2053 1773 2126 procul
1822 2053 2028 2120 dubio,
2062 2059 2117 2109 et
2174 2070 2298 2110 ma-

642 2157 793 2210 gnus
822 2144 879 2195 et
908 2140 1183 2210 egregius
1217 2145 1271 2196 et
1302 2141 1599 2211 gloriosus
1633 2142 1961 2215 apostolus.
1994 2166 2020 2191 ››
2080 2147 2150 2197 At
2203 2142 2296 2197 ille

640 2244 857 2299 negare
888 2231 1002 2285 hoc
1041 2246 1429 2302 nequaquam
1475 2230 1679 2286 valens
1735 2233 1848 2287 ait:
1910 2235 2129 2287 «Certe
2185 2233 2298 2287 hoc

639 2335 847 2374 verum
882 2323 987 2373 est.
1027 2318 1139 2373 Sed
1170 2319 1304 2374 dico
1342 2319 1484 2391 quia
1539 2319 1701 2374 illam
1733 2325 2087 2393 potestatem
2128 2320 2293 2387 nulli,

646 2408 756 2463 nisi
789 2408 1072 2463 undecim
1096 2408 1379 2480 apostolis
1411 2409 1674 2465 Christus
1712 2411 2024 2466 concessit.
2075 2411 2296 2467 Martia-

637 2497 704 2552 lis
730 2513 874 2554 vero
901 2513 1217 2571 nunquam
1265 2498 1524 2570 amplius
1550 2500 1907 2572 praedicatus
1940 2505 2025 2556 est
2063 2506 2298 2574 aposto-

638 2587 746 2655 lus,
779 2604 1100 2660 quousque
1131 2589 1411 2644 hesterna
1441 2589 1536 2644 die
1564 2593 1625 2644 tu
1654 2589 1925 2646 inventor
1967 2591 2146 2661 hujus
2207 2591 2291 2645 rei

639 2676 810 2732 fuisti.
845 2699 875 2725 »
913 2677 1015 2733 Cui
1073 2693 1184 2747 ego
1215 2694 1228 2732 :
1293 2697 1322 2730 ‹‹
1345 2681 1556 2734 ΡΙῚΕῙΘΓ
1608 2679 1954 2750 scriptorem
2004 2679 2135 2734 vitae
2167 2680 2296 2750 ejus

635 2766 736 2837 qui
764 2766 825 2821 in
860 2770 1129 2838 tempore
1161 2768 1573 2840 apostolorum
1607 2768 1732 2836 fuit,
1759 2769 1862 2840 qui
1901 2769 2295 2824 luculentissi-

637 2873 730 2912 me
761 2861 816 2912 et
845 2857 980 2912 luce
1003 2857 1219 2913 clarius
1250 2858 1650 2930 apostolatum
1683 2859 1810 2928 ejus
1829 2860 2125 2932 patefacit,
2159 2865 2296 2932 post

635 2962 770 3000 cum
799 2945 924 3012 alii,
944 2946 1120 3001 etiam
1144 2946 1371 3018 priores
1400 2947 1610 3015 nostri,
1654 2964 1791 3002 cum
1836 2954 2034 3020 aperte
2084 2949 2296 3021 praedi-

635 3039 920 3090 caverunt
962 3035 1304 3108 apostolum
1355 3035 1598 3108 ubique,
1648 3042 1768 3092 tam
1807 3037 1868 3092 in
1900 3039 2294 3110 responsoriis

2413 530 2574 586 velut
2605 531 2768 586 canis
2795 547 2962 599 reus;
2991 548 3196 586 verum
3231 549 3415 588 manu
3446 547 3580 588 mea
3613 549 3719 604 per
3747 533 4065 588 vestimen-

2412 624 2472 674 ta
2496 619 2883 676 brachiorum
2932 621 3426 694 comprehensus,
3475 621 3670 692 legere
3720 622 4067 695 compulsus

2413 712 2500 764 est
2526 712 2785 766 Marcum
2812 709 3165 767 referentem
3201 728 3214 766 :
3250 712 3602 768 Convocatis
3640 713 3807 768 Jesus
3855 712 4069 768 duode-

2421 800 2532 853 cim
2565 800 2742 867 coepit
2769 800 2905 854 illos
2936 801 3168 856 mittere
3208 800 3389 856 binos.
3443 803 3510 856 Et
3537 800 3917 856 occasionem
3942 815 4068 858 ma-

2415 891 2544 942 ctus
2589 891 2834 960 propter
2859 889 3185 957 duodecim,
3233 889 3312 945 ait
3345 909 3356 946 :
3393 909 3423 942 «
3454 889 3605 945 Nihil
3647 889 3809 945 aliud
3837 905 4064 962 quaero,

2414 978 2540 1032 haec
2571 981 2656 1032 est
2687 978 3006 1034 auctoritas
3034 995 3188 1047 mea,
3217 1001 3243 1028 »
3275 983 3330 1035 et
3377 979 3637 1035 recessit.
3685 981 3874 1045 Quem
3905 996 4068 1034 secu-

2417 1071 2512 1121 tus
2546 1067 2698 1138 coepi
2724 1067 2776 1122 ei
2829 1067 3032 1123 leviter
3068 1069 3350 1140 quaedam
3381 1068 3724 1140 Hieronymi
3773 1069 3930 1125 dicta
3971 1086 4066 1124 su-

2412 1173 2519 1228 per
2544 1157 2977 1212 auctorabilem
3010 1159 3400 1214 assertionem
3431 1163 3699 1214 nostram
3741 1159 3954 1214 referre
3984 1159 4067 1214 in-

2414 1245 2499 1295 ter
2525 1242 2781 1299 turbam.
2817 1244 2910 1299 Ille
2938 1247 3248 1318 respondit
3283 1265 3294 1302 :
3330 1271 3356 1296 «
3389 1251 3472 1304 Tu
3497 1247 3649 1302 bene
3699 1247 3960 1320 loqueris
4011 1251 4066 1304 et

2411 1330 2857 1402 rationabiliter,
2892 1340 2949 1390 et
2979 1338 3172 1390 tecum
3207 1336 3328 1392 scio
3384 1336 3569 1409 loqui,
3603 1336 3707 1392 sed
3759 1353 3897 1392 cum
3941 1353 4066 1392 mo-

2411 1421 2620 1476 nachis
2651 1421 2764 1477 illis
2792 1424 2992 1479 nescio
3015 1425 3372 1494 ratiocinari,
3407 1425 3550 1498 quia
3589 1425 4064 1482 irrationabiliter

2408 1510 2773 1583 loqmmtur;
2808 1518 2864 1569 et
2905 1514 3038 1570 dico
3098 1515 3202 1570 tibi
3260 1532 3366 1588 per
3404 1518 3610 1586 Deum,
3643 1520 3968 1589 antequam
4000 1521 4062 1573 tu

2412 1600 2745 1672 advenires,
2775 1603 2920 1658 nihil
2949 1604 3128 1660 locuti
3157 1621 3396 1660 eramus
3423 1605 3497 1660 de
3535 1610 3740 1661 sancto
3771 1605 4058 1674 Martiale;

2410 1688 2513 1743 scd
2546 1690 2626 1744 tui
2653 1692 2932 1747 monachi
2963 1693 3242 1750 dicebant
3261 1695 3506 1750 Paulum
3527 1711 3649 1750 non
3673 1711 3804 1750 esse
3826 1699 4061 1766 aposto-

2409 1777 2555 1846 lum,
2586 1784 2642 1835 et
2670 1781 2803 1836 ideo
2858 1783 3312 1840 scandalizabar
3357 1801 3495 1840 cum
3538 1785 3640 1840 eis.
3677 1807 3704 1833 ››
3729 1787 3876 1840 Tum
3906 1801 4055 1854 ego:

2415 1890 2441 1915 «
2473 1869 2752 1934 Quamvis
2784 1872 3003 1927 Paulus
3029 1888 3151 1928 non
3177 1874 3249 1928 sit
3279 1890 3433 1929 unus
3465 1874 3538 1929 de
3566 1874 3907 1945 duodecim,
3964 1891 4060 1929 ve-

2409 1962 2749 2014 rumtamen
2776 1961 2879 2032 qui
2905 1977 3042 2016 eum
3069 1967 3248 2031 negat
3273 1979 3399 2017 esse
3455 1963 3792 2034 apostolum
3836 1962 4060 2018 haereti-

2408 2062 2514 2101 cus
2541 2052 2645 2103 est.
2681 2073 2708 2098 ››
2743 2052 2808 2104 Et
2831 2049 2925 2106 ille
2959 2069 2972 2106 :
3026 2073 3052 2100 «
3091 2055 3171 2107 lta
3199 2056 3303 2108 est.
3336 2075 3365 2100 »
3424 2051 3544 2109 Tali
3572 2053 3753 2108 modo
3811 2057 4056 2124 uterque

2407 2135 2814 2205 discessimus,
2847 2154 2954 2193 nec
2987 2139 3245 2212 amplius
3275 2140 3433 2200 valui
3490 2157 3628 2196 eum
3657 2141 3872 2208 videre,
3928 2141 4058 2196 licet

2407 2225 2638 2281 curiose
2669 2226 3115 2300 invcstigarem,
3141 2246 3456 2302 quousque
3484 2246 3614 2284 sero
3639 2229 3793 2285 facto
3819 2229 4057 2286 obviavi

2406 2332 2544 2370 eum
2567 2316 2724 2372 dicta
2751 2317 2880 2388 jam
2920 2335 3191 2390 vespera.
3244 2319 3394 2374 Talis
3429 2319 3538 2374 fuit
3587 2319 3857 2374 confusio
3901 2335 4055 2375 mea.

2405 2403 2516 2469 Qui
2539 2420 2646 2477 per
2673 2405 2942 2462 divinum
2972 2407 3350 2479 splendorem
3377 2408 3598 2479 gaudio
3636 2407 3910 2482 perfusus
3964 2409 4059 2464 die

2405 2493 2638 2562 eodem,
2663 2499 2865 2568 utpote
2885 2498 3320 2570 contemplatus
3343 2515 3378 2554 a
3393 2497 3640 2553 basilica
3665 2498 3820 2553 sedis
3843 2514 4059 2570 corpus

2405 2582 2659 2653 apostoli
2699 2585 2777 2638 ad
2812 2585 3134 2641 Salvatoris
3165 2587 3478 2642 basilicam
3507 2587 3760 2642 relatum
3783 2587 4055 2657 gloriose,

2404 2676 2458 2726 et
2489 2673 2694 2727 omnia
2716 2689 2999 2746 prospere
3031 2681 3216 2744 gesta,
3249 2676 3394 2732 forte
3425 2676 3503 2730 ad
3532 2675 3796 2731 ofﬁcium
3823 2691 4057 2747 vesper-

2406 2761 2596 2817 tinum
2625 2763 2685 2816 in
2714 2763 2987 2835 sepulcro
3031 2764 3220 2837 ipsius
3281 2765 3534 2838 apostoli
3587 2782 3724 2821 cum
3781 2765 4054 2837 pluribus

2403 2851 2628 2907 clericis
2657 2869 2938 2924 praesens,
2972 2859 3107 2928 post
3134 2855 3402 2927 psalmos
3425 2855 3784 2929 apostolicos
3824 2855 4056 2911 excelsa

2401 2958 2546 2997 voce
2563 2942 2793 3014 primus
2825 2944 3041 3016 protuli
3072 2946 3198 3000 haec
3226 2946 3412 3002 verba
3440 2945 3864 3001 modulaminis
3893 2963 3904 3000 :
3962 2946 4055 3002 Ci-

2406 3047 2500 3087 ves
2528 3034 2932 3100 apostolorum
2974 3040 3029 3090 et
3068 3035 3375 3091 domestici
3412 3036 3522 3090 Dei
3557 3035 3927 3090 advenerunt
3959 3034 4057 3089 ho-

634 3140 818 3195 quam
846 3125 910 3180 in
942 3125 1186 3196 hymnis
1220 3129 1275 3181 et
1301 3126 1363 3180 in
1414 3126 1755 3199 quibusque
1782 3127 2100 3183 (natatibus
2150 3134 2206 3185 et
2233 3129 2294 3185 in
2331 3160 2370 3214 Ο
2405 3122 2500 3177 die
2518 3127 2831 3214 portantes
2857 3138 3067 3192 pacem
3099 3130 3152 3181 et
3185 3126 3594 3181 illuminantes
3617 3126 3877 3196 patrias,
3910 3125 4056 3181 dare

635 3214 830 3269 multis
860 3214 1184 3287 scripturis.
1207 3237 1233 3265 «
1265 3219 1335 3270 At
1375 3215 1469 3270 ille
1511 3217 1589 3272 ait
1619 3235 1630 3271 :
1693 3237 1722 3270 ιε
1755 3220 1864 3272 Nec
1891 3221 1971 3285 tu,
2002 3233 2111 3273 nec
2159 3219 2290 3288 istc,

637 3319 742 3358 nec
769 3319 883 3374 ego
904 3303 1244 3367 credamur,
1276 3303 1410 3359 libri
1442 3305 1779 3360 credantur.
1814 3305 2061 3361 Veniant
2081 3305 2232 3360 libri.
2267 3328 2292 3354 ››

641 3395 700 3447 Et
726 3408 838 3461 ego
873 3410 884 3448 :
915 3415 945 3441 «
979 3392 1326 3466 Episcopus,
1361 3393 1572 3466 inquit,
1613 3393 1741 3449 vult
1770 3393 1986 3450 intrare
2020 3395 2096 3450 ad
2153 3394 2295 3449 mis-

634 3497 780 3550 sam,
812 3499 1003 3555 quam
1033 3482 1170 3537 volo
1199 3482 1445 3551 audire;
1496 3483 1744 3555 insuper
1802 3489 1857 3539 et
1915 3484 2096 3539 nimia
2156 3485 2298 3539 den-

638 3571 774 3625 sitas
806 3571 1014 3626 multte
1048 3571 1236 3626 turbae
1263 3571 1325 3626 in
1363 3572 1477 3626 hoc
1526 3571 1660 3627 loco
1718 3571 1988 3629 imminet
2013 3572 2206 3637 nobis,
2241 3576 2297 3628 et

633 3677 888 3731 magnus
911 3660 1204 3716 tumultus
1228 3660 1437 3733 populi
1460 3661 1712 3716 infestus
1745 3666 1831 3716 est
1851 3662 2293 3734 disputantibus

632 3750 823 3806 nobis.
858 3750 1110 3806 Attende
1144 3767 1254 3806 nos
1286 3768 1477 3824 usque
1527 3751 1588 3806 in
1629 3752 1974 3820 crastinum,
2008 3757 2065 3807 et
2118 3751 2295 3808 libro-

632 3855 761 3894 rum
783 3839 891 3894 tibi
923 3839 1264 3896 testimonia
1290 3856 1494 3895 coram
1525 3839 1842 3908 exhibebo,
1873 3841 1934 3895 in
1956 3840 2176 3913 quibus
2201 3857 2292 3895 re-

632 3929 818 3999 peries
840 3945 985 3985 eum
1018 3928 1344 4002 antiquitus
1378 3929 1665 4001 scriptum
1691 3929 2050 4002 apostolum,
2085 3935 2206 3986 tam
2233 3930 2292 3985 in

641 4016 856 4074 litaniis
888 4034 1079 4091 quam
1110 4017 1170 4073 in
1202 4018 1350 4074 aliis.
1385 4022 1530 4074 Nam
1552 4019 1685 4074 libri
1715 4035 1836 4074 non
1872 4025 2124 4091 possunt
2175 4019 2293 4075 huc

641 4108 841 4164 venire
873 4108 989 4165 nisi
1006 4108 1223 4164 fuerint
1243 4108 1442 4177 delati,
1459 4109 1623 4181 quod
1645 4109 2022 4181 participium
2047 4110 2292 4166 fateor.»

636 4195 728 4253 Ille
754 4203 858 4254 aut
889 4213 1015 4254 non
1049 4197 1402 4268 intelligens,
1436 4203 1537 4254 aut
1594 4199 1924 4254 voluntarie
1976 4200 2288 4267 mentiens,

637 4288 823 4344 retulit
849 4289 928 4345 ad
958 4288 1268 4344 Buxeriam
1300 4289 1523 4344 dixisse
1553 4306 1648 4345 me
1704 4290 1786 4345 illi
1842 4306 2053 4346 omnes
2107 4290 2291 4346 libros

634 4375 872 4446 deletos,
909 4395 1048 4434 cum
1074 4377 1235 4433 aliud
1260 4379 1334 4433 sit
1363 4379 1613 4446 delatus,
1649 4379 1809 4435 aliud
1837 4379 2101 4446 deletus;
2136 4379 2288 4435 adeo

634 4466 873 4536 quidem
906 4472 995 4523 est
1052 4466 1145 4522 ille
1195 4468 1599 4523 contentiosus
1640 4468 1993 4538 malevolus,
2055 4468 2286 4524 tametsi

635 4554 689 4608 in
713 4557 1108 4625 grammatica
1132 4561 1254 4613 arte
1285 4562 1438 4613 esset
1471 4559 1874 4626 acutissimus,
1927 4575 2049 4614 non
2082 4559 2287 4614 Latini-

635 4647 804 4701 tatem
836 4663 1078 4702 mecum
1121 4647 1461 4719 disceptans
1490 4648 1551 4703 in
1583 4649 1793 4704 eodem
1846 4649 1978 4703 loco
2024 4649 2287 4704 ridiculis

639 4730 1028 4791 barbarismis
1050 4741 1474 4808 corrumperet.
1509 4739 1654 4792 Nam
1695 4751 1806 4805 ego
1866 4737 2159 4793 Latialiter
2206 4739 2288 4793 lo-

631 4838 838 4892 quens,
904 4825 1198 4881 Latialiter
1245 4825 1447 4898 ipsum
1499 4824 1935 4896 compellebam
1988 4825 2172 4897 loqui,
2233 4832 2290 4882 et

632 4909 881 4970 barbare
906 4916 1208 4987 quasdam
1241 4915 1527 4970 dictiones
1555 4915 1950 4986 proferentem
2004 4914 2285 4970 dissimu-

629 5000 775 5070 lans,
836 5005 1134 5076 patienter
1185 5005 1456 5061 cclabam
1510 5003 2048 5059 circumstantibus.
2085 5009 2148 5060 Et
2204 5005 2288 5060 di-

630 5096 788 5147 cente
811 5092 913 5148 illo
942 5110 955 5148 :
984 5117 1010 5144 ‹‹
1037 5094 1311 5150 Martialis
1339 5098 1426 5149 est
1451 5093 1812 5166 apostolicus
1842 5093 1944 5160 vir,
1980 5109 2100 5148 non
2137 5110 2283 5166 apo-

633 5181 853 5250 stolus;
893 5205 920 5232 ››
944 5200 1013 5240 ac
1039 5200 1136 5239 me
1167 5184 1220 5239 ei
1246 5183 1564 5240 obsistente
1599 5202 1610 5238 :
1668 5205 1694 5232 α
1726 5182 1997 5239 Martialis
2027 5199 2149 5239 non
2198 5189 2286 5240 est

628 5271 992 5342 apostolicus
1014 5273 1124 5341 vir,
1157 5274 1262 5329 sed
1292 5273 1616 5346 apostolus,
1649 5288 1792 5328 nam
1822 5288 1977 5327 unus
2016 5277 2102 5328 est
2157 5273 2282 5344 ipse

631 5359 700 5414 de
750 5363 1136 5434 septuaginta
1185 5363 1423 5418 duobus
1495 5361 1816 5434 apostolis;
1873 5361 2089 5434 illoque
2139 5361 2280 5417 infe-

627 5455 784 5505 rente
820 5470 831 5506 :
866 5475 894 5499 ‹‹
933 5451 1042 5506 Ubi
1071 5455 1156 5508 est
1187 5453 1504 5508 auctoritas
1554 5452 1628 5506 de
1676 5451 1830 5506 illis?
1878 5467 2021 5507 nam
2081 5451 2278 5506 nescio

625 5544 831 5608 praeter
880 5541 1205 5596 duodecim
1260 5541 1579 5614 apostolos.
1621 5564 1646 5589 η
1703 5540 1907 5595 Petrus
1948 5542 2280 5596 monachus

623 5625 772 5683 illico
804 5634 1084 5702 apertum
1111 5630 1285 5685 nobis
1316 5630 1555 5702 protulit
1587 5630 1969 5699 Evangelium
1987 5631 2047 5685 in
2061 5631 2275 5698 medio,

623 5714 721 5770 ubi
749 5716 1066 5785 legebatur
1094 5735 1106 5772 :
1143 5720 1484 5788 Designavil
1502 5719 1788 5773 Dominus
1812 5721 2026 5774 etalios
2048 5725 2278 5788 septua-

622 5805 788 5870 ginta
814 5807 993 5877 duos,
1013 5806 1372 5864 subauditur
1402 5808 1719 5877 apostolos,
1753 5809 1810 5862 et
1837 5807 1931 5863 ille
1960 5825 2102 5864 mox
2133 5824 2276 5864 con-

2396 3227 2607 3281 pacem
2638 3213 2910 3283 gentibus
2937 3221 2990 3269 et
3033 3214 3285 3271 liberare
3306 3217 3600 3285 populum
3651 3215 3929 3285 Domini;
3987 3231 4056 3270 ac

2408 3301 2690 3372 subjunxi
2721 3303 2848 3358 haec
2889 3304 3074 3360 verba
3108 3323 3119 3360 :
3167 3306 3446 3361 Exsultet
3491 3306 3704 3361 ccelum
3757 3304 4054 3374 laudibus,

2403 3393 2650 3447 resultet
2674 3398 2836 3448 terra
2853 3394 3110 3461 gaudiis,
3146 3396 3548 3463 apostolorum
3585 3395 3842 3464 gloriam
3881 3409 4056 3449 sacra

2405 3485 2628 3534 canant
2657 3482 2965 3551 solemnia,
2994 3483 3268 3552 usquead
3280 3484 3478 3551 ﬁnem.
3514 3484 3672 3548 Quas
3695 3482 3904 3538 laudes
3934 3498 4059 3537 om-

2403 3584 2510 3623 nes
2530 3568 2634 3640 qui
2665 3569 2912 3624 aderant
2933 3570 3124 3624 clerici
3153 3587 3273 3626 una
3307 3587 3546 3626 mecum
3583 3571 3863 3641 jocundis
3901 3572 4056 3626 voci-

2401 3657 2518 3712 bus
2542 3661 2597 3712 et
2613 3656 2878 3712 altisonis
2900 3659 3322 3730 personabant.
3344 3659 3567 3721 Quibus
3588 3659 3832 3732 expletis
3846 3675 4056 3732 repen-

2405 3752 2456 3802 te
2483 3747 2656 3802 video
2699 3752 3098 3804 memoratum
3135 3749 3500 3805 cucullatum
3529 3749 3950 3805 Antichristum
3979 3749 4054 3806 de

2404 3837 2575 3892 turba
2595 3837 2782 3892 densa
2803 3837 2979 3893 exire.
3004 3841 3124 3908 Ego
3147 3839 3410 3909 gavisus,
3435 3843 3640 3912 utpote
3663 3855 3784 3894 non
3807 3839 4055 3894 credens

2400 3926 2634 4000 lupum,
2668 3927 2770 3983 sed
2789 3943 3015 3997 agnum
3035 3928 3256 4000 videre,
3276 3929 3652 4002 apprehensa
3681 3930 3810 4000 ejus
3857 3929 4056 3985 dexte-

2402 4032 2469 4072 ra
2497 4017 2676 4072 eduxi
2706 4033 2844 4072 eum
2885 4017 2960 4072 ad
2995 4019 3308 4085 cancellos,
3341 4018 3445 4074 ubi
3505 4022 3702 4091 spreto
3759 4017 4056 4091 colloquio

2401 4107 2696 4163 nobilium
2726 4094 3217 4165 cbarissimorum
3261 4113 3578 4182 parentum
3625 4125 3919 4178 meorum,
3952 4108 4057 4181 qui

2402 4197 2479 4253 ad
2512 4197 2887 4254 festivitatem
2919 4199 2991 4254 de
3022 4199 3353 4273 longinquo
3384 4203 3689 4272 venerant,
3708 4216 3776 4255 ac
3793 4215 3901 4272 pro
3922 4215 4057 4255 mea

2401 4285 2644 4342 utilitate
2676 4286 2756 4342 ibi
2785 4303 2881 4342 me
2913 4288 3363 4360 exspectabant,
3409 4288 3602 4343 resedi
3646 4305 3783 4344 cum
3813 4288 3956 4350 viro,
3995 4291 4057 4343 ut

2400 4376 2712 4448 putabam,
2746 4377 3039 4446 angelico.
3073 4381 3155 4433 Me
3199 4377 3475 4433 delusum
3537 4377 3751 4446 clamo,
3791 4393 3887 4433 me
3941 4376 4052 4432 im-

2400 4465 2756 4538 prudentem
2817 4466 3012 4534 doleo,
3060 4467 3224 4538 quod
3255 4483 3376 4522 non
3405 4467 3647 4540 praevidi
3676 4467 3736 4521 in
3768 4482 3923 4536 agno
3969 4466 4056 4522 lu-

2402 4571 2571 4626 pum,
2601 4554 2659 4609 in
2687 4555 2850 4626 pisce
2880 4555 3224 4620 draconem,
3249 4556 3309 4609 in
3340 4556 3603 4624 anguilla
3647 4572 3929 4625 anguem,
3960 4555 4052 4610 in-

2402 4661 2512 4699 ove
2545 4643 2820 4712 leaenam,
2853 4643 2912 4698 in
2945 4644 3124 4699 ariete
3150 4644 3482 4713 leonem,in
3513 4645 3907 4714 Langobardo
3922 4647 4055 4701 Tro-

2402 4734 2734 4805 glodytam,
2763 4733 2822 4788 in
2845 4735 3145 4790 monacho
3176 4734 3583 4804 Manichasum,
3615 4735 3675 4790 in
3721 4735 4051 4791 Christiano

2401 4823 2846 4892 Antichristum,
2871 4823 2931 4877 in
2960 4823 3203 4879 homine
3235 4823 3544 4880 diabolum
3571 4845 3586 4893 ;
3615 4829 3767 4880 certe
3795 4825 3841 4879 si
3900 4841 4053 4897 prte-

2399 4913 2686 4982 viderem,
2719 4929 2826 4968 nec
2850 4929 2958 4968 ave
3018 4913 3067 4968 ei
3115 4913 3394 4970 dicerem.
3459 4914 3567 4980 Qui
3623 4914 3781 4969 enim
3813 4914 3952 4970 dicit
3977 4915 4050 4983 ei,

2399 5018 2528 5071 ave,
2564 5002 2714 5057 sicut
2737 5001 2860 5057 duo
2892 5003 3207 5059 memorati
3257 5004 3443 5059 nostri
3472 5003 3678 5060 fratres
3703 5003 3782 5059 ab
3811 5019 3881 5059 eo
3908 5003 4051 5061 sub-

2396 5091 2572 5161 versi,
2601 5090 3008 5148 communicat
3037 5092 3319 5164 operibus
3345 5093 3473 5163 ejus
3502 5092 3801 5163 malignis.

2470 5187 2672 5255 ltaque
2705 5182 2879 5238 nobis
2927 5182 3309 5254 loquentibus
3361 5183 3671 5238 Aimiricus
3715 5183 4051 5242 monachus

2397 5272 2611 5328 obtulit
2639 5273 2691 5328 ei
2716 5273 3102 5328 veterrimum
3135 5273 3414 5329 volumen
3445 5272 3518 5328 de
3545 5273 3669 5329 Vita
3696 5273 3880 5330 sancti
3903 5276 4050 5330 Mar-

2394 5361 2546 5417 tialis
2569 5362 2844 5434 apostoli,
2860 5362 2963 5416 ubi
2980 5362 3152 5418 refert
3172 5362 3489 5419 Martialem
3506 5378 3628 5418 non
3645 5379 3754 5432 gen
3764 5363 3922 5418 tilem
3945 5363 4050 5419 sed

2395 5450 2707 5506 Hebraeum
2726 5451 2925 5517 fuisse,
2949 5455 3003 5506 et
3023 5466 3093 5506 ex
3115 5450 3275 5508 clara
3298 5452 3452 5508 tribu
3473 5452 3822 5526 patriarchae
3846 5453 4050 5524 Benja-

2393 5540 2548 5608 min;
2588 5540 2906 5596 Martialem
2945 5556 3066 5595 non
3107 5541 3184 5596 ad
3222 5541 3711 5613 praedicationem
3752 5541 4046 5615 apostolo-

2391 5646 2545 5696 rum,
2583 5629 2689 5683 scd
2715 5630 2900 5700 ipsius
2931 5629 3164 5686 Domini
3193 5647 3582 5701 conversum;
3608 5631 4048 5700 Martialem,re—

2391 5719 2539 5774 lictis
2559 5721 2724 5790 patre
2764 5724 2820 5774 et
2867 5724 3073 5787 matre,
3122 5721 3504 5794 discipulatui
3553 5721 3787 5778 Domini
3827 5719 4045 5792 jugiter

2393 5808 2754 5876 adhaesisse;
2784 5809 3104 5867 Martialem
3133 5809 3341 5868 Christi
3365 5827 3487 5868 non
3512 5811 3659 5868 Petri
3681 5807 4038 5881 discipulum
