4584 6436
1040 337 1109 388 95
2194 280 2504 382 ADEMAIM
2547 321 2601 375 s.
2643 316 2919 375 ClBARDI
2957 323 3288 382 MONACHI.
4399 327 4475 379 96

1040 454 1219 511 fuisse

1039 542 1271 597 nullum
1300 541 1641 598 habuerunt
1669 540 2073 611 discipulum).
2104 537 2420 595 Martialem
2438 552 2508 591 eo
2525 534 2686 607 quod

1038 631 1387 687 contribulis
1417 631 1468 686 ei
1501 636 1646 700 erat,
1678 645 1802 685 non
1834 629 1930 685 alii
1981 628 2412 701 apostolorum,
2456 626 2561 680 sed
2592 628 2687 679 Pe-

1038 725 1128 776 tro
1194 719 1547 775 familiarius
1584 736 1647 774 se
1678 718 1972 785 sociasse;
2032 717 2351 773 Martialem
2406 714 2689 770 instinctu

1039 809 1189 865 Petri
1218 808 1733 866 obsecundantem
1758 808 2011 863 Domino
2032 807 2090 862 in
2122 806 2437 873 omnibus;
2468 803 2689 861 Martia-

1039 898 1160 956 lem
1188 898 1477 955 miraculo
1511 899 1705 954 Lazari
1726 898 2056 954 interfuisse
2084 916 2095 965 ;
2120 896 2439 953 Martialem
2462 893 2690 949 adoles-

1045 992 1279 1044 centem
1309 989 1370 1044 in
1401 1004 1573 1043 caena
1605 992 1808 1043 sancta
1838 988 2087 1042 Domino
2114 986 2479 1041 ministrasse
2507 1002 2519 1051 ;
2552 986 2689 1038 Mar-

1045 1077 1247 1133 tialem
1269 1078 1469 1149 januis
1499 1077 1713 1133 clausis
1738 1077 1986 1133 Domino
2015 1076 2288 1141 intrante,
2332 1073 2579 1146 quando
2610 1071 2691 1126 ibi

1045 1169 1305 1223 Thomas
1334 1183 1455 1222 non
1483 1172 1625 1233 erat,
1650 1184 1786 1222 cum
1814 1167 1939 1221 aliis
1962 1166 2245 1237 apostolis
2276 1165 2557 1232 adfuisse,
2582 1162 2690 1218 ibi-

1047 1274 1165 1328 que
1194 1257 1419 1326 ligandi
1446 1274 1514 1312 ac
1559 1256 1823 1311 solvendi
1873 1261 2221 1328 potestatem
2261 1271 2381 1311 non
2427 1272 2461 1310 a
2505 1258 2691 1321 Petro,

1050 1344 1151 1398 sed
1170 1344 1248 1399 ab
1272 1344 1405 1417 ipso
1438 1345 1686 1401 Domino
1717 1362 1853 1399 cum
1886 1344 2109 1399 caeteris
2136 1344 2447 1416 apostolis,
2481 1348 2695 1398 etcum

1048 1433 1260 1488 eodem
1291 1436 1479 1504 Petro,
1511 1450 1579 1488 ac
1610 1434 1887 1505 Spiritum
1913 1438 2189 1489 sanctum
2208 1433 2505 1506 accepisse
2527 1452 2539 1499 ;
2558 1436 2697 1487 Mar-

1046 1521 1245 1576 tialem
1268 1537 1406 1576 cum
1432 1522 1711 1577 undecim
1751 1522 1810 1577 in
1862 1523 2160 1578 Galilaeam
2209 1524 2479 1579 hortante
2534 1526 2696 1578 Petro

1050 1610 1289 1680 abiisse,
1320 1611 1520 1683 ibique
1554 1617 1903 1683 potestatem
1926 1614 2291 1686 praedicandi
2312 1613 2697 1681 Evangelium

1049 1701 1110 1754 in
1141 1716 1352 1755 omnes
1371 1705 1572 1769 gentes
1589 1718 1709 1756 non
1746 1705 1984 1767 aPetro,
2033 1704 2137 1757 sed
2182 1704 2407 1775 abipso
2450 1704 2698 1758 Domino

1304 453 1468 525 (nam
1514 451 1771 525 apostoli
1830 467 2018 523 usque
2092 455 2231 523 post
2307 448 2759 503 PentecostenA
2796 444 3145 502 millesimus
3171 450 3521 507 vicessimus
3537 456 3786 507 octavus
3809 451 3887 507 ab
3911 451 4338 507 incarnatione
4357 451 4477 505 Do-

2798 533 2943 589 mini
2972 537 3155 592 nostri
3184 542 3319 594 Jesu
3350 540 3576 608 Christi,
3609 557 3715 614 per
3740 541 4126 597 indictionem
4157 557 4241 607 x1,
4262 539 4348 595 ab
4382 555 4479 594 as-

2800 626 3136 697 sumptione
3168 634 3367 684 autem
3399 630 3558 686 beati
3580 631 3828 703 apostoli
3854 630 4132 687 Martialis
4187 645 4478 698 nongen-

2798 713 3044 771 tesimus
3077 718 3613 791 quinquagesimus
3654 724 3924 793 quartus,
3971 736 4095 775 non
4155 723 4307 774 sunt
4355 717 4477 774 nisi

2801 807 3037 859 centum
3067 807 3373 874 sexaginta
3395 808 3556 875 anni,
3586 826 3656 864 ex
3681 824 3805 880 quo
3834 808 4206 864 monasticus
4228 806 4391 862 ordo
4413 806 4475 860 in

2801 890 2913 947 hoc
2943 892 3074 949 loco
3099 899 3524 952 transmutatus
3549 903 3635 953 est
3660 898 3733 952 de
3761 898 4051 953 canonico
4080 915 4094 964 ;
4130 901 4187 953 et
4218 898 4353 952 haec
4387 894 4479 949 Vi-

2802 988 2878 1049 ta,
2914 984 3125 1039 eodem
3156 987 3338 1041 modo
3365 1004 3487 1059 quo
3519 988 3611 1042 hic
3656 988 3889 1055 legitur,
3922 1005 4029 1060 per
4057 1004 4277 1043 omnes
4345 984 4481 1038 Gal-

2800 1071 3015 1127 liarum
3044 1079 3098 1128 et
3146 1075 3562 1147 Hispaniarum
3610 1082 3785 1148 atque
3836 1077 4171 1144 Britanniis,
4226 1090 4481 1130 necnon

2803 1166 2858 1217 ct
2900 1164 3074 1218 Italiae
3106 1170 3191 1219 est
3222 1166 3557 1236 provincias
3586 1184 3599 1221 :
3632 1184 3767 1238 qum
3795 1166 3919 1221 sine
3952 1167 4138 1221 dubio
4191 1182 4303 1237 per
4338 1164 4481 1237 plu-

2805 1268 2895 1305 res
2927 1254 3203 1308 ecclesias
3235 1255 3568 1310 habebatur
3600 1261 3735 1310 ante
3762 1256 4106 1311 incendium
4128 1254 4478 1324 hujusloci.

2804 1340 2968 1410 quod
3002 1341 3175 1411 longe
3205 1348 3343 1415 post
3372 1344 3625 1400 multum
3650 1350 3885 1417 tempus
3904 1344 4481 1415 acciditpostquam

2806 1431 3086 1485 monachi
3114 1432 3205 1486 hic
3236 1433 3620 1489 intraverunt.
3654 1438 3799 1489 Nam
3830 1434 3980 1488 inter
4005 1438 4090 1488 tot
4135 1449 4207 1488 ac
4272 1437 4484 1487 tantos

2808 1520 3130 1574 catholicos
3162 1521 3336 1587 viros,
3358 1523 3578 1594 quibus
3606 1540 3842 1593 semper
3873 1523 4123 1578 Galliam
4156 1538 4318 1577 sana
4349 1537 4486 1593 per-

2810 1607 2968 1676 stitit,
3002 1614 3056 1663 ct
3087 1611 3346 1664 maxime
3408 1612 3663 1667 Ecclesia
3718 1612 4177 1675 Lemovicensis,
4233 1626 4487 1681 semper

2809 1694 3029 1751 intacta
3061 1699 3138 1751 ab
3164 1700 3327 1754 omni
3353 1701 3566 1755 lueresi
3591 1700 3956 1772 Perduravit,
3994 1700 4131 1771 quis
4185 1698 4484 1754 diabolus

1052 1805 1188 1843 cum
1219 1789 1461 1861 reliquis
1485 1791 1769 1862 apostolis
1800 1796 1856 1846 et
1885 1809 2021 1846 cum
2044 1793 2254 1847 eodem
2288 1796 2449 1848 Petro
2498 1809 2698 1848 susce-
2732 1801 2773 1855 Î’
2812 1794 2963 1843 esset
2992 1806 3173 1843 ausus
3204 1794 3257 1843 et
3287 1788 3567 1843 valuisset
3592 1789 3794 1860 aliquo
3818 1790 4002 1843 modo
4035 1794 4276 1843 tantum
4310 1803 4487 1842 men-

1050 1878 1241 1949 pisse;
1305 1878 1626 1933 Martialem
1717 1881 2049 1935 ascensioni
2109 1883 2316 1937 Christi
2375 1899 2509 1937 cum
2595 1900 2703 1936 cae-

1049 1964 1187 2020 teris
1233 1964 1473 2037 reliquis
1523 1967 1804 2037 apostolis
1858 1968 2136 2037 adfuisse,
2192 1970 2391 2041 ibique
2432 1969 2704 2023 benedic-

1057 2054 1275 2107 tionem
1307 2054 1731 2125 episcopalem,
1758 2072 1878 2110 non
1912 2073 1945 2110 a
1975 2060 2138 2111 Petro
2170 2058 2268 2111 sed
2296 2058 2371 2112 ab
2421 2059 2551 2130 ipso
2595 2063 2702 2113 lio-

1056 2142 1219 2196 mino
1252 2158 1388 2196 cum
1420 2142 1547 2196 aliis
1570 2143 1873 2215 discipulis
1902 2150 1955 2199 et
1986 2162 2121 2199 cum
2142 2150 2304 2200 Petro
2338 2148 2701 2219 suscepisse;

1057 2231 1377 2287 Martialem
1417 2249 1555 2287 cum
1586 2234 1805 2288 caeteris
1839 2236 2124 2306 apostolis
2154 2236 2405 2291 intrasse
2436 2243 2491 2292 et
2517 2238 2703 2292 exisse

1060 2336 1249 2391 usque
1280 2319 1340 2374 in
1371 2322 1768 2391 Pentecosten,
1800 2327 2044 2395 tumque
2078 2342 2215 2379 cum
2262 2325 2388 2379 aliis
2422 2326 2704 2396 apostolis

1063 2407 1344 2477 Spiritum
1378 2417 1647 2463 sanctum
1680 2411 1752 2464 de
1783 2412 1932 2465 C(BlO
1960 2414 2314 2483 suscepisse,
2350 2420 2404 2469 et
2435 2415 2704 2469 omnium

1058 2495 1403 2568 linquarum
1421 2499 1721 2555 scientiam
1752 2502 2103 2574 percepisse,
2134 2509 2188 2558 et
2218 2521 2351 2558 cum
2385 2505 2513 2559 aliis
2561 2522 2706 2576 apo-

1061 2585 1192 2639 tolis
1216 2586 1617 2643 invincibilem
1649 2592 2094 2646 resurrectionis
2128 2594 2331 2649 Christi
2376 2599 2578 2650 testem
2613 2614 2708 2650 ex-

1060 2674 1309 2741 stitisse;
1370 2677 1686 2733 Martialem
1730 2686 1863 2750 post
1931 2684 2373 2753 perceptionem
2458 2685 2705 2756 Spiritus

1062 2764 1248 2816 sancti
1277 2780 1311 2817 a
1340 2766 1506 2819 Petro
1529 2782 1649 2821 non
1667 2768 2049 2825 dissociatum
2080 2772 2277 2840 fuisse,
2305 2774 2409 2827 sed
2436 2790 2551 2827 una
2571 2790 2708 2828 cum

1059 2867 1128 2906 eo
1150 2852 1520 2908 Antiochiam
1544 2856 1771 2910 venisse
1798 2876 1810 2923 ;
1837 2860 2151 2915 Martialem
2180 2869 2427 2930 rogante
2463 2867 2625 2917 Petro
2648 2869 2710 2918 ut

1059 2938 1321 3006 fratrem,
1351 2958 1473 2996 non
1525 2944 1771 3013 jubente
1822 2952 1884 3001 ut
1927 2948 2286 3021 discipulum
2349 2952 2711 3007 incessanter

1059 3032 1183 3083 tam
1209 3028 1456 3085 absente
1477 3047 1662 3102 quam
1684 3040 1971 3105 praesente
2003 3038 2214 3093 eodem
2248 3043 2412 3095 Petro
2460 3041 2708 3096 verbum

2811 1879 3051 1933 dacium
3085 1878 3382 1932 scribere?
3410 1878 3463 1933 Si
3496 1878 3900 1948 mendacium,
3934 1878 4099 1950 quod
4131 1877 4313 1943 absit,
4342 1875 4488 1930 scri-

2811 1973 2980 2039 ptum
3013 1972 3184 2035 esset,
3233 1982 3269 2020 a
3298 1966 3533 2021 nemine
3560 1967 3993 2022 catholicorum
4025 1970 4342 2037 receptum
4397 1981 4486 2019 es-

2814 2063 2978 2121 set,et
3002 2057 3173 2111 hodie
3193 2072 3370 2127 super
3397 2060 3610 2111 terram
3630 2057 3970 2111 nullatenus
4001 2056 4487 2110 au:liretur.Hmc

2814 2163 2953 2213 ergo
2985 2148 3107 2200 Vita
3134 2147 3515 2201 voracissima
3545 2152 3649 2201 est.
3686 2151 3832 2202 Nam
3867 2147 4023 2201 hanc
4059 2147 4254 2200 Vitam
4289 2150 4347 2200 et
4380 2148 4488 2199 Pa-

2816 2238 2928 2287 tres
2950 2233 3133 2287 nostri
3166 2234 3435 2288 catholici
3466 2234 3524 2289 in
3557 2234 3796 2290 veritate
3838 2238 4212 2306 receperunt,
4272 2238 4330 2287 et
4372 2247 4490 2301 ego

2817 2323 2965 2376 sicut
2996 2328 3201 2377 sancta
3226 2329 3483 2394 quatuor
3516 2323 3833 2392 Evangelia
3864 2323 3943 2378 ita
3976 2339 4111 2378 eam
4160 2322 4349 2377 credo
4396 2322 4494 2374 tir-

2817 2413 3007 2480 miter,
3046 2418 3097 2467 et
3130 2413 3292 2467 omni
3325 2414 3636 2468 dilectione
3690 2414 4021 2485 amplector
4066 2419 4123 2469 et
4176 2410 4487 2485 approbo.

2822 2506 2881 2555 tit
2907 2501 3007 2572 qui
3042 2518 3173 2555 cam
3219 2508 3416 2570 negat,
3478 2502 3787 2557 inimicum
3830 2502 4091 2557 veritatis
4127 2499 4491 2574 pronuntio,

2818 2596 2871 2645 et
2929 2598 2991 2645 ut
3044 2591 3351 2662 publicum
3402 2593 3743 2647 luerelicum
3798 2609 4036 2666 respuo.
4095 2590 4271 2655 Quod
4340 2605 4493 2644 vero

2818 2682 3215 2753 prosequeris,
3246 2684 3623 2737 auctoritates
3654 2688 3879 2738 veteres
3906 2683 4236 2739 mendaces
4282 2680 4495 2753 potius

2818 2770 3221 2842 recipiendum
3254 2788 3438 2843 quam
3472 2788 3659 2826 novas
3689 2788 3954 2839 veraces,
3981 2771 4209 2841 grande
4264 2770 4497 2842 praeju-

2819 2861 3041 2914 dieium
3093 2866 3201 2931 est,
3263 2878 3401 2916 eum
3446 2863 3661 2916 veritas
3720 2878 3957 2934 semper
4014 2862 4233 2917 veritas
4270 2865 4387 2925 est,
4439 2862 4498 2913 et

2819 2967 3131 3022 nunquam
3165 2951 3378 3005 veritas
3410 2952 3633 3023 respui,
3665 2968 3773 3007 nec
3812 2952 4035 3007 falsitas
4066 2952 4249 3006 debet
4276 2949 4493 3021 recipi.

2822 3043 2931 3094 Nec
2990 3039 3209 3093 adverti
3267 3045 3497 3113 oportet
3531 3040 3665 3112 quis
3725 3040 3907 3110 dicat,
3949 3041 4054 3095 sed
4103 3039 4255 3112 quid
4303 3039 4494 3093 dicat.

1061 3116 1161 3171 Dei
1202 3117 1558 3190 praedicasse
1610 3119 1669 3175 in
1723 3124 2227 3199 Graeciazquippe
2268 3134 2331 3183 ut
2384 3131 2709 3200 perfectum
2751 3144 2790 3198 á½·]
2824 3132 2969 3183 Nam
2996 3146 3144 3201 puer
3183 3146 3338 3183 unus
3371 3129 3516 3185 dixit
3559 3130 3888 3197 veritatem,
3925 3135 3981 3185 et
4005 3130 4158 3184 eruit
4180 3129 4259 3185 de
4292 3133 4497 3183 morte

1062 3206 1273 3262 Christi
1302 3206 1662 3279 discipulum
1681 3215 1735 3265 et
1755 3212 1830 3266 ab
1849 3229 1918 3267 eo
1946 3216 2197 3285 perfecte
2220 3234 2324 3289 per
2351 3237 2410 3273 se
2428 3221 2709 3292 primum,

1063 3293 1279 3348 deinde
1311 3310 1419 3366 per
1445 3295 1806 3354 infusionem
1843 3303 2089 3373 Spiritus
2123 3307 2308 3361 sancti
2339 3309 2634 3364 eruditum
2659 3315 2715 3365 et

1062 3384 1125 3437 in
1150 3383 1493 3453 linguarum
1524 3390 2014 3447 sermocinatione
2038 3394 2113 3449 ad
2136 3412 2560 3471 quamcunque
2579 3416 2715 3467 gen-

1067 3476 1181 3527 tem
1214 3475 1554 3544 perveuissc
1583 3479 1836 3548 perfecte
1852 3482 2063 3537 scitum
2088 3503 2098 3551 ;
2120 3487 2438 3542 Martialem
2467 3496 2711 3558 regante

1062 3564 1226 3616 Petro
1255 3562 1591 3632 utfratrem,
1620 3569 2083 3642 nonimperante
2113 3580 2175 3629 ut
2196 3576 2576 3649 discipulum,
2610 3596 2710 3633 ve-

1058 3650 1215 3706 nisse
1238 3668 1375 3708 cum
1398 3669 1467 3708 eo
1487 3658 1734 3712 Romam
1762 3677 1773 3725 ;
1798 3662 2115 3718 Martialem
2137 3682 2257 3720 non
2280 3668 2423 3721 Petri
2446 3669 2709 3735 arbitrio,

1059 3740 1163 3795 sed
1196 3744 1427 3798 Domini
1448 3752 1745 3819 praecepto
1793 3752 2041 3807 missum
2099 3756 2276 3810 fuisse
2323 3758 2383 3812 in
2441 3758 2707 3821 t'lalliam,

1056 3846 1164 3903 per
1193 3832 1443 3921 affatum
1469 3836 1737 3903 ejusdem
1782 3839 1935 3896 beati
1968 3846 2377 3914 apostolorum
2406 3849 2709 3921 principis.

1061 3922 1193 3973 Haec
1224 3920 1372 3975 dum
1399 3924 1748 3993 perlegisset
1779 3945 1919 3984 :nec
1951 3932 2322 3990 valercteum
2344 3954 2561 4005 negare
2576 3920 2710 3993 vere

1063 4273 1256 4329 fronte
1287 4281 1499 4345 rugata
1533 4296 1545 4332 :
1578 4302 1603 4326 â€¹â€¹
1636 4282 1832 4339 Solent
1858 4285 2052 4343 dicere
2086 4293 2352 4348 nonnulli
2384 4296 2566 4350 Vitam
2586 4298 2712 4367 ejus

1064 4366 1430 4454 veteranam,
1456 4369 1701 4437 quando
1742 4371 1854 4427 hoc
1884 4375 1978 4430 hic
1998 4376 2165 4432 locus
2189 4383 2347 4452 arsit,
2373 4386 2593 4454 perisse
2618 4366 2713 4441 in-

2824 3218 3152 3286 mulierem,
3204 3234 3389 3289 quam
3450 3219 3713 3273 seniores
3773 3218 3895 3273 duo
3944 3219 4267 3290 loquentes
4330 3217 4498 3271 falsi-

2824 3312 3000 3361 tatem
3030 3308 3327 3363 ducebant
3357 3308 3434 3362 ad
3462 3324 3689 3363 necem.
3714 3312 3850 3363 Tres
3876 3308 4045 3380 pueri
4075 3307 4352 3362 flammis
4370 3305 4499 3360 dati

2820 3395 2997 3451 locuti
3030 3402 3165 3451 sunt
3192 3398 3494 3452 veritatem
3525 3413 3768 3464 novam,
3815 3398 3919 3452 sed
3965 3414 4067 3452 rex
4113 3395 4495 3466 grandaevus

2820 3486 3141 3541 afï¬rmavit
3168 3486 3482 3541 falsitatem
3514 3486 3846 3558 antiquam.
3884 3486 3939 3542 Si
3971 3486 4281 3541 veritatem
4343 3484 4498 3539 dici-

2819 3591 2974 3645 mus,
3008 3592 3192 3647 quare
3222 3575 3395 3630 nobis
3422 3591 3542 3630 non
3575 3574 3833 3630 creditur
3857 3576 3885 3631 ?
3938 3591 4075 3630 vere
4107 3575 4188 3629 ab
4252 3578 4498 3629 amato-

2819 3667 2984 3721 ribus
3018 3666 3272 3720 veritatis
3307 3665 3481 3720 nobis
3537 3666 3813 3720 creditur.
3863 3669 3929 3720 Et
3976 3664 4125 3737 quid
4180 3664 4420 3720 mirum
4453 3664 4498 3718 si

2822 3763 3117 3812 amatores
3170 3756 3449 3823 veritatis,
3494 3756 3726 3811 tametsi
3780 3755 4051 3811 nonnulli
4110 3770 4239 3809 non
4282 3753 4499 3809 intelli-

2823 3851 2985 3915 gant,
3048 3851 3247 3900 tamen
3298 3846 3548 3899 credunt
3599 3845 3919 3901 Martialem
3946 3860 4074 3899 esse
4135 3844 4495 3915 apostolum

2822 3937 3081 3991 veritatis
3113 3938 3138 3991 ?
3190 3952 3330 3991 nam
3384 3936 3429 3990 si
3470 3951 3592 3990 non
3620 3936 4006 4001 credideritis,
4042 3951 4165 3989 non
4200 3934 4497 4003 intellige-

2823 4026 2925 4093 tis;
2954 4032 3007 4081 et
3032 4026 3227 4081 omnis
3248 4025 3349 4098 qui
3390 4030 3475 4080 est
3504 4042 3575 4079 ex
3600 4025 3863 4091 veritate,
3897 4024 4065 4080 audit
4089 4023 4367 4079 veritatis
4405 4040 4498 4076 vo-

2822 4133 2971 4171 cem.
2997 4118 3057 4170 Et
3084 4115 3217 4170 licet
3238 4115 3439 4169 fortior
3471 4114 3542 4169 sit
3572 4131 3673 4168 rex
3699 4118 3754 4168 et
3781 4113 3989 4169 fortius
4018 4113 4252 4179 vinum,
4288 4119 4495 4167 tamen

2823 4205 3089 4261 fortiores
3116 4209 3252 4258 sunt
3278 4203 3555 4258 mulieres
3584 4220 3719 4275 quae
3758 4203 4038 4258 dicuntur
4086 4202 4411 4269 falsitates,
4446 4208 4499 4255 et

2821 4296 3065 4366 insuper
3106 4296 3227 4347 lucc
3257 4292 3461 4347 omnia
3484 4292 3665 4347 vincit
3694 4293 3928 4347 veritas.
3963 4292 4192 4347 Veritas
4229 4292 4498 4361 gloriosa

2822 4390 2980 4439 estet
3008 4384 3266 4451 humilis,
3299 4398 3419 4437 non
3449 4382 3729 4455 superba.
3763 4385 3877 4437 Nos
3944 4382 4005 4437 in
4044 4382 4161 4436 hoc
4227 4382 4495 4454 superbe

1064 4452 1371 4547 cendio,in
1390 4472 1511 4527 qua
1544 4459 1684 4513 nihil
1710 4462 1922 4519 horum
1948 4466 2275 4538 legebatur,
2300 4474 2715 4531 nisiduntaxat
2744 4493 2789 4547 Î¹)
2820 4491 2941 4529 non
2976 4474 3262 4546 sapimus,
3293 4473 3397 4527 sed
3426 4476 3541 4527 Deo
3571 4472 3789 4544 placita
3840 4470 4198 4535 humilitate,
4234 4473 4498 4544 prolice-

1065 4542 1227 4612 quod
1249 4550 1386 4614 post
1401 4549 1810 4606 ascensionem
1828 4554 2058 4611 Domini
2076 4559 2150 4613 ad
2170 4562 2317 4616 Petri
2344 4565 2713 4635 praedicatio-

1064 4645 1202 4724 nem
1235 4631 1305 4685 sit
1335 4650 1682 4707 conversus,
1718 4640 1866 4697 sicut
1898 4644 1992 4699 alii
2024 4648 2191 4703 multi
2226 4667 2295 4705 ex
2331 4631 2604 4724 paganis,
2660 4661 2716 4712 et

1066 4718 1240 4811 abeo
1268 4722 1550 4791 eruditus,
1599 4732 1653 4782 et
1678 4736 1813 4800 post
1842 4732 2091 4802 longum
2141 4718 2375 4811 tempus
2406 4718 2715 4799 ordinatus

1066 4806 1405 4880 episcopus,
1438 4816 1495 4867 et
1521 4815 1597 4869 ad
1627 4818 1815 4874 solam
1836 4822 2043 4880 urbem
2074 4829 2453 4886 Lemovicum
2473 4833 2712 4890 missus.

1069 4894 1223 4949 sicut
1254 4898 1606 4969 Apollinaris
1624 4906 1697 4958 ad
1715 4909 2055 4968 Ravennam
2069 4921 2123 4971 et
2142 4919 2367 4974 Marcus
2390 4921 2449 4975 in
2468 4922 2717 4978 Alexan-

1068 4984 1262 5082 driam
1289 5004 1301 5049 ;
1331 4992 1657 5082 quemdam
1684 5012 1820 5052 vero
1840 5005 2401 5077 monachumhujus
2433 5011 2716 5067 locrhanc

1066 5074 1256 5128 Vitam
1287 5078 1599 5139 mendacio
1622 5102 1731 5139 suo
1757 5087 2000 5145 tinxisse
2022 5074 2373 5167 adulatorie,
2407 5100 2538 5156 ideo
2585 5118 2720 5158 eam

1067 5178 1191 5262 non
1216 5168 1411 5224 credo.
1442 5172 1660 5228 Tamen
1690 5176 1787 5231 hic
1812 5177 1978 5250 liber,
2008 5185 2151 5254 quia
2180 5194 2442 5243 vetustus
2460 5197 2568 5256 est,
2594 5210 2719 5247 ma-

1064 5254 1210 5322 joris
1240 5260 1327 5311 est
1352 5262 1714 5323 auctoritatis
1744 5283 1929 5338 quam
1985 5272 2031 5325 si
2089 5280 2241 5330 esset
2279 5294 2471 5334 novus
2506 5298 2518 5334 :
2558 5254 2718 5336 nam

1068 5348 1293 5440 veteres
1324 5350 1722 5421 auctoritates,
1778 5358 2006 5415 etiamsi
2036 5363 2201 5419 falsae
2234 5366 2367 5439 sint,
2402 5369 2535 5440 plus
2595 5386 2720 5427 cre-

1069 5433 1293 5489 duntur
1315 5451 1349 5490 a
1376 5437 1550 5492 nobis
1581 5458 1767 5512 quam
1798 5463 1987 5518 novae,
2014 5452 2149 5509 licet
2199 5433 2458 5514 veraces.
2488 5482 2513 5507 â€ºâ€º
2573 5464 2719 5516 Tum

1070 5537 1181 5587 ego
1208 5538 1220 5576 :
1248 5544 1276 5571 â€¹â€¹
1300 5525 1470 5588 Quod
1493 5526 1639 5584 dicis
1660 5532 1815 5588 hanc
1830 5536 2011 5595 Vitam
2029 5544 2393 5602 mendaeioa
2422 5550 2721 5604 monacho

1072 5610 1273 5709 nescio
1302 5628 1424 5683 quo
1450 5631 1581 5670 esse
1614 5621 1948 5693 confictam,
1974 5635 2028 5685 et
2059 5632 2403 5691 incredibile
2427 5642 2481 5691 et
2503 5638 2722 5709 impos-

1074 5694 1241 5750 sibile
1272 5705 1357 5791 est
1388 5706 1445 5754 et
1465 5706 1710 5762 omnino
1739 5726 1980 5769 vanum.
2015 5722 2156 5775 Nam
2200 5724 2417 5791 adhuc,
2449 5694 2720 5782 videlicet

1073 5799 1267 5856 usque
1294 5787 1355 5844 in
1378 5799 1732 5861 praesentem
1761 5814 1990 5859 annum
2013 5824 2135 5879 quo
2162 5787 2486 5884 loquimur,
2510 5815 2612 5887 qui
2633 5820 2719 5872 est

2820 4581 2880 4619 re
2914 4564 3217 4633 gliscimus
3247 4568 3303 4617 et
3333 4568 3607 4634 proterva
3634 4562 4052 4635 despicientes,
4081 4562 4323 4633 quibus
4371 4579 4497 4616 cru-

2821 4655 2899 4708 da
2930 4653 3243 4708 ostentatio
3271 4669 3429 4707 eum.
3468 4697 3479 4708 .
3517 4694 3529 4706 .
3562 4652 3827 4724 primum
3881 4652 4082 4724 potius
4131 4668 4337 4723 quam
4395 4670 4497 4725 po~

2823 4744 3126 4798 steriorem
3178 4741 3518 4814 apostolum
3578 4742 3640 4795 in
3688 4740 3993 4796 nonnullis
4047 4740 4203 4795 locis
4268 4742 4496 4796 habere

2821 4832 3135 4887 voluerunt
3163 4848 3174 4884 :
3200 4847 3309 4885 nos
3340 4830 3545 4885 omnia
3574 4846 3646 4884 ex
3676 4846 3747 4884 co
3768 4828 4120 4901 probantes,
4149 4830 4335 4902 quod
4392 4830 4497 4884 bo-

2823 4937 2968 4976 num
2995 4924 3082 4974 est
3111 4924 3393 4986 tenentes,
3425 4922 3481 4973 et
3512 4918 3759 4972 scientes
3787 4932 3907 4971 non
3934 4933 4064 4971 esse
4092 4918 4497 4990 verumquod

2823 5011 3083 5073 varium;
3132 5010 3302 5079 jussu
3356 5007 3709 5062 venerabilis
3770 5006 3956 5061 Patris
3992 5006 4186 5061 nostri
4237 5008 4497 5063 Odolrici

2827 5100 3000 5154 totius
3031 5098 3284 5152 scientias
3318 5097 3612 5168 totiusque
3642 5097 3862 5151 virtutis
3888 5095 4015 5159 viri,
4073 5096 4499 5168 quodcunque

2828 5188 2883 5241 in
2912 5188 3021 5241 hac
3053 5189 3382 5259 quzestione
3422 5194 3513 5242 est
3567 5194 3894 5255 maturum,
3940 5188 4213 5254 salubre,
4280 5206 4501 5243 sanum

2827 5283 2883 5333 et
2909 5283 3124 5344 ratum,
3154 5277 3339 5331 libera
3366 5276 3644 5348 cupimus
3677 5291 3950 5331 exercere
3984 5276 4311 5332 charitate.
4338 5301 4367 5327 Î½Â»

2900 5462 3029 5513 Î—Î¾Î¸Ï
3043 5463 3097 5511 et
3110 5455 3527 5527 hujuscemodi
3540 5455 4113 5528 nobisloquentibus
4126 5462 4187 5512 et
4204 5458 4351 5529 ipso
4364 5458 4509 5514 afï¬r-

2828 5552 3048 5611 mante,
3071 5568 3095 5593 â€¹â€¹
3125 5546 3173 5600 si
3190 5546 3317 5599 haec
3342 5546 3468 5600 Vita
3489 5562 3626 5601 vera
3649 5550 3753 5603 est.
3775 5545 4053 5601 Martialis
4078 5546 4330 5619 absque
4348 5548 4501 5603 omni

2826 5636 3124 5691 dubietate
3151 5651 3287 5688 vere
3316 5635 3625 5706 apostolus
3666 5639 3793 5702 est;
3854 5634 4184 5690 Aimiricus
4230 5638 4385 5692 item
4432 5636 4495 5691 ad

2824 5742 2935 5780 nos
2966 5724 3176 5778 iterum
3200 5724 3376 5778 intrat
3404 5742 3542 5779 cum
3573 5724 3867 5779 Breviario
3896 5730 4138 5779 vetusto
4164 5728 4431 5798 sepulcri
4452 5732 4500 5780 et

2823 5813 3083 5871 ostendit
3102 5831 3153 5870 ei
3182 5813 3498 5869 veterrima
3528 5814 3821 5886 scriptura
3866 5813 4203 5886 quoddam
4251 5832 4495 5891 respon-
