4584 6380
481 285 543 335 97
1776 279 1985 334 EPIST.
2029 281 2117 333 DE
2160 277 2214 335 s.
2256 283 2602 338 marum.
3401 265 3422 292 ⁸
3819 279 3886 336 98

481 402 704 457 sorium
733 402 792 456 in
826 401 1037 454 eodem
1064 400 1322 471 positum
1353 419 1364 455 :
1402 401 1703 455 Gloriosus
1745 408 1826 456 est
1873 404 2126 459 Μαντία-
2162 408 2206 459 Λ
2235 405 2459 470 ligandi
2485 412 2540 461 et
2569 404 2833 461 solvendi
2863 404 3285 475 accepisset,ut
3306 403 3432 474 ipse
3458 403 3887 471 Longobardus

486 494 553 546 lis
586 493 888 560 apostolus
921 491 1153 556 Galliw,
1187 492 1291 561 qui
1337 492 1419 545 ita
1447 492 1750 558 plantavit
1780 493 2128 563 Ecclesium,

484 588 545 636 ut
580 598 710 634 cum
743 582 866 648 ipse
890 581 1079 633 multa
1114 581 1453 648 pertulerit,
1489 581 1549 634 in
1589 595 1739 648 pace
1764 587 1957 636 tamen
1989 584 2131 650 deﬁ-

484 673 638 726 ciens
670 671 828 725 hanc
868 671 930 723 in.
978 684 1128 737 pace
1182 670 1489 724 dimiserit.
1542 669 1630 724 Ad
1674 670 1800 724 haec
1833 670 1925 726 ille
1960 690 1971 727 :
2007 695 2033 720 «
2070 676 2136 729 Et

483 761 595 813 hoc
625 757 941 828 antiquum
973 760 1059 810 est
1085 772 1207 810 non
1238 772 1483 824 novum,
1531 762 1586 812 et
1628 758 1729 829 qui
1760 759 1919 813 hunc
1949 760 2133 816 dicta-

488 852 608 902 tum
637 845 977 917 composuit
1003 844 1240 916 sapiens
1266 845 1390 900 fuit.
1438 870 1462 894 ››
1507 849 1644 900 Item
1674 847 2042 902 ostendimus
2083 849 2134 904 ei

483 951 780 991 annosum
811 933 1131 1004 hytlunum
1164 933 1588 1005 sequentialem
1619 935 1674 988 in
1714 935 1926 990 eodem
1968 937 2132 991 volu-

487 1024 642 1078 mine
672 1021 965 1076 veteribus
995 1021 1197 1076 littcris
1226 1022 1448 1077 factum
1483 1040 1494 1076 :
1529 1025 1694 1078 Cives
1735 1025 2017 1081 cwlicolte
2069 1032 2134 1080 ut

487 1115 794 1182 collega-7n,
828 1113 1015 1166 omnis
1045 1127 1215 1166 suum
1257 1113 1347 1165 uti
1397 1114 1727 1181 apostolum
1781 1115 2131 1185 Aquitania.

491 1206 553 1257 Et
580 1202 673 1256 ille
695 1201 772 1255 ait
805 1220 816 1255 :
852 1224 876 1249 ‹‹
916 1201 1037 1255 Hoc
1068 1206 1211 1272 puto
1242 1217 1363 1256 non
1395 1209 1485 1257 est
1531 1202 1656 1257 sine
1688 1203 1892 1259 divina
1936 1205 2139 1258 volun-

491 1296 623 1359 tate,
684 1289 850 1362 quod
897 1306 932 1344 a
988 1290 1159 1344 vobis
1217 1290 1527 1362 apostolus
1574 1292 1949 1362 prtedicatur,
1996 1293 2138 1364 quia

487 1395 636 1452 pene
668 1378 864 1432 omnis
888 1377 1048 1432 orbis
1081 1383 1366 1433 terrarum
1393 1380 1522 1449 jam
1566 1381 1677 1435 hoc
1724 1380 1929 1435 auditu
1961 1381 2136 1436 famae

487 1469 792 1541 comperit.
833 1492 858 1517 ››
889 1468 1091 1523 Nescio
1119 1467 1298 1522 aliud.
1336 1469 1487 1534 Quid
1516 1470 1650 1542 plus
1694 1470 2054 1525 auctoritatis
2087 1471 2137 1524 ei

484 1559 810 1632 panderem
857 1565 992 1631 post
1022 1558 1162 1612 istas
1193 1563 1328 1627 tres,
1361 1577 1498 1614 cum
1528 1559 1587 1614 in
1618 1576 1717 1615 ore
1748 1561 2006 1616 duorum
2038 1565 2142 1616 aut

488 1649 666 1703 trium
722 1648 958 1702 testium
1009 1652 1117 1702 stet
1166 1664 1343 1702 omne
1392 1649 1695 1705 verbum?
1749 1653 1868 1705 Nox
1909 1655 2052 1716 erat,
2087 1656 2141 1704 et

2237 497 2534 563 mentitur,
2561 496 2641 550 sic
2668 511 2909 567 quoque
2935 508 3057 547 non
3088 493 3412 561 incongrue
3441 498 3639 564 posset
3675 493 3888 566 prandi-

2239 587 2358 640 cari
2390 586 2717 658 apostolus.
2748 589 2893 639 Nam
2925 589 2980 639 et
3010 583 3418 656 Ilieronymus,
3476 585 3745 642 maxima
3796 601 3891 640 co-

2239 673 2448 730 lumna
2502 674 2789 740 Ecclesite,
2846 677 2902 728 et
2951 671 3104 727 Beda
3163 671 3522 726 Venerabilis
3582 673 3893 746 presbyter

2241 765 2612 819 Timotheum
2643 763 3003 834 discipulum
3035 762 3193 816 Pauli
3213 761 3893 834 prtedicantapostolum

2242 853 2300 907 in
2333 853 2453 908 suis
2486 853 2804 918 Chronicis,
2861 867 3042 924 quem
3073 850 3288 905 Paulus
3319 849 3395 905 ad
3426 850 3606 906 fidem
3641 853 3811 907 traxit
3841 858 3896 907 et

2242 941 2593 1013 episcopum
2644 940 2958 1006 ordinavit,
3012 939 3114 1010 qui
3173 938 3350 993 etiam
3407 938 3558 994 duas
3612 941 3894 1012 epistolas

2243 1030 2491 1102 scripsit.
2526 1030 2836 1086 Onesimus
2868 1044 3109 1101 quoque
3141 1028 3468 1099 discipulus
3501 1029 3658 1083 Pauli
3696 1046 3730 1084 a
3762 1030 3894 1102 plu-

2243 1119 2406 1173 ribus
2437 1119 2701 1173 Ecclesiis
2732 1117 3041 1190 apostolus
3071 1116 3449 1188 praedicatur,
3507 1122 3561 1172 et
3591 1119 3716 1189 ipse
3748 1121 3894 1173 Pau-

2244 1207 2337 1261 lus
2398 1207 2890 1279 Epaphroditum,
2945 1222 3148 1278 quem,
3197 1205 3672 1276 Philippensibus
3721 1206 3894 1271 misit,

2244 1297 2530 1368 praedicat
2559 1295 2916 1368 apostolum.
2951 1298 3174 1350 Marcus
3205 1293 3382 1348 etiam
3413 1300 3469 1349 et
3500 1298 3685 1350 Lucas
3719 1312 3896 1351 evan-
3963 1350 3971 1358 ,

2247 1387 2464 1455 gelistte
2495 1385 2768 1456 discipuli
2801 1383 3208 1456 apostolorum
3253 1402 3287 1439 a
3321 1384 3593 1455 pluribus
3626 1385 3896 1439 Ecetesiis

2247 1475 2500 1546 apostoli
2531 1474 2950 1546 prtedieantur.
2970 1477 3115 1528 Nam
3149 1475 3403 1528 Marcum
3433 1477 3630 1528 Petrus
3654 1475 3900 1529 Alexan-

2247 1562 2386 1617 driae
2440 1563 2595 1618 misit
2645 1564 2767 1618 sine
2815 1562 3185 1617 ordinatione
3217 1561 3558 1633 episcopali.
3613 1563 3718 1627 Qui
3760 1579 3898 1617 cum

2248 1651 2620 1722 provinciam
2650 1650 2882 1723 Aigypti
2911 1650 3139 1722 primus
3165 1651 3568 1719 convertisset,
3611 1668 3646 1705 a
3692 1650 3898 1704 vicinis

486 1737 892 1792 discessimus.
931 1736 1167 1792 Ccenavi
1203 1742 1416 1802 tecum,
1464 1754 1499 1792 o
1549 1738 1926 1793 dilectissime
1958 1738 2137 1804 abba,
2173 1756 2211 1808 Β
2251 1741 2544 1812 episcopis
2574 1741 2704 1796 licet
2734 1740 2843 1794 sibi
2893 1739 3166 1812 pollicem
3223 1756 3440 1794 manus
3500 1739 3901 1812 amputaverit

487 1832 544 1882 et
574 1827 717 1898 quia
769 1826 1030 1881 crastino
1075 1826 1337 1882 diluculo
1396 1827 1472 1882 ad
1523 1828 1883 1896 Egolismam
1930 1828 2138 1883 urbem

484 1915 764 1971 volebam
792 1915 1002 1984 redire,
1034 1914 1274 1970 licenter
1295 1933 1330 1971 a
1360 1920 1412 1970 te
1443 1916 1725 1971 dimissus
1766 1934 1918 1972 sum.
1971 1921 2141 1973 Facto

489 2021 670 2060 mane
727 2004 1011 2059 caninum
1070 2004 1530 2072 Langobardum
1586 2005 1788 2076 ipsum
1835 2007 1978 2077 vidi,
2034 2023 2143 2061 nec

487 2093 866 2166 propteriter
893 2109 1095 2148 meum
1123 2111 1260 2148 cum
1308 2110 1378 2149 eo
1433 2095 1990 2150 sermocinationem
2039 2096 2144 2150 ha-

489 2183 614 2238 bui.
657 2186 718 2237 Et
750 2182 796 2236 si
820 2182 1070 2236 scissem
1099 2183 1233 2253 quis
1266 2182 1359 2236 ille
1391 2187 1496 2248 est,
1546 2190 1953 2254 exspectarem
2004 2201 2142 2239 eum

493 2270 840 2326 Lemovicas
893 2285 1014 2324 uno
1063 2286 1244 2337 anno,
1295 2287 1611 2343 quousque
1651 2272 1964 2327 contritum
1993 2277 2148 2327 esset

491 2365 675 2432 caput
700 2361 828 2430 ejus
859 2359 1267 2430 serpentinum
1295 2360 1462 2430 virga
1499 2361 1742 2416 rationis
1775 2378 1942 2417 meae.
2001 2366 2146 2417 Nam

493 2465 557 2504 se
588 2448 687 2503 ille
713 2465 1002 2520 squameo
1029 2448 1355 2503 draconino
1383 2449 1533 2504 collo
1580 2451 1900 2521 resupinus
1940 2454 2146 2522 postea

486 2537 798 2609 jactitavit,
834 2553 893 2592 se
925 2539 1241 2592 connisum
1270 2537 1520 2609 praeliari
1563 2555 1799 2594 mecum
1832 2556 1940 2611 pro
1971 2540 2147 2595 beato

491 2626 772 2700 apostolo
803 2627 1055 2682 Martiale
1082 2631 1138 2682 et
1165 2643 1260 2682 me
1290 2627 1424 2682 ideo
1475 2629 1828 2698 quantocius
1880 2629 2101 2697 fugisse
2133 2647 2145 2695 ;

489 2716 850 2788 episcopum
901 2715 1228 2771 Jordanum
1281 2720 1336 2771 et
1387 2716 1514 2786 ejus
1592 2717 1911 2772 canonicos
1968 2733 2146 2772 omne

488 2805 662 2878 quod
718 2805 1146 2860 inchoaverant
1202 2805 1521 2877 respuisse,
1577 2822 1686 2861 nec
1723 2823 1990 2878 unquam
2020 2823 2149 2862 am-

488 2893 653 2966 plius
680 2893 817 2949 huic
850 2893 1206 2965 apostolatui
1245 2909 1642 2950 consensuros
1696 2911 1822 2950 esse
1873 2895 2016 2967 quia
2042 2912 2148 2951 au-

488 2981 731 3038 dierant
757 2981 954 3054 ipsum
983 2999 1108 3038 esse
1136 2981 1648 3039 contradictorem.

2251 1835 2312 1884 ut.
2343 1831 2670 1886 sacerdotio
2701 1829 2991 1901 reprobus
3016 1833 3185 1895 esset,
3219 1832 3418 1883 tamen
3440 1828 3659 1884 invitus
3693 1845 3900 1884 conse-

2251 1924 2447 1974 cratus
2477 1923 2566 1974 est
2604 1918 2944 1990 episcopus,
2977 1917 3080 1988 qui
3112 1916 3374 1971 secundo
3419 1933 3578 1971 anno
3610 1922 3744 1988 post
3796 1919 3900 1971 Do-

2254 2009 2399 2062 mini
2455 2007 2863 2063 ascensionem
2922 2023 2990 2060 ex
3051 2005 3204 2060 tribu
3265 2005 3393 2060 Levi
3441 2006 3901 2077 praedicantibus

2254 2096 2537 2169 apostolis
2568 2111 2887 2150 conversus
2919 2094 3124 2148 fuerat.
3158 2093 3248 2149 Sic
3279 2098 3333 2147 et
3364 2094 3636 2149 Martialis
3665 2095 3708 2148 si
3733 2095 3902 2150 disci-

2252 2185 2430 2257 pulus
2485 2184 2695 2241 Christi
2755 2183 2813 2238 in
2864 2198 3038 2238 carne
3089 2197 3210 2236 non
3258 2187 3432 2247 esset,
3491 2182 3655 2252 quod
3707 2182 3900 2237 dicere

2253 2274 2506 2347 impium
2559 2279 2663 2340 est,
2719 2290 2789 2328 eo
2837 2271 3002 2344 quod
3043 2277 3237 2325 tamen
3269 2271 3496 2342 primus
3525 2271 3903 2343 Aquitaniam

2253 2364 2558 2427 convertit,
2619 2366 2770 2417 recte
2825 2365 3017 2433 potest
3047 2360 3354 2432 Pl‘thlCﬂI‘l
3388 2361 3714 2432 apostolus.
3759 2365 3902 2416 Nam

2255 2453 2332 2508 ab
2356 2452 2500 2507 urbe
2529 2455 2715 2506 Roma
2747 2467 2936 2522 usque
2971 2450 3044 2504 ad
3075 2454 3306 2504 montes
3350 2453 3659 2521 Pyrenaeos
3707 2450 3904 2505 nullus

2255 2543 2398 2599 alter
2450 2546 2794 2596 sanctorum
2847 2544 2934 2594 est
2975 2541 3077 2611 qui
3105 2544 3288 2594 totam
3319 2555 3503 2594 unam
3533 2541 3903 2612 provinciam

2255 2629 2722 2697 eonverterit,vel
2755 2630 2856 2701 qui
2887 2628 2964 2683 ab
2987 2628 3245 2700 antiquis
3275 2628 3336 2682 in
3365 2628 3580 2683 litaniis
3607 2629 3666 2684 in
3697 2630 3904 2685 ordine

2256 2719 2666 2792 apostolorum
2733 2717 2985 2788 scriptus
3041 2715 3212 2770 fuerit
3263 2732 3452 2787 usque
3526 2717 3721 2781 hodie,
3791 2718 3904 2772 nisi

2257 2807 2637 2864 solummodo
2690 2805 2981 2862 Martialis.
3045 2808 3367 2877 Episcopus
3422 2806 3599 2861 etiam
3646 2808 3908 2862 Lemovi-

2257 2899 2448 2954 censis
2481 2897 2762 2952 Geraldus
2793 2901 2928 2951 ante
2976 2895 3087 2949 hos
3133 2895 3475 2966 quindecim
3507 2913 3697 2951 annos
3727 2913 3763 2952 a
3793 2899 3905 2952 Ro-

2258 3005 2359 3043 ma
2385 3001 2710 3055 regressus,
2746 2988 3052 3039 attestatus
3085 2988 3171 3038 est
3201 2982 3372 3037 nobis
3423 2983 3663 3038 fortuitu
3693 2984 3906 3053 legisse

563 3073 717 3127 Cum
747 3070 878 3142 ipso
905 3071 1214 3126 Hebionita
1251 3071 1410 3127 venit
1438 3071 1691 3142 quidam
1722 3071 2030 3127 medicinae
2063 3088 2151 3128 δι’·
2183 3107 2220 3160 C
2260 3094 2320 3132 se
2350 3076 2432 3130 ibi
2459 3074 2758 3142 volumen,
2794 3073 2893 3127 ubi
2924 3073 3210 3144 scriptum
3241 3076 3367 3127 erat
3395 3071 3646 3143 qualiter
3685 3073 3909 3129 Martia-

490 3159 564 3215 tis
620 3158 917 3230 egregius,
977 3158 1218 3214 nomine
1278 3158 1635 3228 Bernardus,
1696 3160 1774 3215 ad
1842 3160 2152 3216 Duxeriam

488 3248 836 3304 monachus
869 3251 1184 3315 Ravennre,
1218 3247 1322 3319 qui
1351 3247 1497 3302 dum
1546 3264 1783 3303 mecum
1815 3248 1978 3320 apud
2011 3253 2152 3318 Ego-

488 3339 738 3394 lismam
769 3337 1267 3393 sermocinaretur
1287 3341 1343 3392 et
1374 3337 1640 3392 similiter
1681 3338 2048 3393 contrariosa
2077 3339 2150 3393 de

489 3430 707 3482 sancto
761 3425 1034 3497 apostolo
1091 3425 1346 3480 Martiale
1404 3426 1591 3482 multa
1639 3427 1945 3497 proferret,
2003 3428 2154 3482 sicut

487 3516 770 3573 audierat
798 3531 835 3571 a
865 3514 1259 3583 Longobardo
1286 3515 1627 3587 supradicto
1668 3521 1724 3570 et
1769 3517 2156 3585 interrogaret

487 3605 706 3661 dicens
763 3603 967 3659 abbati
1024 3619 1158 3658 meo
1215 3603 1558 3674 Ravennati,
1588 3626 1614 3651 ‹‹
1657 3605 1820 3676 quod
1866 3611 2042 3676 caput
2070 3606 2154 3660 di-

488 3712 631 3751 cam
659 3693 806 3766 quia
836 3692 1107 3748 Martialis
1135 3697 1220 3748 est
1249 3693 1554 3764 apostolus
1576 3693 1602 3747 ?
1637 3715 1663 3742 ››
1694 3709 1730 3749 a
1759 3709 1853 3749 me
1884 3695 2153 3765 protinus

489 3783 667 3841 audit
696 3800 710 3838 :
745 3805 772 3831 «
807 3781 954 3848 Quia
981 3781 1310 3854 discipulus
1343 3781 1576 3836 Domini
1606 3780 1732 3850 fuit,
1768 3783 1918 3838 sicut
1955 3787 2154 3839 Petrus

489 3879 550 3929 et
578 3873 662 3929 ab
693 3871 824 3944 ipso
852 3871 1102 3926 Domino
1133 3871 1192 3926 in
1225 3887 1400 3926 carne
1428 3875 1783 3942 potestatem
1833 3871 2056 3939 ligandi
2102 3877 2157 3928 et

492 3961 771 4019 solvendi
827 3961 1072 4033 accepit.
1129 3962 1262 4016 Hzec
1315 3965 1400 4015 cst
1473 3976 1712 4016 summa
1790 3962 2157 4033 apostolatus

491 4054 650 4124 ejus.
689 4068 719 4103 ›
779 4049 873 4106 Ille
922 4055 1122 4105 autem
1153 4048 1460 4121 respondit
1492 4068 1504 4104 :
1541 4072 1566 4097 ‹‹
1602 4051 1947 4105 Benedictus
1999 4052 2160 4123 prior

490 4143 568 4198 de
628 4141 828 4209 Clusa,
880 4140 1306 4208 grammaticus
1356 4140 1671 4212 perfectus,
1723 4140 1982 4209 abnegat
2021 4158 2158 4197 eum

488 4229 866 4302 discipulum
898 4230 1080 4284 fuisse
1115 4230 1366 4298 Domini,
1401 4231 1504 4285 sed
1557 4233 1789 4285 Petrum
1829 4231 1969 4286 dicit
2017 4249 2158 4287 eon-

489 4319 751 4374 vertisse
779 4335 943 4388 eum,
975 4323 1030 4374 et
1059 4319 1292 4373 dedisse
1348 4319 1400 4374 ei
1450 4324 1802 4391 potestatem
1850 4319 2075 4388 ligandi
2106 4327 2162 4377 et

491 4406 798 4476 solvendi,
830 4407 980 4463 sicut
1029 4407 1289 4479 episcopi
1341 4408 1487 4463 dant
1533 4407 1662 4463 aliis
1700 4424 1852 4480 quos
1883 4409 2162 4466 ordinant

489 4497 842 4568 episcopos.
875 4496 1092 4552 Astruit
1119 4513 1360 4568 quoque
1401 4497 1588 4552 Vitam
1618 4497 1795 4552 istam
1823 4499 1976 4569 ejus,
2023 4516 2157 4572 quae

489 4585 556 4640 in
586 4585 687 4639 his
714 4584 984 4656 partibus
1015 4584 1288 4652 habetur,
1347 4599 1471 4639 non
1519 4602 1648 4640 esse
1694 4590 1951 4641 veterem
2003 4587 2160 4658 prio-

489 4689 649 4740 rem,
700 4672 804 4728 sed
835 4689 1052 4728 novam
1084 4677 1548 4728 commentatam
1579 4690 1614 4728 a
1643 4674 1913 4746 quodam
1945 4692 2158 4732 mona-

490 4764 613 4818 cho
647 4767 784 4818 ante
816 4763 925 4818 hos
956 4769 1194 4818 centum
1226 4779 1458 4830 annos;
1513 4767 1569 4818 et
1623 4764 1738 4819 alio
1790 4765 1974 4820 modo
2024 4781 2157 4821 eam

489 4853 714 4908 haberi
745 4853 803 4908 in
839 4853 1271 4922 Longobardia,
1307 4853 1410 4908 ubi
1439 4853 1579 4908 dicit
1608 4869 1744 4909 eum
1776 4871 1985 4926 parem
2031 4873 2158 4911 esse

493 4946 721 4997 sancto
773 4941 1140 5013 Appollinari
1190 4946 1246 4996 et
1275 4941 1490 4996 sanctis
1537 4945 1768 5009 Fronto,
1821 4944 2156 5011 Saturnino,

491 5029 815 5099 Dionysio,
848 5029 1282 5096 Austremonio,
1305 5029 1522 5084 Hilario
1554 5031 1898 5099 Pictavensi,
1919 5031 2160 5086 Martino

488 5119 851 5174 Turonensi.
886 5143 912 5167 ››
946 5121 1091 5173 'I‘um
1123 5135 1234 5188 ego
1266 5119 1641 5175 occasionem
1674 5119 1983 5175 deridendi
2016 5121 2160 5175 stul-

489 5213 627 5264 tum
664 5213 898 5274 nactus,
925 5208 1110 5263 risum
1139 5210 1443 5280 proferens
1474 5209 1568 5265 aio
1603 5227 1614 5264 :
1669 5232 1694 5258 ‹‹
1734 5210 1788 5266 Si
1820 5211 2161 5278 grammati-

487 5314 602 5352 cus
637 5301 794 5352 esset
813 5296 1126 5367 perlectus,
1140 5313 1260 5352 non
1279 5297 1388 5353 ista
1404 5298 1688 5369 proferret
1711 5298 2156 5366 Longobardus.

488 5387 550 5443 Si
585 5385 780 5441 altera
812 5386 936 5440 Vita
965 5390 1051 5441 est
1080 5403 1214 5458 qure
1249 5387 1421 5442 istam
1451 5404 1656 5443 veram
1692 5383 1989 5457 obscuret,
2023 5405 2158 5460 pro-

487 5475 590 5530 cul
627 5474 820 5528 dubio
845 5475 1100 5546 reproba
1133 5480 1188 5530 et
1215 5475 1362 5531 falsa
1403 5480 1508 5544 est,
1543 5483 1598 5531 et
1628 5476 1965 5532 nullatenus
1998 5494 2032 5532 a
2063 5493 2159 5532 ca-

488 5563 728 5619 tholica
762 5562 1015 5617 Ecclesia
1046 5563 1404 5635 recipienda,
1436 5569 1491 5618 ct
1516 5582 1550 5618 a
1573 5565 1745 5618 nobis
1777 5571 1838 5619 ut
1867 5582 2160 5620 venenum

485 5650 882 5706 exsecranda
914 5655 1022 5705 est.
1059 5653 1474 5706 Verumtamen
1520 5652 1566 5705 si
1597 5652 1868 5707 Martialis
1898 5653 2162 5724 discipu-

486 5741 592 5796 lus
629 5738 786 5794 Petri
817 5738 1235 5794 tantummodo
1274 5744 1450 5807 esset,
1508 5745 1562 5796 et
1610 5739 1687 5796 ab
1713 5756 1783 5796 eo
1814 5741 2157 5811 potestateid

2257 3166 2329 3220 lis
2362 3163 2590 3236 primus
2639 3165 2930 3217 Ravennae
2983 3160 3391 3233 prtedicaverit
3435 3160 3731 3217 Christum
3762 3161 3907 3216 dum

2262 3256 2320 3311 in
2352 3253 2597 3309 Galliam
2631 3251 2872 3322 veniret,
2903 3255 2960 3306 et
2983 3255 3118 3322 post
3147 3266 3284 3306 eum
3327 3250 3748 3321 Appolinarem
3778 3256 3913 3324 post

2260 3345 2508 3412 longum
2567 3345 2800 3412 tempus
2858 3339 2939 3395 ibi
2989 3339 3217 3394 venisse
3265 3339 3659 3410 apostolicum
3693 3340 3908 3396 virum.

2263 3431 2424 3486 Unde
2482 3435 2538 3485 et
2580 3430 2639 3484 in
2691 3429 2814 3483 Vita
2869 3429 2997 3498 ejus
3045 3427 3127 3482 sic
3179 3427 3465 3498 scriptum
3497 3432 3585 3483 est
3625 3446 3637 3483 :
3673 3448 3703 3481 ‹
3735 3429 3913 3498 Igitur

2260 3518 2530 3575 Martialis
2562 3533 2698 3572 cum
2722 3516 3023 3588 discipulis
3055 3516 3175 3570 suis
3205 3531 3522 3586 permenso
3543 3521 3666 3572 tam
3689 3533 3912 3588 magno

2263 3613 2552 3664 terrarum
2587 3606 2799 3679 spatio,
2860 3605 3194 3677 praedicans
3253 3605 3473 3676 ubique
3523 3607 3911 3662 seminarium

2260 3696 2426 3752 verbi
2457 3695 2575 3762 Dei,
2605 3695 2907 3764 ingressus
2958 3693 3402 3748 Lemovicinum
3450 3693 3606 3749 venit
3654 3694 3732 3749 ad
3788 3695 3915 3750 Tul-

2262 3786 2388 3842 lum
2413 3785 2739 3841 castellum.
2779 3806 2805 3833 ››
2839 3788 2988 3839 Inter
3017 3784 3322 3854 apostolos
3357 3800 3493 3839 vero
3532 3788 3587 3838 et;
3636 3785 3913 3856 apostoli-

2264 3893 2364 3932 cos
2392 3876 2549 3930 viros
2579 3875 2968 3946 Hieronymus
2990 3875 3145 3929 hanc
3178 3873 3573 3929 differentiam
3589 3873 3731 3929 dicit
3750 3874 3913 3946 quod

2265 3965 2516 4039 apostoli
2544 3968 2680 4019 sunt
2700 3965 2802 4036 qui
2822 3963 2998 4036 primi
3026 3980 3519 4036 unamquamque
3546 3963 3914 4036 provinciam

2265 4056 2588 4128 praedicare
2622 4054 3182 4126 cmperuut,undcet
3209 4053 3505 4124 hodieque
3538 4053 3749 4108 astruit
3777 4069 3916 4125 apo-

2267 4145 2448 4200 stolos
2476 4159 2652 4216 posse
2676 4143 2801 4197 ﬁeri
2830 4142 2890 4197 in
2923 4142 3463 4214 Ecclesia,quorum
3485 4142 3655 4211 signa
3681 4148 3735 4198 et
3765 4143 3914 4197 indi-

2266 4233 2355 4287 cia
2380 4232 2748 4304 apostolatus
2781 4230 3189 4302 complentur;
3222 4230 3389 4284 idest
3423 4229 3471 4284 si
3502 4230 3798 4301 hodieque
3829 4230 3916 4284 vel

2265 4337 2455 4394 usque
2477 4321 2538 4376 in
2568 4321 2750 4376 tinem
2779 4319 2990 4374 mundi
3039 4319 3240 4391 aliqua
3279 4318 3586 4391 provincia
3633 4319 3805 4373 fuerit
3855 4319 3913 4373 in

2263 4427 2386 4484 qua
2406 4409 2604 4465 nullus
2635 4414 2768 4464 ante
2792 4408 3146 4480 praedicator
3175 4407 3505 4474 accesserit,
3556 4407 3659 4478 qui
3686 4407 3915 4478 primus

2266 4499 2340 4556 ad
2373 4515 2506 4554 eam
2528 4498 2728 4569 aliquo
2758 4497 2940 4551 modo
2972 4497 3264 4550 accedens
3292 4512 3424 4550 eam
3456 4495 3781 4566 praedicare
3805 4512 3918 4550 cu:-

2263 4587 2497 4661 perit,et
2522 4603 2705 4642 unam
2733 4584 3112 4639 solummodo
3133 4583 3452 4639 Ecclesiam
3468 4583 3526 4638 in
3543 4599 3614 4638 ea
3633 4583 3915 4639 fundave-

2262 4677 2514 4745 rit,recte
2537 4674 2842 4747 apostolus
2864 4678 2951 4729 est
2976 4693 2988 4741 ;
3016 4673 3119 4735 qui
3148 4689 3290 4728 vero
3322 4677 3459 4744 post
3485 4689 3622 4727 eum
3651 4673 3917 4728 venerint

2264 4765 2680 4838 praedicatores
2711 4767 2767 4819 et
2795 4762 3078 4835 episcopi,
3138 4761 3217 4816 illi
3267 4766 3403 4816 sunt
3448 4761 3752 4833 apostolici
3786 4761 3912 4817 viri.

2265 4853 2633 4927 Apostolicos
2652 4853 2810 4908 viros
2841 4853 3000 4907 enim
3031 4851 3170 4906 dicit
3199 4868 3329 4906 esse
3368 4851 3469 4923 qui
3497 4856 3629 4921 post
3675 4856 3915 4922 aposto-

2267 4943 2355 4999 los
2397 4943 2473 4998 ad
2501 4941 2870 4997 dilatandam
2910 4941 3406 4997 Christianitatem
3459 4939 3520 4993 in
3567 4940 3835 5008 regiones
3861 4944 3918 4995 et

2265 5031 2598 5105 provincias
2656 5031 2733 5085 ab
2782 5030 2865 5085 eis
2919 5031 3046 5100 jam
3092 5028 3470 5097 illuminatas,
3508 5032 3562 5082 et
3607 5028 3664 5082 in
3694 5028 3811 5082 vita
3863 5032 3920 5083 et

2267 5125 2401 5193 post
2431 5120 2659 5174 obitum
2687 5136 2892 5174 eorum
2925 5118 3208 5178 venerint,
3243 5117 3333 5171 vel
3364 5133 3516 5188 quos
3547 5117 3798 5188 apostoli
3829 5133 3918 5171 or-

2267 5209 2578 5273 dinabant,
2613 5212 2675 5261 ut
2706 5224 3080 5263 successores
3115 5207 3172 5260 in
3201 5205 3330 5260 loco
3379 5222 3587 5260 eorum
3640 5223 3741 5277 per
3778 5206 3916 5260 civi-

2267 5302 2414 5352 tates
2444 5296 2758 5369 provincize
2790 5297 2944 5351 illius
2977 5311 3161 5368 quam
3188 5294 3679 5366 praedicaverunt,
3708 5295 3916 5350 existe-

2267 5390 2414 5441 rent.
2476 5385 2617 5440 llinc
2665 5385 2854 5440 Titum
2902 5384 3042 5440 dicit
3068 5384 3462 5456 apostolicum
3510 5383 3725 5451 virum,
3776 5383 3918 5456 quia

2269 5474 2483 5529 Paulus
2540 5490 2676 5527 cum
2726 5473 2784 5526 in
2835 5471 3140 5543 provincia
3193 5476 3392 5534 Cretae,
3437 5488 3623 5542 quam
3688 5470 3916 5543 primus

2268 5563 2712 5635 przedicaverat,
2749 5561 2982 5631 reliquit
3013 5561 3298 5616 vicarium
3331 5561 3438 5615 sibi
3467 5579 3478 5627 ;
3510 5565 3571 5615 ut
3601 5561 3915 5616 constitue-

2268 5657 2354 5706 ret
2380 5668 2484 5722 per
2514 5650 2776 5704 civitates
2806 5650 3186 5721 presbyteros
3217 5650 3334 5705 sive
3389 5651 3722 5722 episcopos.
3777 5649 3915 5702 Hinc

2272 5741 2430 5795 idem
2465 5739 2854 5808 Hieronymus
2884 5739 2942 5795 in
2973 5739 3220 5811 epistola
3241 5739 3316 5797 ad
3335 5739 3645 5800 Paulinum
3671 5737 3916 5809 presby-
