4584 6384
392 213 480 263 illi

1671 196 1895 256 EPIST.
1945 198 2032 250 DE
2076 194 2134 250 S.
2176 193 2526 249 MARTIALI.

3704 197 3800 249 102

389 331 554 385 mino
586 332 643 382 et
671 329 916 392 cogente
947 329 1111 381 Petro
1141 326 1445 393 ingressus
1477 329 1562 379 est
1593 322 2034 392 cvangelizarc;
2073 321 2120 373 A
2156 319 2321 374 Unde
2343 325 2480 372 sunt
2512 320 2636 372 ista:
2660 318 2960 386 picturae?
2993 315 3088 371 Ille
3114 315 3324 371 videns
3351 316 3671 372 Martialem
3697 317 3803 373 mi-

386 420 632 490 insuper
659 414 825 488 quod
869 415 1019 469 bene
1064 415 1258 486 coepit,
1293 415 1501 470 melius
1541 411 1939 486 perseveravit
1988 415 2041 464 et

387 506 792 580 apostolatnm
825 503 1156 575 proprium,
1188 503 1247 558 id
1279 510 1362 558 est
1410 503 1665 573 gratiam
1704 506 1759 556 et
1806 515 2042 555 annun-

390 596 697 652 tiationem
730 592 868 647 ﬁdei
913 591 972 646 in
1007 591 1282 660 gentibus
1316 592 1636 646 Galliarum
1665 606 1774 661 pro
1805 589 2045 644 nomine

390 687 599 743 Christi
653 683 854 740 habet.
891 683 1054 738 Unde
1085 683 1188 754 qui
1219 700 1358 738 eum
1409 681 1712 738 contendit
1756 696 1874 735 non
1920 696 2044 734 esse

390 775 754 849 apostolum,
815 789 1054 828 necesse
1120 777 1206 827 est
1260 771 1580 826 contendat
1632 769 1862 825 nullum
1922 783 2046 822 esse

391 865 733 939 apostolum
782 862 894 917 nisi
940 861 1361 917 tantummodo
1405 861 1746 928 duodecim,
1779 864 1835 913 et
1863 862 1926 912 ut
1955 873 2046 911 ras

391 955 495 1010 dat
524 967 747 1008 nomen
783 949 948 1005 Pauli
995 949 1067 1004 de
1118 949 1334 1004 litaniis
1383 948 1457 1003 de
1497 948 1702 1003 ordine
1749 946 2079 1019 apostolo-~

391 1061 548 1109 rum,
579 1041 825 1097 nomina
877 1039 1180 1104 Barnabaz,
1235 1039 1527 1110 Cleophaa,
1564 1038 1733 1093 Marci
1781 1042 1834 1092 et
1883 1039 2048 1090 Luem

391 1138 449 1188 et
479 1131 784 1196 Timothei,
821 1128 1078 1184 Onesimi
1111 1132 1167 1183 et
1200 1127 1328 1184 Silas
1362 1133 1416 1182 et
1445 1128 1630 1195 luda=,
1664 1132 1717 1182 et
1755 1127 2054 1181 universa-

389 1223 510 1277 lem
541 1218 985 1275 invocationem
1013 1233 1135 1290 qua
1165 1216 1413 1272 dicitur:
1451 1218 1660 1272 Omnes
1692 1217 1886 1272 sancti
1913 1231 2052 1283 apo-

391 1309 534 1365 stoli
561 1315 612 1365 et
644 1308 1026 1377 evangelista:
1056 1312 1106 1361 et
1140 1306 1424 1374 discipuli
1449 1307 1709 1374 Domini,
1743 1308 1798 1359 et
1830 1304 1903 1358 sit
1932 1304 2053 1357 hae-

391 1401 611 1455 reticus
663 1397 992 1453 chionita.
1045 1395 1146 1452 Cui
1191 1411 1300 1450 nos
1351 1394 1623 1450 catholici
1668 1410 2053 1466 nequaquam

390 1489 694 1561 patiemur
749 1485 1145 1558 acquiescere,
1202 1484 1304 1538 sed
1333 1483 1580 1552 vestigia
1632 1484 1895 1555 priorum
1952 1486 2057 1537 Pa-

393 1583 557 1632 trum
592 1579 928 1648 sequentes,
953 1589 1174 1628 nomen
1198 1573 1469 1628 Martialis
1501 1573 1560 1627 in
1582 1573 1788 1628 ordine
1821 1576 2060 1644 aposto-

2149 409 2499 464 nistrantcm
2531 405 2780 461 Domino
2813 406 2886 460 ad
2921 405 3296 470 mandatum,
3329 410 3384 461 et
3417 411 3657 463 caeteras
3687 407 3805 479 pic-

2153 502 2314 553 turas
2361 497 2509 550 sicut
2559 495 2770 567 legitur
2818 496 2878 550 in
2927 496 3056 566 ejus
3087 496 3227 565 vita,
3261 497 3478 552 rubore
3521 496 3805 552 confusus

2152 603 2273 642 non
2298 587 2423 641 sine
2455 586 2726 641 omnium
2756 585 2860 658 qui
2885 585 3137 640 aderant
3157 586 3357 641 derisu
3381 587 3689 659 professus
3720 590 3811 642 est

2154 676 2537 732 mendacium
2583 692 2835 731 suum.»
2885 674 3140 732 Medicus
3182 692 3324 732 vero
3375 676 3452 732 ad
3499 677 3657 732 haec:
3693 681 3809 731 «In

2156 781 2277 820 uno
2309 764 2433 818 solo
2464 769 2652 820 vetere
2680 764 2831 820 libro
2855 764 2949 819 vel
2976 764 3038 819 in
3068 765 3286 820 litaniis
3317 765 3365 820 si
3386 766 3648 838 potueris
3670 781 3809 820 eum

2157 855 2303 910 mihi
2366 854 2679 909 ostendere
2735 853 3020 926 scriptum
3075 854 3434 926 apostolum,
3493 855 3810 911 credam.»

2160 944 2331 1012 Quod
2362 960 2498 999 cum
2528 944 2588 999 in
2620 943 2892 1016 pluribus
2922 945 3235 1000 ostendere
3275 962 3535 1017 possem,
3571 945 3810 1014 gavisus

2159 1035 2282 1089 dixi
2312 1052 2322 1088 :
2361 1057 2386 1081 ‹‹
2417 1033 2552 1088 Veni
2584 1033 2661 1088 ad
2688 1034 3138 1102 monasterium,
3163 1039 3219 1089 et
3239 1035 3392 1090 vide.
3420 1059 3446 1084 ››
3480 1035 3576 1091 Ille
3604 1034 3810 1102 noluit,

2160 1125 2303 1197 quia
2332 1124 2506 1190 longe
2538 1124 2863 1196 hospitium
2893 1123 3176 1187 habebat.
3209 1129 3264 1180 et
3294 1126 3555 1182 crastino
3576 1125 3714 1182 inde
3738 1125 3816 1182 ad

2163 1215 2280 1270 alia
2305 1214 2435 1268 loca
2465 1213 2624 1269 abiit.
2660 1213 2812 1268 Dixit
2840 1213 3018 1268 etiam
3048 1214 3193 1270 mihi
3218 1232 3230 1269 :
3267 1237 3292 1264 ‹‹
3316 1218 3436 1285 Ego
3462 1215 3597 1288 plus
3629 1231 3816 1288 quam

2164 1304 2262 1360 alii
2291 1303 2564 1358 homines
2595 1319 2777 1358 causa
2807 1303 3114 1358 medicinae
3136 1304 3435 1361 circumeo
3457 1304 3644 1361 multa
3662 1305 3814 1373 loca,

2167 1398 2221 1448 ct
2249 1393 2430 1448 audio
2452 1393 2564 1447 hoc
2595 1391 2901 1463 reprobari
2929 1392 3005 1447 ab
3031 1393 3333 1463 omnibus,
3357 1399 3414 1450 et
3439 1411 3476 1450 a
3505 1393 3669 1450 nullo
3693 1393 3820 1450 lau—

2168 1482 2318 1553 dari,
2350 1487 2405 1537 et
2448 1481 2706 1537 maxime
2752 1487 2993 1553 propter
3024 1483 3400 1539 Benedictum
3430 1484 3689 1556 priorem
3714 1483 3818 1556 qui

2171 1572 2566 1628 contradictor
2587 1577 2692 1638 est,
2720 1571 2822 1644 qui
2854 1570 3112 1628 afﬁrmat
3141 1573 3423 1629 omnibus
3449 1580 3690 1647 propter
3705 1576 3820 1631 hoc

391 1667 595 1721 lorum
628 1664 1068 1720 invocabimus.
1098 1688 1121 1710 ι)
1157 1662 1244 1717 Ad
1285 1663 1410 1717 haec
1443 1662 1713 1716 medicus
1745 1666 1823 1717 ait
1851 1680 1860 1716 :
1905 1681 1935 1714 (ι
1960 1665 2061 1715 Be-
2092 1669 2133 1723 B
2173 1663 2540 1719 nasciturum
2585 1677 2708 1716 esse
2740 1661 2818 1716 ab
2864 1661 2979 1716 hoc
3009 1679 3198 1735 usque
3229 1663 3306 1719 ad
3335 1664 3599 1736 quinque
3627 1680 3820 1720 annos

393 1755 675 1809 nedictus
726 1752 866 1808 dicit
896 1768 1016 1806 non
1057 1767 1187 1806 esse
1230 1751 1385 1806 hanc
1429 1751 1870 1806 invocationem
1925 1749 2065 1806 alio-

392 1861 538 1899 rum
572 1843 675 1915 qui
706 1857 828 1897 non
877 1845 1016 1895 sunt
1046 1841 1356 1908 nominati,
1391 1841 1495 1894 sed
1524 1841 1929 1895 collectionem
1959 1835 2065 1912 qui

387 1935 527 2004 jam
557 1935 697 1987 sunt
726 1930 1016 1986 nominati
1048 1929 1480 2001 apostolorum.
1509 1955 1532 1976 η
1583 1932 1645 1985 Et
1677 1947 1788 2000 ego
1818 1947 2067 2002 respon-

395 2023 502 2078 di:
558 2021 901 2077 «Diabolus
949 2019 1103 2074 male
1161 2019 1580 2091 interpretatur
1622 2021 1972 2091 Scripturas,
2015 2026 2069 2074 et

396 2113 511 2168 iste
566 2110 876 2166 hmreticus
930 2109 1084 2164 male
1135 2109 1377 2180 exponit
1428 2107 1684 2164 litanias.
1741 2109 2072 2184 Sapientior

403 2208 500 2259 est
554 2200 752 2257 omnis
811 2199 1068 2254 Ecclesia
1143 2198 1433 2253 catholica
1488 2198 1601 2253 isto
1664 2215 1786 2254 uno
1841 2199 2070 2254 haereti-

403 2311 502 2347 co.
551 2295 701 2347 Nam
734 2290 780 2344 si
811 2288 1075 2344 collectio
1121 2292 1208 2343 est
1236 2288 1834 2360 pri‘enominatorum,
1871 2305 2072 2361 super-

402 2382 539 2435 ﬂua
591 2384 695 2434 est.
760 2377 815 2433 Si
860 2376 1156 2432 invocatio
1201 2381 1286 2430 est
1335 2381 1455 2431 tam
1502 2377 2073 2448 praenominatorum

403 2487 605 2543 quam
657 2484 866 2523 eorum
921 2466 1193 2521 omnium
1248 2465 1351 2538 qui
1406 2466 1695 2522 nominati
1743 2482 1864 2521 non
1917 2471 2074 2533 sunt,

407 2559 588 2632 quod
660 2557 783 2612 sine
859 2556 1044 2611 dubio
1119 2573 1326 2611 verum
1379 2561 1482 2620 est,
1560 2556 1894 2612 necessaria
1969 2562 2075 2627 est,

411 2651 577 2704 sicut
607 2652 662 2702 et
705 2647 1001 2701 invocatio
1035 2646 1382 2701 universalis
1423 2647 1794 2714 angelorum,
1838 2647 2081 2719 patriar-

411 2741 681 2795 charum
731 2741 786 2792 et
817 2736 1267 2808 prophetarum,
1313 2735 1715 2790 innocentium
1765 2741 1820 2791 et
1864 2742 2082 2808 marty-

409 2845 585 2896 rum,
619 2826 1030 2881 confcssorum
1082 2829 1137 2879 et
1165 2824 1487 2894 virginum,
1522 2828 1576 2880 et
1606 2824 1878 2880 omnium
1911 2843 2080 2882 sane-

410 2925 649 2982 torum,
675 2914 776 2988 qui
808 2914 918 2969 nisi
941 2914 1020 2969 ita
1049 2913 1422 2983 invocentur,
1447 2913 1802 2968 nominatim
1832 2929 1938 2986 per
1968 2913 2086 2968 sin-

2176 1768 2468 1821 magnum
2513 1750 2868 1806 scandalum
2917 1751 2978 1806 in
3025 1751 3156 1807 loco
3207 1754 3391 1810 sancti
3440 1755 3734 1822 Martialis,
3767 1758 3823 1810 et

2175 1848 2490 1898 venturam
2534 1841 2616 1895 ibi
2645 1857 2930 1910 magnam
2977 1843 3471 1913 persecutionem,
3504 1844 3647 1917 quia
3694 1861 3823 1901 ora-

2177 1933 2366 1987 tiones
2396 1931 2469 1985 de
2513 1931 2646 2002 ipso
2691 1930 2842 1986 sicut
2890 1929 2971 1984 illi
3012 1932 3339 2003 proferunt,
3372 1949 3494 1988 non
3538 1940 3677 1991 sunt
3707 1939 3824 1990 Deo

2179 2018 2589 2091 acceptabiles.
2610 2042 2634 2066 ››
2669 2018 2770 2073 Cui
2793 2034 2904 2086 ego
2931 2035 2942 2072 :
2979 2042 3003 2066 ‹‹
3027 2021 3069 2076 Ο
3090 2019 3361 2090 linguam
3381 2023 3825 2093 przecidendam

2179 2117 2236 2165 et
2287 2127 2320 2162 a
2363 2107 2614 2162 canibus
2645 2107 3089 2163 devorandam!
3115 2132 3140 2157 ››
3185 2111 3406 2165 Jannes
3455 2117 3510 2167 et
3538 2113 3828 2168 Mambres

2179 2199 2517 2254 restiterunt
2554 2197 2754 2268 Moysi,
2790 2201 2844 2252 et
2872 2197 2978 2253 iste
3026 2199 3457 2267 Longobardus
3498 2201 3710 2258 resistit
3736 2218 3832 2257 ve-

2182 2288 2363 2354 ritati;
2424 2301 2547 2341 non
2599 2285 2755 2340 valet
2802 2287 3307 2358 comprehendere
3351 2289 3679 2361 veritatem,
3709 2307 3832 2347 non

2184 2375 2428 2448 suscipit
2477 2375 2602 2446 ipse
2630 2375 2959 2445 veritatem,
2992 2380 3047 2431 et
3079 2392 3181 2432 eos
3210 2377 3312 2450 qui
3343 2379 3673 2452 suscipiunt
3701 2397 3835 2454 pro-

2183 2468 2365 2533 hibet,
2397 2470 2452 2521 et
2478 2465 2720 2520 adducit
2751 2465 2861 2520 sibi
2891 2466 3140 2522 celerem
3169 2468 3584 2538 perditionem.
3615 2471 3714 2527 Sui
3735 2487 3838 2527 au-

2185 2559 2404 2614 ditores
2453 2573 2489 2612 a
2527 2556 2767 2611 veritate
2819 2557 3092 2612 auditum
3140 2563 3432 2626 avertunt,
3479 2561 3558 2616 ad
3601 2561 3836 2618 fabulas

2187 2652 2387 2704 autem
2439 2648 2881 2700 convertuntur.
2927 2646 3131 2702 Simon
3178 2664 3394 2716 magus
3437 2650 3511 2706 de
3557 2654 3725 2708 Petro
3782 2656 3838 2708 et

2187 2736 2368 2792 Paulo
2421 2734 2827 2807 apostolorum
2875 2735 3246 2808 principibus
3305 2739 3516 2794 Neroni
3561 2740 3834 2797 dicebat:

2188 2828 2300 2882 Isti
2330 2825 2586 2881 homines
2621 2831 2829 2880 contra
2874 2841 3121 2896 regnum
3174 2833 3340 2883 tuum
3386 2835 3596 2900 agunt,
3628 2834 3840 2887 Zaroes

2192 2922 2247 2972 et
2277 2915 2519 2971 Arfaxat
2560 2915 2632 2969 de
2685 2914 2923 2970 Simone
2982 2919 3038 2971 et
3084 2916 3321 2972 Taddco
3363 2919 3648 2990 apostolis
3681 2921 3840 2976 dice-

413 3008 607 3080 gulos
637 3006 902 3060 invocari
950 3022 1072 3061 non
1104 3008 1372 3077 possunt.
1415 3007 1561 3059 Nam
1589 3007 1802 3076 praeter
1831 3009 2087 3076 quatuor
2115 3025 2156 3081 ρ
2195 3008 2376 3062 bant:
2441 3006 2682 3060 Veniant
2733 3005 2813 3060 ad
2862 3021 2959 3061 vos
3010 3007 3237 3062 inimici
3287 3007 3528 3064 deorum
3583 3016 3634 3066 et
3693 3013 3844 3082 leges

413 3091 855 3160 CVangeliStaS.
890 3095 1026 3144 sunt
1056 3089 1151 3144 alii
1201 3088 1591 3156 θνίιηὲζθῙίδῖίθ,
1627 3093 1687 3143 ut
1738 3091 1922 3144 Lucas
1961 3089 2087 3160 ibse
2199 3102 2421 3152 vestras
2453 3094 2810 3150 subvertent.
2853 3097 3046 3150 Aman
3098 3096 3377 3168 Agapites
3416 3097 3540 3167 regi
3587 3101 3847 3156 Assuero

411 3185 483 3240 in
521 3180 769 3237 Actibus
822 3178 1232 3251 apostolorum
1278 3182 1712 3234 commemorat
1755 3178 2089 3251 Philippum
2199 3186 2466 3242 dicebat:
2521 3185 2626 3239 Est
2659 3201 2799 3254 gens
2847 3185 3193 3241 Judteorum
3240 3187 3301 3242 in
3349 3203 3529 3258 regno
3578 3195 3678 3245 tuo
3722 3207 3851 3262 qua:

415 3269 892 3339 evangelistam,
923 3269 1025 3341 qui
1078 3285 1230 3324 unus
1273 3268 1380 3324 fuit
1423 3284 1492 3323 ex
1543 3273 1769 3340 septem
1801 3267 2088 3334 diaconis,

418 3359 544 3432 qui
573 3359 919 3414 eunuchum
953 3357 1243 3415 Candacis
1291 3358 1506 3427 reginas
1536 3357 1877 3430 baptizavit,
1909 3363 1964 3413 et
1992 3357 2095 3430 qui

419 3469 461 3506 a
501 3448 717 3522 spiritu
750 3453 956 3520 raptus
987 3448 1263 3504 inventus
1309 3453 1394 3503 est
1423 3448 1484 3503 in
1516 3451 1715 3515 Azoto,
1751 3452 1806 3503 et
1835 3453 2099 3521 pertran-

422 3542 604 3596 siens
636 3539 1081 3608 evangelizabat
1128 3539 1412 3594 civitates.
1456 3542 1582 3594 Non
1630 3539 1790 3594 enim
1839 3543 1926 3594 est
1972 3539 2100 3610 ipse

420 3629 753 3700 Philippus
784 3627 1114 3700 apostolus,
1150 3632 1213 3682 ut
1241 3628 1493 3700 quidam
1524 3627 1824 3683 falluntur.
1856 3632 1985 3699 Ipse
2018 3631 2106 3682 est

425 3733 696 3791 quoque
727 3715 1047 3788 Philippus,
1082 3731 1204 3770 non
1235 3715 1540 3788 apostolus
1574 3715 1678 3770 sed
1718 3715 2103 3781 evangelista,

428 3807 556 3881 qui
581 3805 953 3861 descendens
980 3806 1039 3860 in
1090 3805 1385 3861 civitatem
1435 3805 1713 3860 Samariae
1745 3804 2111 3877 praedicabat

431 3899 567 3955 illis
603 3895 921 3962 Christum,
957 3912 1062 3968 per
1110 3912 1291 3968 quem
1341 3895 1542 3950 Simon
1591 3898 1793 3963 Magus
1843 3894 2108 3964 credidit,

435 3987 552 4043 cui
583 3985 763 4041 etiam
813 3986 1007 4057 primo
1056 3985 1417 4040 adhaerebat.
1456 3987 1520 4038 Et
1551 3984 1769 4039 Paulus
1801 3984 2111 4056 apostolus

434 4079 528 4134 de
563 4076 696 4132 aliis
727 4075 1010 4148 apostolis
1056 4080 1111 4131 et
1150 4073 1526 4143 evangelistis
1555 4090 1708 4146 quos
1739 4079 1874 4146 post
1903 4090 2114 4130 ascen-

438 4170 694 4223 sionem
748 4181 920 4220 suam
956 4164 1240 4220 Dominus
1268 4163 1442 4232 elegit
1470 4163 1713 4229 multos,
1747 4164 1856 4219 ait:
1892 4166 1968 4218 Et
1997 4165 2120 4234 ipse

436 4257 628 4314 dedit
695 4256 981 4325 quosdam
1040 4253 1274 4324 quidem
1335 4254 1652 4323 apostolos,
1709 4254 1858 4308 alios
1921 4259 2119 4308 autem

440 4346 885 4414 evangelistas,
942 4345 1089 4398 alios
1149 4358 1283 4398 vero
1333 4341 1654 4411 proli/tetas
1714 4347 1767 4396 et
1832 4341 2118 4397 doctores.

441 4441 618 4493 Nam
653 4433 799 4488 Silas
825 4437 882 4488 et
908 4433 1089 4488 Judas
1121 4430 1373 4502 apostoli
1400 4431 1477 4486 ab
1505 4430 1633 4486 aliis
1656 4431 1938 4502 apostolis
1966 4430 2125 4486 ordi-

437 4522 614 4590 nati,
644 4521 948 4593 prophetae
976 4520 1274 4590 dicuntur,
1305 4524 1359 4574 et
1390 4536 1424 4574 a
1455 4519 1760 4591 prophetis
1792 4523 1847 4574 et
1876 4519 2128 4574 doctori-

441 4615 587 4669 bus
623 4608 838 4666 Paulus
870 4609 1178 4665 ordinatus
1206 4613 1291 4664 est
1321 4608 1649 4680 apostolus.
1685 4612 1860 4663 Porro
1905 4609 1977 4663 de
2005 4608 2129 4664 Vita

447 4699 751 4760 Martialis
784 4699 1055 4772 apostoli,
1084 4715 1269 4772 quam
1313 4697 1596 4753 mentitur
1641 4697 1952 4753 haereticus
2008 4713 2129 4753 non

448 4807 613 4849 esse
645 4790 977 4862 antiquam,
1007 4789 1147 4845 audi
1178 4787 1428 4860 qualiter
1451 4787 1768 4843 Donadeus
1798 4788 2133 4843 monachus

449 4879 755 4953 ejusdem
805 4879 1076 4951 apostoli,
1110 4879 1242 4934 licet
1293 4877 1644 4945 illitteratus,
1674 4879 1934 4946 arguerit
1973 4892 2136 4932 men-

448 4968 639 5029 dacii
697 4970 1024 5041 quemdam
1078 4971 1211 5024 ante
1267 4968 1377 5022 hos
1431 4967 1640 5023 decem
1689 4982 1882 5022 annos
1941 4982 2139 5035 gram-

452 5059 776 5118 maticum
831 5059 1094 5114 alienum
1149 5056 1414 5112 similiter
1471 5055 1789 5112 fallentem.
1834 5055 2140 5125 Ingeniosa

454 5148 660 5208 duxit
709 5147 1017 5204 hominem
1071 5147 1133 5202 in
1187 5146 1496 5203 basilicam
1532 5150 1828 5202 vetustam
1879 5145 2143 5202 Salvato-

451 5241 589 5306 ris,
650 5253 787 5310 quae
856 5235 1042 5292 nimia
1097 5240 1382 5291 vetustate
1441 5240 1578 5292 tunc
1627 5236 1863 5292 ruinam
1916 5234 2148 5290 minita-

457 5329 617 5394 bat,
689 5330 745 5382 et
819 5329 954 5382 ante
1025 5325 1134 5381 hos
1212 5329 1439 5398 septem
1521 5341 1713 5382 annos
1791 5328 1879 5380 est
1951 5323 2147 5379 diruta

459 5431 690 5487 usque
716 5414 794 5472 ad
818 5415 1033 5482 solum,
1064 5419 1119 5470 et
1142 5415 1220 5470 ait
1244 5433 1256 5470 :
1288 5416 1398 5471 Dic
1429 5416 1578 5471 mihi
1596 5417 1647 5470 si
1666 5421 1748 5470 est
1774 5420 2002 5470 vet-usta
2025 5415 2146 5470 haec

465 5507 799 5564 basilica?
843 5505 1274 5558 Grammaticus
1307 5505 1516 5559 stultus
1563 5504 1900 5576 respondit:
1951 5504 2146 5558 Etiam

463 5603 643 5658 ante
659 5597 1010 5666 quingentos
1028 5611 1212 5650 annos
1237 5597 1356 5664 fuit
1387 5600 1633 5651 vetusta.
1659 5593 1882 5651 Moxibi
1900 5592 2156 5650 ostendit

464 5691 537 5748 ei
586 5687 850 5758 picturas
881 5684 1068 5740 multa
1107 5684 1452 5758 antiquitate
1496 5685 1589 5740 vix
1623 5688 1921 5757 parentes,
1953 5687 2008 5741 et
2033 5683 2150 5740 ait:

2157 4386 2199 4439 D

2194 3276 2479 3347 proprias
2512 3275 2664 3344 leges
2692 3280 2866 3341 tenet,
2900 3281 2952 3329 et
2985 3276 3226 3331 inimica
3258 3281 3341 3332 est
3373 3279 3510 3333 tuis.
3540 3279 3855 3336 Athenien-

2205 3381 2297 3420 ses
2343 3363 2416 3418 de
2462 3361 2642 3417 Paulo
2692 3361 3008 3418 dicebant:
3069 3364 3370 3421 Novarum
3430 3367 3854 3426 dwmoniorum

2206 3452 2612 3510 annunciator
2654 3456 2734 3507 est
2768 3452 2894 3506 iste.
2928 3451 3239 3505 Pontiﬁces
3271 3457 3327 3507 et
3355 3453 3631 3510 Pharisaei
3661 3458 3858 3513 conci-

2206 3543 2354 3598 lium
2400 3543 2607 3596 eontra
2646 3539 2964 3595 Dominum
3011 3543 3342 3608 tenuerunt,
3375 3542 3669 3600 dicentes:
3705 3548 3860 3613 Quid

2211 3633 2486 3703 facimus,
2515 3630 2654 3701 quia
2685 3629 2780 3683 hic
2813 3629 2983 3684 homo
3026 3630 3216 3684 multa
3246 3633 3420 3701 signa
3449 3635 3600 3701 facit
3617 3639 3646 3688 ?
3685 3635 3741 3691 Si
3770 3636 3860 3691 di-

2213 3718 2501 3774 mittimus
2554 3734 2691 3772 eum
2739 3718 2821 3772 sic
2870 3733 3064 3773 omnes
3109 3717 3348 3773 credent
3391 3719 3452 3773 in
3493 3735 3642 3776 cum.
3676 3721 3864 3776 Judaei

2217 3808 2395 3864 Pilato
2421 3805 2730 3860 dicebant:
2774 3806 3064 3862 Seductor
3090 3806 3194 3861 ille
3221 3806 3376 3862 dixit
3406 3809 3605 3864 adhuc
3632 3811 3861 3866 vivens:

2217 3900 2359 3953 Post
2389 3902 2503 3951 tres
2532 3896 2652 3950 dies
2685 3911 3012 3965 resurgam.
3049 3896 3297 3968 Impedit
3321 3913 3430 3952 nos
3466 3900 3734 3966 Satanas,
3761 3901 3868 3956 sed
3941 3957 3948 3965 _

2221 4003 2343 4043 non
2392 3985 2800 4040 erubescimus
2837 3985 3184 4052 veritatem;
3237 3986 3450 4043 reddat
3489 3989 3540 4043 ei
3585 3989 3872 4046 Dominus

2224 4074 2557 4131 secundum
2615 4089 2798 4146 opera
2851 4074 2999 4145 ejus,
3060 4073 3204 4146 quia
3256 4075 3429 4132 valde
3479 4078 3694 4135 resistit
3750 4096 3876 4134 ver-

2224 4167 2317 4222 bis
2350 4164 2603 4232 nostris;
2639 4164 2822 4220 habet
2863 4165 3120 4237 speciem
3168 4164 3419 4236 pietatis,
3454 4168 3559 4223 sed
3597 4169 3875 4226 virtutem

2227 4255 2355 4324 ejus
2415 4253 2715 4322 abnegat;
2779 4252 2961 4308 habet
3031 4253 3242 4322 zelum,
3306 4256 3411 4310 sed
3474 4272 3597 4312 non
3673 4273 3880 4313 secun-

2229 4344 2377 4399 dum
2409 4342 2735 4398 scientiam.
2759 4345 2878 4413 Ego
2899 4359 3060 4408 vero,
3087 4342 3134 4398 si
3157 4343 3505 4400 fulminibus
3530 4346 3720 4415 igneis
3743 4363 3880 4403 con-

2233 4448 2498 4488 sumercr
2525 4433 2586 4486 in
2607 4432 2720 4486 hac
2748 4431 2916 4499 hora,
2944 4447 3331 4504 nequaquam
3363 4435 3695 4491 testimonia
3716 4452 3883 4491 sanc-

2233 4528 2432 4579 torum
2506 4525 2743 4577 Patrum
2824 4525 3165 4576 nostrorum
3244 4524 3704 4592 transgrederer,
3777 4525 3882 4580 sed

2236 4610 2670 4666 exclamarem:
2717 4609 2992 4680 Apostole
3046 4610 3254 4666 Christi
3303 4611 3594 4680 Martialis,
3647 4613 3883 4669 salvum

2238 4716 2334 4755 me
2382 4698 2493 4753 fac.
2531 4698 2587 4754 Si
2627 4701 2816 4752 totum
2845 4697 3277 4754 monasterium
3320 4699 3504 4771 ipsius
3547 4701 3800 4772 apostoli
3831 4706 3886 4758 et

2241 4791 2360 4844 tota
2393 4787 2593 4842 civitas
2627 4785 3060 4841 Lemovicensis
3104 4787 3269 4843 omni
3310 4788 3494 4843 modo
3538 4789 3714 4844 hodie
3750 4790 3886 4858 igne

2243 4879 2625 4943 cremaretur,
2655 4891 2763 4930 nec
2797 4874 2879 4930 sic
2924 4875 3027 4948 qui
3071 4891 3210 4930 eum
3239 4875 3490 4945 diligunt
3531 4876 3892 4934 dimitterent

2246 4980 2460 5038 puram
2498 4963 2804 5018 veritatem
2851 4963 3056 5035 ipsius,
3090 4963 3195 5019 sed
3226 4967 3364 5020 tunc
3394 4964 3697 5021 ardentius
3735 4969 3792 5023 et
3827 4966 3894 5021 ﬁ-

2246 5053 2537 5110 ducialius
2567 5053 2894 5111 clamarent
2918 5071 2931 5108 :
2961 5053 3223 5127 Apostoli
3257 5054 3338 5110 tui
3368 5054 3659 5123 Martialis,
3693 5055 3892 5114 Domi-

2248 5159 2344 5212 ne,
2376 5143 2654 5216 precibus
2681 5143 3058 5215 adjuvemur,
3090 5148 3156 5199 ut
3193 5148 3250 5200 et
3291 5160 3324 5200 a
3367 5145 3584 5200 nostris
3626 5146 3893 5202 reatibus

2252 5233 2528 5298 absoluti,
2585 5233 2662 5290 ab
2716 5233 3163 5290 imminentibus
3219 5233 3497 5307 periculis
3552 5235 3896 5310 liberemur,

2253 5339 2356 5396 per
2388 5321 2687 5379 Christum
2728 5322 3048 5379 Dominum
3078 5327 3368 5380 nostrum.
3406 5327 3583 5381 Porro
3616 5327 3902 5382 sermoni-

2255 5413 2368 5467 bus
2395 5411 2772 5483 sapientium,
2793 5412 3291 5483 licctpaucorum,
3317 5413 3514 5486 potius
3535 5415 3902 5471 credendum

2258 5507 2343 5556 est
2403 5517 2589 5572 quam
2666 5501 2915 5555 indoctae
2996 5501 3386 5556 multitudinis
3439 5503 3599 5574 vulgi
3675 5504 3903 5576 opinio-

2260 5590 2455 5646 nibus.
2519 5593 2666 5645 Nam
2729 5589 3046 5646 multitudo
3114 5591 3421 5664 popularis
3484 5593 3671 5649 nescit
3723 5593 3906 5648 aliam

2262 5679 2671 5738 auctoritatem
2710 5683 2919 5751 praeter
2965 5680 3162 5749 istam,
3193 5681 3427 5738 dicens:
3463 5682 3908 5781 Quid'fecerunt
