4584 6362
793 188 891 246 103

1949 189 2263 245 ADEMARI
2306 187 2360 243 S.
2404 183 2685 277 ClBAlllll
2726 187 3060 244 MONACHI.

4093 197 4185 249 104

786 319 869 369 tot
911 313 1198 385 episcopi,
1246 316 1330 368 tot
1370 311 1640 379 abbates,
1683 314 1766 367 tot
1813 311 2107 383 sapientes
2158 308 2437 365 transacti
2466 314 2511 365 Α
2551 308 2657 377 qui
2684 312 3085 377 apostolorum
3109 315 3361 381 junctus
3390 314 3660 385 collegio,
3687 320 3976 385 potestate
4003 316 4181 387 ligan-

783 409 919 460 ante
948 403 1237 457 ducentos
1268 417 1459 455 annos
1479 402 1507 456 ?
1552 404 1868 472 Nunquam
1901 400 2160 472 amplius
2208 398 2437 453 audivi-

781 510 919 548 mus
970 495 1293 547 Martialem
1342 506 1472 545 esse
1512 489 1872 561 apostolum.
1924 494 2039 545 Cur
2066 490 2179 544 hoc
2207 491 2441 543 mutant

779 582 873 637 isti
905 581 1202 653 sapientes
1223 582 1249 636 ‘?
1282 578 1422 633 satis
1462 578 1646 633 habet
1677 578 1987 633 honorem.
2022 580 2086 632 Et
2117 578 2200 632 sic
2230 576 2438 645 lingua

779 677 1071 728 venenata
1094 670 1435 726 invidorum
1465 667 1682 723 decidit
1710 667 1773 722 in
1811 666 2254 739 blasphemiam
2288 681 2439 737 pun-

781 783 928 835 gens
962 763 1120 820 talia.
1168 764 1244 816 De
1295 759 1393 815 illo
1435 757 1646 827 gradu,
1676 757 1779 812 ubi
1827 762 1979 813 Deus
2024 774 2163 812 eum
2212 756 2433 829 posuit,

780 855 994 911 tollunt
1022 869 1182 919 eum,
1214 856 1270 906 et
1318 849 1543 904 faciunt
1591 864 1731 902 eum
1779 847 2104 902 ascendere
2137 845 2240 901 ubi
2280 862 2432 900 nun-

780 960 967 1015 quam
995 941 1139 1008 fuit;
1181 944 1237 994 et
1272 938 1383 1010 ipsi
1412 935 1652 993 Martiali
1684 934 1796 989 hoc
1826 934 2151 989 molestum
2183 938 2288 988 est.

786 1028 792 1037 ’
853 1035 896 1088 O
938 1030 1140 1087 ‘aculei
1189 1026 1493 1100 serpentis,
1538 1042 1573 1081 o
1622 1023 1861 1097 aspides
1903 1024 2118 1090 surdae,
2162 1040 2197 1078 ο
2226 1022 2430 1091 lingua

779 1122 1036 1178 toxicata
1091 1117 1332 1185 diaboli,
1391 1131 1522 1187 qua:
1583 1114 1754 1169 solita
1810 1128 1873 1168 es
1928 1118 2162 1168 sanctos
2220 1112 2322 1166 Dei
2375 1116 2430 1165 et

778 1210 977 1282 ipsum
1006 1212 1187 1264 Deum
1218 1205 1537 1260 dilacerare
1563 1221 1575 1269 ;
1627 1219 1762 1275 quae
1790 1218 1912 1256 non
1941 1201 2165 1256 desinis
2194 1216 2427 1272 perver-

778 1304 896 1355 tere
926 1299 1049 1355 vias
1100 1294 1328 1351 Domini
1360 1298 1581 1358 rectas;
1634 1309 1767 1363 quae
1793 1291 1853 1346 in
1884 1290 2164 1363 paradiso
2194 1289 2420 1345 dixisti:

773 1390 1161 1459 Nequaquam
1233 1388 1419 1438 morte
1491 1382 1841 1447 moriemini,
1906 1385 1962 1435 et
2018 1379 2421 1452 protoplastos

772 1474 1148 1543 interemisti;
1183 1489 1318 1545 quae
1349 1470 1545 1525 dixisti
1590 1470 1664 1525 de
1714 1469 1853 1524 Filio
1898 1468 2034 1523 Dei:
2068 1470 2183 1524 Hic
2209 1476 2289 1524 est
2324 1468 2423 1524 ho-

773 1584 864 1623 mo
896 1580 1086 1622 vorax
1115 1579 1185 1619 ac
1211 1567 1453 1631 potator
1481 1560 1622 1625 vini,
1652 1563 1707 1614 et
1744 1559 1857 1613 Hic
1901 1564 1983 1613 est
2012 1560 2228 1627 Joseph
2257 1560 2428 1628 fabri

2549 396 2613 450 di
2640 403 2818 468 atque
2843 402 3114 457 solvendi
3139 408 3382 471 accepta
3413 418 3449 458 a
3481 405 3753 470 Domino,
3784 422 3902 461 non
3928 407 4189 462 dissimili

2548 500 2679 540 cum
2707 490 2989 554 apostolis
3019 496 3103 545 est
3135 489 3376 546 honoris
3399 507 3538 547 usus
3559 494 3909 565 privilegio;
3940 499 3997 548 et
4016 494 4181 549 multa

2547 572 2682 643 alia,
2716 575 2775 630 in
2806 577 3026 648 quibus
3072 579 3381 651 apostolus
3423 580 3820 653 prmdicatur;
3874 598 4035 639 nunc
4066 599 4181 639 vero

2546 677 2652 733 per
2692 680 2880 721 unum
2920 668 3382 737 Langobardum
3434 670 3745 739 rusticum,
3779 676 4087 745 putantem
4134 690 4182 727 se

2545 766 2672 806 esse
2712 757 3193 828 grammaticum,
3233 757 3604 831 derelinquet
3642 765 3977 816 conventus
4007 761 4183 816 erudi-

2544 843 2740 897 torum
2769 844 3198 901 catholicorum
3242 846 3550 903 veritatem
3598 848 3913 922 antiquam
3965 853 4184 905 Patrum

2539 934 2932 989 nostrorum?
2964 935 3209 990 Facilius
3241 942 3497 1008 possunt
3528 938 3684 993 cervi
3714 955 4072 1012 camporum
4097 954 4184 1011 pa-

2541 1017 2627 1072 sci
2682 1018 2742 1074 in
2798 1021 3012 1077 {ethere
3060 1039 3246 1095 quam
3296 1029 3504 1081 sancta
3534 1031 3724 1081 mater
3752 1026 4017 1082 Ecclesia
4045 1027 4184 1082 hanc

2539 1123 2711 1164 suam
2764 1111 3152 1183 purissimam
3198 1114 3506 1170 veritatem
3560 1115 3997 1189 derelinquere.
4042 1120 4183 1171 Hanc

2537 1213 2751 1254 sanam
2800 1203 3312 1272 consuetudinem,
3346 1204 3449 1259 etsi
3495 1203 3708 1261 insulsi
3751 1206 3897 1262 olim
3955 1221 4183 1279 respue-

2534 1294 2690 1355 runt,
2724 1305 2843 1345 non
2877 1295 3075 1346 tamen
3106 1293 3452 1361 amiserunt,
3486 1295 3592 1349 sed
3636 1295 3803 1352 inviti
3834 1301 3894 1351 et
3920 1296 4186 1365 ignoran-

2534 1379 2620 1430 tes
2668 1393 2739 1433 ex
2782 1384 2947 1451 parte
2995 1380 3363 1437 retinuerunt
3416 1382 3756 1451 scintillam,
3789 1389 3847 1440 et
3891 1384 4105 1440 eruditi
4135 1384 4181 1439 in

2531 1464 2747 1521 litaniis
2811 1475 3298 1526 reservaverunt:
3368 1488 3441 1526 ex
3496 1489 3617 1544 qua
3672 1473 3933 1530 scintilla
3988 1473 4183 1529 reluxit

2498 1556 2714 1610 ‘modo
2744 1561 2807 1611 ut
2838 1557 2927 1612 sol
2955 1557 3207 1630 pulchra
3242 1560 3507 1616 veritatis
3539 1564 3941 1631 consuetudo,
3978 1562 4181 1632 gloriﬁ-

771 1659 931 1726 ﬁlius
952 1669 974 1726 ;
1020 1669 1156 1726 quae
1205 1649 1401 1705 dixisti
1445 1665 1550 1722 per
1579 1648 1946 1703 Pharaonem
1978 1664 1989 1701 :
2028 1649 2164 1715 Quis
2191 1654 2275 1703 est
2309 1650 2419 1703 Do-
2452 1665 2491 1718 Β
2531 1648 2701 1699 cante
2730 1647 2845 1701 Deo
2878 1651 3146 1718 tempora
3177 1648 3429 1720 piissimi
3460 1650 3715 1723 pastoris
3742 1651 3938 1707 nostri
3966 1651 4179 1708 Odolri-

769 1749 986 1814 minus,
1020 1750 1082 1799 ut
1115 1743 1357 1799 audiam
1400 1755 1591 1795 vocem
1638 1741 1810 1805 ejus?
1844 1739 2052 1792 Nescio
2078 1738 2417 1807 Dominum,

771 1844 823 1895 et
878 1835 1066 1891 Israel
1114 1848 1232 1887 non
1279 1830 1619 1897 dimittam;
1668 1843 1802 1899 quae
1851 1825 2047 1880 dixisti
2099 1826 2234 1881 Filio
2285 1826 2415 1881 Dei:

771 1928 916 1983 Hcec
945 1923 1141 1979 omnia
1196 1920 1303 1975 tibi
1338 1919 1510 1985 dabo,
1542 1918 1593 1971 si
1639 1916 1853 1971 cadens
1903 1916 2247 1971 adoraveris
2286 1928 2419 1985 me;

769 2030 903 2085 quae
935 2011 1024 2066 vis
1064 2025 1272 2065 omnes
1325 2005 1557 2075 cadere,
1587 2004 1813 2059 nullam
1844 2004 2065 2074 erigere
2094 2022 2105 2071 ;
2158 2020 2292 2076 quae
2322 2007 2416 2058 Ju-

769 2102 913 2158 dam
942 2101 1017 2156 de
1049 2096 1383 2171 apostolatu
1411 2094 1671 2165 dejecisti
1699 2112 1711 2162 ;
1757 2110 1892 2161 quae
1924 2095 2118 2165 aperis
2149 2110 2216 2149 os
2247 2096 2414 2147 tuum

769 2192 831 2247 in
879 2186 1285 2261 blasphemias
1341 2184 1418 2241 ad
1466 2187 1674 2247 Deum,
1716 2182 2134 2255 blasphemare
2193 2198 2413 2237 nomen

770 2281 897 2351 ejus
929 2283 983 2334 et
1012 2273 1460 2333 tabernaculum
1493 2274 1644 2342 ejus,
1679 2276 1735 2327 et
1764 2288 1865 2325 eos
1910 2271 2011 2343 qui
2046 2271 2104 2325 in
2137 2270 2284 2325 coelo
2314 2271 2416 2325 ha-

766 2370 991 2435 bitant;
1042 2384 1174 2439 quae
1205 2379 1448 2436 corpora
1494 2366 1825 2432 martyrum
1869 2361 2250 2423 submergere
2284 2359 2414 2414 feci-

769 2459 857 2526 sti,
891 2458 1131 2512 dicens:
1165 2454 1254 2509 Ne
1284 2452 1620 2509 Christiani
1649 2451 1762 2504 sibi
1788 2457 2084 2519 martyres
2107 2450 2416 2518 facerent;

765 2564 896 2620 quae
929 2562 1034 2619 per
1065 2545 1365 2601 Simonem
1411 2544 1645 2609 Magum
1690 2539 1764 2594 de
1807 2542 1971 2594 Petro
2003 2538 2410 2611 apostolorum

764 2636 1048 2710 principe,
1077 2632 1321 2688 dicebas
1352 2629 1562 2686 Neroni
1588 2647 1600 2683 :
1634 2630 1749 2684 Hic
1779 2636 1860 2684 est
1884 2629 2053 2684 homo
2076 2629 2407 2696 imperitus,

760 2728 1023 2797 piscator
1069 2722 1573 2786 mendacissimus,
1625 2735 1729 2774 nec
1778 2720 1837 2773 in
1887 2718 2168 2785 moribus,
2202 2734 2308 2772 nec
2348 2718 2409 2771 in

760 2831 992 2887 genere,
1043 2829 1151 2869 nec
1206 2814 1267 2867 in
1318 2812 1523 2880 aliqua
1566 2809 1857 2878 praeditus
1908 2814 2227 2877 potestate;
2274 2823 2409 2878 quae

762 2906 1042 2978 Spiritum
1086 2906 1357 2957 sanctum
1404 2899 1697 2954 minorem
1748 2897 1906 2964 Filio,
1938 2902 1994 2952 et
2048 2897 2251 2951 Filium
2296 2896 2405 2951 mi-

760 3011 970 3050 norem
1014 2996 1178 3048 Patre
1225 2990 1457 3045 dudum
1500 2987 1893 3060 praedicabas,
1926 3003 2085 3041 nunc
2118 2986 2405 3058 praedicas
2436 3019 2474 3073 Ο

762 3082 1082 3141 Martialem
1125 3096 1251 3136 esse
1308 3078 1600 3133 minorem
1644 3076 1963 3148 apostolis;
2014 3075 2158 3147 quin
2208 3076 2404 3147 potius

762 3174 1031 3242 abnegas
1073 3187 1212 3225 eum
1255 3181 1388 3223 esse
1431 3166 1638 3224 Christ'l
1669 3165 2026 3238 apostolum.
2073 3166 2405 3232 Sed,haere-

761 3262 891 3332 tice,
920 3260 1085 3317 canis
1128 3258 1342 3326 invide,
1374 3256 1715 3328 quicunque
1774 3256 1885 3309 hoc
1938 3254 2104 3321 dicis,
2152 3260 2303 3310 recte
2344 3255 2401 3310 in

759 3354 939 3422 caput
966 3354 1134 3404 tuum
1174 3344 1472 3402 mentiris:
1505 3344 1648 3416 quia
1681 3343 1941 3399 Christus
1978 3343 2250 3400 Martialis
2282 3361 2403 3400 ma-

758 3439 935 3509 gister
964 3437 1091 3507 fuit,
1122 3436 1385 3493 Christus
1435 3433 1757 3491 Martialem
1789 3449 1893 3506 per
1933 3450 1994 3489 se
2039 3433 2258 3502 docuit,
2292 3450 2400 3506 pro

756 3528 981 3585 Christo
1055 3525 1325 3582 Martialis
1396 3523 1651 3578 multum
1739 3523 2051 3592 laboravit,
2102 3528 2165 3578 ut
2224 3540 2399 3578 verus

753 3615 1076 3690 apostolus.
1110 3613 1409 3670 Multitudo
1454 3612 1816 3684 sapientium
1846 3614 2067 3667 sanitas
2112 3617 2198 3668 est
2236 3613 2396 3668 orbis

753 3709 1061 3760 terrarum.
1096 3703 1265 3769 Quod
1309 3702 1709 3774 praedicamus
1752 3701 2073 3757 Martialem
2103 3718 2231 3758 esse
2262 3719 2401 3775 apo-

753 3794 994 3864 stolum,
1026 3792 1391 3848 contrarium
1432 3795 1517 3846 est
1567 3790 1833 3859 diabolo,
1864 3790 2210 3846 delectabile
2242 3792 2400 3847 Chri-

752 3888 859 3939 sto.
914 3882 1142 3937 Astutia
1192 3880 1416 3935 diaboli
1470 3879 1669 3935 adhuc
1726 3879 1928 3935 dicunt
1984 3880 2255 3936 nonnulli
2308 3899 2403 3937 ru-

752 3972 917 4027 stici:
969 3970 1151 4040 Magis
1208 3968 1483 4023 volumus
1538 3967 1857 4025 Martialem
1917 3985 2051 4023 esse
2109 3970 2403 4026 confesso-

749 4078 875 4116 rem
924 4060 1191 4133 primum
1239 4073 1426 4129 quam
1473 4056 1811 4129 apostolum
1855 4056 2152 4112 ultimum.
2199 4059 2265 4112 Et
2290 4058 2400 4112 hac

749 4149 824 4204 de
855 4163 1040 4204 causa
1091 4146 1169 4201 ab
1215 4144 1452 4199 insulsis
1497 4144 1625 4199 haec
1674 4160 1862 4216 prava
1892 4144 2261 4200 consuetudo
2291 4144 2400 4199 du-

748 4237 895 4292 dum
953 4235 1223 4291 immissa
1276 4238 1379 4305 est,
1438 4250 1571 4306 quae
1638 4234 1820 4288 modo
1876 4233 1953 4289 ab
2005 4234 2244 4289 eruditis
2300 4251 2401 4306 pe-

747 4325 907 4381 nitus
936 4322 1210 4379 abseissa
1235 4327 1338 4378 est.
1374 4322 1533 4378 Docti
1561 4323 1720 4378 enim
1744 4321 2022 4377 credendi
2050 4326 2185 4377 sunt
2206 4323 2402 4394 potius

748 4429 935 4484 quam
961 4411 1198 4481 vulgus,
1234 4427 1342 4466 nec
1373 4411 1582 4466 doctus
1613 4411 1882 4466 assentiri
1915 4410 2091 4466 debet
2115 4411 2405 4483 opinioni-

748 4501 866 4557 bus
896 4500 1078 4571 vulgi,
1112 4501 1214 4558 sed
1242 4500 1453 4570 vulgus
1485 4500 1753 4556 assentiri
1783 4500 1987 4556 oribus
2029 4501 2207 4556 docti.
2242 4500 2403 4556 Docti

750 4591 909 4646 enim
938 4590 1246 4660 fulgebunt
1288 4594 1352 4645 ut
1381 4590 1663 4662 splendor
1687 4589 2073 4657 ﬁrmamenti,
2107 4595 2164 4644 et
2189 4590 2293 4662 qui
2324 4590 2403 4645 ad

741 4679 1031 4751 justitiam
1075 4679 1352 4734 erudiunt
1400 4678 1617 4734 multos
1666 4679 1840 4751 quasi
1892 4677 2157 4733 stelltein
2190 4694 2401 4751 perpe-

746 4773 878 4825 tuas
912 4769 1280 4824 aeternitates.
1325 4770 1697 4840 Quapropter
1740 4769 1893 4824 hanc
1936 4768 2229 4839 justitiam
2278 4785 2401 4823 non

740 4858 800 4914 in
835 4875 1057 4913 vanum
1087 4856 1362 4913 ducimus
1393 4856 1739 4929 praedicare.
1766 4856 2019 4927 Vestigia
2050 4857 2211 4912 enim
2242 4857 2402 4914 Chri-

744 4948 812 5003 sti
860 4946 1043 5003 secuti
1094 4951 1232 5003 sunt
1279 4946 1509 5018 priores
1556 4946 1848 5018 apostoli;
1902 4952 2041 5018 post
2070 4946 2396 5019 apostolos,

741 5041 1072 5110 martyres;
1120 5040 1256 5108 post
1290 5040 1604 5107 martyres,
1639 5035 2049 5104 confcssores;
2101 5040 2237 5108 post
2265 5052 2403 5091 eon-

740 5126 1012 5195 fessores,
1045 5125 1339 5195 virgines;
1389 5129 1526 5198 post
1552 5124 1828 5196 virgines,
1874 5126 2068 5180 viduae
2100 5143 2111 5193 ;
2160 5128 2296 5197 post
2324 5124 2403 5180 vi-

737 5217 909 5286 duas,
938 5215 1325 5271 continentes.
1361 5218 1514 5281 Quot
1555 5231 1696 5271 vero
1744 5215 2009 5288 episcopi
2058 5216 2395 5283 orthodoxi,

740 5309 888 5377 quot
932 5308 1129 5359 Patres
1174 5303 1466 5371 catholici,
1499 5309 1646 5376 quot
1672 5303 1913 5360 litterati
1944 5303 2173 5359 lumina
2212 5304 2400 5359 Eccle-

738 5393 840 5445 siae
890 5397 1025 5446 ante
1078 5408 1187 5445 nos
1232 5390 1420 5446 Vitam
1472 5392 1743 5449 Martialis
1785 5392 2063 5461 legebant
2094 5397 2149 5448 et
2199 5394 2398 5449 crede-

737 5480 906 5545 bant,
940 5480 1073 5536 licct
1127 5480 1176 5534 si
1215 5479 1621 5548 intelligerent,
1652 5482 1882 5537 desidia
1913 5486 2216 5538 tacerent?
2247 5486 2399 5549 Quot

740 5569 956 5625 eruditi
1007 5574 1143 5625 ante
1201 5586 1311 5623 nos
1372 5570 1434 5623 in
1490 5579 1810 5644 conspectu
1864 5572 1963 5627 Dei
2016 5573 2393 5628 cecinerunt:

737 5661 784 5698 υ
828 5673 1006 5750 quam
1038 5659 1331 5728 gloriosus
1362 5664 1446 5713 est
1486 5662 1649 5715 miles
1679 5663 2039 5729 fortissimus
2068 5664 2391 5729 Martialis,

2529 1733 2581 1787 ci
2610 1738 2664 1788 et
2684 1734 2946 1808 episcopi
2972 1737 3237 1794 Jordani.
3270 1738 3419 1804 Quia
3450 1755 3593 1809 ergo
3620 1740 3948 1796 Martialem
3976 1741 4181 1813 praedi-

2529 1839 2737 1877 camus
2766 1824 2826 1879 in
2856 1825 3093 1881 veritate
3126 1827 3490 1899 apostolum,
3525 1829 3749 1898 gaudet
3787 1829 3941 1902 ipse,
3972 1830 4183 1899 gaudet

2527 1915 2699 1983 Deus,
2769 1914 3033 1983 gaudent
3110 1916 3307 1985 angeli
3378 1923 3434 1972 et
3501 1933 3713 1973 omnes
3790 1918 3989 1973 sancti
4040 1919 4179 1988 ejus.

2524 2002 2803 2057 Tristatur
2853 2003 3151 2073 diabolus,
3208 2006 3514 2062 tristantur
3558 2007 3819 2063 haeretici
3867 2012 3928 2063 et
3981 2007 4180 2071 invidi,

2524 2096 2578 2145 et
2625 2108 2762 2146 cum
2816 2092 3037 2147 invidia
3090 2110 3198 2149 sua
3264 2095 3621 2164 moriuntur,
3677 2096 3791 2151 nisi
3848 2113 3884 2152 a
3944 2096 4182 2151 diabolo

2522 2180 2960 2250 disjungantur.
3018 2182 3318 2239 Testiﬁcor
3370 2201 3576 2241 coram
3642 2188 3760 2241 Deo
3824 2190 3881 2241 et
3958 2186 4182 2242 Christo

2520 2272 2676 2332 Jesu.
2728 2271 2827 2343 qui
2880 2276 3168 2327 venturus
3226 2277 3313 2328 est
3363 2273 3636 2345 judicare
3691 2275 3860 2330 vivos
3905 2291 3980 2332 ac
4035 2292 4185 2330 mor-

2523 2364 2673 2427 tuos,
2706 2377 2812 2432 per
2844 2361 3166 2417 adventum
3204 2362 3416 2435 ipsius,
3450 2367 3506 2419 et
3533 2380 3789 2433 regnum
3820 2365 3996 2435 ejus;
4033 2365 4183 2420 testi-

2519 2448 2665 2502 ﬁcor
2711 2455 2767 2504 et
2804 2466 3006 2505 coram
3060 2451 3275 2522 Spiritu
3322 2457 3550 2519 sancto,
3601 2452 3707 2525 qui
3758 2453 4185 2525 apostolorum

2519 2546 2760 2611 pectora
2804 2540 3173 2596 invisibiliter
3232 2543 3582 2614 penetravit,
3629 2543 3675 2599 si
3730 2544 3880 2599 mihi
3932 2544 4184 2599 visibilis

2518 2628 2701 2684 modo
2732 2635 3044 2702 appareret
3073 2630 3131 2685 in
3162 2629 3311 2686 facie
3336 2647 3473 2688 mea
3502 2632 3777 2689 Martialis
3809 2632 3966 2706 ipse,
4003 2639 4067 2690 et
4094 2650 4187 2689 me

2516 2717 2901 2787 interrogaret
2928 2718 3132 2774 dicens
3156 2736 3169 2775 :
3206 2721 3327 2787 Que
3355 2736 3446 2778 me
3474 2722 3683 2777 dicunt
3712 2723 3989 2779 homines
4024 2727 4189 2779 esse?

2517 2824 2628 2877 ego
2674 2809 2799 2863 sine
2856 2808 3059 2881 aliqua
3112 2809 3501 2878 haesitatione,
3547 2810 4079 2868 conﬁdentissime
4124 2829 4187 2867 ac

2515 2897 2955 2969 promptissime
3014 2898 3285 2969 protinus
3344 2898 3395 2953 ei
3447 2899 3881 2971 responderem
3929 2900 4181 2956 dicens:

2516 2986 2624 3041 Alii
2678 2986 3073 3058 apostolicum
3130 2987 3345 3055 virum,
3406 2987 3505 3044 alii
3562 3005 3754 3045 unum
3808 2989 3887 3045 de
3950 2992 4186 3065 episco-

2511 3076 2622 3148 pis,
2675 3076 2771 3130 alii
2835 3091 3022 3130 unum
3093 3076 3168 3131 de
3236 3075 3454 3146 ignotis
3522 3077 3766 3147 sanctis,
3821 3083 3936 3135 aut
3990 3096 4182 3135 unum

2510 3183 2582 3222 ex
2622 3165 3079 3221 confessoribus.
3117 3168 3180 3220 Et
3210 3166 3258 3221 si
3288 3166 3636 3236 dignaretur
3672 3183 3769 3224 me
3798 3166 4182 3240 interrogare

2509 3256 2749 3311 dicens:
2794 3278 2819 3304 «
2845 3254 3150 3311 Odolricus
3182 3271 3322 3311 vero
3351 3255 3543 3313 abbas
3572 3273 3765 3325 meus,
3794 3263 3856 3314 et
3888 3261 4181 3316 monachi

2507 3345 2646 3414 mei,
2679 3351 2733 3400 et
2780 3345 3097 3417 episcopus
3138 3361 3309 3401 meus
3352 3346 3669 3416 Jordanus,
3719 3349 3909 3416 Quem
3944 3367 4052 3407 me
4078 3367 4185 3407 esse

2508 3435 2753 3490 dicunt?
2774 3454 2803 3487 ›
2836 3451 2946 3504 ego
2976 3435 3246 3507 protinus
3270 3435 3722 3507 responderem,
3756 3460 3783 3487 ‹‹
3805 3440 4184 3511 Apostolum

2510 3524 2679 3580 Dei.»
2730 3527 2849 3594 Ego
2875 3530 3074 3580 autem
3103 3525 3435 3582 Ademarus
3473 3526 3759 3598 indignus
3791 3545 4028 3585 servus
4062 3536 4185 3586 tuus

2507 3613 2789 3669 veraciter
2819 3613 3015 3679 credo,
3044 3612 3330 3669 conﬁteor
3370 3618 3425 3670 et
3468 3613 3603 3670 dico
3646 3615 3790 3688 quia
3839 3622 3905 3672 tu
3956 3636 4030 3674 es
4063 3636 4183 3673 vere

2508 3718 2764 3771 magnus
2808 3706 2864 3756 et
2915 3702 3210 3772 egregius,
3268 3708 3324 3758 et
3379 3704 3789 3761 nobilissimus
3866 3710 4186 3780 apostolus

2508 3790 2644 3857 Dei;
2678 3795 2734 3845 et
2771 3790 2874 3862 qui
2920 3795 2971 3845 te
3002 3791 3353 3846 contradicit
3382 3808 3516 3847 esse
3548 3793 3932 3865 apostolum,
3972 3798 4072 3852 ira
4106 3798 4187 3850 Dei

2506 3878 2683 3934 cadat
2728 3894 2907 3949 super
2944 3878 3134 3947 illum,
3167 3884 3221 3933 et
3254 3879 3326 3934 sit
3372 3880 3626 3951 perditio
3657 3881 3717 3936 in
3749 3883 4048 3941 adventu
4098 3889 4189 3939 De.

2507 3968 2654 4022 mini
2699 3967 2886 4022 nostri
2923 3969 3059 4022 Jesu
3091 3967 3303 4023 Christi
3336 3968 3455 4025 Filii
3488 3971 3607 4037 Dei,
3641 3971 3748 4044 qui
3780 3978 3840 4029 te
3869 3990 3997 4047 per
4030 3994 4095 4032 se
4126 3979 4194 4047 ip-

2509 4073 2643 4111 sum
2673 4055 2891 4111 docuit.
2928 4056 3041 4112 Sed
3069 4056 3258 4124 dubii,
3290 4059 3435 4130 quia
3481 4075 3603 4115 non
3649 4061 3928 4120 audiunt
3972 4083 4191 4122 nomen

2508 4149 2678 4200 tuum
2709 4144 2993 4216 scriptum
3033 4144 3092 4199 in
3146 4147 3495 4216 Evangeliis,
3534 4153 3587 4203 te
3618 4149 3918 4207 haesitant
3953 4163 4193 4227 aposto-

2508 4233 2634 4289 lum
2660 4252 2672 4301 ;
2706 4250 2913 4289 verum
2957 4249 3067 4303 ego
3098 4234 3375 4291 credulus
3406 4237 3690 4309 proﬁteor
3720 4242 3911 4298 tacite
3958 4251 4194 4317 praeter—

2509 4323 2762 4378 missum
2789 4338 2972 4378 causa
2994 4323 3249 4394 junioris
3280 4326 3465 4381 aetatis
3494 4332 3641 4395 tuae;
3672 4344 3824 4385 cum
3847 4338 3915 4387 et
3954 4333 4026 4388 in
4049 4337 4197 4389 Veie-

2510 4413 2559 4468 ri
2590 4417 2985 4467 lnstrumento
3022 4428 3144 4468 non
3187 4421 3647 4472 numerarentur
3690 4419 3998 4489 Haebra-i,
4035 4425 4152 4479 nisi
4175 4440 4200 4474 a

2511 4500 2716 4569 viginti
2742 4500 2913 4556 annis
2935 4506 2991 4557 et
3020 4518 3223 4574 supra.
3248 4503 3432 4571 Fides,
3459 4521 3595 4577 spes
3618 4511 3672 4561 et
3691 4507 3989 4567 charitas
4010 4529 4201 4567 meum

2511 4589 2871 4645 comitantur
2910 4591 2971 4645 in
3025 4592 3215 4647 ardua
3264 4608 3557 4663 gressum,
3590 4596 3739 4650 dum
3789 4601 4005 4657 credo
4055 4619 4204 4674 qum-

2512 4696 2749 4751 cunque
2782 4683 2981 4735 Petrus
3009 4697 3044 4736 a
3076 4681 3303 4737 Christo
3350 4689 3569 4740 secrete
3597 4689 3654 4740 et
3681 4702 3834 4743 cum
3871 4690 4205 4748 duodecim.

2513 4768 2814 4837 audiebat,
2849 4774 2899 4825 te
2927 4786 3169 4843 quoque
3198 4788 3307 4844 per
3334 4773 3617 4829 eumdem
3650 4777 3921 4835 Petrum
3959 4787 4115 4838 tunc
4150 4782 4206 4834 εὶς

2511 4858 2635 4913 mili
2665 4858 2848 4913 modo
2880 4859 3139 4927 audisse,
3172 4866 3228 4917 et
3263 4861 3398 4917 ideo
3431 4864 3710 4934 gentibus
3758 4872 3819 4923 te
3858 4869 4207 4929 ﬁducialiu:

2512 4948 2806 5003 Christum
2837 4948 3216 5020 praedicasse,
3250 4954 3307 5006 et
3346 4967 3453 5023 per
3504 4955 3557 5008 te
3613 4956 3876 5024 gaudeo
3936 4961 4007 5017 in
4044 4965 4208 5017 Dem;

2511 5036 2774 5091 similiter
2794 5037 3053 5105 credere,
3075 5054 3406 5110 omnesque
3431 5038 3692 5097 haereses
3710 5060 4072 5120 respuere,
4088 5050 4209 5104 dum

2510 5141 2684 5198 spero
2728 5142 2835 5199 per
2884 5131 2937 5181 te
2991 5126 3069 5182 ad
3100 5127 3392 5184 visionem
3439 5146 3699 5186 summae
3743 5134 4092 5195 Trinitatis
4140 5154 4207 5192 me

2508 5218 2955 5287 perventurum,
2989 5220 3046 5272 et
3094 5216 3225 5289 ipsa
3271 5219 3613 5291 perenniter
3659 5220 4059 5297 fruiturum,
4091 5229 4205 5283 dua

2509 5320 2615 5376 per
2660 5309 2713 5360 te
2760 5305 2998 5360 charius
3048 5310 3105 5361 et
3150 5306 3456 5363 ardentius
3504 5308 3697 5380 diligo
3753 5314 4127 5375 Dominum
4152 5321 4208 5370 Je-

2511 5410 2647 5449 sum
2692 5394 3006 5450 Christum.
3044 5394 3396 5468 Quicunque
3440 5413 3477 5453 a
3527 5415 3625 5455 me
3673 5403 3818 5459 vult
3866 5409 4128 5465 auferre
4170 5416 4207 5458 εει

2512 5485 2563 5537 te
2595 5483 2773 5538 corde
2801 5500 2920 5538 non
2954 5484 3217 5551 credam,
3248 5490 3304 5540 et
3334 5503 3436 5542 ore
3465 5487 3773 5547 conﬁtear
3809 5496 4059 5554 Christi
4102 5512 4207 5569 ape

2511 5573 2751 5641 stolum,
2786 5574 3017 5629 auferre
3050 5574 3173 5629 vult
3204 5592 3241 5631 a
3271 5591 3367 5631 me
3397 5576 3609 5649 ﬁdem,
3642 5598 3836 5654 spem
3872 5593 3939 5643 et
3984 5590 4205 5645 chum};

2517 5667 2655 5731 tem,
2676 5664 2800 5719 sine
2832 5664 3057 5737 quibus
3090 5681 3269 5723 nemo
3298 5666 3503 5723 salvus
3537 5684 3681 5729 esse
3700 5679 3951 5744 poterit
3980 5679 4049 5736 in
4080 5684 4207 5734 ate:-
