4584 6384
445 269 543 318 105
1737 268 1946 324 EPIST.
1993 268 2079 320 DE
2123 266 2178 321 S.

439 405 606 443 num.
643 392 769 444 Non
799 388 1116 459 acquiesco
1147 387 1559 457 Longobardo,
1607 389 1711 459 qui
1744 393 1794 443 te
1833 389 2095 458 abnegat
2125 395 2171 445 Α

438 478 774 533 interfuisse
807 479 864 532 in
897 493 1066 532 cauta
1111 477 1342 548 Christi,
1374 478 1476 550 qui
1503 477 1784 533 mentitur
1833 495 1931 533 ore
1989 494 2097 533 suo

438 573 729 622 venenato
760 568 1077 622 Dominum
1111 584 1245 621 cum
1276 567 1413 622 solis
1445 567 1763 623 duodecim
1795 568 1968 640 quasi
2020 567 2101 622 la-

441 661 694 725 tronem,
728 672 846 710 non
881 655 1053 727 quasi
1081 672 1282 722 regem
1304 655 1790 710 liberalissimum
1808 671 2095 711 C(PDRSSB.

442 745 555 800 Sed
589 744 849 799 assentio
910 744 1129 797 sanctis
1173 744 1438 798 Patribus
1476 744 1716 811 nostris,
1751 748 1807 799 et
1833 743 2099 816 scriptori

428 833 579 888 ‘V'itae
617 838 749 897 tuae,
773 831 1079 887 etaﬂirmo
1110 833 1430 887 Dominum
1457 850 1594 888 cum
1617 832 1934 888 duodecim
1961 848 2101 904 apo-

441 921 606 976 stolis
655 921 1053 988 discubuisse,
1096 921 1512 993 ministrosque
1552 921 1854 987 habuisse,
1914 922 2017 993 qui
2047 921 2122 976 ei.

439 1015 496 1064 et
527 1009 848 1064 duodecim
881 1008 1162 1080 apostolis
1193 1009 1615 1077 ministrarent,
1649 1014 1705 1064 et
1730 1010 1946 1082 pocula
1967 1026 2099 1082 pro-

439 1099 738 1170 pinarent,
781 1104 988 1169 etquae
1020 1098 1358 1154 necessaria
1412 1103 1582 1154 erant
1611 1098 1922 1154 deferrent.
1972 1103 2097 1154 Non

437 1191 699 1244 assentio
733 1189 1059 1258 vaniglorio
1085 1188 1497 1258 Longobardo,
1531 1188 1701 1260 quite
1731 1188 1992 1258 abnegat
2022 1187 2099 1243 ab

436 1281 570 1351 ipso
593 1279 822 1335 Christo
844 1283 1198 1351 potestatem
1228 1278 1450 1347 ligandi
1513 1283 1566 1334 et
1615 1278 1884 1334 solvendi
1938 1294 2102 1334 acce-

435 1367 595 1439 pisse
630 1385 643 1432 ;
679 1367 785 1422 sed
817 1367 1000 1422 solide
1030 1368 1312 1439 profiteor
1353 1372 1404 1422 te
1438 1371 1601 1422 tanto
1652 1383 1898 1422 munere
1929 1383 2101 1439 apos-

436 1456 616 1511 tolico
648 1473 786 1511 eum
815 1456 944 1511 aliis
990 1455 1272 1527 apostolis
1300 1473 1334 1511 a
1381 1456 1607 1512 Christo
1658 1455 2050 1511 sublimatum
2084 1473 2096 1522 ;

431 1544 570 1600 ideo
601 1549 760 1615 peto,
795 1544 1060 1616 apostole
1094 1549 1316 1611 sancte,
1353 1543 1514 1599 solve
1553 1543 1794 1599 vincula
1825 1543 2098 1598 omnium

429 1639 822 1706 peccatorum
867 1649 1162 1700 meorum,
1197 1638 1252 1688 et
1305 1649 1619 1704 nunquam
1650 1631 2099 1704 disrumpendis

430 1723 773 1778 dulcissimi
799 1723 1021 1779 amoris
1064 1723 1143 1778 tui
1172 1722 1417 1777 vinculis
1471 1728 1732 1778 mentem
1793 1739 1988 1777 meam
2021 1721 2098 1777 ad
2141 1743 2178 1796 Β

431 1819 487 1867 te
528 1812 904 1869 tenacissime
937 1812 1290 1881 constringe.
1327 1815 1643 1884 Nunquam
1690 1811 2099 1867 communica-

428 1902 515 1957 bo
537 1901 816 1957 baeretico
843 1901 1167 1957 I-lebionitte
1198 1900 1755 1973 pseudomonacho,
1781 1901 1884 1972 qui
1917 1905 1968 1955 te
2001 1899 2101 1955 ab-

427 1997 619 2060 negat
647 1991 707 2046 in
737 1991 868 2046 loco
897 1990 998 2045 ubi
1033 1989 1257 2062 Spirius
1290 1993 1530 2044 sanctus
1575 1989 1636 2044 in
1668 1989 1855 2059 igneis
1883 1989 2099 2057 linguis

428 2097 619 2152 super
644 2079 968 2152 discipulos
992 2079 1316 2148 descendit,
1363 2079 1696 2134 interfuisse
1736 2096 1747 2133 :
1800 2078 1946 2150 quin
1977 2078 2100 2133 imo

423 2170 626 2225 libera
651 2185 795 2224 voce
813 2168 1095 2224 omnibus
1115 2168 1355 2242 populis
1385 2167 1661 2224 testificor
1685 2184 1807 2224 non
1838 2167 1918 2222 ibi
1943 2167 2099 2223 solos

425 2258 780 2325 duodecim,
813 2258 917 2314 sed
949 2258 1127 2314 etiam
1168 2257 1384 2313 multos
1443 2257 1590 2312 alios
1643 2257 1971 2329 discipulos
2019 2255 2100 2311 ibi

421 2349 489 2403 in
529 2349 671 2406 Sion
698 2352 1087 2418 congregatos
1108 2345 1309 2416 fuisse,
1337 2351 1394 2402 et
1424 2351 1475 2401 te
1506 2346 1655 2401 inter
1686 2363 1787 2401 eos
1810 2345 2098 2419 repletum

427 2438 664 2511 Spiritu
697 2443 902 2493 sancto
932 2436 1113 2493 variis
1146 2435 1363 2506 linguis
1393 2435 1699 2505 magnalia
1730 2435 1830 2490 Dei
1859 2452 1985 2490 esse
2015 2435 2097 2490 lo-

423 2533 666 2594 cutum,
698 2531 915 2583 etcum
956 2526 1084 2582 aliis
1141 2525 1426 2598 apostolis
1481 2525 1764 2592 edoctum,
1814 2524 2097 2580 omnibus

420 2614 656 2684 linguis
696 2613 1103 2670 invincibilem
1156 2612 1602 2668 resurrectionis
1658 2611 1867 2670 Christi
1887 2617 2097 2667 testem

419 2705 718 2760 extitisse.
756 2703 924 2758 Unde
957 2703 1213 2775 imploro
1242 2719 1348 2774 per
1368 2707 1422 2757 te
1453 2701 1638 2773 ipsius
1664 2701 1936 2757 Paracliti
1963 2700 2097 2756 visi-

417 2795 656 2849 tatione
689 2809 791 2849 cor
818 2809 1019 2848 meum
1052 2791 1331 2847 mandari
1360 2791 1436 2846 ab
1463 2790 1625 2846 omni
1658 2806 1876 2860 errore,
1919 2795 1975 2844 et
2005 2807 2095 2845 sa-

413 2881 677 2954 pientia,
710 2897 844 2953 qua;
877 2897 912 2936 a
941 2883 1106 2935 Patre
1128 2878 1426 2934 luminum
1453 2884 1557 2946 est,
1592 2878 1715 2932 sine
1748 2878 1864 2932 ﬁne
1891 2894 2094 2933 corus-

413 2985 592 3026 care.
631 2968 930 3040 Dispereat
961 2967 1268 3022 haereticus
1319 2966 1652 3022 velocitera
1707 2965 1855 3021 facie
1900 2970 2088 3032 terrere,

411 3059 537 3131 qui
567 3057 851 3112 omnibus
881 3056 1204 3128 praedicare
1254 3071 1376 3112 non
1406 3059 1604 3110 cessat
1644 3054 1850 3111 Christi
1879 3070 2088 3109 ascen-
2121 3093 2160 3149 Ο

413 3146 667 3202 sionem
693 3144 923 3199 nullum
957 3144 1139 3199 alium
1168 3147 1379 3215 praeter
1401 3143 1560 3197 solos
1591 3141 1868 3197 undecim
1921 3158 2091 3214 apos-

413 3234 591 3293 tolos
625 3233 863 3300 vidisse,
898 3237 956 3287 et
981 3232 1066 3287 ibi
1093 3247 1482 3304 nequaquam
1505 3235 1559 3287 te
1583 3230 1936 3286 interfuisse.
1971 3233 2092 3301 Ego

408 3324 595 3381 enim
627 3322 834 3377 vivens
861 3336 999 3376 cum
1032 3320 1279 3387 Christo,
1311 3335 1444 3390 ego,
1474 3319 1577 3392 qui
1602 3336 1919 3391 nunquam
1966 3335 2092 3375 mo-

407 3413 574 3479 riar,
607 3427 739 3480 ego,
774 3411 879 3483 qui
932 3413 1186 3465 mortem
1216 3425 1339 3464 non
1379 3408 1635 3480 gustabo
1692 3409 1753 3463 in
1782 3413 2090 3475 aeternum,

407 3506 638 3576 utpote
670 3500 917 3556 credens
950 3499 1010 3555 in
1043 3498 1356 3564 Christum,
1392 3514 1572 3570 super
1609 3502 1877 3553 montem
1909 3496 2094 3553 excel-

408 3607 571 3648 sum
627 3589 982 3660 ascendens,
1037 3587 1181 3644 etin
1234 3587 1576 3643 fortitudine
1623 3602 1835 3642 vocem
1893 3602 2090 3641 meam

406 3679 724 3745 exaltans,
757 3676 922 3733 omni
951 3681 1234 3732 creaturae
1259 3692 1397 3731 cum
1419 3675 1584 3730 omni
1612 3674 1833 3730 fiducia
1858 3675 2092 3730 adnun-

407 3769 532 3837 tio,
566 3766 721 3821 sicut
749 3764 966 3819 veritas
996 3763 1163 3819 estin
1188 3766 1325 3818 Jesu
1355 3781 1366 3830 ;
1401 3761 1547 3833 quia
1601 3761 1752 3817 sicut
1791 3761 1950 3816 testis
2004 3765 2095 3817 est

404 3857 788 3914 Aurelianus
820 3853 1159 3926 cpiscopus,
1189 3869 1370 3925 quem
1399 3851 1760 3906 resuscitasti
1793 3868 1828 3907 a
1854 3851 2093 3920 gemina

403 3951 645 4011 morte,
677 3943 927 4016 scriptor
952 3943 1092 3998 Vita:
1149 3948 1261 3998 tuae
1311 3957 1450 3996 cum
1481 3941 1760 3996 undecim
1783 3940 2090 4012 discipulis

402 4038 476 4094 in
522 4033 850 4099 Galilaeam,
893 4032 954 4087 in
980 4035 1248 4086 montem
1274 4029 1378 4084 ubi
1404 4029 1786 4085 constituerat
1808 4029 1893 4084 eis
1924 4031 2091 4083 Jesus

402 4127 708 4183 hortante
738 4123 910 4176 Petro
940 4119 1153 4188 abiisti,
1183 4118 1384 4190 ibique
1429 4117 1508 4172 ab
1546 4117 1678 4190 ipso
1737 4117 1964 4174 Christo
1991 4133 2094 4189 po-

405 4219 712 4271 testatem
769 4209 1154 4282 prtedieandi,
1211 4206 1487 4272 docendi,
1553 4206 1916 4278 baptizandi,
1972 4222 2094 4261 una

403 4320 573 4360 cum
603 4304 768 4357 Petro
801 4305 857 4354 et
879 4298 1120 4371 reliquis
1138 4295 1423 4370 apostolis
1470 4295 1770 4368 accepisti,
1803 4301 1859 4351 et
1889 4300 2095 4367 postea

401 4397 480 4450 in
524 4395 732 4446 monte
771 4389 977 4445 Oliveti
1023 4387 1380 4444 ascendente
1434 4386 1513 4442 ad
1566 4388 1798 4440 Patrem
1844 4385 2095 4440 Domino

401 4447 702 4556 praesens
730 4477 908 4546 fuisti,
942 4476 1047 4531 ubi
1096 4474 1572 4532 benedictionem
1595 4473 1998 4546 pontificalem
2019 4473 2096 4530 ab
2133 4447 2173 4500 ί)

398 4573 570 4644 ipso
632 4566 883 4623 Domino
956 4582 1096 4621 eum
1152 4564 1396 4636 reliquis
1451 4563 1760 4636 discipulis
1807 4563 2096 4619 meruisti.

404 4659 606 4718 Unde
638 4663 713 4727 te,
746 4660 946 4712 sancte
991 4653 1281 4727 apostole,
1311 4669 1434 4709 non
1466 4653 1592 4708 sine
1624 4668 1848 4722 magno
1875 4652 2102 4722 gemitu

397 4752 730 4822 deposco,
752 4745 845 4801 fac
868 4761 964 4800 me
996 4743 1263 4800 oblivisci
1289 4747 1680 4813 terrenorum,
1715 4748 1770 4798 et
1794 4758 1917 4814 quo
1945 4742 2103 4798 Chri-

401 4846 564 4896 stus
619 4835 941 4909 praicessit,
1017 4834 1385 4889 incessanter
1442 4832 1743 4904 suspirare
1791 4832 1869 4887 ad
1923 4830 2104 4886 caelos

399 4927 751 4987 caelorum.
783 4923 954 4990 Quod
987 4925 1031 4979 si
1057 4921 1372 4978 Hebionita
1403 4921 1836 4991 Longobardus
1869 4920 1947 4976 ab
1978 4920 2108 4974 inti-

398 5017 679 5076 delitate
709 5030 832 5069 non
858 5013 1128 5081 discedit,
1187 5010 1457 5067 discedat
1501 5026 1537 5066 a
1589 5009 1866 5065 societate
1910 5008 2106 5064 ortho-

397 5109 763 5167 doxorum,
794 5106 1110 5173 rumpatur
1135 5100 1214 5156 ab
1246 5099 1469 5156 unitate
1499 5097 1950 5164 catholicorum,
1975 5096 2108 5152 abs-

397 5193 720 5254 cindatur
751 5209 788 5248 a
844 5189 1234 5248 contubernio
1291 5189 1563 5245 omnium
1604 5193 1968 5256 sanctorum,
2022 5203 2107 5241 se-

395 5286 720 5361 gregetur
749 5297 784 5336 a
817 5279 1114 5336 consortio
1153 5279 1507 5348 angelorum
1562 5278 1899 5343 beatorum,
1955 5291 2106 5346 quo-

393 5377 606 5435 niam
635 5369 976 5426 nullatenus
1006 5373 1094 5423 est
1123 5368 1197 5423 de
1223 5368 1472 5437 collegio
1497 5371 1842 5423 sanctorum
1873 5367 2110 5436 aposto-

393 5468 655 5523 lorum.
691 5457 1102 5514 Comminatus
1128 5461 1215 5511 est
1242 5472 1355 5510 nos
1389 5461 1630 5527 propter
1660 5459 1824 5510 tuam
1855 5451 2106 5521 gloriam

392 5559 476 5610 et
504 5547 827 5603 veritatem
860 5543 1234 5600 accusandos
1283 5560 1320 5600 a
1348 5560 1410 5598 se
1464 5548 1598 5598 ante
1624 5559 1850 5616 papam
1897 5544 2108 5595 Roma~

389 5655 613 5706 num,
646 5650 890 5691 omnem
922 5632 1300 5704 Aquitaniam
1332 5636 1572 5704 propter
1604 5638 1655 5688 te
1696 5627 2106 5687 excommuni-

389 5727 705 5791 candam
739 5742 753 5790 ;
782 5725 844 5778 in
869 5722 1084 5794 laqueo
1116 5737 1224 5775 suo
1252 5721 1592 5777 humilietur
1639 5720 1873 5776 invidus
1926 5719 2107 5776 haere-

959 5811 1203 5864 PATROL.
1267 5810 1438 5864 CXLI.

2223 266 2568 324 MAH'I‘IAIJ.
3750 291 3845 341 106

2210 386 2378 453 ticus,
2412 398 2692 460 exsurgat
2723 394 3028 463 Dominus,
3061 400 3117 452 et
3143 413 3265 453 non
3294 401 3614 470 przevaleat
3637 406 3860 474 LongO‘

2208 475 2457 531 bardus.
2493 479 2792 552 Tripudiet
2818 481 2874 536 in
2909 488 2960 537 te
2991 485 3218 552 Petrus,
3253 488 3396 558 quia
3427 492 3487 543 tu
3519 505 3581 544 es
3609 491 3860 548 dilectus

2210 563 2320 619 sibi
2353 572 2776 638 coapostotus;
2818 587 2978 644 papa
3029 576 3332 630 Romanus
3384 578 3717 649 Aquitaniae
3750 585 3860 636 ture

2210 655 2628 725 communicet,
2663 674 2782 713 non
2810 663 3304 720 excommunicet.
3353 669 3426 721 Te
3461 669 3659 724 Petrus
3689 687 3862 726 vene-

2208 746 2372 796 ratur
2402 759 2530 799 vere
2559 747 2972 818 coapostolum
2999 769 3010 818 ;
3043 755 3093 806 te
3112 768 3270 824 papa
3289 756 3592 811 Romanus
3622 775 3741 813 non
3760 760 3862 814 ab-

2209 836 2382 899 neget
2413 849 2541 888 vere
2586 836 2943 906 apostolum.
2979 842 3050 893 Te
3080 841 3280 896 Petrus
3321 842 3538 900 clamat
3587 847 3862 903 charissi-

2208 933 2376 972 mum
2405 919 2641 976 fratrem
2673 941 2684 989 ;
2723 928 2771 978 te
2803 941 2963 998 papa
2992 943 3112 983 non
3134 928 3386 999 deneget
3415 932 3862 992 dilectissimum

2208 1005 2356 1060 Petri
2383 1014 2736 1065 consortem.
2773 1015 2877 1067 Pro
2939 1019 2990 1069 te
3019 1018 3218 1070 Petrus
3278 1021 3470 1075 oravit
3520 1021 3653 1075 fixis
3705 1024 3866 1092 geni-

2205 1093 2320 1149 bus
2346 1113 2358 1162 ;
2391 1103 2631 1170 propter
2661 1105 2714 1155 te
2746 1102 2963 1171 gratias
2987 1121 3147 1176 papa
3176 1107 3419 1163 referrat
3439 1112 3717 1182 expansis
3740 1129 3864 1168 ma-

2208 1184 2404 1240 nibus.
2432 1187 2762 1244 Gratulctur
2791 1190 2848 1244 in
2884 1197 2934 1247 te
2966 1201 3162 1249 omnis
3194 1197 3400 1264 Roma,
3441 1199 3732 1271 quoniam
3760 1205 3863 1257 Pc-

2210 1277 2296 1328 tro
2325 1274 2498 1330 solvit
2530 1277 2813 1334 tributum
2844 1281 3039 1337 omnis
3067 1283 3385 1355 Aquitania
3417 1292 3536 1342 tua.
3574 1292 3789 1346 Verum
3816 1292 3862 1347 si

2208 1363 2354 1418 forte
2402 1364 2670 1420 humana
2697 1382 2733 1422 a
2760 1367 2977 1424 divinis
3006 1371 3481 1432 discordaverint
3531 1377 3781 1447 judicia,
3817 1380 3864 1434 si

2207 1452 2353 1538 forte
2372 1451 2664 1538 creditum
2694 1454 2868 1512 fuerit
2895 1458 3152 1514 veritatis
3182 1460 3435 1517 inimicis
3459 1463 3655 1535 potius
3676 1482 3862 1538 quam

2208 1537 2438 1606 amicis,
2473 1541 2743 1613 nunquid
2777 1546 3170 1618 corruptibilis
3200 1566 3360 1622 papa
3406 1553 3620 1623 poterit
3677 1537 3864 1610 trans-

2209 1626 2458 1716 cendere
2484 1630 2744 1701 Petrum,
2777 1633 2948 1703 cujus
2993 1634 3272 1692 instinctu
3316 1639 3521 1695 Christi
3551 1644 3864 1716 praeceptis

2209 1712 2460 1770 obedisti
2487 1716 2512 1769 ‘2
2541 1719 2820 1790 Nunquid
2873 1722 3195 1778 moriturus
3225 1741 3387 1798 papa
3414 1712 3627 1799 poterit
3668 1735 3718 1786 te
3747 1712 3865 1787 ex-

2209 1799 2863 1873 communicare,queiu
2891 1805 3152 1861 Christus
3178 1810 3509 1866 ascendens
3527 1813 3604 1868 ad
3631 1815 3865 1870 Patrem

2209 1887 2451 1958 propria
2481 1904 2667 1944 manu
2706 1891 2987 1961 dignatus
3014 1901 3100 1951 est
3128 1896 3481 1955 benedicere
3509 1900 3536 1954 ἶ)
3586 1904 3866 1976 Nunquid

2209 1976 2425 2031 vermis
2481 1977 2826 2035 efﬁciendus
2888 1998 3047 2055 papa
3094 1986 3306 2057 poterit
3344 1992 3865 2048 excommunicare

2210 2063 2312 2119 Dei
2333 2065 2562 2136 Filium,
2588 2068 2691 2139 qui
2719 2068 2819 2124 tibi
2849 2087 2986 2125 cum
3014 2073 3256 2144 reliquis
3289 2077 3575 2148 apostolis
3620 2081 3868 2138 contulit

2208 2152 2436 2223 ligandi
2459 2155 2842 2231 solvendique
2874 2160 3246 2231 pontificium
3275 2166 3301 2219 ‘2
3349 2167 3628 2239 Nunquid
3658 2170 3868 2227 huma-

2208 2259 2324 2297 nus
2352 2259 2516 2316 papa
2543 2246 2758 2317 poterit
2803 2252 3324 2308 excommunieare
3375 2254 3655 2326 Spiritum
3695 2275 3866 2314 sanc-

2212 2335 2358 2399 tum,
2382 2334 2485 2405 qui
2516 2334 2618 2389 tibi
2651 2352 2788 2391 cum
2803 2336 3046 2409 reliquis
3077 2339 3384 2413 discipulis
3409 2345 3654 2401 contulit
3681 2347 3868 2403 scien-

2211 2420 2353 2477 tiam
2381 2423 2652 2478 omnium
2683 2424 3026 2494 linguarum
3061 2428 3088 2482 ?
3119 2430 3398 2502 Nunquid
3429 2432 3651 2502 fragilis
3708 2452 3869 2510 papa

2208 2513 2421 2584 poterit
2473 2517 2994 2572 excommunicare
3050 2520 3428 2591 Aquitaniam
3463 2527 3646 2593 tuam,
3680 2543 3867 2599 quam

2208 2600 2392 2656 fecisti
2421 2601 2794 2658 cohaeredem
2814 2605 3040 2660 Christo
3058 2606 3116 2660 in
3139 2607 3321 2664 vitam
3348 2616 3631 2667 aeternam
3650 2614 3676 2668 ?
3708 2619 3865 2670 Nun-

2206 2690 2352 2761 quid
2390 2690 2582 2763 pulvis
2614 2697 2670 2746 et
2695 2691 2840 2747 cinis
2869 2710 3033 2766 papa
3071 2697 3287 2767 poterit
3342 2703 3864 2760 exeommunicare

2208 2778 2526 2834 Ecclesium
2558 2780 2677 2848 Dei,
2708 2797 2893 2852 quam
2924 2786 2985 2838 tu
3014 2783 3091 2838 ab
3110 2784 3280 2840 idolis
3308 2787 3669 2857 emundasti,
3702 2794 3758 2844 et
3786 2789 3863 2844 ab

2205 2868 2369 2923 omni
2414 2868 2621 2924 lueresi
2654 2886 2888 2942 semper
2943 2871 3195 2928 illaesam
3243 2876 3534 2931 servasti?
3584 2877 3862 2950 Nunquid

2203 2957 2467 3013 futurum
2517 2958 2774 3014 cadaver
2828 2977 2991 3032 papa
3037 2963 3250 3035 poterit
3299 2981 3374 3020 ne
3430 2970 3484 3020 te
3540 2967 3865 3037 praedicent

2204 3047 2546 3118 apostolum
2576 3047 2892 3119 prohibere
2922 3051 3235 3124 episcopos
3269 3057 3421 3122 tuos,
3455 3071 3607 3127 quos
3642 3060 3701 3110 tu
3740 3072 3861 3111 una

2204 3151 2344 3191 cum
2368 3136 2533 3192 omni
2554 3136 2737 3193 Callia
2759 3140 3150 3209 praesentabis
3174 3142 3402 3198 Christo
3433 3142 3495 3198 in
3516 3143 3609 3200 die
3630 3144 3859 3215 judicii,

2203 3226 2545 3300 manipulos
2567 3226 2845 3283 laborum
2878 3232 3137 3298 tuorum,
3164 3231 3227 3285 in
3257 3232 3471 3288 horreo
3499 3233 3718 3289 caelesti
3749 3234 3861 3290 sal-

2201 3314 2485 3371 vandos'?
2515 3338 2543 3364 »
2579 3315 2675 3370 His
2725 3320 2781 3371 et
2828 3317 3064 3386 talibus,
3098 3334 3277 3375 amen
3306 3319 3440 3376 dico
3471 3321 3663 3391 vobis,
3705 3321 3861 3378 insa-

2203 3402 2477 3460 tiabiliter
2506 3403 2827 3460 Martialem
2852 3406 3195 3477 apostolum
3251 3409 3352 3464 Dei
3395 3409 3752 3483 alloquerer,
3813 3412 3860 3467 si

2203 3507 2342 3546 eum
2373 3491 2827 3564 contemplarer.
2883 3494 3055 3558 Quod
3085 3510 3224 3550 vero
3273 3497 3545 3552 nonnulli
3589 3498 3746 3554 bruti
3803 3503 3859 3555 et

2202 3579 2610 3653 pusillanimes
2667 3581 2852 3652 aiunt,
2910 3586 3223 3654 peccatum
3271 3590 3375 3652 est,
3404 3585 3547 3656 quia
3575 3587 3859 3658 praedica-

2203 3686 2338 3726 mus
2369 3685 2508 3724 eum
2539 3669 2898 3741 apostolum,
2932 3675 2988 3726 et
3025 3674 3142 3728 Deo
3173 3677 3229 3728 et
3250 3672 3331 3727 illi
3361 3679 3448 3729 est
3483 3674 3807 3732 molestum
3842 3695 3855 3744 ;

2203 3773 2314 3828 ego
2341 3773 2515 3812 verus
2555 3757 2896 3815 Christicola
2924 3760 3257 3816 Ademarus
3299 3767 3435 3818 ante
3477 3765 3858 3836 praesentiam

2207 3846 2545 3909 Salvatoris,
2615 3847 2720 3920 qui
2776 3854 3062 3904 venturus
3115 3855 3203 3906 est
3243 3851 3515 3921 judicare
3579 3853 3746 3909 vivos
3805 3859 3860 3910 et

2205 3940 2494 4006 mortuos,
2527 3940 2583 3992 et
2609 3937 2896 3993 saeculum
2917 3955 3024 4012 per
3052 3939 3275 4009 ignem,
3308 3946 3363 3996 et
3393 3942 3663 4012 ejusdem
3696 3945 3861 4000 Geni-

2211 4025 2368 4080 tricis
2421 4024 2785 4081 intemeratae
2815 4030 2870 4082 et
2899 4033 3200 4100 perpetuae
3255 4029 3497 4100 virginis
3529 4030 3739 4104 Mariae,
3793 4049 3862 4088 ac

2210 4113 2368 4170 beati
2395 4113 2803 4187 apostolorum
2853 4116 3141 4189 principis
3197 4118 3367 4185 Petri,
3422 4123 3601 4176 testor
3630 4125 3686 4176 et
3723 4127 3863 4194 opto

2212 4219 2392 4275 super
2419 4219 2516 4258 me
2564 4203 2635 4259 sit
2685 4205 2798 4259 hoc
2841 4211 3156 4276 peccatum
3211 4207 3307 4262 hic
3358 4211 3414 4263 et
3469 4209 3528 4263 in
3577 4210 3776 4266 futuro
3805 4210 3866 4266 in

2210 4296 2522 4348 aeternum.
2564 4295 2706 4348 Vere
2755 4293 2804 4348 si
2849 4295 2964 4350 hoc
3021 4300 3335 4368 peccatum
3394 4313 3574 4370 super
3621 4315 3716 4355 me
3764 4301 3867 4356 ha-

2209 4380 2437 4448 berem,
2466 4380 2676 4435 beatus
2712 4382 2958 4436 omnino
2987 4382 3194 4439 ﬁerem
3229 4402 3242 4452 ;
3275 4400 3396 4440 non
3425 4384 3584 4441 enim
3613 4393 3701 4443 est
3754 4388 3867 4443 hoc

2211 4475 2548 4541 peccatum,
2593 4469 2697 4524 sed
2727 4469 2915 4542 pietas
2944 4472 3231 4529 maxima.
3270 4477 3482 4529 lterum
3513 4475 3710 4532 adhuc
3736 4494 3869 4550 pro-

2211 4556 2420 4612 nuntio
2451 4561 2586 4612 ante
2614 4563 3005 4630 conspectum
3044 4559 3164 4628 Dei,
3197 4564 3254 4615 et
3282 4561 3556 4617 omnium
3602 4564 3663 4618 in
3721 4565 3870 4620 coelo

2213 4645 2633 4713 habitantium,
2669 4646 2713 4700 si
2775 4646 2976 4715 gloriae
3016 4647 3116 4703 Dei
3170 4649 3265 4704 vel
3317 4649 3429 4722 ipsi
3483 4652 3745 4721 Martiali,
3780 4654 3869 4710 vel

2214 4733 2390 4790 alicui
2418 4737 2784 4802 sanctorum,
2817 4734 2922 4806 qui
2946 4735 3076 4806 jam
3103 4752 3175 4791 ex
3203 4737 3317 4792 hac
3350 4738 3468 4794 vita
3491 4740 3869 4811 transierunt,

2214 4822 2532 4879 molestum
2565 4822 2767 4895 aliquo
2796 4823 2980 4879 modo
3016 4829 3108 4880 est
3148 4841 3288 4881 eum
3345 4827 3657 4899 praedicari
3704 4847 3875 4902 apos-

2219 4911 2423 4979 tolum,
2466 4913 2578 4966 hac
2609 4912 2740 4984 ipsa
2768 4912 2936 4980 hora,
2969 4930 3104 4985 qua:
3159 4919 3247 4970 est
3302 4916 3476 4987 quasi
3531 4923 3696 4974 sexta
3735 4919 3873 4989 diei,

2215 5001 2330 5055 hoc
2361 4999 2492 5071 ipso
2523 4999 2770 5056 articulo
2825 5001 3131 5073 temporis,
3162 5019 3284 5075 quo
3333 5005 3444 5059 hoc
3500 5005 3719 5076 scribo,
3762 5007 3877 5063 hoc

2218 5091 2546 5159 momento,
2570 5088 2684 5143 hoc
2715 5093 2916 5144 atomo
2938 5089 3162 5145 moriar
3191 5106 3461 5163 corpore,
3488 5096 3545 5148 et
3574 5092 3728 5150 ultra
3756 5111 3880 5151 non

2217 5177 2434 5233 vivam.
2467 5180 2604 5232 Duaa
2633 5177 2850 5246 missae,
2883 5194 3036 5250 quas
3064 5179 3240 5236 hodie
3293 5196 3472 5236 mane
3528 5188 3693 5240 sexta
3736 5185 3880 5240 Sal)-

2217 5265 2342 5321 bati
2367 5265 2680 5321 continuas
2738 5267 2799 5320 in
2856 5266 3082 5322 honore
3138 5266 3384 5323 viviﬁcaa
3433 5271 3649 5344 crucis,
3701 5289 3884 5329 unam

2218 5358 2449 5427 sponte,
2479 5353 2727 5411 alteram
2759 5353 3046 5409 obediens
3089 5357 3424 5414 necessario
3449 5359 3683 5429 jubenti
3714 5368 3770 5417 et
3790 5380 3881 5418 ro-

2217 5442 2379 5511 ganti
2402 5442 2604 5498 abbati
2636 5442 2998 5506 Amalfredo,
3032 5460 3212 5515 super
3242 5462 3462 5518 corpus
3508 5449 3666 5504 beati
3707 5453 3887 5524 lipar-

2215 5530 2327 5585 chii
2359 5530 2652 5586 celebravi
2688 5549 2701 5599 ;
2738 5530 2806 5598 si,
2842 5530 3114 5601 inquam,
3137 5532 3254 5588 hoc
3284 5537 3400 5590 Deo
3428 5536 3720 5609 displicet,
3765 5556 3885 5594 non

2217 5621 2331 5677 sint
2359 5621 2503 5676 mihi
2529 5622 2589 5676 in
2621 5620 3009 5692 adjutorium,
3044 5623 3147 5678 sed
3174 5625 3395 5695 statim,
3433 5626 3586 5683 sicut
3614 5628 3778 5684 solus
3807 5630 3892 5684 in-

3370 5809 3404 5860 4
