3966 6400
438 279 533 330 10³7

429 489 593 544 dam.
619 486 884 543 Christus
907 485 1130 558 ubique
1151 488 1255 539 est.

499 577 762 634 Christus
792 593 888 632 me
917 574 1115 631 vivere
1145 571 1288 639 vult,
1317 571 1546 627 Christo
1578 573 1814 642 gratum
1843 573 1932 624 est
1951 570 2093 624 Mar-

427 667 626 724 tialem
657 663 966 740 praedicari
999 679 1034 720 a
1054 662 1232 718 nobis
1259 659 1619 734 apostolum.
1647 662 1742 714 Est
1761 657 1922 713 enim
1952 671 2090 712 vere

426 755 754 829 apostolus.
786 757 828 812 Ο
853 753 1114 809 seniores
1145 753 1408 818 Patrum,
1433 748 1656 821 quibus
1688 747 1846 802 hanc
1873 746 2088 820 episto-

425 845 547 902 lam
581 845 796 910 scribo,
855 843 1054 900 adhuc
1087 839 1336 897 auribus
1389 838 1639 912 accipite
1696 837 2086 910 blasphemos

429 935 803 1006 Langobardi
833 935 983 990 inter
1004 931 1224 1006 poeula
1276 945 1604 986 sermones.
1665 931 1812 984 Nam
1853 931 2086 983 contra-

423 1027 546 1083 rius
577 1025 848 1100 apostolo
865 1022 1099 1096 jubenti
1125 1038 1265 1078 cum
1321 1018 1552 1075 silentio
1586 1033 1807 1092 panem
1836 1017 2090 1073 mandu-

424 1115 708 1181 candum,
738 1131 858 1170 non
892 1114 949 1168 in
982 1110 1244 1185 capitulo
1271 1108 1586 1173 matutino,
1622 1123 1744 1164 non
1767 1107 1826 1162 in
1848 1106 1980 1162 loco
1997 1123 2088 1162 so-

421 1204 706 1272 brietatis,
726 1203 830 1258 sed
857 1202 982 1269 jam
1011 1199 1160 1256 escis
1182 1198 1498 1269 distentus,
1521 1195 1788 1269 piscibus
1809 1195 2084 1263 refectus,

422 1295 540 1350 viui
571 1293 716 1350 meri
748 1291 978 1365 poculis
1025 1289 1328 1357 madidus,
1364 1287 1423 1343 in
1477 1285 1788 1342 refcctorio
1834 1285 2085 1341 fratrum

417 1383 672 1455 jubebat
698 1383 978 1438 lectorem
1036 1379 1206 1435 silere
1250 1376 1573 1444 multoties,
1617 1380 1816 1432 etnon
1846 1375 1921 1430 de
1955 1374 2088 1448 ipsa

421 1473 692 1538 lectione,
717 1472 818 1527 sed
850 1471 924 1527 de
960 1469 1234 1543 apostolo
1265 1466 1548 1534 Martiale,
1583 1465 1864 1522 fratribus
1891 1464 2090 1521 convi-

420 1561 722 1630 vantibus,
773 1558 1138 1631 seepissimos
1169 1571 1477 1611 sermones
1530 1553 1785 1610 faciebat
1813 1553 1894 1610 ita
1941 1551 2091 1609 deri-

423 1651 632 1720 sorios,
663 1649 827 1723 quod
860 1665 982 1704 non
1013 1647 1139 1702 sine
1169 1645 1469 1702 immensa
1500 1643 1698 1700 cordis
1725 1641 1842 1698 mei
1868 1641 2090 1698 amari-

1584 267 1898 323 ADEMARI
1943 267 2000 320 S.
2043 263 2321 318 CIBARDI
2365 265 2701 322 MONACHI.

430 403 519 455 tra
545 396 856 456 ecclesiam
887 395 1105 460 scribo,
1137 395 1251 450 hac
1298 392 1431 466 ipsa
1479 391 1630 448 hora
1660 389 1928 446 animam
1953 386 2088 444 red-
2123 391 2169 441 Α

3763 270 3870 325 108

2203 389 2306 444 sed
2337 405 2554 462 parum
2590 407 2771 459 ;nam
2793 391 2853 446 in
2882 391 3317 459 Longobardia,
3348 390 3452 447 ubi
3482 405 3594 462 ego
3624 391 3760 464 plus
3782 392 3871 447 di-

2201 477 2338 546 dici,
2363 483 2449 534 est
2479 479 2613 535 fons
2643 481 2968 554 sapientiae.
2996 483 3117 550 ligo
3137 485 3383 553 propter
3406 480 3566 536 hanc
3591 497 3865 550 causam,

2200 567 2540 625 conducam
2570 585 2815 626 onmem
2863 569 3246 643 Aquitaniam
3304 569 3383 625 ad
3414 569 3527 626 tale
3551 570 3866 644 placitum,

2199 655 2260 712 in
2291 672 2415 729 quo
2440 657 2640 714 nullus
2671 658 3020 714 clericorum
3075 657 3220 714 sciet
3257 674 3318 713 se
3349 657 3660 730 adjuvare.
3717 663 3870 716 Nam

2199 761 2312 816 ego
2341 751 2446 803 aut
2473 747 2575 804 ibo
2634 749 2711 804 ad
2750 764 2976 822 papam
3035 751 3370 804 Romanum
3427 754 3670 823 propter
3711 750 3870 805 hanc

2197 837 2752 910 praesumptionem,
2787 843 2889 894 aut
2935 838 3167 893 mittam
3194 838 3244 894 ei
3269 837 3490 893 litteras
3521 855 3686 895 meas
3715 839 3872 894 sicut

2197 925 2318 982 scio
2349 942 2730 1000 componere.
2761 931 2825 983 Et
2844 927 2950 983 iste
2981 943 3144 1001 papa
3174 931 3261 983 est
3291 928 3462 984 valde
3487 944 3664 1002 asper
3678 928 3871 985 homo

2196 1020 2252 1071 et
2273 1015 2514 1083 ferus,et
2529 1017 2686 1074 male
2709 1017 3034 1073 iracundus
3057 1021 3112 1073 et
3135 1017 3305 1073 saevis
3331 1018 3628 1088 moribus;
3649 1023 3705 1075 et
3722 1035 3871 1074 mox

2195 1122 2268 1161 ex
2289 1123 2412 1178 quo
2444 1107 2646 1162 audiet
2679 1123 2905 1164 novum
2959 1107 3304 1180 apostolum
3352 1123 3481 1164 esse
3512 1113 3776 1164 erectum
3807 1108 3871 1164 in

2195 1196 2402 1265 Gallia,
2421 1197 2974 1254 excommunicabit
2997 1214 3209 1254 omnes
3231 1198 3546 1272 episcopos
3570 1204 3624 1254 et
3653 1215 3873 1255 omnes

2193 1285 2476 1342 ecclesias
2499 1287 2936 1344 etmonasteria
2962 1287 3139 1344 totius
3165 1287 3516 1360 Aquitaniae,
3547 1289 3612 1343 ut
3630 1285 3869 1342 nullum

2195 1390 2436 1430 sacrum
2465 1374 2860 1432 ministerium
2878 1375 2961 1432 ibi
2982 1377 3244 1450 amplius
3267 1376 3614 1445 celebretur,
3637 1391 3873 1448 quous-

2195 1481 2313 1537 que
2342 1465 2458 1520 hoc
2485 1464 2558 1522 sit
2585 1465 2836 1522 omnino
2863 1467 3258 1536 destructum,
3291 1471 3346 1522 et
3385 1465 3732 1540 pcenitentia
3762 1481 3877 1538 pu-

2194 1553 2352 1610 blica
2377 1570 2487 1627 pro
2530 1555 2644 1610 hoc
2695 1555 2770 1612 sit
2817 1555 2894 1611 ab
2945 1556 3228 1612 omnibus
3253 1555 3500 1612 facta.Et
3523 1559 3732 1628 postea
3764 1554 3878 1626 per

2197 1644 2911 1718 testamentipraeceptum
2925 1645 3490 1713 excommunicabit,
3501 1651 3562 1701 ut
3569 1645 3698 1716 jam
3714 1644 3876 1699 ultra

423 1743 627 1798 tudine
655 1741 809 1806 dico,
843 1744 908 1795 ut
945 1735 1219 1794 omnium
1259 1739 1502 1791 aatatum
1554 1733 1764 1788 fratres
1804 1731 1882 1788 ad
1925 1731 2094 1788 lasci-
2126 1746 2164 1799 Β
2197 1731 2259 1788 in
2286 1732 2554 1788 futurum
2583 1733 2697 1789 hoc
2724 1733 2985 1806 amplius
3018 1733 3359 1791 nullatenus
3391 1738 3818 1806 pra-esumatur.
3844 1755 3873 1780 ››

420 1847 565 1888 vum
625 1830 814 1886 risum
864 1833 920 1884 et
977 1825 1341 1882 cachinnum
1397 1822 1773 1880 dissolveret.
1838 1825 1922 1878 lta
1968 1825 2093 1878 tota

422 1919 678 1992 prandia
703 1923 760 1973 et
787 1931 992 1972 cmnas
1017 1930 1124 1987 per
1147 1913 1277 1968 dies
1306 1911 1490 1968 ferme
1544 1907 1948 1982 quadraginta
1981 1911 2096 1964 Au-

425 2008 576 2079 gusti
609 2012 666 2063 et
699 2003 1062 2079 Septembris
1117 2001 1420 2057 mensium
1451 1998 1787 2055 alternatim
1834 1997 2090 2053 mandu-

425 2095 600 2152 cabat
629 2101 684 2152 et
704 2093 970 2156 bibebat,
1001 2089 1113 2146 sibi
1146 2094 1201 2144 et
1226 2087 1457 2144 Christo
1484 2086 1823 2158 apostolum
1869 2084 2093 2142 Martia-

423 2184 540 2240 lem
571 2179 1036 2254 blasphcmabat
1055 2175 1252 2232 nobis.
1287 2173 1488 2248 Epulze
1521 2189 1666 2244 sure,
1697 2171 2092 2246 blasphemiae

424 2276 662 2328 nostrae.
694 2271 826 2324 Haec
847 2269 971 2322 erat
999 2279 1112 2320 sua
1137 2263 1346 2319 crebra
1375 2261 1644 2334 repetitio
1693 2261 2045 2334 quotidiana
2079 2277 2091 2315 :

423 2383 452 2410 ιι
491 2363 633 2431 ligo,
665 2357 877 2430 inquit,
908 2371 1043 2411 sum
1092 2369 1283 2426 nepos
1339 2351 1578 2408 abbatis
1607 2350 1680 2406 de
1713 2350 1890 2406 Clusa
1922 2367 1935 2418 ;
1967 2350 2096 2423 ipse

425 2449 596 2506 duxit
629 2465 722 2504 me
753 2463 859 2519 per
881 2443 1068 2501 multa
1099 2443 1232 2498 loca
1262 2441 1324 2497 in
1357 2439 1776 2510 Longobardia
1805 2444 1860 2496 et
1913 2443 2094 2496 Fran-

425 2540 516 2596 cia
545 2542 786 2613 proptcr
843 2533 1300 2605 grammaticam
1335 2549 1348 2599 ;
1409 2530 1524 2604 ipsi
1560 2530 1688 2601 jam
1747 2533 1980 2586 constat
2005 2545 2095 2585 sa-

423 2629 647 2704 pientia
679 2643 814 2683 mea
845 2625 967 2680 duo
990 2622 1176 2680 millia
1203 2621 1591 2692 solidis,quos
1606 2619 1770 2675 dedit
1793 2618 2096 2690 magistris

425 2718 594 2776 meis.
629 2720 848 2774 Novem
879 2713 1055 2771 annis
1073 2712 1203 2784 jam
1248 2711 1378 2766 steti
1407 2709 1482 2765 ad
1508 2708 1988 2780 grammaticam,
2039 2713 2095 2764 et

426 2810 624 2867 adhuc
657 2825 794 2864 sum
825 2804 1196 2863 scolasticus.
1233 2804 1453 2860 Sumus
1482 2816 1703 2856 novem
1733 2799 2092 2872 scholastici,

427 2901 530 2974 qui
547 2898 724 2955 simul
754 2895 1048 2952 discimus
1067 2891 1613 2964 grammaticam,et
1638 2905 1772 2945 sum
1789 2905 1900 2960 ego
1919 2889 2094 2946 valde

427 2990 722 3063 perfectus
756 2981 1226 3058 sapiens.llabeo
1251 2980 1405 3036 duas
1451 2995 1706 3049 magnas
1732 2978 1949 3034 domos
1977 2978 2100 3051 ple—

427 3095 538 3134 nas
565 3075 818 3144 libris,et
838 3073 1038 3128 adhuc
1054 3087 1179 3126 non
1199 3085 1410 3126 omnes
1428 3084 1530 3124 eos
1550 3067 1686 3137 legi,
1703 3067 1809 3122 sed
1829 3067 2095 3140 quotidie

429 3165 682 3223 meditor
702 3164 764 3219 in
793 3161 924 3218 illis.
961 3157 1165 3215 Nullus
1185 3157 1337 3213 liber
1367 3161 1456 3213 est
1481 3155 1543 3211 in
1579 3159 1700 3212 tota
1731 3161 1884 3212 terra
1913 3172 2095 3230 quem

429 3271 541 3326 ego
568 3269 692 3310 non
721 3251 1002 3310 habeam.
1035 3249 1362 3320 Postquam
1392 3245 1590 3302 exiero
1615 3245 1689 3302 de
1717 3245 1943 3314 schola,
1971 3263 2095 3302 non

429 3345 537 3400 erit
565 3343 778 3400 subtus
822 3339 1040 3396 ccelum
1087 3341 1211 3394 tam
1257 3335 1496 3408 sapiens
1553 3339 1618 3392 ut
1655 3350 1786 3404 ego.
1849 3338 1966 3407 Ego
1994 3351 2096 3392 ero

430 3434 622 3492 abbas
648 3433 723 3488 de
745 3431 919 3488 Clusa
948 3432 1088 3503 post
1134 3431 1390 3482 mortem
1433 3425 1714 3481 avunculi
1747 3425 1883 3493 mei,
1935 3426 2098 3497 jam-

428 3540 547 3599 que
597 3539 733 3578 sum
761 3520 980 3577 electus
1010 3518 1088 3576 ab
1137 3515 1423 3574 omnibus
1458 3533 1470 3584 ;
1515 3519 1572 3570 et
1614 3514 1728 3571 nisi
1759 3515 1908 3572 tales
1957 3532 2098 3572 con-

427 3613 582 3670 versi
611 3611 752 3670 mali
783 3606 1067 3666 monachi
1104 3605 1374 3674 fuissent,
1428 3603 1533 3676 qui
1563 3619 1685 3660 non
1744 3609 1957 3660 curant
1982 3605 2100 3661 nisi

429 3703 503 3760 de
534 3698 844 3775 hypocrisi
869 3696 1021 3754 etde
1046 3694 1392 3764 rusticitate,
1423 3693 1528 3766 qui
1574 3692 1723 3750 mihi
1749 3692 1864 3750 hoc
1895 3693 2101 3751 abstu-

427 3793 642 3859 lerunt,
674 3790 798 3861 jam
833 3805 905 3844 ex
935 3785 1125 3842 multo
1174 3788 1440 3856 tempore
1471 3798 1665 3838 essem
1712 3788 2097 3840 consecratus

431 3881 645 3938 abbas.
668 3883 787 3949 ligo
819 3894 952 3933 sum
981 3874 1144 3948 prior
1163 3874 1237 3928 de
1260 3872 1459 3939 Clusa,
1489 3877 1546 3928 et
1570 3871 1693 3927 scio
1721 3872 1877 3928 bene
1903 3873 2098 3930 facere

433 3985 774 4027 sermonem
804 3966 878 4022 de
907 3965 1114 4021 littera.
1145 3963 1360 4018 Dicunt
1387 3961 1479 4017 isti
1503 3961 1881 4018 Lemovicani
1911 3964 2096 4032 stulti,

431 4060 578 4133 quia
604 4059 668 4114 in
696 4055 944 4115 Francia
997 4052 1328 4128 praedicant
1385 4051 1730 4124 apostolum
1776 4069 1904 4108 esse
1929 4069 2098 4111 sanc-

433 4154 562 4207 tum
606 4145 950 4214 Martialem,
1006 4148 1064 4200 et
1117 4142 1262 4216 quia
1306 4141 1548 4197 mittunt
1591 4157 1730 4198 eum
1777 4141 1836 4199 in
1883 4143 2102 4201 litaniis

434 4244 572 4296 ante
601 4242 918 4310 martyres,
971 4234 1086 4290 hoc
1115 4231 1333 4288 falsum
1381 4235 1470 4287 est
1501 4249 1515 4299 ;
1563 4247 1676 4302 ego
1707 4231 1866 4288 enim
1898 4233 2100 4290 multis

435 4329 610 4387 annis
663 4325 790 4382 steti
847 4323 906 4380 in
969 4321 1216 4380 Francia
1279 4326 1334 4376 et
1381 4335 1697 4393 nunquam
1753 4320 1838 4377 ibi
1902 4323 2104 4381 audiri

434 4419 612 4476 etiam
647 4430 865 4472 nomen
897 4413 1026 4482 ejus
1055 4411 1115 4467 in
1167 4408 1470 4482 aliquibus
1503 4408 1754 4480 agendis
1789 4427 1900 4467 nec
1928 4411 1988 4468 in
2020 4417 2107 4470 to-

433 4509 507 4566 tis
532 4505 770 4564 litaniis.
806 4501 1052 4561 Francia
1081 4499 1229 4556 nihil
1259 4499 1367 4556 scit
1403 4499 1478 4556 de
1508 4500 1640 4572 ipso
1665 4516 1678 4555 :
1728 4501 1919 4558 nescit
1947 4503 1995 4558 si
2017 4513 2114 4567 est

435 4595 762 4672 apostolus,
792 4599 896 4650 aut
930 4597 1177 4665 martyr,
1211 4595 1317 4647 aut
1357 4589 1684 4646 confessor.
1719 4589 1892 4647 Nulla
1919 4589 2002 4646 ibi
2031 4591 2108 4648 de

435 4701 507 4744 eo
536 4685 602 4742 ﬁt
637 4681 1132 4740 commemoratio
1164 4679 1343 4736 etiam
1373 4677 1436 4734 in
1468 4695 1578 4734 suo
1606 4678 1894 4736 natalitio.
1951 4683 2110 4736 Nun-

435 4789 621 4849 quam
651 4771 895 4828 deberet
923 4786 1050 4827 esse
1099 4769 1215 4826 hoc
1273 4767 1622 4839 cogitatum.
1675 4767 1817 4834 Quis
1859 4766 1970 4824 fuit
1999 4783 2109 4824 un-

435 4881 621 4938 quam
643 4866 768 4920 tam
797 4877 980 4918 ausus
1009 4858 1114 4932 qui
1143 4859 1258 4914 hoc
1283 4856 1508 4914 diceret
1533 4859 1562 4914 ?
1588 4857 1732 4924 Quis
1775 4873 1962 4914 ausus
1996 4857 2108 4916 fuit

433 4953 753 5012 Martialem
779 4949 1139 5025 praedicasse
1161 4945 1658 5022 apostolum,nisi
1678 4947 1844 5020 prius
1875 4948 2106 5018 grande

437 5041 710 5115 generale
749 5038 1068 5097 concilium
1093 5036 1370 5093 omnium
1419 5035 1844 5109 episcoporum
1903 5035 2104 5093 Gallite

435 5137 493 5191 et
520 5131 719 5198 Italiae,
751 5145 874 5188 una
906 5145 1046 5186 cum
1072 5142 1234 5201 papa
1285 5129 1558 5182 Romano
1617 5130 2102 5200 congregaretur,

436 5226 494 5278 et
529 5219 611 5276 ibi
638 5225 787 5276 esset
815 5218 1140 5292 probatum
1175 5215 1226 5271 si
1255 5218 1344 5270 est
1373 5219 1476 5270 aut
1505 5228 1630 5281 non
1661 5220 1748 5270 est
1769 5213 2102 5288 apostolus.

437 5311 559 5381 Ego
589 5310 779 5364 totum
803 5321 996 5361 unum
1024 5303 1344 5362 concilium
1376 5302 1531 5359 bene
1581 5303 1702 5360 scio
1760 5303 2102 5378 disponere,

436 5401 562 5454 tam
593 5381 836 5466 sapiens
875 5408 1031 5448 sum.
1063 5393 1130 5449 Et
1184 5392 1232 5448 si
1281 5408 1394 5463 ego
1427 5392 1656 5466 primas
1713 5392 2105 5461 aﬂlrmarem,

437 5491 566 5543 tum
592 5486 792 5558 posset
815 5482 928 5538 hac
955 5496 1140 5538 causa
1165 5482 1416 5539 existere
1441 5499 1455 5549 ;
1494 5481 1556 5538 in
1587 5481 1908 5554 Aquitania
1938 5481 2107 5538 nulla

441 5571 738 5645 sapientia
764 5574 870 5637 est,
896 5583 1106 5625 omnes
1135 5575 1275 5627 sunt
1297 5570 1518 5627 rustici.
1573 5573 1641 5626 Et
1683 5569 1730 5626 si
1762 5570 1977 5644 aliquis
2029 5570 2105 5626 de

441 5658 754 5734 Aquitanis
809 5673 1025 5730 parum
1103 5657 1371 5714 didicerit
1429 5659 1908 5729 grammaticam,
1963 5675 2107 5714 mox

440 5751 567 5806 utat
595 5763 658 5803 se
689 5762 820 5801 esse
849 5744 1176 5815 Virgilium.
1240 5751 1304 5802 tn
1354 5749 1601 5804 Francia
1629 5751 1718 5804 est
1747 5748 1988 5820 sapient
2013 5747 2097 5816 ia,

2275 1825 2476 1894 Itaque
2507 1819 2629 1877 duo
2661 1822 3181 1894 pseudomonaehi
3210 1822 3397 1878 nostri
3428 1837 3464 1877 a
3512 1821 3759 1878 Buxetia
3785 1835 3878 1875 re-

2197 1911 2372 1978 versi,
2432 1927 2575 1967 mox
2651 1917 2956 1980 gementes
3007 1916 3318 1984 cmperunt
3372 1911 3550 1966 nobis
3621 1910 3875 1966 dicere:

2201 2022 2230 2048 ‹‹
2268 1999 2432 2055 Heu!
2484 1998 2642 2055 male
2667 1999 2890 2054 fuimus
2947 1999 3073 2055 nati
3108 2015 3358 2068 ;omnes
3388 1998 3606 2056 mortui
3633 2015 3879 2065 sumus,

2201 2088 2317 2144 nisi
2347 2092 2498 2144 Deus
2522 2087 2998 2144 misericordiam
3029 2089 3207 2145 nobis
3253 2089 3473 2145 fecerit.
3511 2111 3537 2138 υ
3581 2091 3730 2144 Tum
3761 2089 3883 2143 ista

2201 2194 2338 2251 quze
2378 2194 2562 2251 supra
2590 2176 2780 2245 retuli,
2815 2183 2872 2234 et
2927 2178 3116 2234 multo
3175 2179 3292 2234 alia
3323 2179 3558 2249 majora
3605 2195 3741 2250 qua:
3770 2195 3882 2234 au-

2203 2268 2441 2324 dierunt
2469 2267 2547 2324 ab
2569 2267 2667 2324 illo
2689 2267 3028 2341 muscipula
3057 2268 3281 2324 diaboli
3318 2268 3880 2338 l.ongobardo,cm-

2203 2361 2422 2431 perunt
2452 2357 2629 2413 nobis
2674 2373 2974 2414 enarrare.
3026 2361 3145 2426 Ego
3199 2373 3364 2427 vero,
3421 2357 3685 2414 conﬁsus
3713 2357 3878 2413 hanc

2203 2447 2684 2504 contrarietatem
2759 2447 3028 2503 accidere
3101 2452 3344 2520 propter
3417 2447 3712 2518 majorem
3779 2445 3879 2503 fu-

2204 2541 2400 2592 turam
2427 2535 2791 2604 ﬁrmitatem,
2825 2540 2882 2590 et
2927 2535 3074 2608 quia
3098 2551 3220 2607 quo
3250 2535 3387 2608 plus
3418 2533 3872 2601 contradicitur,

2205 2641 2276 2682 eo
2323 2625 2460 2699 plus
2509 2625 2723 2680 veritas
2773 2623 3125 2692 afﬁrmatur,
3178 2624 3476 2698 simulque
3527 2640 3638 2697 pro
3683 2623 3881 2680 nihilo

2203 2716 2432 2771 ducens
2447 2717 2844 2770 ostentantem
2864 2713 3219 2783 Longobard
3231 2731 3329 2769 um
3347 2712 3682 2784 (audieram
3709 2713 3882 2770 enim

2203 2822 2344 2862 eum
2393 2803 2756 2871 Lemovicas,
2813 2807 2878 2860 ut
2905 2819 3090 2876 supra
3118 2803 3262 2872 dixi,
3295 2803 3692 2860 barbarismis
3713 2803 3879 2860 male

2203 2909 2587 2967 corrumpere
2613 2891 3006 2962 Latinitatem,
3037 2896 3094 2948 et
3114 2892 3324 2948 stultos
3345 2908 3546 2949 mores
3567 2893 3619 2949 ei
3645 2892 3878 2960 inesse;

2202 2999 2347 3041 nam
2367 2983 2521 3038 iram
2552 2997 2725 3038 suam
2748 2997 3142 3055 nequaquam
3173 2981 3363 3038 celare
3379 2986 3632 3054 poterat,
3656 2987 3713 3038 et
3733 2997 3880 3037 conc
3901 3039 3918 3056 ο

2129 3104 2170 3159 C
2203 3073 2530 3129 tentionem
2561 3071 2623 3126 in
2642 3087 2754 3126 nos
2777 3087 2886 3126 sua
2905 3069 3255 3126 defensione
3277 3070 3544 3141 amabat,
3573 3070 3874 3126 intellexe-

2200 3163 2378 3234 ram),
2411 3160 2507 3217 vel
2529 3160 2674 3234 quia
2703 3165 2788 3217 tot
2815 3161 3139 3236 prudentes
3172 3159 3443 3216 Ecclesiae
3493 3160 3881 3216 Lemovicen—

2204 3251 2288 3306 cis
2315 3248 2476 3306 viros
2524 3247 2839 3320 judicabat
2868 3265 3169 3318 erroneos,
3213 3249 3305 3305 vel
3325 3249 3471 3322 quia
3501 3248 3663 3304 solus
3694 3248 3882 3304 exoti-

2205 3357 2310 3397 cus
2335 3354 2532 3412 neque
2561 3338 2862 3405 invitatus,
2894 3337 3080 3394 videri
3131 3338 3416 3408 magister
3461 3337 3702 3396 volebat
3739 3337 3880 3410 plu-

2203 3429 2371 3486 ribus
2411 3427 2610 3500 (culpa
2658 3431 2747 3483 est
2795 3427 2958 3483 enim
3014 3427 3311 3500 superbire
3367 3426 3676 3484 meliorem
3728 3426 3880 3483 velle

2205 3519 2438 3590 docere)
2475 3536 2489 3585 ;
2523 3517 2822 3590 simulque
2847 3516 2993 3590 quia
3017 3516 3330 3573 confestim
3357 3516 3590 3590 appulit
3636 3515 3882 3572 animus

2204 3611 2363 3666 hanc
2418 3607 2592 3664 vobis
2666 3607 2924 3664 scribere
2995 3607 3311 3680 epistolam
3376 3605 3455 3662 ad
3517 3605 3879 3662 refellendos

2206 3697 2478 3756 vecordis
2503 3713 2754 3767 errores,
2787 3697 3023 3754 curiose
3065 3695 3356 3752 minutius
3377 3696 3710 3752 sciscitatus
3743 3711 3882 3750 sum

2207 3790 2286 3848 ab
2329 3789 2413 3846 eis
2455 3787 2584 3844 haec
2637 3787 2844 3844 omnia
2883 3786 3090 3843 dicens
3123 3804 3134 3842 :
3193 3809 3220 3836 ιι
3253 3787 3417 3844 Unde
3446 3786 3634 3843 nostis
3660 3785 3709 3841 si
3751 3785 3882 3858 ipse

2209 3883 2297 3936 est
2365 3876 2690 3951 sapientior
2742 3875 2921 3932 nobis
2951 3876 2994 3931 ‘2'
3033 3907 3100 3916 ——
3155 3875 3335 3944 Ultra,
3385 3875 3600 3948 inquit,
3667 3889 3884 3931 omnes

2208 3967 2486 4024 homines
2518 3970 2607 4021 est
2635 3963 2875 4039 sapiens
2922 3980 3078 4038 quos
3095 3980 3369 4038 unquam
3397 3964 3682 4020 vidimus.
3745 3963 3888 4020 Nul-

2208 4055 2338 4112 lum
2383 4053 2464 4110 ita
2509 4058 2635 4110 tota
2691 4053 2786 4108 die
2834 4052 3184 4126 loquentem
3224 4051 3584 4109 audivimus.
3619 4053 3664 4109 Ο
3691 4069 3884 4124 quam

2208 4145 2435 4218 loquax
2499 4147 2586 4199 est
2628 4143 2641 4198 Ξ
2721 4141 2888 4198 nulla
2938 4141 3092 4200 hora
3158 4143 3418 4198 lassatur
3473 4159 3510 4198 a
3557 4141 3880 4198 locutione.

2210 4235 2277 4290 In
2337 4247 2703 4306 quocunque
2735 4231 2869 4288 loco
2923 4233 3099 4288 fuerit
3151 4238 3338 4305 stans,
3395 4231 3630 4302 sedens,
3663 4231 3883 4287 ambu-

2210 4323 2368 4390 lans,
2442 4321 2664 4392 jacent,
2721 4320 2804 4377 ita
2859 4321 3134 4378 deﬂuunt
3189 4321 3378 4378 verba
3451 4320 3530 4376 ab
3585 4337 3686 4376 ore
3754 4321 3888 4392 ejus

2210 4411 2390 4470 veluti
2436 4427 2598 4484 aqua
2651 4426 2688 4467 a
2743 4411 2927 4468 ﬂuvio
2973 4411 3225 4482 Tigride.
3287 4416 3417 4484 Ipse
3460 4411 3712 4468 mandat
3756 4427 3888 4467 om-

2215 4517 2357 4558 nem
2411 4499 2614 4556 locum
2671 4498 2934 4556 Buxerias
2965 4499 3136 4554 sicuti
3181 4498 3395 4571 abbas,
3437 4515 3647 4556 omnes
3677 4513 3888 4556 mona-

2217 4591 2334 4663 chi,
2388 4594 2444 4646 et
2514 4589 2648 4646 laici
2708 4593 2766 4646 et
2832 4589 3028 4645 clerici
3113 4589 3258 4645 nihil
3325 4593 3515 4660 agunt
3561 4590 3686 4646 sine
3733 4594 3888 4645 nutu

2216 4682 2396 4753 ejus;
2455 4679 2582 4754 ipse
2637 4683 2730 4736 est
2783 4678 2947 4735 enim
3000 4679 3164 4753 prior
3219 4679 3522 4752 praelatus.
3580 4678 3888 4736 Multitudo

2213 4768 2424 4845 populi
2469 4775 2526 4825 et
2574 4767 2852 4840 militum,
2907 4767 3084 4824 nobis
3135 4767 3553 4840 praesentibus,
3612 4767 3692 4824 ad
3745 4784 3888 4824 eum

2212 4859 2393 4933 quasi
2449 4859 2528 4915 ad
2583 4857 2919 4932 principem
2961 4856 3434 4914 desiderantium
3488 4872 3628 4913 eum
3675 4857 3888 4914 audire

2213 4947 2379 5021 loqui
2409 4945 2772 5004 festinabant
2803 4964 2816 5013 ;
2848 4962 3003 5020 quos
3025 4945 3157 5018 ipse
3188 4949 3308 5002 tota
3328 4944 3424 5001 die
3451 4944 3649 5001 ferens
3674 4947 3884 5015 verba,

2213 5053 2426 5094 omnes
2456 5040 2742 5110 pertaesos
2767 5035 3076 5103 reddebat,
3137 5033 3264 5107 ipse
3293 5050 3436 5090 vero
3463 5049 3589 5090 non
3621 5033 3890 5093 lassaba-

2211 5134 2328 5185 tur.
2359 5127 2468 5194 Qui
2497 5143 2640 5182 vero
2665 5125 3048 5194 recedebant,
3089 5123 3371 5180 dicebant
3403 5141 3415 5178 :
3449 5127 3773 5199 Nunquam
3806 5127 3888 5183 sic

2213 5218 2597 5290 eloquentem
2617 5215 3082 5286 grammaticum
3109 5213 3428 5270 vidimus.»
3477 5215 3708 5280 Quibus
3738 5232 3883 5288 ego:

2215 5328 2244 5356 ‹‹
2277 5310 2402 5362 Non
2424 5304 2768 5372 multitudo,
2788 5304 3004 5378 inquit,
3033 5303 3470 5376 eloquentium,
3499 5303 3606 5360 sed
3627 5305 3888 5362 multitu-

2214 5394 2294 5450 do
2324 5394 2686 5468 sapientium
2709 5393 2934 5451 sanitas
2959 5398 3050 5450 est
3077 5391 3241 5450 orbis
3272 5396 3588 5450 terrarum.
3639 5395 3884 5468 Sapiens

2211 5483 2410 5540 verbis
2435 5484 2751 5540 innoteseit
2767 5483 2999 5556 paucis.
3027 5485 3094 5539 Et
3117 5483 3460 5539 monachus
3475 5497 3674 5555 pauca
3702 5485 3887 5542 verba

2213 5576 2270 5628 et
2320 5571 2701 5630 rationabilia
2747 5571 3054 5646 loquatur,
3107 5576 3167 5628 et
3213 5572 3489 5640 linguam
3520 5571 3598 5628 ad
3640 5571 3886 5646 loquen-

2213 5656 2362 5712 dum
2392 5657 2725 5729 prohibeat,
2755 5660 2812 5712 et
2841 5656 3306 5713 taciturnitatem
3327 5657 3562 5714 habens
3589 5673 3782 5731 usque
3809 5656 3885 5714 ad

2210 5743 2742 5817 interrogationem
2769 5759 2895 5802 non
2914 5745 3216 5818 loquatur.
3241 5747 3502 5818 Stultus,
3533 5747 3588 5803 si
3606 5747 3882 5816 tacuerit,
