  <div class='ocr_page' id='page_1' title='image "/cluster/home/n/w/nwhite01/storage/ocr_20150623/140-141/uc1.31175018559917/630.png"; bbox 0 0 4584 6384; ppageno 0'>
   <div class='ocr_carea' id='block_1_1' title="bbox 368 267 471 320">
    <p class='ocr_par' dir='ltr' id='par_1_1' title="bbox 368 267 471 320">
     <span class='ocr_line' id='line_1_1' title="bbox 368 267 471 320; baseline 0.01 -1"><span class='ocrx_word' id='word_1_1' title='bbox 368 267 471 320; x_wconf 82' lang='grc'><strong>109</strong></span> 
     </span>
    </p>
   </div>
   <div class='ocr_carea' id='block_1_2' title="bbox 1674 263 2495 322">
    <p class='ocr_par' dir='ltr' id='par_1_2' title="bbox 1674 263 2495 322">
     <span class='ocr_line' id='line_1_2' title="bbox 1674 263 2495 322; baseline 0 0"><span class='ocrx_word' id='word_1_2' title='bbox 1674 266 1880 322; x_wconf 83' lang='lat' dir='ltr'>EPIST.</span> <span class='ocrx_word' id='word_1_3' title='bbox 1926 264 2014 318; x_wconf 82' lang='lat' dir='ltr'><strong>DE</strong></span> <span class='ocrx_word' id='word_1_4' title='bbox 2054 263 2107 317; x_wconf 78' lang='lat' dir='ltr'>S.</span> <span class='ocrx_word' id='word_1_5' title='bbox 2152 264 2495 322; x_wconf 74' lang='lat' dir='ltr'>MARTIAIJ.</span> 
     </span>
    </p>
   </div>
   <div class='ocr_carea' id='block_1_3' title="bbox 3682 272 3777 322">
    <p class='ocr_par' dir='ltr' id='par_1_3' title="bbox 3682 272 3777 322">
     <span class='ocr_line' id='line_1_3' title="bbox 3682 272 3777 322; baseline 0 0"><span class='ocrx_word' id='word_1_6' title='bbox 3682 272 3777 322; x_wconf 85' lang='grc'>110</span> 
     </span>
    </p>
   </div>
   <div class='ocr_carea' id='block_1_4' title="bbox 364 386 3776 462">
    <p class='ocr_par' dir='ltr' id='par_1_4' title="bbox 364 386 3776 462">
     <span class='ocr_line' id='line_1_4' title="bbox 364 386 3776 462; baseline 0.001 -20"><span class='ocrx_word' id='word_1_7' title='bbox 364 390 595 457; x_wconf 79' lang='lat' dir='ltr'>sapiens</span> <span class='ocrx_word' id='word_1_8' title='bbox 625 390 1021 459; x_wconf 81' lang='lat' dir='ltr'>reputabitur.</span> <span class='ocrx_word' id='word_1_9' title='bbox 1057 414 1082 439; x_wconf 85' lang='grc'>››</span> <span class='ocrx_word' id='word_1_10' title='bbox 1113 394 1259 446; x_wconf 84' lang='grc' dir='ltr'><strong>Τ11111</strong></span> <span class='ocrx_word' id='word_1_11' title='bbox 1292 390 1373 445; x_wconf 88' lang='lat' dir='ltr'>illi</span> <span class='ocrx_word' id='word_1_12' title='bbox 1407 408 1417 444; x_wconf 94' lang='lat'><strong>:</strong></span> <span class='ocrx_word' id='word_1_13' title='bbox 1475 394 1532 446; x_wconf 91' lang='lat' dir='ltr'>ln</span> <span class='ocrx_word' id='word_1_14' title='bbox 1564 392 1677 446; x_wconf 87' lang='lat' dir='ltr'>hac</span> <span class='ocrx_word' id='word_1_15' title='bbox 1706 396 1858 446; x_wconf 87' lang='lat' dir='ltr'>terra</span> <span class='ocrx_word' id='word_1_16' title='bbox 1890 404 2011 444; x_wconf 89' lang='lat' dir='ltr'>non</span> <span class='ocrx_word' id='word_1_17' title='bbox 2044 392 2089 442; x_wconf 76' lang='grc' dir='ltr'>Α</span> <span class='ocrx_word' id='word_1_18' title='bbox 2126 386 2335 458; x_wconf 90' lang='lat' dir='ltr'>inquit,</span> <span class='ocrx_word' id='word_1_19' title='bbox 2372 392 2569 444; x_wconf 59' lang='lat' dir='ltr'>Romae</span> <span class='ocrx_word' id='word_1_20' title='bbox 2603 389 2719 444; x_wconf 88' lang='lat' dir='ltr'>vidi</span> <span class='ocrx_word' id='word_1_21' title='bbox 2744 390 2871 459; x_wconf 88' lang='lat' dir='ltr'>jam</span> <span class='ocrx_word' id='word_1_22' title='bbox 2896 388 3037 445; x_wconf 90' lang='lat' dir='ltr'>olim</span> <span class='ocrx_word' id='word_1_23' title='bbox 3062 389 3387 461; x_wconf 89' lang='lat' dir='ltr'>quemdam</span> <span class='ocrx_word' id='word_1_24' title='bbox 3406 389 3776 462; x_wconf 62' lang='lat' dir='ltr'>praecipuum</span> 
     </span>
    </p>
   </div>
   <div class='ocr_carea' id='block_1_5' title="bbox 366 477 2013 550">
    <p class='ocr_par' dir='ltr' id='par_1_5' title="bbox 366 477 2013 550">
     <span class='ocr_line' id='line_1_5' title="bbox 366 477 2013 550; baseline 0 -21"><span class='ocrx_word' id='word_1_25' title='bbox 366 480 673 547; x_wconf 75' lang='lat' dir='ltr'>reputatur</span> <span class='ocrx_word' id='word_1_26' title='bbox 695 477 1356 549; x_wconf 83' lang='lat' dir='ltr'>sapiens,nisimultum</span> <span class='ocrx_word' id='word_1_27' title='bbox 1381 477 1552 533; x_wconf 83' lang='lat' dir='ltr'>fuerit</span> <span class='ocrx_word' id='word_1_28' title='bbox 1584 477 2013 550; x_wconf 55' lang='lat' dir='ltr'>eloqucusSed</span> 
     </span>
    </p>
   </div>
   <div class='ocr_carea' id='block_1_6' title="bbox 363 565 2015 635">
    <p class='ocr_par' dir='ltr' id='par_1_6' title="bbox 363 565 2015 635">
     <span class='ocr_line' id='line_1_6' title="bbox 363 565 2015 635; baseline 0 -16"><span class='ocrx_word' id='word_1_29' title='bbox 363 565 437 621; x_wconf 89' lang='lat' dir='ltr'>de</span> <span class='ocrx_word' id='word_1_30' title='bbox 464 570 668 622; x_wconf 87' lang='lat' dir='ltr'>sancto</span> <span class='ocrx_word' id='word_1_31' title='bbox 690 566 943 624; x_wconf 76' lang='lat' dir='ltr'>Martiale</span> <span class='ocrx_word' id='word_1_32' title='bbox 976 567 1149 621; x_wconf 80' lang='lat' dir='ltr'><strong>valde</strong></span> <span class='ocrx_word' id='word_1_33' title='bbox 1176 584 1385 621; x_wconf 84' lang='lat' dir='ltr'>smnus</span> <span class='ocrx_word' id='word_1_34' title='bbox 1410 567 1601 623; x_wconf 83' lang='lat' dir='ltr'>tristes</span> <span class='ocrx_word' id='word_1_35' title='bbox 1628 587 1639 635; x_wconf 92' lang='lat'>;</span> <span class='ocrx_word' id='word_1_36' title='bbox 1669 584 1809 623; x_wconf 89' lang='lat' dir='ltr'>nam</span> <span class='ocrx_word' id='word_1_37' title='bbox 1842 565 2015 621; x_wconf 86' lang='lat' dir='ltr'>valde</span> 
     </span>
    </p>
   </div>
   <div class='ocr_carea' id='block_1_7' title="bbox 364 654 2015 728">
    <p class='ocr_par' dir='ltr' id='par_1_7' title="bbox 364 654 2015 728">
     <span class='ocr_line' id='line_1_7' title="bbox 364 654 2015 728; baseline -0.001 -19"><span class='ocrx_word' id='word_1_38' title='bbox 364 654 642 726; x_wconf 84' lang='lat' dir='ltr'>placebat</span> <span class='ocrx_word' id='word_1_39' title='bbox 673 655 845 711; x_wconf 87' lang='lat' dir='ltr'>nobis</span> <span class='ocrx_word' id='word_1_40' title='bbox 877 671 1015 710; x_wconf 91' lang='lat' dir='ltr'>eum</span> <span class='ocrx_word' id='word_1_41' title='bbox 1047 656 1355 727; x_wconf 67' lang='lat' dir='ltr'>prtedicari</span> <span class='ocrx_word' id='word_1_42' title='bbox 1382 656 1725 728; x_wconf 81' lang='lat' dir='ltr'>apostolum</span> <span class='ocrx_word' id='word_1_43' title='bbox 1751 675 1762 723; x_wconf 90' lang='lat'><strong>;</strong></span> <span class='ocrx_word' id='word_1_44' title='bbox 1796 654 2015 709; x_wconf 88' lang='lat' dir='ltr'>amodo</span> 
     </span>
    </p>
   </div>
   <div class='ocr_carea' id='block_1_8' title="bbox 365 743 2015 815">
    <p class='ocr_par' dir='ltr' id='par_1_8' title="bbox 365 743 2015 815">
     <span class='ocr_line' id='line_1_8' title="bbox 365 743 2015 815; baseline 0 -18"><span class='ocrx_word' id='word_1_45' title='bbox 365 761 509 798; x_wconf 84' lang='lat' dir='ltr'>vero</span> <span class='ocrx_word' id='word_1_46' title='bbox 536 744 951 800; x_wconf 81' lang='lat' dir='ltr'>revertendum</span> <span class='ocrx_word' id='word_1_47' title='bbox 986 745 1159 799; x_wconf 87' lang='lat' dir='ltr'>nobis</span> <span class='ocrx_word' id='word_1_48' title='bbox 1192 750 1277 799; x_wconf 89' lang='lat' dir='ltr'>est</span> <span class='ocrx_word' id='word_1_49' title='bbox 1306 745 1384 800; x_wconf 88' lang='lat' dir='ltr'>ad</span> <span class='ocrx_word' id='word_1_50' title='bbox 1408 746 1645 801; x_wconf 87' lang='lat' dir='ltr'>solitum</span> <span class='ocrx_word' id='word_1_51' title='bbox 1678 762 1873 800; x_wconf 85' lang='lat' dir='ltr'>usum.</span> <span class='ocrx_word' id='word_1_52' title='bbox 1903 743 2015 815; x_wconf 89' lang='lat' dir='ltr'>Ipsi</span> 
     </span>
    </p>
   </div>
   <div class='ocr_carea' id='block_1_9' title="bbox 365 833 2016 906">
    <p class='ocr_par' dir='ltr' id='par_1_9' title="bbox 365 833 2016 906">
     <span class='ocr_line' id='line_1_9' title="bbox 365 833 2016 906; baseline -0.001 -19"><span class='ocrx_word' id='word_1_53' title='bbox 365 833 527 887; x_wconf 85' lang='lat' dir='ltr'>enim</span> <span class='ocrx_word' id='word_1_54' title='bbox 563 833 1009 889; x_wconf 84' lang='lat' dir='ltr'>Lemovicenses</span> <span class='ocrx_word' id='word_1_55' title='bbox 1043 834 1451 905; x_wconf 88' lang='lat' dir='ltr'>monachi,qui</span> <span class='ocrx_word' id='word_1_56' title='bbox 1474 841 1607 891; x_wconf 89' lang='lat' dir='ltr'>ante</span> <span class='ocrx_word' id='word_1_57' title='bbox 1641 850 1857 906; x_wconf 80' lang='lat' dir='ltr'>corpus</span> <span class='ocrx_word' id='word_1_58' title='bbox 1888 833 2016 903; x_wconf 93' lang='lat' dir='ltr'>ejus</span> 
     </span>
    </p>
   </div>
   <div class='ocr_carea' id='block_1_10' title="bbox 363 920 2019 993">
    <p class='ocr_par' dir='ltr' id='par_1_10' title="bbox 363 920 2019 993">
     <span class='ocr_line' id='line_1_10' title="bbox 363 920 2019 993; baseline 0 -19"><span class='ocrx_word' id='word_1_59' title='bbox 363 926 582 986; x_wconf 85' lang='lat' dir='ltr'>astant,</span> <span class='ocrx_word' id='word_1_60' title='bbox 616 927 752 993; x_wconf 90' lang='lat' dir='ltr'>post</span> <span class='ocrx_word' id='word_1_61' title='bbox 794 937 914 977; x_wconf 91' lang='lat' dir='ltr'>non</span> <span class='ocrx_word' id='word_1_62' title='bbox 946 921 1165 975; x_wconf 84' lang='lat' dir='ltr'>multos</span> <span class='ocrx_word' id='word_1_63' title='bbox 1195 922 1321 975; x_wconf 88' lang='lat' dir='ltr'>dies</span> <span class='ocrx_word' id='word_1_64' title='bbox 1352 926 1716 978; x_wconf 82' lang='lat' dir='ltr'>revertentur</span> <span class='ocrx_word' id='word_1_65' title='bbox 1740 922 1813 977; x_wconf 89' lang='lat' dir='ltr'>ad</span> <span class='ocrx_word' id='word_1_66' title='bbox 1834 920 2019 993; x_wconf 82' lang='lat' dir='ltr'>pristi-</span> 
     </span>
    </p>
   </div>
   <div class='ocr_carea' id='block_1_11' title="bbox 364 1012 2019 1084">
    <p class='ocr_par' dir='ltr' id='par_1_11' title="bbox 364 1012 2019 1084">
     <span class='ocr_line' id='line_1_11' title="bbox 364 1012 2019 1084; baseline -0.002 -17"><span class='ocrx_word' id='word_1_67' title='bbox 364 1028 516 1067; x_wconf 90' lang='lat' dir='ltr'>num</span> <span class='ocrx_word' id='word_1_68' title='bbox 553 1028 799 1077; x_wconf 86' lang='lat' dir='ltr'>morem,</span> <span class='ocrx_word' id='word_1_69' title='bbox 853 1016 909 1066; x_wconf 89' lang='lat' dir='ltr'>et</span> <span class='ocrx_word' id='word_1_70' title='bbox 938 1028 1057 1066; x_wconf 87' lang='lat' dir='ltr'>non</span> <span class='ocrx_word' id='word_1_71' title='bbox 1111 1012 1409 1066; x_wconf 80' lang='lat' dir='ltr'>vocabunt</span> <span class='ocrx_word' id='word_1_72' title='bbox 1439 1028 1575 1067; x_wconf 70' lang='lat' dir='ltr'>eum</span> <span class='ocrx_word' id='word_1_73' title='bbox 1608 1012 1760 1069; x_wconf 89' lang='lat' dir='ltr'>ultra</span> <span class='ocrx_word' id='word_1_74' title='bbox 1786 1016 2019 1084; x_wconf 85' lang='lat' dir='ltr'>aposto-</span> 
     </span>
    </p>
   </div>
   <div class='ocr_carea' id='block_1_12' title="bbox 362 1100 2015 1166">
    <p class='ocr_par' dir='ltr' id='par_1_12' title="bbox 362 1100 2015 1166">
     <span class='ocr_line' id='line_1_12' title="bbox 362 1100 2015 1166; baseline 0 -13"><span class='ocrx_word' id='word_1_75' title='bbox 362 1101 515 1165; x_wconf 85' lang='lat' dir='ltr'>lum,</span> <span class='ocrx_word' id='word_1_76' title='bbox 546 1101 647 1155; x_wconf 88' lang='lat' dir='ltr'>sed</span> <span class='ocrx_word' id='word_1_77' title='bbox 692 1100 1120 1163; x_wconf 79' lang='lat' dir='ltr'>confessorem,</span> <span class='ocrx_word' id='word_1_78' title='bbox 1157 1101 1306 1155; x_wconf 85' lang='lat' dir='ltr'>sicut</span> <span class='ocrx_word' id='word_1_79' title='bbox 1356 1102 1700 1156; x_wconf 84' lang='lat' dir='ltr'>Benedictus</span> <span class='ocrx_word' id='word_1_80' title='bbox 1741 1101 2015 1166; x_wconf 81' lang='lat' dir='ltr'>afﬁrmat,</span> 
     </span>
    </p>
   </div>
   <div class='ocr_carea' id='block_1_13' title="bbox 361 1189 2018 1257">
    <p class='ocr_par' dir='ltr' id='par_1_13' title="bbox 361 1189 2018 1257">
     <span class='ocr_line' id='line_1_13' title="bbox 361 1189 2018 1257; baseline 0 -14"><span class='ocrx_word' id='word_1_81' title='bbox 361 1194 417 1243; x_wconf 91' lang='lat' dir='ltr'>et</span> <span class='ocrx_word' id='word_1_82' title='bbox 450 1189 559 1244; x_wconf 89' lang='lat' dir='ltr'>erit</span> <span class='ocrx_word' id='word_1_83' title='bbox 588 1190 701 1244; x_wconf 90' lang='lat' dir='ltr'>hoc</span> <span class='ocrx_word' id='word_1_84' title='bbox 732 1206 954 1257; x_wconf 78' lang='lat' dir='ltr'>magna</span> <span class='ocrx_word' id='word_1_85' title='bbox 984 1189 1199 1243; x_wconf 88' lang='lat' dir='ltr'>derisio</span> <span class='ocrx_word' id='word_1_86' title='bbox 1246 1206 1448 1244; x_wconf 88' lang='lat' dir='ltr'>coram</span> <span class='ocrx_word' id='word_1_87' title='bbox 1502 1191 1665 1245; x_wconf 90' lang='lat' dir='ltr'>omni</span> <span class='ocrx_word' id='word_1_88' title='bbox 1718 1189 1953 1243; x_wconf 81' lang='lat' dir='ltr'>saeculo.</span> <span class='ocrx_word' id='word_1_89' title='bbox 1992 1212 2018 1237; x_wconf 81' lang='grc'><strong>››</strong></span> 
     </span>
    </p>
   </div>
   <div class='ocr_carea' id='block_1_14' title="bbox 363 1278 2020 1349">
    <p class='ocr_par' dir='ltr' id='par_1_14' title="bbox 363 1278 2020 1349">
     <span class='ocr_line' id='line_1_14' title="bbox 363 1278 2020 1349; baseline 0.001 -19"><span class='ocrx_word' id='word_1_90' title='bbox 363 1278 598 1342; x_wconf 79' lang='lat' dir='ltr'>Quibus</span> <span class='ocrx_word' id='word_1_91' title='bbox 629 1293 759 1345; x_wconf 79' lang='lat' dir='ltr'>ego.</span> <span class='ocrx_word' id='word_1_92' title='bbox 792 1298 819 1331; x_wconf 68' lang='grc' dir='ltr'><strong><em>α</em></strong></span> <span class='ocrx_word' id='word_1_93' title='bbox 852 1281 981 1333; x_wconf 67' lang='lat' dir='ltr'>Haec</span> <span class='ocrx_word' id='word_1_94' title='bbox 1025 1283 1112 1332; x_wconf 83' lang='lat' dir='ltr'>est</span> <span class='ocrx_word' id='word_1_95' title='bbox 1150 1278 1299 1332; x_wconf 88' lang='lat' dir='ltr'>visio</span> <span class='ocrx_word' id='word_1_96' title='bbox 1320 1295 1475 1343; x_wconf 89' lang='lat' dir='ltr'>mea,</span> <span class='ocrx_word' id='word_1_97' title='bbox 1496 1294 1681 1349; x_wconf 89' lang='lat' dir='ltr'>quam</span> <span class='ocrx_word' id='word_1_98' title='bbox 1712 1279 1823 1333; x_wconf 89' lang='lat' dir='ltr'>hac</span> <span class='ocrx_word' id='word_1_99' title='bbox 1854 1282 2020 1332; x_wconf 90' lang='lat' dir='ltr'>nocte</span> 
     </span>
    </p>
   </div>
   <div class='ocr_carea' id='block_1_15' title="bbox 359 1366 2023 1439">
    <p class='ocr_par' dir='ltr' id='par_1_15' title="bbox 359 1366 2023 1439">
     <span class='ocr_line' id='line_1_15' title="bbox 359 1366 2023 1439; baseline 0.001 -19"><span class='ocrx_word' id='word_1_100' title='bbox 359 1367 787 1422; x_wconf 73' lang='lat' dir='ltr'>exliorrebam.</span> <span class='ocrx_word' id='word_1_101' title='bbox 822 1370 947 1422; x_wconf 88' lang='lat' dir='ltr'>Duo</span> <span class='ocrx_word' id='word_1_102' title='bbox 978 1366 1168 1439; x_wconf 85' lang='lat' dir='ltr'>parvi,</span> <span class='ocrx_word' id='word_1_103' title='bbox 1204 1366 1309 1421; x_wconf 87' lang='lat' dir='ltr'>sed</span> <span class='ocrx_word' id='word_1_104' title='bbox 1332 1366 1504 1421; x_wconf 80' lang='lat' dir='ltr'>valde</span> <span class='ocrx_word' id='word_1_105' title='bbox 1529 1367 1690 1421; x_wconf 72' lang='lat' dir='ltr'>l‘etidi</span> <span class='ocrx_word' id='word_1_106' title='bbox 1720 1370 2023 1439; x_wconf 83' lang='lat' dir='ltr'>serpentes</span> 
     </span>
    </p>
   </div>
   <div class='ocr_carea' id='block_1_16' title="bbox 357 1455 2022 1527">
    <p class='ocr_par' dir='ltr' id='par_1_16' title="bbox 357 1455 2022 1527">
     <span class='ocr_line' id='line_1_16' title="bbox 357 1455 2022 1527; baseline 0 -18"><span class='ocrx_word' id='word_1_107' title='bbox 357 1461 537 1512; x_wconf 90' lang='lat' dir='ltr'>erant</span> <span class='ocrx_word' id='word_1_108' title='bbox 563 1456 759 1513; x_wconf 88' lang='lat' dir='ltr'>colore</span> <span class='ocrx_word' id='word_1_109' title='bbox 790 1460 957 1521; x_wconf 89' lang='lat' dir='ltr'>tctro,</span> <span class='ocrx_word' id='word_1_110' title='bbox 987 1455 1377 1510; x_wconf 85' lang='lat' dir='ltr'>ascendentes</span> <span class='ocrx_word' id='word_1_111' title='bbox 1414 1456 1487 1510; x_wconf 88' lang='grc'><strong>(10</strong></span> <span class='ocrx_word' id='word_1_112' title='bbox 1514 1455 1668 1511; x_wconf 81' lang='lat' dir='ltr'>vallo</span> <span class='ocrx_word' id='word_1_113' title='bbox 1707 1456 2022 1527; x_wconf 89' lang='lat' dir='ltr'>inaquoso,</span> 
     </span>
    </p>
   </div>
   <div class='ocr_carea' id='block_1_17' title="bbox 356 1544 2027 1609">
    <p class='ocr_par' dir='ltr' id='par_1_17' title="bbox 356 1544 2027 1609">
     <span class='ocr_line' id='line_1_17' title="bbox 356 1544 2027 1609; baseline 0.001 -12"><span class='ocrx_word' id='word_1_114' title='bbox 356 1545 473 1598; x_wconf 85' lang='lat' dir='ltr'>sed</span> <span class='ocrx_word' id='word_1_115' title='bbox 518 1545 769 1600; x_wconf 90' lang='lat' dir='ltr'>humido</span> <span class='ocrx_word' id='word_1_116' title='bbox 809 1545 961 1599; x_wconf 88' lang='lat' dir='ltr'>inter</span> <span class='ocrx_word' id='word_1_117' title='bbox 1019 1561 1079 1598; x_wconf 87' lang='lat' dir='ltr'>se</span> <span class='ocrx_word' id='word_1_118' title='bbox 1131 1544 1410 1599; x_wconf 85' lang='lat' dir='ltr'>ludentes</span> <span class='ocrx_word' id='word_1_119' title='bbox 1443 1549 1499 1600; x_wconf 91' lang='lat' dir='ltr'>et</span> <span class='ocrx_word' id='word_1_120' title='bbox 1536 1544 1925 1609; x_wconf 82' lang='lat' dir='ltr'>luxuriantes,</span> <span class='ocrx_word' id='word_1_121' title='bbox 1972 1550 2027 1599; x_wconf 88' lang='lat' dir='ltr'>et</span> 
     </span>
    </p>
   </div>
   <div class='ocr_carea' id='block_1_18' title="bbox 2124 476 3781 548">
    <p class='ocr_par' dir='ltr' id='par_1_18' title="bbox 2124 476 3781 548">
     <span class='ocr_line' id='line_1_18' title="bbox 2124 476 3781 548; baseline 0.001 -17"><span class='ocrx_word' id='word_1_122' title='bbox 2124 476 2399 531; x_wconf 88' lang='lat' dir='ltr'>comitem</span> <span class='ocrx_word' id='word_1_123' title='bbox 2419 477 2802 544; x_wconf 82' lang='lat' dir='ltr'>Almannum,</span> <span class='ocrx_word' id='word_1_124' title='bbox 2828 478 3000 548; x_wconf 86' lang='lat' dir='ltr'>cujus</span> <span class='ocrx_word' id='word_1_125' title='bbox 3025 476 3291 545; x_wconf 87' lang='lat' dir='ltr'>linguam</span> <span class='ocrx_word' id='word_1_126' title='bbox 3316 476 3637 545; x_wconf 83' lang='lat' dir='ltr'>intelligere</span> <span class='ocrx_word' id='word_1_127' title='bbox 3660 493 3781 532; x_wconf 90' lang='lat' dir='ltr'>non</span> 
     </span>
    </p>
   </div>
   <div class='ocr_carea' id='block_1_19' title="bbox 2122 565 3779 638">
    <p class='ocr_par' dir='ltr' id='par_1_19' title="bbox 2122 565 3779 638">
     <span class='ocr_line' id='line_1_19' title="bbox 2122 565 3779 638; baseline 0.001 -19"><span class='ocrx_word' id='word_1_128' title='bbox 2122 569 2412 636; x_wconf 87' lang='lat' dir='ltr'>poteram,</span> <span class='ocrx_word' id='word_1_129' title='bbox 2446 566 2557 621; x_wconf 85' lang='lat' dir='ltr'>nisi</span> <span class='ocrx_word' id='word_1_130' title='bbox 2592 567 2648 621; x_wconf 91' lang='lat' dir='ltr'>in</span> <span class='ocrx_word' id='word_1_131' title='bbox 2684 566 2929 638; x_wconf 81' lang='lat' dir='ltr'>psalmis</span> <span class='ocrx_word' id='word_1_132' title='bbox 2962 570 3017 621; x_wconf 88' lang='lat' dir='ltr'>et</span> <span class='ocrx_word' id='word_1_133' title='bbox 3060 565 3279 621; x_wconf 88' lang='lat' dir='ltr'>litauiis</span> <span class='ocrx_word' id='word_1_134' title='bbox 3322 570 3376 621; x_wconf 89' lang='lat' dir='ltr'>et</span> <span class='ocrx_word' id='word_1_135' title='bbox 3406 565 3779 635; x_wconf 87' lang='lat' dir='ltr'>lectionibus,</span> 
     </span>
    </p>
   </div>
   <div class='ocr_carea' id='block_1_20' title="bbox 2126 654 3781 727">
    <p class='ocr_par' dir='ltr' id='par_1_20' title="bbox 2126 654 3781 727">
     <span class='ocr_line' id='line_1_20' title="bbox 2126 654 3781 727; baseline 0.003 -20"><span class='ocrx_word' id='word_1_136' title='bbox 2126 654 2294 723; x_wconf 90' lang='lat' dir='ltr'>cujus</span> <span class='ocrx_word' id='word_1_137' title='bbox 2335 655 2621 727; x_wconf 89' lang='lat' dir='ltr'>capellani</span> <span class='ocrx_word' id='word_1_138' title='bbox 2667 661 2801 710; x_wconf 90' lang='lat' dir='ltr'>ante</span> <span class='ocrx_word' id='word_1_139' title='bbox 2852 673 2989 711; x_wconf 90' lang='lat' dir='ltr'>eum</span> <span class='ocrx_word' id='word_1_140' title='bbox 3043 654 3305 727; x_wconf 88' lang='lat' dir='ltr'>quotidie</span> <span class='ocrx_word' id='word_1_141' title='bbox 3355 654 3510 711; x_wconf 89' lang='lat' dir='ltr'>circa</span> <span class='ocrx_word' id='word_1_142' title='bbox 3566 656 3781 712; x_wconf 88' lang='lat' dir='ltr'>horam</span> 
     </span>
    </p>
   </div>
   <div class='ocr_carea' id='block_1_21' title="bbox 2126 743 3781 817">
    <p class='ocr_par' dir='ltr' id='par_1_21' title="bbox 2126 743 3781 817">
     <span class='ocr_line' id='line_1_21' title="bbox 2126 743 3781 817; baseline 0.002 -19"><span class='ocrx_word' id='word_1_143' title='bbox 2126 743 2354 798; x_wconf 85' lang='lat' dir='ltr'>tertiam</span> <span class='ocrx_word' id='word_1_144' title='bbox 2400 744 2633 799; x_wconf 73' lang='lat' dir='ltr'>litanias</span> <span class='ocrx_word' id='word_1_145' title='bbox 2667 750 3011 800; x_wconf 90' lang='lat' dir='ltr'>sanctorum</span> <span class='ocrx_word' id='word_1_146' title='bbox 3058 744 3356 811; x_wconf 86' lang='lat' dir='ltr'>dicebant,</span> <span class='ocrx_word' id='word_1_147' title='bbox 3409 748 3465 799; x_wconf 91' lang='lat' dir='ltr'>et</span> <span class='ocrx_word' id='word_1_148' title='bbox 3516 745 3781 817; x_wconf 86' lang='lat' dir='ltr'>quotidie</span> 
     </span>
    </p>
   </div>
   <div class='ocr_carea' id='block_1_22' title="bbox 2126 830 3782 906">
    <p class='ocr_par' dir='ltr' id='par_1_22' title="bbox 2126 830 3782 906">
     <span class='ocr_line' id='line_1_22' title="bbox 2126 830 3782 906; baseline 0.002 -21"><span class='ocrx_word' id='word_1_149' title='bbox 2126 830 2254 885; x_wconf 90' lang='lat' dir='ltr'>illos</span> <span class='ocrx_word' id='word_1_150' title='bbox 2304 833 2623 889; x_wconf 83' lang='lat' dir='ltr'>audiebam</span> <span class='ocrx_word' id='word_1_151' title='bbox 2672 834 2988 890; x_wconf 75' lang='lat' dir='ltr'>Martialem</span> <span class='ocrx_word' id='word_1_152' title='bbox 3036 833 3422 906; x_wconf 89' lang='lat' dir='ltr'>pronuntiare</span> <span class='ocrx_word' id='word_1_153' title='bbox 3472 834 3532 889; x_wconf 91' lang='lat' dir='ltr'>in</span> <span class='ocrx_word' id='word_1_154' title='bbox 3573 834 3782 890; x_wconf 87' lang='lat' dir='ltr'>ordine</span> 
     </span>
    </p>
   </div>
   <div class='ocr_carea' id='block_1_23' title="bbox 2088 920 3782 997">
    <p class='ocr_par' dir='ltr' id='par_1_23' title="bbox 2088 920 3782 997">
     <span class='ocr_line' id='line_1_23' title="bbox 2088 920 3782 997; baseline 0.002 -22"><span class='ocrx_word' id='word_1_155' title='bbox 2088 954 2091 957; x_wconf 96' lang='lat'><strong><em>-</em></strong></span> <span class='ocrx_word' id='word_1_156' title='bbox 2127 920 2551 992; x_wconf 80' lang='lat' dir='ltr'>apostolorum.</span> <span class='ocrx_word' id='word_1_157' title='bbox 2583 947 2607 971; x_wconf 81' lang='grc'>››</span> <span class='ocrx_word' id='word_1_158' title='bbox 2640 926 2786 978; x_wconf 89' lang='lat' dir='ltr'>&#39;l‘um</span> <span class='ocrx_word' id='word_1_159' title='bbox 2821 923 3154 991; x_wconf 77' lang='lat' dir='ltr'>Salgionius</span> <span class='ocrx_word' id='word_1_160' title='bbox 3183 939 3193 976; x_wconf 92' lang='lat'>:</span> <span class='ocrx_word' id='word_1_161' title='bbox 3230 946 3255 970; x_wconf 54' lang='grc' dir='ltr'><strong>α</strong></span> <span class='ocrx_word' id='word_1_162' title='bbox 3290 926 3353 979; x_wconf 86' lang='lat' dir='ltr'>Et</span> <span class='ocrx_word' id='word_1_163' title='bbox 3383 923 3782 997; x_wconf 88' lang='lat' dir='ltr'>ego,quando</span> 
     </span>
    </p>
   </div>
   <div class='ocr_carea' id='block_1_24' title="bbox 353 1632 2026 1705">
    <p class='ocr_par' dir='ltr' id='par_1_24' title="bbox 353 1632 2026 1705">
     <span class='ocr_line' id='line_1_24' title="bbox 353 1632 2026 1705; baseline 0 -18"><span class='ocrx_word' id='word_1_164' title='bbox 353 1650 618 1705; x_wconf 85' lang='lat' dir='ltr'>corpore</span> <span class='ocrx_word' id='word_1_165' title='bbox 668 1632 898 1687; x_wconf 89' lang='lat' dir='ltr'>immoti</span> <span class='ocrx_word' id='word_1_166' title='bbox 929 1632 987 1687; x_wconf 88' lang='lat' dir='ltr'>iu</span> <span class='ocrx_word' id='word_1_167' title='bbox 1018 1633 1328 1703; x_wconf 79' lang='lat' dir='ltr'>superﬁcie</span> <span class='ocrx_word' id='word_1_168' title='bbox 1361 1632 1517 1686; x_wconf 83' lang='lat' dir='ltr'>valli.</span> <span class='ocrx_word' id='word_1_169' title='bbox 1570 1634 1727 1696; x_wconf 90' lang='lat' dir='ltr'>Quos</span> <span class='ocrx_word' id='word_1_170' title='bbox 1778 1632 2026 1703; x_wconf 90' lang='lat' dir='ltr'>quidam</span> 
     </span>
    </p>
   </div>
   <div class='ocr_carea' id='block_1_25' title="bbox 350 1720 2100 1795">
    <p class='ocr_par' dir='ltr' id='par_1_25' title="bbox 350 1720 2100 1795">
     <span class='ocr_line' id='line_1_25' title="bbox 350 1720 2100 1795; baseline -0.001 -19"><span class='ocrx_word' id='word_1_171' title='bbox 350 1721 650 1779; x_wconf 89' lang='lat' dir='ltr'>monachi</span> <span class='ocrx_word' id='word_1_172' title='bbox 682 1720 1046 1776; x_wconf 86' lang='lat' dir='ltr'>admirantes</span> <span class='ocrx_word' id='word_1_173' title='bbox 1077 1726 1132 1774; x_wconf 89' lang='lat' dir='ltr'>et</span> <span class='ocrx_word' id='word_1_174' title='bbox 1162 1720 1421 1775; x_wconf 89' lang='lat' dir='ltr'>ridentes</span> <span class='ocrx_word' id='word_1_175' title='bbox 1455 1720 1809 1792; x_wconf 87' lang='lat' dir='ltr'>spectabant</span> <span class='ocrx_word' id='word_1_176' title='bbox 1839 1720 2026 1775; x_wconf 89' lang='lat' dir='ltr'>liben-</span> <span class='ocrx_word' id='word_1_177' title='bbox 2064 1745 2100 1795; x_wconf 66' lang='grc' dir='ltr'>Β</span> 
     </span>
    </p>
   </div>
   <div class='ocr_carea' id='block_1_26' title="bbox 353 1810 2031 1883">
    <p class='ocr_par' dir='ltr' id='par_1_26' title="bbox 353 1810 2031 1883">
     <span class='ocr_line' id='line_1_26' title="bbox 353 1810 2031 1883; baseline -0.001 -18"><span class='ocrx_word' id='word_1_178' title='bbox 353 1817 445 1865; x_wconf 90' lang='lat' dir='ltr'>ter</span> <span class='ocrx_word' id='word_1_179' title='bbox 478 1829 491 1877; x_wconf 92' lang='lat'><strong>;</strong></span> <span class='ocrx_word' id='word_1_180' title='bbox 547 1827 758 1865; x_wconf 87' lang='lat' dir='ltr'>verum</span> <span class='ocrx_word' id='word_1_181' title='bbox 802 1826 913 1878; x_wconf 76' lang='lat' dir='ltr'>ego</span> <span class='ocrx_word' id='word_1_182' title='bbox 959 1826 1067 1882; x_wconf 90' lang='lat' dir='ltr'>pro</span> <span class='ocrx_word' id='word_1_183' title='bbox 1118 1810 1297 1865; x_wconf 83' lang='lat' dir='ltr'>fetore</span> <span class='ocrx_word' id='word_1_184' title='bbox 1330 1810 1595 1878; x_wconf 89' lang='lat' dir='ltr'>maligno</span> <span class='ocrx_word' id='word_1_185' title='bbox 1635 1810 1831 1883; x_wconf 86' lang='lat' dir='ltr'>potius</span> <span class='ocrx_word' id='word_1_186' title='bbox 1862 1825 2031 1864; x_wconf 82' lang='lat' dir='ltr'>exse-</span> 
     </span>
    </p>
   </div>
   <div class='ocr_carea' id='block_1_27' title="bbox 349 1898 2028 1971">
    <p class='ocr_par' dir='ltr' id='par_1_27' title="bbox 349 1898 2028 1971">
     <span class='ocr_line' id='line_1_27' title="bbox 349 1898 2028 1971; baseline -0.002 -16"><span class='ocrx_word' id='word_1_187' title='bbox 349 1917 544 1955; x_wconf 84' lang='lat' dir='ltr'>crans</span> <span class='ocrx_word' id='word_1_188' title='bbox 596 1916 781 1971; x_wconf 90' lang='lat' dir='ltr'>quam</span> <span class='ocrx_word' id='word_1_189' title='bbox 836 1899 1069 1967; x_wconf 79' lang='lat' dir='ltr'>fugiens</span> <span class='ocrx_word' id='word_1_190' title='bbox 1112 1899 1389 1953; x_wconf 84' lang='lat' dir='ltr'>videbam</span> <span class='ocrx_word' id='word_1_191' title='bbox 1431 1915 1532 1954; x_wconf 89' lang='lat' dir='ltr'>eos</span> <span class='ocrx_word' id='word_1_192' title='bbox 1582 1900 1637 1953; x_wconf 91' lang='lat' dir='ltr'>in</span> <span class='ocrx_word' id='word_1_193' title='bbox 1693 1898 2028 1954; x_wconf 86' lang='lat' dir='ltr'>cavernulis</span> 
     </span>
    </p>
   </div>
   <div class='ocr_carea' id='block_1_28' title="bbox 349 1986 2028 2058">
    <p class='ocr_par' dir='ltr' id='par_1_28' title="bbox 349 1986 2028 2058">
     <span class='ocr_line' id='line_1_28' title="bbox 349 1986 2028 2058; baseline 0.001 -18"><span class='ocrx_word' id='word_1_194' title='bbox 349 1990 485 2043; x_wconf 82' lang='lat' dir='ltr'>suis</span> <span class='ocrx_word' id='word_1_195' title='bbox 520 1988 901 2053; x_wconf 83' lang='lat' dir='ltr'>reabseondi,</span> <span class='ocrx_word' id='word_1_196' title='bbox 927 1988 1096 2058; x_wconf 84' lang='lat' dir='ltr'>quasi</span> <span class='ocrx_word' id='word_1_197' title='bbox 1125 1987 1406 2053; x_wconf 75' lang='lat' dir='ltr'>fugiendo</span> <span class='ocrx_word' id='word_1_198' title='bbox 1439 1986 1720 2042; x_wconf 87' lang='lat' dir='ltr'>velocius.</span> <span class='ocrx_word' id='word_1_199' title='bbox 1742 1987 2028 2042; x_wconf 83' lang='lat' dir='ltr'>Videbam</span> 
     </span>
    </p>
   </div>
   <div class='ocr_carea' id='block_1_29' title="bbox 349 2076 2031 2148">
    <p class='ocr_par' dir='ltr' id='par_1_29' title="bbox 349 2076 2031 2148">
     <span class='ocr_line' id='line_1_29' title="bbox 349 2076 2031 2148; baseline -0.001 -16"><span class='ocrx_word' id='word_1_200' title='bbox 349 2080 506 2133; x_wconf 86' lang='lat' dir='ltr'>item</span> <span class='ocrx_word' id='word_1_201' title='bbox 552 2078 613 2132; x_wconf 90' lang='lat' dir='ltr'>in</span> <span class='ocrx_word' id='word_1_202' title='bbox 646 2077 985 2132; x_wconf 85' lang='lat' dir='ltr'>summitate</span> <span class='ocrx_word' id='word_1_203' title='bbox 1020 2076 1227 2131; x_wconf 85' lang='lat' dir='ltr'>fossati</span> <span class='ocrx_word' id='word_1_204' title='bbox 1274 2076 1465 2147; x_wconf 86' lang='lat' dir='ltr'>ipsius</span> <span class='ocrx_word' id='word_1_205' title='bbox 1517 2078 1747 2131; x_wconf 89' lang='lat' dir='ltr'>tertium</span> <span class='ocrx_word' id='word_1_206' title='bbox 1794 2092 2031 2148; x_wconf 88' lang='lat' dir='ltr'>serpen-</span> 
     </span>
    </p>
   </div>
   <div class='ocr_carea' id='block_1_30' title="bbox 349 2165 2028 2238">
    <p class='ocr_par' dir='ltr' id='par_1_30' title="bbox 349 2165 2028 2238">
     <span class='ocr_line' id='line_1_30' title="bbox 349 2165 2028 2238; baseline -0.002 -15"><span class='ocrx_word' id='word_1_207' title='bbox 349 2175 480 2222; x_wconf 88' lang='lat' dir='ltr'>tem</span> <span class='ocrx_word' id='word_1_208' title='bbox 541 2166 881 2238; x_wconf 83' lang='lat' dir='ltr'>turpissime</span> <span class='ocrx_word' id='word_1_209' title='bbox 923 2166 1235 2229; x_wconf 90' lang='lat' dir='ltr'>variatum,</span> <span class='ocrx_word' id='word_1_210' title='bbox 1298 2181 1419 2219; x_wconf 89' lang='lat' dir='ltr'>non</span> <span class='ocrx_word' id='word_1_211' title='bbox 1467 2166 1602 2237; x_wconf 87' lang='lat' dir='ltr'>plus</span> <span class='ocrx_word' id='word_1_212' title='bbox 1655 2181 1775 2220; x_wconf 90' lang='lat' dir='ltr'>uno</span> <span class='ocrx_word' id='word_1_213' title='bbox 1829 2165 2028 2220; x_wconf 90' lang='lat' dir='ltr'>cubito</span> 
     </span>
    </p>
   </div>
   <div class='ocr_carea' id='block_1_31' title="bbox 349 2254 2030 2325">
    <p class='ocr_par' dir='ltr' id='par_1_31' title="bbox 349 2254 2030 2325">
     <span class='ocr_line' id='line_1_31' title="bbox 349 2254 2030 2325; baseline -0.003 -13"><span class='ocrx_word' id='word_1_214' title='bbox 349 2258 644 2325; x_wconf 82' lang='lat' dir='ltr'>longum,</span> <span class='ocrx_word' id='word_1_215' title='bbox 680 2256 952 2309; x_wconf 82' lang='lat' dir='ltr'>inflatum</span> <span class='ocrx_word' id='word_1_216' title='bbox 983 2254 1167 2308; x_wconf 90' lang='lat' dir='ltr'>nimio</span> <span class='ocrx_word' id='word_1_217' title='bbox 1199 2270 1448 2319; x_wconf 83' lang='lat' dir='ltr'>veneno,</span> <span class='ocrx_word' id='word_1_218' title='bbox 1480 2254 1744 2309; x_wconf 87' lang='lat' dir='ltr'>medium</span> <span class='ocrx_word' id='word_1_219' title='bbox 1777 2254 1849 2308; x_wconf 87' lang='lat' dir='ltr'>de</span> <span class='ocrx_word' id='word_1_220' title='bbox 1883 2254 2030 2308; x_wconf 88' lang='lat' dir='ltr'>fora-</span> 
     </span>
    </p>
   </div>
   <div class='ocr_carea' id='block_1_32' title="bbox 349 2344 2026 2415">
    <p class='ocr_par' dir='ltr' id='par_1_32' title="bbox 349 2344 2026 2415">
     <span class='ocr_line' id='line_1_32' title="bbox 349 2344 2026 2415; baseline -0.002 -14"><span class='ocrx_word' id='word_1_221' title='bbox 349 2347 527 2401; x_wconf 83' lang='lat' dir='ltr'>mine</span> <span class='ocrx_word' id='word_1_222' title='bbox 583 2346 739 2400; x_wconf 84' lang='lat' dir='ltr'>exire</span> <span class='ocrx_word' id='word_1_223' title='bbox 796 2344 1121 2415; x_wconf 87' lang='lat' dir='ltr'>torpidum;</span> <span class='ocrx_word' id='word_1_224' title='bbox 1179 2348 1233 2398; x_wconf 90' lang='lat' dir='ltr'>et</span> <span class='ocrx_word' id='word_1_225' title='bbox 1281 2348 1657 2398; x_wconf 81' lang='lat' dir='ltr'>emoventem</span> <span class='ocrx_word' id='word_1_226' title='bbox 1706 2359 2026 2409; x_wconf 87' lang='lat' dir='ltr'>venenum,</span> 
     </span>
    </p>
   </div>
   <div class='ocr_carea' id='block_1_33' title="bbox 349 2433 2031 2509">
    <p class='ocr_par' dir='ltr' id='par_1_33' title="bbox 349 2433 2031 2509">
     <span class='ocr_line' id='line_1_33' title="bbox 349 2433 2031 2509; baseline -0.002 -19"><span class='ocrx_word' id='word_1_227' title='bbox 349 2437 463 2509; x_wconf 85' lang='lat' dir='ltr'>qui</span> <span class='ocrx_word' id='word_1_228' title='bbox 502 2434 832 2491; x_wconf 81' lang='lat' dir='ltr'>exhalabat</span> <span class='ocrx_word' id='word_1_229' title='bbox 861 2434 1295 2488; x_wconf 84' lang='lat' dir='ltr'>exsecrandum</span> <span class='ocrx_word' id='word_1_230' title='bbox 1328 2434 1573 2488; x_wconf 86' lang='lat' dir='ltr'>fetorem</span> <span class='ocrx_word' id='word_1_231' title='bbox 1612 2452 1623 2501; x_wconf 91' lang='lat'><strong>;</strong></span> <span class='ocrx_word' id='word_1_232' title='bbox 1674 2450 1876 2505; x_wconf 86' lang='lat' dir='ltr'>quem,</span> <span class='ocrx_word' id='word_1_233' title='bbox 1927 2433 2031 2504; x_wconf 88' lang='lat' dir='ltr'>qui</span> 
     </span>
    </p>
   </div>
   <div class='ocr_carea' id='block_1_34' title="bbox 349 2522 2031 2589">
    <p class='ocr_par' dir='ltr' id='par_1_34' title="bbox 349 2522 2031 2589">
     <span class='ocr_line' id='line_1_34' title="bbox 349 2522 2031 2589; baseline -0.003 -9"><span class='ocrx_word' id='word_1_234' title='bbox 349 2524 859 2589; x_wconf 80' lang='lat' dir='ltr'>circumstabant,</span> <span class='ocrx_word' id='word_1_235' title='bbox 882 2523 1160 2577; x_wconf 87' lang='lat' dir='ltr'>dicebant</span> <span class='ocrx_word' id='word_1_236' title='bbox 1192 2538 1319 2576; x_wconf 87' lang='lat' dir='ltr'>esse</span> <span class='ocrx_word' id='word_1_237' title='bbox 1350 2527 1601 2576; x_wconf 86' lang='lat' dir='ltr'>matrem</span> <span class='ocrx_word' id='word_1_238' title='bbox 1627 2522 1884 2577; x_wconf 90' lang='lat' dir='ltr'>duorum</span> <span class='ocrx_word' id='word_1_239' title='bbox 1916 2537 2031 2576; x_wconf 87' lang='lat' dir='ltr'>ser-</span> 
     </span>
    </p>
   </div>
   <div class='ocr_carea' id='block_1_35' title="bbox 349 2610 2030 2688">
    <p class='ocr_par' dir='ltr' id='par_1_35' title="bbox 349 2610 2030 2688">
     <span class='ocr_line' id='line_1_35' title="bbox 349 2610 2030 2688; baseline -0.003 -19"><span class='ocrx_word' id='word_1_240' title='bbox 349 2614 666 2688; x_wconf 88' lang='lat' dir='ltr'>pentium.</span> <span class='ocrx_word' id='word_1_241' title='bbox 706 2614 891 2677; x_wconf 89' lang='lat' dir='ltr'>Quem</span> <span class='ocrx_word' id='word_1_242' title='bbox 918 2628 951 2665; x_wconf 89' lang='lat' dir='ltr'>a</span> <span class='ocrx_word' id='word_1_243' title='bbox 980 2610 1155 2679; x_wconf 83' lang='lat' dir='ltr'>longe</span> <span class='ocrx_word' id='word_1_244' title='bbox 1187 2610 1405 2665; x_wconf 88' lang='lat' dir='ltr'>clausis</span> <span class='ocrx_word' id='word_1_245' title='bbox 1434 2610 1682 2665; x_wconf 85' lang='lat' dir='ltr'>naribus</span> <span class='ocrx_word' id='word_1_246' title='bbox 1713 2610 1860 2665; x_wconf 90' lang='lat' dir='ltr'>meis</span> <span class='ocrx_word' id='word_1_247' title='bbox 1884 2610 2030 2664; x_wconf 90' lang='lat' dir='ltr'>dum</span> 
     </span>
    </p>
   </div>
   <div class='ocr_carea' id='block_1_36' title="bbox 350 2699 2029 2775">
    <p class='ocr_par' dir='ltr' id='par_1_36' title="bbox 350 2699 2029 2775">
     <span class='ocr_line' id='line_1_36' title="bbox 350 2699 2029 2775; baseline -0.004 -16"><span class='ocrx_word' id='word_1_248' title='bbox 350 2703 693 2775; x_wconf 66' lang='grc' dir='ltr'><strong>010ρὶ88οω</strong></span> <span class='ocrx_word' id='word_1_249' title='bbox 727 2704 1012 2771; x_wconf 89' lang='lat' dir='ltr'>spectare,</span> <span class='ocrx_word' id='word_1_250' title='bbox 1064 2699 1157 2753; x_wconf 93' lang='lat' dir='ltr'>ille</span> <span class='ocrx_word' id='word_1_251' title='bbox 1207 2699 1366 2754; x_wconf 85' lang='lat' dir='ltr'>velut</span> <span class='ocrx_word' id='word_1_252' title='bbox 1406 2699 1606 2754; x_wconf 86' lang='lat' dir='ltr'>visum</span> <span class='ocrx_word' id='word_1_253' title='bbox 1654 2715 1857 2754; x_wconf 89' lang='lat' dir='ltr'>meum</span> <span class='ocrx_word' id='word_1_254' title='bbox 1897 2714 2029 2753; x_wconf 89' lang='lat' dir='ltr'>eru-</span> 
     </span>
    </p>
   </div>
   <div class='ocr_carea' id='block_1_37' title="bbox 349 2786 2030 2861">
    <p class='ocr_par' dir='ltr' id='par_1_37' title="bbox 349 2786 2030 2861">
     <span class='ocr_line' id='line_1_37' title="bbox 349 2786 2030 2861; baseline -0.004 -14"><span class='ocrx_word' id='word_1_255' title='bbox 349 2795 649 2855; x_wconf 82' lang='lat' dir='ltr'>bescens,</span> <span class='ocrx_word' id='word_1_256' title='bbox 694 2789 983 2861; x_wconf 85' lang='lat' dir='ltr'>paulatim</span> <span class='ocrx_word' id='word_1_257' title='bbox 1011 2793 1339 2842; x_wconf 86' lang='lat' dir='ltr'>retrorsum</span> <span class='ocrx_word' id='word_1_258' title='bbox 1366 2803 1602 2858; x_wconf 87' lang='lat' dir='ltr'>repens,</span> <span class='ocrx_word' id='word_1_259' title='bbox 1652 2787 1712 2841; x_wconf 90' lang='lat' dir='ltr'>in</span> <span class='ocrx_word' id='word_1_260' title='bbox 1738 2786 2030 2842; x_wconf 89' lang='lat' dir='ltr'>foramine</span> 
     </span>
    </p>
   </div>
   <div class='ocr_carea' id='block_1_38' title="bbox 349 2877 2031 2948">
    <p class='ocr_par' dir='ltr' id='par_1_38' title="bbox 349 2877 2031 2948">
     <span class='ocr_line' id='line_1_38' title="bbox 349 2877 2031 2948; baseline -0.004 -10"><span class='ocrx_word' id='word_1_261' title='bbox 349 2899 472 2937; x_wconf 73' lang='lat' dir='ltr'>suo</span> <span class='ocrx_word' id='word_1_262' title='bbox 506 2879 763 2935; x_wconf 88' lang='lat' dir='ltr'>delituit.</span> <span class='ocrx_word' id='word_1_263' title='bbox 798 2878 1055 2932; x_wconf 80' lang='lat' dir='ltr'>Intellexi</span> <span class='ocrx_word' id='word_1_264' title='bbox 1082 2878 1234 2932; x_wconf 91' lang='lat' dir='ltr'>duos</span> <span class='ocrx_word' id='word_1_265' title='bbox 1271 2881 1571 2948; x_wconf 86' lang='lat' dir='ltr'>serpentes</span> <span class='ocrx_word' id='word_1_266' title='bbox 1603 2877 1756 2932; x_wconf 89' lang='lat' dir='ltr'>duos</span> <span class='ocrx_word' id='word_1_267' title='bbox 1776 2892 1906 2932; x_wconf 90' lang='lat' dir='ltr'>esse</span> <span class='ocrx_word' id='word_1_268' title='bbox 1926 2892 2031 2932; x_wconf 89' lang='lat' dir='ltr'>vos</span> 
     </span>
    </p>
   </div>
   <div class='ocr_carea' id='block_1_39' title="bbox 349 2968 2030 3045">
    <p class='ocr_par' dir='ltr' id='par_1_39' title="bbox 349 2968 2030 3045">
     <span class='ocr_line' id='line_1_39' title="bbox 349 2968 2030 3045; baseline -0.004 -18"><span class='ocrx_word' id='word_1_269' title='bbox 349 2970 842 3045; x_wconf 68' lang='lat' dir='ltr'>pseudofratres,</span> <span class='ocrx_word' id='word_1_270' title='bbox 914 2968 1149 3023; x_wconf 88' lang='lat' dir='ltr'>tertium</span> <span class='ocrx_word' id='word_1_271' title='bbox 1206 2984 1344 3022; x_wconf 90' lang='lat' dir='ltr'>vero</span> <span class='ocrx_word' id='word_1_272' title='bbox 1398 2968 1703 3024; x_wconf 84' lang='lat' dir='ltr'>doctorem</span> <span class='ocrx_word' id='word_1_273' title='bbox 1762 2972 2030 3022; x_wconf 85' lang='lat' dir='ltr'>vestrum</span> 
     </span>
    </p>
   </div>
   <div class='ocr_carea' id='block_1_40' title="bbox 350 3056 2030 3131">
    <p class='ocr_par' dir='ltr' id='par_1_40' title="bbox 350 3056 2030 3131">
     <span class='ocr_line' id='line_1_40' title="bbox 350 3056 2030 3131; baseline -0.005 -11"><span class='ocrx_word' id='word_1_274' title='bbox 350 3059 866 3131; x_wconf 51' lang='lat' dir='ltr'>Longobardum,</span> <span class='ocrx_word' id='word_1_275' title='bbox 927 3074 1107 3130; x_wconf 86' lang='lat' dir='ltr'>quem</span> <span class='ocrx_word' id='word_1_276' title='bbox 1160 3058 1313 3112; x_wconf 87' lang='lat' dir='ltr'>ultra</span> <span class='ocrx_word' id='word_1_277' title='bbox 1362 3073 1749 3129; x_wconf 86' lang='lat' dir='ltr'>nequaquam</span> <span class='ocrx_word' id='word_1_278' title='bbox 1798 3056 2030 3112; x_wconf 85' lang='lat' dir='ltr'>vocabo</span> 
     </span>
    </p>
   </div>
   <div class='ocr_carea' id='block_1_41' title="bbox 350 3146 2030 3215">
    <p class='ocr_par' dir='ltr' id='par_1_41' title="bbox 350 3146 2030 3215">
     <span class='ocr_line' id='line_1_41' title="bbox 350 3146 2030 3215; baseline -0.004 -7"><span class='ocrx_word' id='word_1_279' title='bbox 350 3151 784 3213; x_wconf 63' lang='lat' dir='ltr'>Jenedictum,</span> <span class='ocrx_word' id='word_1_280' title='bbox 843 3148 946 3202; x_wconf 90' lang='lat' dir='ltr'>sed</span> <span class='ocrx_word' id='word_1_281' title='bbox 999 3148 1241 3202; x_wconf 86' lang='lat' dir='ltr'>nomine</span> <span class='ocrx_word' id='word_1_282' title='bbox 1289 3147 1471 3215; x_wconf 84' lang='lat' dir='ltr'>digno</span> <span class='ocrx_word' id='word_1_283' title='bbox 1525 3146 1781 3203; x_wconf 87' lang='lat' dir='ltr'>censebo</span> <span class='ocrx_word' id='word_1_284' title='bbox 1822 3146 2030 3202; x_wconf 90' lang='lat' dir='ltr'>Belito-</span> 
     </span>
    </p>
   </div>
   <div class='ocr_carea' id='block_1_42' title="bbox 350 3236 2033 3309">
    <p class='ocr_par' dir='ltr' id='par_1_42' title="bbox 350 3236 2033 3309">
     <span class='ocr_line' id='line_1_42' title="bbox 350 3236 2033 3309; baseline -0.005 -10"><span class='ocrx_word' id='word_1_285' title='bbox 350 3244 563 3303; x_wconf 76' lang='lat' dir='ltr'>lium,</span> <span class='ocrx_word' id='word_1_286' title='bbox 600 3239 718 3293; x_wconf 92' lang='grc'><strong>1100</strong></span> <span class='ocrx_word' id='word_1_287' title='bbox 765 3243 868 3304; x_wconf 90' lang='lat' dir='ltr'>est,</span> <span class='ocrx_word' id='word_1_288' title='bbox 915 3237 1088 3292; x_wconf 84' lang='lat' dir='ltr'>Belial</span> <span class='ocrx_word' id='word_1_289' title='bbox 1138 3253 1376 3303; x_wconf 88' lang='lat' dir='ltr'>sonum,</span> <span class='ocrx_word' id='word_1_290' title='bbox 1426 3236 1568 3309; x_wconf 87' lang='lat' dir='ltr'>quia</span> <span class='ocrx_word' id='word_1_291' title='bbox 1597 3253 1703 3308; x_wconf 91' lang='lat' dir='ltr'>per</span> <span class='ocrx_word' id='word_1_292' title='bbox 1750 3253 1851 3292; x_wconf 91' lang='lat' dir='ltr'>eos</span> <span class='ocrx_word' id='word_1_293' title='bbox 1906 3237 2033 3307; x_wconf 91' lang='lat' dir='ltr'>ejus</span> 
     </span>
    </p>
   </div>
   <div class='ocr_carea' id='block_1_43' title="bbox 354 3325 2034 3396">
    <p class='ocr_par' dir='ltr' id='par_1_43' title="bbox 354 3325 2034 3396">
     <span class='ocr_line' id='line_1_43' title="bbox 354 3325 2034 3396; baseline -0.004 -11"><span class='ocrx_word' id='word_1_294' title='bbox 354 3328 663 3386; x_wconf 81' lang='lat' dir='ltr'>liabolus</span> <span class='ocrx_word' id='word_1_295' title='bbox 705 3331 895 3381; x_wconf 87' lang='lat' dir='ltr'>sonat.</span> <span class='ocrx_word' id='word_1_296' title='bbox 952 3329 1044 3381; x_wconf 64' lang='lat' dir='ltr'>list</span> <span class='ocrx_word' id='word_1_297' title='bbox 1102 3325 1396 3396; x_wconf 86' lang='lat' dir='ltr'>siquidem</span> <span class='ocrx_word' id='word_1_298' title='bbox 1446 3325 1755 3396; x_wconf 89' lang='lat' dir='ltr'>proprium</span> <span class='ocrx_word' id='word_1_299' title='bbox 1803 3328 2034 3381; x_wconf 72' lang='lat' dir='ltr'>Satanae</span> 
     </span>
    </p>
   </div>
   <div class='ocr_carea' id='block_1_44' title="bbox 350 3412 2035 3488">
    <p class='ocr_par' dir='ltr' id='par_1_44' title="bbox 350 3412 2035 3488">
     <span class='ocr_line' id='line_1_44' title="bbox 350 3412 2035 3488; baseline -0.005 -13"><span class='ocrx_word' id='word_1_300' title='bbox 350 3434 485 3475; x_wconf 84' lang='grc'><strong>1011</strong></span> <span class='ocrx_word' id='word_1_301' title='bbox 522 3432 640 3488; x_wconf 90' lang='lat' dir='ltr'>per</span> <span class='ocrx_word' id='word_1_302' title='bbox 670 3414 1017 3469; x_wconf 80' lang='lat' dir='ltr'>cltaritatem</span> <span class='ocrx_word' id='word_1_303' title='bbox 1048 3413 1393 3478; x_wconf 90' lang='lat' dir='ltr'>admonere,</span> <span class='ocrx_word' id='word_1_304' title='bbox 1425 3412 1529 3467; x_wconf 88' lang='lat' dir='ltr'>sed</span> <span class='ocrx_word' id='word_1_305' title='bbox 1558 3429 1661 3485; x_wconf 86' lang='lat' dir='ltr'>per</span> <span class='ocrx_word' id='word_1_306' title='bbox 1691 3412 2035 3485; x_wconf 88' lang='lat' dir='ltr'>superbiam</span> 
     </span>
    </p>
   </div>
   <div class='ocr_carea' id='block_1_45' title="bbox 356 3501 2037 3577">
    <p class='ocr_par' dir='ltr' id='par_1_45' title="bbox 356 3501 2037 3577">
     <span class='ocr_line' id='line_1_45' title="bbox 356 3501 2037 3577; baseline -0.005 -13"><span class='ocrx_word' id='word_1_307' title='bbox 356 3512 695 3577; x_wconf 84' lang='lat' dir='ltr'>lcrogare,</span> <span class='ocrx_word' id='word_1_308' title='bbox 766 3521 872 3576; x_wconf 88' lang='lat' dir='ltr'>per</span> <span class='ocrx_word' id='word_1_309' title='bbox 938 3502 1326 3558; x_wconf 81' lang='lat' dir='ltr'>invidentiam</span> <span class='ocrx_word' id='word_1_310' title='bbox 1405 3501 1657 3557; x_wconf 89' lang='lat' dir='ltr'>aliorum</span> <span class='ocrx_word' id='word_1_311' title='bbox 1712 3502 2037 3557; x_wconf 89' lang='lat' dir='ltr'>claritatem</span> 
     </span>
    </p>
   </div>
   <div class='ocr_carea' id='block_1_46' title="bbox 350 3590 2037 3662">
    <p class='ocr_par' dir='ltr' id='par_1_46' title="bbox 350 3590 2037 3662">
     <span class='ocr_line' id='line_1_46' title="bbox 350 3590 2037 3662; baseline -0.005 -8"><span class='ocrx_word' id='word_1_312' title='bbox 350 3599 720 3655; x_wconf 75' lang='lat' dir='ltr'>)bfuscare.</span> <span class='ocrx_word' id='word_1_313' title='bbox 776 3592 888 3648; x_wconf 90' lang='lat' dir='ltr'>Sed</span> <span class='ocrx_word' id='word_1_314' title='bbox 920 3609 1055 3647; x_wconf 89' lang='lat' dir='ltr'>cum</span> <span class='ocrx_word' id='word_1_315' title='bbox 1091 3592 1276 3646; x_wconf 90' lang='lat' dir='ltr'>sciam</span> <span class='ocrx_word' id='word_1_316' title='bbox 1307 3591 1544 3647; x_wconf 83' lang='lat' dir='ltr'>difﬁcile</span> <span class='ocrx_word' id='word_1_317' title='bbox 1591 3591 1834 3662; x_wconf 84' lang='lat' dir='ltr'>erigere,</span> <span class='ocrx_word' id='word_1_318' title='bbox 1869 3595 1925 3646; x_wconf 92' lang='lat' dir='ltr'>et</span> <span class='ocrx_word' id='word_1_319' title='bbox 1950 3590 2037 3645; x_wconf 88' lang='lat' dir='ltr'>fa-</span> 
     </span>
    </p>
   </div>
   <div class='ocr_carea' id='block_1_47' title="bbox 350 3680 2039 3747">
    <p class='ocr_par' dir='ltr' id='par_1_47' title="bbox 350 3680 2039 3747">
     <span class='ocr_line' id='line_1_47' title="bbox 350 3680 2039 3747; baseline -0.007 -4"><span class='ocrx_word' id='word_1_320' title='bbox 350 3689 469 3743; x_wconf 84' lang='lat' dir='ltr'>:ile</span> <span class='ocrx_word' id='word_1_321' title='bbox 524 3700 663 3739; x_wconf 88' lang='lat' dir='ltr'>esse</span> <span class='ocrx_word' id='word_1_322' title='bbox 710 3682 941 3736; x_wconf 88' lang='lat' dir='ltr'>diruere</span> <span class='ocrx_word' id='word_1_323' title='bbox 975 3680 1295 3747; x_wconf 79' lang='lat' dir='ltr'>veritatem,</span> <span class='ocrx_word' id='word_1_324' title='bbox 1334 3680 1671 3735; x_wconf 88' lang='lat' dir='ltr'>nullatenus</span> <span class='ocrx_word' id='word_1_325' title='bbox 1710 3680 1893 3735; x_wconf 88' lang='lat' dir='ltr'>miror</span> <span class='ocrx_word' id='word_1_326' title='bbox 1930 3695 2039 3734; x_wconf 89' lang='lat' dir='ltr'>vos</span> 
     </span>
    </p>
   </div>
   <div class='ocr_carea' id='block_1_48' title="bbox 350 3769 2041 3841">
    <p class='ocr_par' dir='ltr' id='par_1_48' title="bbox 350 3769 2041 3841">
     <span class='ocr_line' id='line_1_48' title="bbox 350 3769 2041 3841; baseline -0.005 -9"><span class='ocrx_word' id='word_1_327' title='bbox 350 3794 472 3832; x_wconf 66' lang='lat' dir='ltr'>)ro</span> <span class='ocrx_word' id='word_1_328' title='bbox 518 3790 652 3829; x_wconf 87' lang='lat' dir='ltr'>uno</span> <span class='ocrx_word' id='word_1_329' title='bbox 706 3773 909 3841; x_wconf 82' lang='lat' dir='ltr'>ignoto</span> <span class='ocrx_word' id='word_1_330' title='bbox 943 3770 1225 3838; x_wconf 83' lang='lat' dir='ltr'>magistro</span> <span class='ocrx_word' id='word_1_331' title='bbox 1255 3770 1313 3825; x_wconf 92' lang='lat' dir='ltr'>in</span> <span class='ocrx_word' id='word_1_332' title='bbox 1373 3774 1677 3825; x_wconf 91' lang='lat' dir='ltr'>momento</span> <span class='ocrx_word' id='word_1_333' title='bbox 1731 3769 2041 3841; x_wconf 89' lang='lat' dir='ltr'>reliquisse</span> 
     </span>
    </p>
   </div>
   <div class='ocr_carea' id='block_1_49' title="bbox 350 3858 2041 3933">
    <p class='ocr_par' dir='ltr' id='par_1_49' title="bbox 350 3858 2041 3933">
     <span class='ocr_line' id='line_1_49' title="bbox 350 3858 2041 3933; baseline -0.005 -10"><span class='ocrx_word' id='word_1_334' title='bbox 350 3880 642 3932; x_wconf 79' lang='lat' dir='ltr'>)onum,</span> <span class='ocrx_word' id='word_1_335' title='bbox 718 3860 885 3933; x_wconf 92' lang='lat' dir='ltr'>quod</span> <span class='ocrx_word' id='word_1_336' title='bbox 942 3876 1035 3914; x_wconf 91' lang='lat' dir='ltr'>me</span> <span class='ocrx_word' id='word_1_337' title='bbox 1114 3874 1218 3930; x_wconf 89' lang='lat' dir='ltr'>per</span> <span class='ocrx_word' id='word_1_338' title='bbox 1269 3858 1525 3914; x_wconf 89' lang='lat' dir='ltr'>multum</span> <span class='ocrx_word' id='word_1_339' title='bbox 1610 3863 1844 3930; x_wconf 87' lang='lat' dir='ltr'>tempus</span> <span class='ocrx_word' id='word_1_340' title='bbox 1903 3874 2041 3914; x_wconf 89' lang='lat' dir='ltr'>sua-</span> 
     </span>
    </p>
   </div>
   <div class='ocr_carea' id='block_1_50' title="bbox 350 3947 2045 4025">
    <p class='ocr_par' dir='ltr' id='par_1_50' title="bbox 350 3947 2045 4025">
     <span class='ocr_line' id='line_1_50' title="bbox 350 3947 2045 4025; baseline -0.006 -12"><span class='ocrx_word' id='word_1_341' title='bbox 350 3960 579 4017; x_wconf 85' lang='lat' dir='ltr'>lente,</span> <span class='ocrx_word' id='word_1_342' title='bbox 633 3951 736 4025; x_wconf 88' lang='lat' dir='ltr'>qui</span> <span class='ocrx_word' id='word_1_343' title='bbox 795 3968 931 4004; x_wconf 89' lang='lat' dir='ltr'>sum</span> <span class='ocrx_word' id='word_1_344' title='bbox 984 3966 1019 4004; x_wconf 89' lang='lat' dir='ltr'>a</span> <span class='ocrx_word' id='word_1_345' title='bbox 1072 3965 1258 4022; x_wconf 89' lang='lat' dir='ltr'>puero</span> <span class='ocrx_word' id='word_1_346' title='bbox 1302 3964 1421 4003; x_wconf 89' lang='lat' dir='ltr'>non</span> <span class='ocrx_word' id='word_1_347' title='bbox 1476 3947 1833 4017; x_wconf 84' lang='lat' dir='ltr'>incognitus,</span> <span class='ocrx_word' id='word_1_348' title='bbox 1888 3947 2045 4005; x_wconf 89' lang='lat' dir='ltr'>testi-</span> 
     </span>
    </p>
   </div>
   <div class='ocr_carea' id='block_1_51' title="bbox 350 4037 2046 4112">
    <p class='ocr_par' dir='ltr' id='par_1_51' title="bbox 350 4037 2046 4112">
     <span class='ocr_line' id='line_1_51' title="bbox 350 4037 2046 4112; baseline -0.006 -9"><span class='ocrx_word' id='word_1_349' title='bbox 350 4044 608 4103; x_wconf 84' lang='lat' dir='ltr'>noniis</span> <span class='ocrx_word' id='word_1_350' title='bbox 674 4057 843 4112; x_wconf 68' lang='lat' dir='ltr'>teque</span> <span class='ocrx_word' id='word_1_351' title='bbox 893 4045 945 4095; x_wconf 90' lang='lat' dir='ltr'>et</span> <span class='ocrx_word' id='word_1_352' title='bbox 1012 4037 1460 4095; x_wconf 87' lang='lat' dir='ltr'>auctoritatibus</span> <span class='ocrx_word' id='word_1_353' title='bbox 1518 4038 1777 4092; x_wconf 87' lang='lat' dir='ltr'>virorum</span> <span class='ocrx_word' id='word_1_354' title='bbox 1829 4037 2046 4110; x_wconf 91' lang='lat' dir='ltr'>proba-</span> 
     </span>
    </p>
   </div>
   <div class='ocr_carea' id='block_1_52' title="bbox 350 4125 2047 4193">
    <p class='ocr_par' dir='ltr' id='par_1_52' title="bbox 350 4125 2047 4193">
     <span class='ocr_line' id='line_1_52' title="bbox 350 4125 2047 4193; baseline -0.008 0"><span class='ocrx_word' id='word_1_355' title='bbox 350 4137 601 4193; x_wconf 77' lang='grc'><strong>111111111</strong></span> <span class='ocrx_word' id='word_1_356' title='bbox 632 4128 1092 4183; x_wconf 82' lang='lat' dir='ltr'>fervescentibus</span> <span class='ocrx_word' id='word_1_357' title='bbox 1120 4127 1215 4180; x_wconf 73' lang='lat' dir='ltr'>vix</span> <span class='ocrx_word' id='word_1_358' title='bbox 1241 4125 1581 4181; x_wconf 89' lang='lat' dir='ltr'>inchoastis.</span> <span class='ocrx_word' id='word_1_359' title='bbox 1616 4126 1813 4182; x_wconf 81' lang='lat' dir='ltr'>Melius</span> <span class='ocrx_word' id='word_1_360' title='bbox 1848 4132 2047 4182; x_wconf 89' lang='lat' dir='ltr'>tamen</span> 
     </span>
    </p>
   </div>
   <div class='ocr_carea' id='block_1_53' title="bbox 353 4216 2050 4286">
    <p class='ocr_par' dir='ltr' id='par_1_53' title="bbox 353 4216 2050 4286">
     <span class='ocr_line' id='line_1_53' title="bbox 353 4216 2050 4286; baseline -0.008 -3"><span class='ocrx_word' id='word_1_361' title='bbox 353 4226 582 4283; x_wconf 80' lang='lat' dir='ltr'>uerat</span> <span class='ocrx_word' id='word_1_362' title='bbox 649 4218 818 4275; x_wconf 83' lang='lat' dir='ltr'>vobis</span> <span class='ocrx_word' id='word_1_363' title='bbox 886 4216 1297 4273; x_wconf 88' lang='lat' dir='ltr'>rectitudinem</span> <span class='ocrx_word' id='word_1_364' title='bbox 1356 4216 1536 4286; x_wconf 88' lang='lat' dir='ltr'>hujus</span> <span class='ocrx_word' id='word_1_365' title='bbox 1596 4216 1855 4271; x_wconf 87' lang='lat' dir='ltr'>veritatis</span> <span class='ocrx_word' id='word_1_366' title='bbox 1915 4216 2050 4271; x_wconf 89' lang='lat' dir='ltr'>licet</span> 
     </span>
    </p>
   </div>
   <div class='ocr_carea' id='block_1_54' title="bbox 349 4305 2048 4385">
    <p class='ocr_par' dir='ltr' id='par_1_54' title="bbox 349 4305 2048 4385">
     <span class='ocr_line' id='line_1_54' title="bbox 349 4305 2048 4385; baseline -0.006 -15"><span class='ocrx_word' id='word_1_367' title='bbox 349 4311 699 4385; x_wconf 80' lang='lat' dir='ltr'>:ognitam</span> <span class='ocrx_word' id='word_1_368' title='bbox 729 4324 851 4363; x_wconf 91' lang='lat' dir='ltr'>non</span> <span class='ocrx_word' id='word_1_369' title='bbox 880 4306 1194 4362; x_wconf 88' lang='lat' dir='ltr'>inchoasse</span> <span class='ocrx_word' id='word_1_370' title='bbox 1246 4322 1429 4377; x_wconf 88' lang='lat' dir='ltr'>quam</span> <span class='ocrx_word' id='word_1_371' title='bbox 1461 4305 1803 4361; x_wconf 82' lang='lat' dir='ltr'>inchoatam</span> <span class='ocrx_word' id='word_1_372' title='bbox 1837 4305 2048 4359; x_wconf 87' lang='lat' dir='ltr'>dereli-</span> 
     </span>
    </p>
   </div>
   <div class='ocr_carea' id='block_1_55' title="bbox 349 4405 685 4480">
    <p class='ocr_par' dir='ltr' id='par_1_55' title="bbox 349 4405 685 4480">
     <span class='ocr_line' id='line_1_55' title="bbox 349 4405 685 4480; baseline 0 -26"><span class='ocrx_word' id='word_1_373' title='bbox 349 4405 621 4480; x_wconf 77' lang='lat' dir='ltr'>[uisse.</span> <span class='ocrx_word' id='word_1_374' title='bbox 660 4421 685 4445; x_wconf 73' lang='grc' dir='ltr'><strong>υ</strong></span> 
     </span>
    </p>
   </div>
   <div class='ocr_carea' id='block_1_56' title="bbox 423 4481 2053 4551">
    <p class='ocr_par' dir='ltr' id='par_1_56' title="bbox 423 4481 2053 4551">
     <span class='ocr_line' id='line_1_56' title="bbox 423 4481 2053 4551; baseline -0.009 -1"><span class='ocrx_word' id='word_1_375' title='bbox 423 4498 533 4550; x_wconf 84' lang='lat' dir='ltr'>De</span> <span class='ocrx_word' id='word_1_376' title='bbox 565 4486 690 4544; x_wconf 90' lang='lat' dir='ltr'>alio</span> <span class='ocrx_word' id='word_1_377' title='bbox 721 4485 897 4541; x_wconf 88' lang='lat' dir='ltr'>etiam</span> <span class='ocrx_word' id='word_1_378' title='bbox 927 4483 1224 4539; x_wconf 86' lang='lat' dir='ltr'>monacho</span> <span class='ocrx_word' id='word_1_379' title='bbox 1254 4481 1682 4549; x_wconf 61' lang='lat' dir='ltr'>saecularidicet</span> <span class='ocrx_word' id='word_1_380' title='bbox 1708 4481 1858 4537; x_wconf 89' lang='lat' dir='ltr'>inter</span> <span class='ocrx_word' id='word_1_381' title='bbox 1883 4498 2053 4551; x_wconf 84' lang='lat' dir='ltr'>regu-</span> 
     </span>
    </p>
   </div>
   <div class='ocr_carea' id='block_1_57' title="bbox 349 4572 2051 4645">
    <p class='ocr_par' dir='ltr' id='par_1_57' title="bbox 349 4572 2051 4645">
     <span class='ocr_line' id='line_1_57' title="bbox 349 4572 2051 4645; baseline -0.006 -9"><span class='ocrx_word' id='word_1_382' title='bbox 349 4598 537 4644; x_wconf 78' lang='lat' dir='ltr'>ares</span> <span class='ocrx_word' id='word_1_383' title='bbox 564 4574 1020 4645; x_wconf 84' lang='lat' dir='ltr'>Angeriacensis</span> <span class='ocrx_word' id='word_1_384' title='bbox 1038 4572 1290 4627; x_wconf 63' lang='lat' dir='ltr'>coauobii</span> <span class='ocrx_word' id='word_1_385' title='bbox 1310 4572 1387 4627; x_wconf 91' lang='lat' dir='ltr'>ad</span> <span class='ocrx_word' id='word_1_386' title='bbox 1412 4572 1625 4627; x_wconf 89' lang='lat' dir='ltr'>horam</span> <span class='ocrx_word' id='word_1_387' title='bbox 1647 4576 2051 4640; x_wconf 87' lang='lat' dir='ltr'>conversetur,</span> 
     </span>
    </p>
   </div>
   <div class='ocr_carea' id='block_1_58' title="bbox 349 4660 2057 4748">
    <p class='ocr_par' dir='ltr' id='par_1_58' title="bbox 349 4660 2057 4748">
     <span class='ocr_line' id='line_1_58' title="bbox 349 4660 2057 4748; baseline -0.005 -24"><span class='ocrx_word' id='word_1_388' title='bbox 349 4678 385 4748; x_wconf 47' lang='lat' dir='ltr'>ej</span> <span class='ocrx_word' id='word_1_389' title='bbox 402 4668 675 4729; x_wconf 85' lang='lat' dir='ltr'>usdem</span> <span class='ocrx_word' id='word_1_390' title='bbox 689 4663 970 4729; x_wconf 87' lang='lat' dir='ltr'>nominis,</span> <span class='ocrx_word' id='word_1_391' title='bbox 992 4661 1358 4734; x_wconf 69' lang='lat' dir='ltr'>praenomine</span> <span class='ocrx_word' id='word_1_392' title='bbox 1382 4665 1581 4716; x_wconf 88' lang='lat' dir='ltr'>autem</span> <span class='ocrx_word' id='word_1_393' title='bbox 1605 4660 1923 4731; x_wconf 87' lang='lat' dir='ltr'>Salgionio,</span> <span class='ocrx_word' id='word_1_394' title='bbox 1949 4662 2057 4716; x_wconf 89' lang='lat' dir='ltr'>sci-</span> 
     </span>
    </p>
   </div>
   <div class='ocr_carea' id='block_1_59' title="bbox 349 4749 2056 4833">
    <p class='ocr_par' dir='ltr' id='par_1_59' title="bbox 349 4749 2056 4833">
     <span class='ocr_line' id='line_1_59' title="bbox 349 4749 2056 4833; baseline -0.006 -18"><span class='ocrx_word' id='word_1_395' title='bbox 349 4770 519 4833; x_wconf 78' lang='lat' dir='ltr'>ote,</span> <span class='ocrx_word' id='word_1_396' title='bbox 565 4772 607 4813; x_wconf 90' lang='grc' dir='ltr'>ο</span> <span class='ocrx_word' id='word_1_397' title='bbox 637 4753 743 4810; x_wconf 83' lang='lat' dir='ltr'>viri</span> <span class='ocrx_word' id='word_1_398' title='bbox 774 4753 1086 4809; x_wconf 87' lang='lat' dir='ltr'>clarissimi</span> <span class='ocrx_word' id='word_1_399' title='bbox 1114 4750 1334 4824; x_wconf 89' lang='lat' dir='ltr'>quibus</span> <span class='ocrx_word' id='word_1_400' title='bbox 1362 4750 1489 4806; x_wconf 64' lang='lat' dir='ltr'>haec</span> <span class='ocrx_word' id='word_1_401' title='bbox 1522 4749 1735 4817; x_wconf 89' lang='lat' dir='ltr'>scribo,</span> <span class='ocrx_word' id='word_1_402' title='bbox 1765 4754 1821 4806; x_wconf 90' lang='lat' dir='ltr'>et</span> <span class='ocrx_word' id='word_1_403' title='bbox 1849 4750 1975 4822; x_wconf 92' lang='lat' dir='ltr'>ipse</span> <span class='ocrx_word' id='word_1_404' title='bbox 1997 4750 2056 4805; x_wconf 94' lang='lat' dir='ltr'>in</span> 
     </span>
    </p>
   </div>
   <div class='ocr_carea' id='block_1_60' title="bbox 349 4838 2057 4929">
    <p class='ocr_par' dir='ltr' id='par_1_60' title="bbox 349 4838 2057 4929">
     <span class='ocr_line' id='line_1_60' title="bbox 349 4838 2057 4929; baseline -0.006 -23"><span class='ocrx_word' id='word_1_405' title='bbox 349 4864 557 4929; x_wconf 80' lang='lat' dir='ltr'>[uan</span> <span class='ocrx_word' id='word_1_406' title='bbox 568 4850 700 4902; x_wconf 85' lang='lat' dir='ltr'>tum</span> <span class='ocrx_word' id='word_1_407' title='bbox 722 4846 931 4915; x_wconf 89' lang='lat' dir='ltr'>potest,</span> <span class='ocrx_word' id='word_1_408' title='bbox 953 4840 1327 4897; x_wconf 89' lang='lat' dir='ltr'>adversarius</span> <span class='ocrx_word' id='word_1_409' title='bbox 1351 4844 1438 4895; x_wconf 89' lang='lat' dir='ltr'>est</span> <span class='ocrx_word' id='word_1_410' title='bbox 1466 4838 1604 4895; x_wconf 87' lang='lat' dir='ltr'>huic</span> <span class='ocrx_word' id='word_1_411' title='bbox 1625 4838 1872 4908; x_wconf 88' lang='lat' dir='ltr'>veritati,</span> <span class='ocrx_word' id='word_1_412' title='bbox 1907 4839 2057 4895; x_wconf 90' lang='lat' dir='ltr'>adeo</span> 
     </span>
    </p>
   </div>
   <div class='ocr_carea' id='block_1_61' title="bbox 349 4928 2056 5004">
    <p class='ocr_par' dir='ltr' id='par_1_61' title="bbox 349 4928 2056 5004">
     <span class='ocr_line' id='line_1_61' title="bbox 349 4928 2056 5004; baseline -0.012 0"><span class='ocrx_word' id='word_1_413' title='bbox 349 4928 407 5004; x_wconf 70' lang='lat' dir='ltr'>it</span> <span class='ocrx_word' id='word_1_414' title='bbox 439 4944 533 4999; x_wconf 83' lang='lat' dir='ltr'>in</span> <span class='ocrx_word' id='word_1_415' title='bbox 569 4937 875 4990; x_wconf 87' lang='lat' dir='ltr'>conventu</span> <span class='ocrx_word' id='word_1_416' title='bbox 898 4936 1104 4987; x_wconf 88' lang='lat' dir='ltr'>nostro</span> <span class='ocrx_word' id='word_1_417' title='bbox 1130 4928 1372 5002; x_wconf 87' lang='lat' dir='ltr'>publico</span> <span class='ocrx_word' id='word_1_418' title='bbox 1403 4928 1497 4984; x_wconf 90' lang='lat' dir='ltr'>die</span> <span class='ocrx_word' id='word_1_419' title='bbox 1528 4928 1796 5000; x_wconf 90' lang='lat' dir='ltr'>quodam</span> <span class='ocrx_word' id='word_1_420' title='bbox 1816 4929 2056 5001; x_wconf 89' lang='lat' dir='ltr'>hospes,</span> 
     </span>
    </p>
   </div>
   <div class='ocr_carea' id='block_1_62' title="bbox 350 5016 2059 5093">
    <p class='ocr_par' dir='ltr' id='par_1_62' title="bbox 350 5016 2059 5093">
     <span class='ocr_line' id='line_1_62' title="bbox 350 5016 2059 5093; baseline -0.008 -8"><span class='ocrx_word' id='word_1_421' title='bbox 350 5028 661 5093; x_wconf 50' lang='lat' dir='ltr'>Ludiens</span> <span class='ocrx_word' id='word_1_422' title='bbox 708 5037 820 5077; x_wconf 90' lang='lat' dir='ltr'>nos</span> <span class='ocrx_word' id='word_1_423' title='bbox 852 5020 913 5075; x_wconf 90' lang='lat' dir='ltr'>in</span> <span class='ocrx_word' id='word_1_424' title='bbox 943 5018 1159 5075; x_wconf 85' lang='lat' dir='ltr'>litaniis</span> <span class='ocrx_word' id='word_1_425' title='bbox 1188 5033 1411 5074; x_wconf 88' lang='lat' dir='ltr'>nomen</span> <span class='ocrx_word' id='word_1_426' title='bbox 1458 5016 1729 5073; x_wconf 76' lang='lat' dir='ltr'>Martialis</span> <span class='ocrx_word' id='word_1_427' title='bbox 1760 5017 1821 5072; x_wconf 90' lang='lat' dir='ltr'>in</span> <span class='ocrx_word' id='word_1_428' title='bbox 1877 5017 2059 5072; x_wconf 91' lang='lat' dir='ltr'>choro</span> 
     </span>
    </p>
   </div>
   <div class='ocr_carea' id='block_1_63' title="bbox 350 5107 2061 5203">
    <p class='ocr_par' dir='ltr' id='par_1_63' title="bbox 350 5107 2061 5203">
     <span class='ocr_line' id='line_1_63' title="bbox 350 5107 2061 5203; baseline -0.006 -30"><span class='ocrx_word' id='word_1_429' title='bbox 350 5114 819 5203; x_wconf 24' lang='lat' dir='ltr'>Lpostolorum</span> <span class='ocrx_word' id='word_1_430' title='bbox 845 5127 1079 5179; x_wconf 89' lang='lat' dir='ltr'>canere,</span> <span class='ocrx_word' id='word_1_431' title='bbox 1112 5126 1257 5165; x_wconf 81' lang='lat' dir='ltr'>mox</span> <span class='ocrx_word' id='word_1_432' title='bbox 1284 5108 1365 5164; x_wconf 90' lang='lat' dir='ltr'>ibi</span> <span class='ocrx_word' id='word_1_433' title='bbox 1388 5124 1593 5164; x_wconf 90' lang='lat' dir='ltr'>coram</span> <span class='ocrx_word' id='word_1_434' title='bbox 1619 5107 1902 5164; x_wconf 87' lang='lat' dir='ltr'>omnibus</span> <span class='ocrx_word' id='word_1_435' title='bbox 1932 5124 2061 5164; x_wconf 89' lang='lat' dir='ltr'>ma-</span> 
     </span>
    </p>
   </div>
   <div class='ocr_carea' id='block_1_64' title="bbox 366 5197 2063 5272">
    <p class='ocr_par' dir='ltr' id='par_1_64' title="bbox 366 5197 2063 5272">
     <span class='ocr_line' id='line_1_64' title="bbox 366 5197 2063 5272; baseline -0.008 -9"><span class='ocrx_word' id='word_1_436' title='bbox 366 5197 637 5272; x_wconf 68' lang='lat' dir='ltr'>imum</span> <span class='ocrx_word' id='word_1_437' title='bbox 662 5200 983 5256; x_wconf 89' lang='lat' dir='ltr'>tumultum</span> <span class='ocrx_word' id='word_1_438' title='bbox 1014 5203 1069 5254; x_wconf 91' lang='lat' dir='ltr'>et</span> <span class='ocrx_word' id='word_1_439' title='bbox 1094 5214 1368 5254; x_wconf 88' lang='lat' dir='ltr'>murmur</span> <span class='ocrx_word' id='word_1_440' title='bbox 1393 5203 1448 5253; x_wconf 89' lang='lat' dir='ltr'>et</span> <span class='ocrx_word' id='word_1_441' title='bbox 1480 5197 1837 5253; x_wconf 88' lang='lat' dir='ltr'>scandalum</span> <span class='ocrx_word' id='word_1_442' title='bbox 1865 5212 2063 5250; x_wconf 90' lang='lat' dir='ltr'>move-</span> 
     </span>
    </p>
   </div>
   <div class='ocr_carea' id='block_1_65' title="bbox 352 5285 2065 5365">
    <p class='ocr_par' dir='ltr' id='par_1_65' title="bbox 352 5285 2065 5365">
     <span class='ocr_line' id='line_1_65' title="bbox 352 5285 2065 5365; baseline -0.006 -16"><span class='ocrx_word' id='word_1_443' title='bbox 352 5307 465 5365; x_wconf 65' lang='grc' dir='ltr'>ει,</span> <span class='ocrx_word' id='word_1_444' title='bbox 522 5296 601 5348; x_wconf 88' lang='lat' dir='ltr'>et</span> <span class='ocrx_word' id='word_1_445' title='bbox 646 5288 930 5359; x_wconf 87' lang='lat' dir='ltr'>deinceps</span> <span class='ocrx_word' id='word_1_446' title='bbox 972 5291 1255 5359; x_wconf 90' lang='lat' dir='ltr'>quartum</span> <span class='ocrx_word' id='word_1_447' title='bbox 1299 5286 1360 5343; x_wconf 91' lang='lat' dir='ltr'>in</span> <span class='ocrx_word' id='word_1_448' title='bbox 1404 5285 1611 5341; x_wconf 89' lang='lat' dir='ltr'>ordine</span> <span class='ocrx_word' id='word_1_449' title='bbox 1656 5285 2065 5341; x_wconf 88' lang='lat' dir='ltr'>confessorum</span> 
     </span>
    </p>
   </div>
   <div class='ocr_carea' id='block_1_66' title="bbox 356 5374 2068 5449">
    <p class='ocr_par' dir='ltr' id='par_1_66' title="bbox 356 5374 2068 5449">
     <span class='ocr_line' id='line_1_66' title="bbox 356 5374 2068 5449; baseline -0.012 -3"><span class='ocrx_word' id='word_1_450' title='bbox 356 5392 546 5449; x_wconf 76' lang='lat' dir='ltr'>lata</span> <span class='ocrx_word' id='word_1_451' title='bbox 591 5394 741 5433; x_wconf 88' lang='lat' dir='ltr'>voce</span> <span class='ocrx_word' id='word_1_452' title='bbox 767 5377 1074 5449; x_wconf 87' lang='lat' dir='ltr'>proferret,</span> <span class='ocrx_word' id='word_1_453' title='bbox 1106 5375 1210 5449; x_wconf 87' lang='lat' dir='ltr'>qui</span> <span class='ocrx_word' id='word_1_454' title='bbox 1231 5378 1513 5448; x_wconf 89' lang='lat' dir='ltr'>quartum</span> <span class='ocrx_word' id='word_1_455' title='bbox 1544 5375 1845 5432; x_wconf 88' lang='lat' dir='ltr'>decimum</span> <span class='ocrx_word' id='word_1_456' title='bbox 1876 5374 1934 5428; x_wconf 91' lang='lat' dir='ltr'>in</span> <span class='ocrx_word' id='word_1_457' title='bbox 1978 5388 2068 5427; x_wconf 90' lang='lat' dir='ltr'>or-</span> 
     </span>
    </p>
   </div>
   <div class='ocr_carea' id='block_1_67' title="bbox 349 5464 2069 5539">
    <p class='ocr_par' dir='ltr' id='par_1_67' title="bbox 349 5464 2069 5539">
     <span class='ocr_line' id='line_1_67' title="bbox 349 5464 2069 5539; baseline -0.014 0"><span class='ocrx_word' id='word_1_458' title='bbox 349 5483 519 5539; x_wconf 81' lang='lat' dir='ltr'>line</span> <span class='ocrx_word' id='word_1_459' title='bbox 572 5465 993 5538; x_wconf 83' lang='lat' dir='ltr'>apostolorum</span> <span class='ocrx_word' id='word_1_460' title='bbox 1020 5464 1468 5536; x_wconf 87' lang='lat' dir='ltr'>pronuntiatum</span> <span class='ocrx_word' id='word_1_461' title='bbox 1498 5464 1906 5528; x_wconf 88' lang='lat' dir='ltr'>fuerat.Quem</span> <span class='ocrx_word' id='word_1_462' title='bbox 1933 5477 2069 5517; x_wconf 90' lang='lat' dir='ltr'>cum</span> 
     </span>
    </p>
   </div>
   <div class='ocr_carea' id='block_1_68' title="bbox 349 5548 2073 5625">
    <p class='ocr_par' dir='ltr' id='par_1_68' title="bbox 349 5548 2073 5625">
     <span class='ocr_line' id='line_1_68' title="bbox 349 5548 2073 5625; baseline -0.012 -2"><span class='ocrx_word' id='word_1_463' title='bbox 349 5568 614 5625; x_wconf 45' lang='lat' dir='ltr'>“illam</span> <span class='ocrx_word' id='word_1_464' title='bbox 661 5568 866 5609; x_wconf 88' lang='lat' dir='ltr'>coram</span> <span class='ocrx_word' id='word_1_465' title='bbox 916 5552 1135 5607; x_wconf 86' lang='lat' dir='ltr'>abbate</span> <span class='ocrx_word' id='word_1_466' title='bbox 1166 5556 1222 5607; x_wconf 89' lang='lat' dir='ltr'>et</span> <span class='ocrx_word' id='word_1_467' title='bbox 1272 5551 1554 5607; x_wconf 88' lang='lat' dir='ltr'>fratribus</span> <span class='ocrx_word' id='word_1_468' title='bbox 1600 5567 1934 5619; x_wconf 79' lang='lat' dir='ltr'>arguerem,</span> <span class='ocrx_word' id='word_1_469' title='bbox 1993 5548 2073 5603; x_wconf 86' lang='lat' dir='ltr'>ait</span> 
     </span>
    </p>
   </div>
   <div class='ocr_carea' id='block_1_69' title="bbox 349 5639 2073 5725">
    <p class='ocr_par' dir='ltr' id='par_1_69' title="bbox 349 5639 2073 5725">
     <span class='ocr_line' id='line_1_69' title="bbox 349 5639 2073 5725; baseline -0.006 -24"><span class='ocrx_word' id='word_1_470' title='bbox 349 5662 663 5725; x_wconf 56' lang='lat' dir='ltr'>LII-galls</span> <span class='ocrx_word' id='word_1_471' title='bbox 694 5660 705 5695; x_wconf 88' lang='lat'><strong>:</strong></span> <span class='ocrx_word' id='word_1_472' title='bbox 753 5666 777 5689; x_wconf 86' lang='grc'>‹‹</span> <span class='ocrx_word' id='word_1_473' title='bbox 814 5641 979 5706; x_wconf 89' lang='lat' dir='ltr'>Quod</span> <span class='ocrx_word' id='word_1_474' title='bbox 1009 5657 1327 5713; x_wconf 89' lang='lat' dir='ltr'>nunquam</span> <span class='ocrx_word' id='word_1_475' title='bbox 1370 5645 1546 5696; x_wconf 87' lang='lat' dir='ltr'>antea</span> <span class='ocrx_word' id='word_1_476' title='bbox 1576 5641 1803 5695; x_wconf 89' lang='lat' dir='ltr'>dictum</span> <span class='ocrx_word' id='word_1_477' title='bbox 1825 5645 1932 5704; x_wconf 91' lang='lat' dir='ltr'>est,</span> <span class='ocrx_word' id='word_1_478' title='bbox 1962 5639 2073 5692; x_wconf 90' lang='lat' dir='ltr'>hoc</span> 
     </span>
    </p>
   </div>
   <div class='ocr_carea' id='block_1_70' title="bbox 349 5726 2072 5809">
    <p class='ocr_par' dir='ltr' id='par_1_70' title="bbox 349 5726 2072 5809">
     <span class='ocr_line' id='line_1_70' title="bbox 349 5726 2072 5809; baseline -0.008 -17"><span class='ocrx_word' id='word_1_479' title='bbox 349 5740 595 5809; x_wconf 56' lang='lat' dir='ltr'>modo</span> <span class='ocrx_word' id='word_1_480' title='bbox 648 5728 969 5786; x_wconf 80' lang='lat' dir='ltr'>dicemus?</span> <span class='ocrx_word' id='word_1_481' title='bbox 1000 5751 1025 5775; x_wconf 82' lang='grc'><strong>››</strong></span> <span class='ocrx_word' id='word_1_482' title='bbox 1078 5728 1181 5785; x_wconf 87' lang='lat' dir='ltr'>Cui</span> <span class='ocrx_word' id='word_1_483' title='bbox 1226 5729 1621 5784; x_wconf 88' lang='lat' dir='ltr'>Gauzbertus:</span> <span class='ocrx_word' id='word_1_484' title='bbox 1680 5731 1801 5781; x_wconf 84' lang='grc'><strong>«111</strong></span> <span class='ocrx_word' id='word_1_485' title='bbox 1848 5726 2072 5791; x_wconf 87' lang='lat' dir='ltr'>itinere,</span> 
     </span>
    </p>
   </div>
   <div class='ocr_carea' id='block_1_71' title="bbox 2063 3095 2103 3147">
    <p class='ocr_par' dir='ltr' id='par_1_71' title="bbox 2063 3095 2103 3147">
     <span class='ocr_line' id='line_1_71' title="bbox 2063 3095 2103 3147; baseline 0 0"><span class='ocrx_word' id='word_1_486' title='bbox 2063 3095 2103 3147; x_wconf 85' lang='lat' dir='ltr'>C</span> 
     </span>
    </p>
   </div>
   <div class='ocr_carea' id='block_1_72' title="bbox 2128 1011 3779 1083">
    <p class='ocr_par' dir='ltr' id='par_1_72' title="bbox 2128 1011 3779 1083">
     <span class='ocr_line' id='line_1_72' title="bbox 2128 1011 3779 1083; baseline 0.002 -20"><span class='ocrx_word' id='word_1_487' title='bbox 2128 1016 2332 1064; x_wconf 83' lang='lat' dir='ltr'>euntes</span> <span class='ocrx_word' id='word_1_488' title='bbox 2391 1011 2449 1065; x_wconf 91' lang='lat' dir='ltr'>in</span> <span class='ocrx_word' id='word_1_489' title='bbox 2502 1012 2972 1083; x_wconf 75' lang='lat' dir='ltr'>Hierosolymam</span> <span class='ocrx_word' id='word_1_490' title='bbox 3026 1012 3381 1068; x_wconf 84' lang='lat' dir='ltr'>intravimus</span> <span class='ocrx_word' id='word_1_491' title='bbox 3431 1029 3617 1079; x_wconf 90' lang='lat' dir='ltr'>mare,</span> <span class='ocrx_word' id='word_1_492' title='bbox 3659 1011 3779 1069; x_wconf 82' lang='lat' dir='ltr'>vidi</span> 
     </span>
    </p>
   </div>
   <div class='ocr_carea' id='block_1_73' title="bbox 2129 1101 3785 1173">
    <p class='ocr_par' dir='ltr' id='par_1_73' title="bbox 2129 1101 3785 1173">
     <span class='ocr_line' id='line_1_73' title="bbox 2129 1101 3785 1173; baseline 0.004 -23"><span class='ocrx_word' id='word_1_493' title='bbox 2129 1101 2755 1170; x_wconf 83' lang='lat' dir='ltr'>quemdamJoannem</span> <span class='ocrx_word' id='word_1_494' title='bbox 2776 1102 3162 1169; x_wconf 85' lang='lat' dir='ltr'>monachum,</span> <span class='ocrx_word' id='word_1_495' title='bbox 3185 1101 3569 1163; x_wconf 80' lang='lat' dir='ltr'>fortissimum</span> <span class='ocrx_word' id='word_1_496' title='bbox 3589 1118 3785 1173; x_wconf 86' lang='lat' dir='ltr'>gram-</span> 
     </span>
    </p>
   </div>
   <div class='ocr_carea' id='block_1_74' title="bbox 2132 1189 3785 1261">
    <p class='ocr_par' dir='ltr' id='par_1_74' title="bbox 2132 1189 3785 1261">
     <span class='ocr_line' id='line_1_74' title="bbox 2132 1189 3785 1261; baseline 0.001 -18"><span class='ocrx_word' id='word_1_497' title='bbox 2132 1189 2436 1260; x_wconf 88' lang='lat' dir='ltr'>maticum,</span> <span class='ocrx_word' id='word_1_498' title='bbox 2468 1208 2538 1244; x_wconf 77' lang='lat' dir='ltr'>ex</span> <span class='ocrx_word' id='word_1_499' title='bbox 2572 1190 2798 1245; x_wconf 84' lang='lat' dir='ltr'>civitate</span> <span class='ocrx_word' id='word_1_500' title='bbox 2843 1191 3056 1256; x_wconf 79' lang='lat' dir='ltr'>Remis,</span> <span class='ocrx_word' id='word_1_501' title='bbox 3106 1190 3207 1261; x_wconf 91' lang='lat' dir='ltr'>qui</span> <span class='ocrx_word' id='word_1_502' title='bbox 3242 1190 3299 1247; x_wconf 90' lang='lat' dir='ltr'>in</span> <span class='ocrx_word' id='word_1_503' title='bbox 3348 1191 3486 1246; x_wconf 84' lang='lat' dir='ltr'>navi</span> <span class='ocrx_word' id='word_1_504' title='bbox 3520 1190 3785 1253; x_wconf 88' lang='lat' dir='ltr'>similiter</span> 
     </span>
    </p>
   </div>
   <div class='ocr_carea' id='block_1_75' title="bbox 2132 1278 3787 1353">
    <p class='ocr_par' dir='ltr' id='par_1_75' title="bbox 2132 1278 3787 1353">
     <span class='ocr_line' id='line_1_75' title="bbox 2132 1278 3787 1353; baseline 0.003 -24"><span class='ocrx_word' id='word_1_505' title='bbox 2132 1278 2393 1348; x_wconf 89' lang='lat' dir='ltr'>quotidie</span> <span class='ocrx_word' id='word_1_506' title='bbox 2427 1279 2744 1335; x_wconf 74' lang='lat' dir='ltr'>Martialem</span> <span class='ocrx_word' id='word_1_507' title='bbox 2780 1278 3205 1351; x_wconf 84' lang='lat' dir='ltr'>pronuntiabat</span> <span class='ocrx_word' id='word_1_508' title='bbox 3226 1280 3283 1333; x_wconf 90' lang='lat' dir='ltr'>in</span> <span class='ocrx_word' id='word_1_509' title='bbox 3313 1279 3518 1334; x_wconf 90' lang='lat' dir='ltr'>ordine</span> <span class='ocrx_word' id='word_1_510' title='bbox 3551 1284 3787 1353; x_wconf 82' lang='lat' dir='ltr'>aposto-</span> 
     </span>
    </p>
   </div>
   <div class='ocr_carea' id='block_1_76' title="bbox 2132 1366 3788 1441">
    <p class='ocr_par' dir='ltr' id='par_1_76' title="bbox 2132 1366 3788 1441">
     <span class='ocr_line' id='line_1_76' title="bbox 2132 1366 3788 1441; baseline 0.003 -23"><span class='ocrx_word' id='word_1_511' title='bbox 2132 1366 2347 1422; x_wconf 85' lang='lat' dir='ltr'>lorum.</span> <span class='ocrx_word' id='word_1_512' title='bbox 2386 1391 2409 1415; x_wconf 91' lang='grc'>››</span> <span class='ocrx_word' id='word_1_513' title='bbox 2448 1372 2509 1422; x_wconf 69' lang='lat' dir='ltr'>lit</span> <span class='ocrx_word' id='word_1_514' title='bbox 2539 1368 2900 1423; x_wconf 73' lang='lat' dir='ltr'>Cauzbertus</span> <span class='ocrx_word' id='word_1_515' title='bbox 2924 1368 3003 1423; x_wconf 89' lang='lat' dir='ltr'>ait</span> <span class='ocrx_word' id='word_1_516' title='bbox 3028 1385 3038 1421; x_wconf 92' lang='lat'>:</span> <span class='ocrx_word' id='word_1_517' title='bbox 3063 1391 3088 1415; x_wconf 89' lang='grc'><strong>‹‹</strong></span> <span class='ocrx_word' id='word_1_518' title='bbox 3122 1371 3241 1437; x_wconf 85' lang='lat' dir='ltr'>Ego</span> <span class='ocrx_word' id='word_1_519' title='bbox 3271 1367 3383 1424; x_wconf 88' lang='lat' dir='ltr'>nisi</span> <span class='ocrx_word' id='word_1_520' title='bbox 3407 1383 3514 1441; x_wconf 85' lang='lat' dir='ltr'>per</span> <span class='ocrx_word' id='word_1_521' title='bbox 3542 1371 3788 1425; x_wconf 85' lang='lat' dir='ltr'>memet-</span> 
     </span>
    </p>
   </div>
   <div class='ocr_carea' id='block_1_77' title="bbox 2133 1455 3783 1527">
    <p class='ocr_par' dir='ltr' id='par_1_77' title="bbox 2133 1455 3783 1527">
     <span class='ocr_line' id='line_1_77' title="bbox 2133 1455 3783 1527; baseline 0.001 -18"><span class='ocrx_word' id='word_1_522' title='bbox 2133 1455 2331 1527; x_wconf 89' lang='lat' dir='ltr'>ipsum</span> <span class='ocrx_word' id='word_1_523' title='bbox 2363 1457 2439 1511; x_wconf 90' lang='lat' dir='ltr'>ab</span> <span class='ocrx_word' id='word_1_524' title='bbox 2471 1462 2750 1513; x_wconf 79' lang='lat' dir='ltr'>extranea</span> <span class='ocrx_word' id='word_1_525' title='bbox 2781 1462 2950 1527; x_wconf 85' lang='lat' dir='ltr'>gente</span> <span class='ocrx_word' id='word_1_526' title='bbox 2978 1462 3032 1512; x_wconf 89' lang='lat' dir='ltr'>et</span> <span class='ocrx_word' id='word_1_527' title='bbox 3074 1456 3333 1513; x_wconf 83' lang='lat' dir='ltr'>barbara</span> <span class='ocrx_word' id='word_1_528' title='bbox 3373 1456 3581 1526; x_wconf 82' lang='lat' dir='ltr'>lingua</span> <span class='ocrx_word' id='word_1_529' title='bbox 3612 1456 3783 1513; x_wconf 86' lang='lat' dir='ltr'>audi-</span> 
     </span>
    </p>
   </div>
   <div class='ocr_carea' id='block_1_78' title="bbox 2135 1546 3781 1619">
    <p class='ocr_par' dir='ltr' id='par_1_78' title="bbox 2135 1546 3781 1619">
     <span class='ocr_line' id='line_1_78' title="bbox 2135 1546 3781 1619; baseline 0.001 -20"><span class='ocrx_word' id='word_1_530' title='bbox 2135 1562 2281 1615; x_wconf 89' lang='lat' dir='ltr'>rem,</span> <span class='ocrx_word' id='word_1_531' title='bbox 2315 1562 2432 1601; x_wconf 89' lang='grc'><strong>11011</strong></span> <span class='ocrx_word' id='word_1_532' title='bbox 2464 1547 2763 1602; x_wconf 87' lang='lat' dir='ltr'>crederem</span> <span class='ocrx_word' id='word_1_533' title='bbox 2795 1564 2931 1602; x_wconf 90' lang='grc'><strong>011111</strong></span> <span class='ocrx_word' id='word_1_534' title='bbox 2965 1563 3090 1601; x_wconf 89' lang='lat' dir='ltr'>esse</span> <span class='ocrx_word' id='word_1_535' title='bbox 3122 1546 3495 1619; x_wconf 86' lang='lat' dir='ltr'>apostolum;</span> <span class='ocrx_word' id='word_1_536' title='bbox 3530 1552 3590 1603; x_wconf 88' lang='lat' dir='ltr'>tu</span> <span class='ocrx_word' id='word_1_537' title='bbox 3620 1563 3781 1613; x_wconf 85' lang='lat' dir='ltr'>vero,</span> 
     </span>
    </p>
   </div>
   <div class='ocr_carea' id='block_1_79' title="bbox 2137 1635 3785 1708">
    <p class='ocr_par' dir='ltr' id='par_1_79' title="bbox 2137 1635 3785 1708">
     <span class='ocr_line' id='line_1_79' title="bbox 2137 1635 3785 1708; baseline 0.002 -21"><span class='ocrx_word' id='word_1_538' title='bbox 2137 1635 2257 1706; x_wconf 85' lang='lat' dir='ltr'>qui,</span> <span class='ocrx_word' id='word_1_539' title='bbox 2292 1642 2355 1692; x_wconf 88' lang='lat' dir='ltr'>ut</span> <span class='ocrx_word' id='word_1_540' title='bbox 2406 1636 2553 1691; x_wconf 84' lang='lat' dir='ltr'>dicis</span> <span class='ocrx_word' id='word_1_541' title='bbox 2603 1636 2943 1708; x_wconf 75' lang='lat' dir='ltr'>exemplum</span> <span class='ocrx_word' id='word_1_542' title='bbox 2996 1635 3167 1691; x_wconf 87' lang='lat' dir='ltr'>simili</span> <span class='ocrx_word' id='word_1_543' title='bbox 3226 1635 3405 1691; x_wconf 86' lang='lat' dir='ltr'>modo</span> <span class='ocrx_word' id='word_1_544' title='bbox 3456 1636 3533 1690; x_wconf 86' lang='lat' dir='ltr'>ab</span> <span class='ocrx_word' id='word_1_545' title='bbox 3579 1635 3785 1691; x_wconf 87' lang='lat' dir='ltr'>alienis</span> 
     </span>
    </p>
   </div>
   <div class='ocr_carea' id='block_1_80' title="bbox 2139 1724 3782 1799">
    <p class='ocr_par' dir='ltr' id='par_1_80' title="bbox 2139 1724 3782 1799">
     <span class='ocr_line' id='line_1_80' title="bbox 2139 1724 3782 1799; baseline 0.001 -22"><span class='ocrx_word' id='word_1_546' title='bbox 2139 1725 2377 1793; x_wconf 86' lang='lat' dir='ltr'>audisti,</span> <span class='ocrx_word' id='word_1_547' title='bbox 2404 1742 2507 1779; x_wconf 78' lang='lat' dir='ltr'>cur</span> <span class='ocrx_word' id='word_1_548' title='bbox 2532 1725 2907 1780; x_wconf 82' lang='lat' dir='ltr'>adversarius</span> <span class='ocrx_word' id='word_1_549' title='bbox 2933 1727 3036 1779; x_wconf 83' lang='lat' dir='ltr'>es?</span> <span class='ocrx_word' id='word_1_550' title='bbox 3058 1724 3205 1789; x_wconf 83' lang='lat' dir='ltr'>Quia</span> <span class='ocrx_word' id='word_1_551' title='bbox 3235 1724 3782 1799; x_wconf 86' lang='lat' dir='ltr'>uunquam,inquit,</span> 
     </span>
    </p>
   </div>
   <div class='ocr_carea' id='block_1_81' title="bbox 2137 1812 3784 1883">
    <p class='ocr_par' dir='ltr' id='par_1_81' title="bbox 2137 1812 3784 1883">
     <span class='ocr_line' id='line_1_81' title="bbox 2137 1812 3784 1883; baseline 0 -16"><span class='ocrx_word' id='word_1_552' title='bbox 2137 1813 2422 1868; x_wconf 85' lang='lat' dir='ltr'>hactenus</span> <span class='ocrx_word' id='word_1_553' title='bbox 2456 1814 2584 1868; x_wconf 81' lang='lat' dir='ltr'>talis</span> <span class='ocrx_word' id='word_1_554' title='bbox 2613 1814 2986 1869; x_wconf 77' lang='lat' dir='ltr'>consuetudo</span> <span class='ocrx_word' id='word_1_555' title='bbox 3014 1813 3121 1869; x_wconf 84' lang='lat' dir='ltr'>fuit</span> <span class='ocrx_word' id='word_1_556' title='bbox 3143 1812 3293 1869; x_wconf 89' lang='lat' dir='ltr'>inter</span> <span class='ocrx_word' id='word_1_557' title='bbox 3324 1828 3455 1883; x_wconf 89' lang='lat' dir='ltr'>nos,</span> <span class='ocrx_word' id='word_1_558' title='bbox 3490 1818 3545 1868; x_wconf 90' lang='lat' dir='ltr'>et</span> <span class='ocrx_word' id='word_1_559' title='bbox 3574 1829 3784 1877; x_wconf 86' lang='lat' dir='ltr'>omnes</span> 
     </span>
    </p>
   </div>
   <div class='ocr_carea' id='block_1_82' title="bbox 2139 1900 3783 1973">
    <p class='ocr_par' dir='ltr' id='par_1_82' title="bbox 2139 1900 3783 1973">
     <span class='ocr_line' id='line_1_82' title="bbox 2139 1900 3783 1973; baseline 0.001 -20"><span class='ocrx_word' id='word_1_560' title='bbox 2139 1901 2399 1973; x_wconf 76' lang='lat' dir='ltr'>episcopi</span> <span class='ocrx_word' id='word_1_561' title='bbox 2432 1908 2485 1957; x_wconf 89' lang='lat' dir='ltr'>et</span> <span class='ocrx_word' id='word_1_562' title='bbox 2518 1902 2763 1956; x_wconf 75' lang='lat' dir='ltr'>abbates</span> <span class='ocrx_word' id='word_1_563' title='bbox 2796 1901 2981 1956; x_wconf 89' lang='lat' dir='ltr'>nostri</span> <span class='ocrx_word' id='word_1_564' title='bbox 3007 1906 3143 1956; x_wconf 90' lang='lat' dir='ltr'>sunt</span> <span class='ocrx_word' id='word_1_565' title='bbox 3162 1904 3402 1972; x_wconf 89' lang='lat' dir='ltr'>propter</span> <span class='ocrx_word' id='word_1_566' title='bbox 3433 1901 3545 1957; x_wconf 90' lang='lat' dir='ltr'>hoc</span> <span class='ocrx_word' id='word_1_567' title='bbox 3573 1900 3783 1969; x_wconf 87' lang='lat' dir='ltr'>tristes,</span> 
     </span>
    </p>
   </div>
   <div class='ocr_carea' id='block_1_83' title="bbox 2139 1990 3787 2063">
    <p class='ocr_par' dir='ltr' id='par_1_83' title="bbox 2139 1990 3787 2063">
     <span class='ocr_line' id='line_1_83' title="bbox 2139 1990 3787 2063; baseline 0.001 -20"><span class='ocrx_word' id='word_1_568' title='bbox 2139 1994 2193 2043; x_wconf 88' lang='lat' dir='ltr'>et</span> <span class='ocrx_word' id='word_1_569' title='bbox 2225 1990 2429 2045; x_wconf 82' lang='lat' dir='ltr'>volunt</span> <span class='ocrx_word' id='word_1_570' title='bbox 2459 1990 2682 2045; x_wconf 81' lang='lat' dir='ltr'>mittere</span> <span class='ocrx_word' id='word_1_571' title='bbox 2714 1990 2996 2063; x_wconf 84' lang='lat' dir='ltr'>epistolas</span> <span class='ocrx_word' id='word_1_572' title='bbox 3030 2006 3201 2061; x_wconf 68' lang='lat' dir='ltr'>papa:</span> <span class='ocrx_word' id='word_1_573' title='bbox 3232 1992 3521 2061; x_wconf 80' lang='lat' dir='ltr'>Romano,</span> <span class='ocrx_word' id='word_1_574' title='bbox 3546 1995 3607 2044; x_wconf 92' lang='lat' dir='ltr'>ut</span> <span class='ocrx_word' id='word_1_575' title='bbox 3630 1990 3787 2045; x_wconf 87' lang='lat' dir='ltr'>hanc</span> 
     </span>
    </p>
   </div>
   <div class='ocr_carea' id='block_1_84' title="bbox 2140 2077 3788 2151">
    <p class='ocr_par' dir='ltr' id='par_1_84' title="bbox 2140 2077 3788 2151">
     <span class='ocr_line' id='line_1_84' title="bbox 2140 2077 3788 2151; baseline 0 -18"><span class='ocrx_word' id='word_1_576' title='bbox 2140 2095 2356 2133; x_wconf 88' lang='lat' dir='ltr'>novam</span> <span class='ocrx_word' id='word_1_577' title='bbox 2398 2080 2927 2151; x_wconf 67' lang='lat' dir='ltr'>praesumptionem</span> <span class='ocrx_word' id='word_1_578' title='bbox 2962 2077 3085 2132; x_wconf 83' lang='lat' dir='ltr'>fieri</span> <span class='ocrx_word' id='word_1_579' title='bbox 3125 2077 3457 2149; x_wconf 86' lang='lat' dir='ltr'>prohibeat.</span> <span class='ocrx_word' id='word_1_580' title='bbox 3494 2102 3519 2125; x_wconf 75' lang='grc' dir='ltr'>η</span> <span class='ocrx_word' id='word_1_581' title='bbox 3562 2081 3629 2133; x_wconf 83' lang='lat' dir='ltr'>Et</span> <span class='ocrx_word' id='word_1_582' title='bbox 3677 2093 3788 2147; x_wconf 85' lang='lat' dir='ltr'>ego</span> 
     </span>
    </p>
   </div>
   <div class='ocr_carea' id='block_1_85' title="bbox 2139 2167 3788 2241">
    <p class='ocr_par' dir='ltr' id='par_1_85' title="bbox 2139 2167 3788 2241">
     <span class='ocr_line' id='line_1_85' title="bbox 2139 2167 3788 2241; baseline -0.001 -17"><span class='ocrx_word' id='word_1_583' title='bbox 2139 2170 2459 2241; x_wconf 88' lang='lat' dir='ltr'>respondi:</span> <span class='ocrx_word' id='word_1_584' title='bbox 2512 2192 2537 2217; x_wconf 93' lang='grc'><em>‹‹</em></span> <span class='ocrx_word' id='word_1_585' title='bbox 2574 2169 2631 2225; x_wconf 82' lang='lat' dir='ltr'>Si</span> <span class='ocrx_word' id='word_1_586' title='bbox 2670 2185 2849 2241; x_wconf 89' lang='lat' dir='ltr'>papa,</span> <span class='ocrx_word' id='word_1_587' title='bbox 2886 2168 3247 2240; x_wconf 86' lang='lat' dir='ltr'>subripientc</span> <span class='ocrx_word' id='word_1_588' title='bbox 3280 2167 3524 2222; x_wconf 90' lang='lat' dir='ltr'>consilio</span> <span class='ocrx_word' id='word_1_589' title='bbox 3555 2167 3788 2223; x_wconf 76' lang='lat' dir='ltr'>invido-</span> 
     </span>
    </p>
   </div>
   <div class='ocr_carea' id='block_1_86' title="bbox 2139 2256 3790 2330">
    <p class='ocr_par' dir='ltr' id='par_1_86' title="bbox 2139 2256 3790 2330">
     <span class='ocr_line' id='line_1_86' title="bbox 2139 2256 3790 2330; baseline -0.001 -18"><span class='ocrx_word' id='word_1_590' title='bbox 2139 2275 2294 2326; x_wconf 90' lang='lat' dir='ltr'>rum,</span> <span class='ocrx_word' id='word_1_591' title='bbox 2346 2258 2456 2311; x_wconf 81' lang='lat' dir='ltr'>hoe</span> <span class='ocrx_word' id='word_1_592' title='bbox 2488 2258 2779 2330; x_wconf 87' lang='lat' dir='ltr'>prohibet,</span> <span class='ocrx_word' id='word_1_593' title='bbox 2840 2262 3038 2312; x_wconf 90' lang='lat' dir='ltr'>tamen</span> <span class='ocrx_word' id='word_1_594' title='bbox 3097 2256 3338 2311; x_wconf 89' lang='lat' dir='ltr'>obedire</span> <span class='ocrx_word' id='word_1_595' title='bbox 3397 2259 3630 2327; x_wconf 88' lang='lat' dir='ltr'>oportet</span> <span class='ocrx_word' id='word_1_596' title='bbox 3671 2258 3790 2311; x_wconf 90' lang='lat' dir='ltr'>Deo</span> 
     </span>
    </p>
   </div>
   <div class='ocr_carea' id='block_1_87' title="bbox 2140 2343 3791 2418">
    <p class='ocr_par' dir='ltr' id='par_1_87' title="bbox 2140 2343 3791 2418">
     <span class='ocr_line' id='line_1_87' title="bbox 2140 2343 3791 2418; baseline -0.001 -17"><span class='ocrx_word' id='word_1_597' title='bbox 2140 2347 2331 2413; x_wconf 73' lang='lat' dir='ltr'>magis</span> <span class='ocrx_word' id='word_1_598' title='bbox 2361 2363 2543 2417; x_wconf 89' lang='lat' dir='ltr'>quam</span> <span class='ocrx_word' id='word_1_599' title='bbox 2604 2362 2775 2418; x_wconf 59' lang='lat' dir='ltr'>papae</span> <span class='ocrx_word' id='word_1_600' title='bbox 2825 2348 3115 2400; x_wconf 83' lang='lat' dir='ltr'>Romano.</span> <span class='ocrx_word' id='word_1_601' title='bbox 3166 2343 3314 2399; x_wconf 83' lang='lat' dir='ltr'>Nulli</span> <span class='ocrx_word' id='word_1_602' title='bbox 3345 2343 3564 2399; x_wconf 89' lang='lat' dir='ltr'>etenim</span> <span class='ocrx_word' id='word_1_603' title='bbox 3616 2360 3791 2416; x_wconf 64' lang='lat' dir='ltr'>papae</span> 
     </span>
    </p>
   </div>
   <div class='ocr_carea' id='block_1_88' title="bbox 2139 2432 3792 2505">
    <p class='ocr_par' dir='ltr' id='par_1_88' title="bbox 2139 2432 3792 2505">
     <span class='ocr_line' id='line_1_88' title="bbox 2139 2432 3792 2505; baseline 0.001 -18"><span class='ocrx_word' id='word_1_604' title='bbox 2139 2435 2279 2490; x_wconf 89' lang='lat' dir='ltr'>data</span> <span class='ocrx_word' id='word_1_605' title='bbox 2319 2440 2408 2489; x_wconf 89' lang='lat' dir='ltr'>est</span> <span class='ocrx_word' id='word_1_606' title='bbox 2457 2440 2715 2505; x_wconf 81' lang='lat' dir='ltr'>potestas</span> <span class='ocrx_word' id='word_1_607' title='bbox 2761 2433 2851 2488; x_wconf 83' lang='lat' dir='ltr'>vel</span> <span class='ocrx_word' id='word_1_608' title='bbox 2879 2433 3233 2489; x_wconf 89' lang='lat' dir='ltr'>absolvendi</span> <span class='ocrx_word' id='word_1_609' title='bbox 3262 2433 3352 2487; x_wconf 83' lang='lat' dir='ltr'>vel</span> <span class='ocrx_word' id='word_1_610' title='bbox 3385 2432 3792 2489; x_wconf 81' lang='lat' dir='ltr'>excommuni-</span> 
     </span>
    </p>
   </div>
   <div class='ocr_carea' id='block_1_89' title="bbox 2140 2521 3791 2594">
    <p class='ocr_par' dir='ltr' id='par_1_89' title="bbox 2140 2521 3791 2594">
     <span class='ocr_line' id='line_1_89' title="bbox 2140 2521 3791 2594; baseline 0.001 -17"><span class='ocrx_word' id='word_1_611' title='bbox 2140 2524 2310 2578; x_wconf 80' lang='lat' dir='ltr'>eandi</span> <span class='ocrx_word' id='word_1_612' title='bbox 2345 2528 2580 2578; x_wconf 65' lang='lat' dir='ltr'>sanctos</span> <span class='ocrx_word' id='word_1_613' title='bbox 2612 2523 2913 2594; x_wconf 79' lang='lat' dir='ltr'>apestolos</span> <span class='ocrx_word' id='word_1_614' title='bbox 2948 2522 3063 2589; x_wconf 84' lang='lat' dir='ltr'>Dei,</span> <span class='ocrx_word' id='word_1_615' title='bbox 3094 2522 3184 2576; x_wconf 89' lang='lat' dir='ltr'>vel</span> <span class='ocrx_word' id='word_1_616' title='bbox 3211 2522 3569 2593; x_wconf 87' lang='lat' dir='ltr'>prohibendi</span> <span class='ocrx_word' id='word_1_617' title='bbox 3600 2521 3791 2578; x_wconf 87' lang='lat' dir='ltr'>Eccle-</span> 
     </span>
    </p>
   </div>
   <div class='ocr_carea' id='block_1_90' title="bbox 2140 2610 3791 2682">
    <p class='ocr_par' dir='ltr' id='par_1_90' title="bbox 2140 2610 3791 2682">
     <span class='ocr_line' id='line_1_90' title="bbox 2140 2610 3791 2682; baseline -0.001 -15"><span class='ocrx_word' id='word_1_618' title='bbox 2140 2614 2288 2668; x_wconf 87' lang='lat' dir='ltr'>siam</span> <span class='ocrx_word' id='word_1_619' title='bbox 2320 2613 2415 2667; x_wconf 85' lang='grc' dir='ltr'>1)οἱ</span> <span class='ocrx_word' id='word_1_620' title='bbox 2452 2630 2486 2666; x_wconf 91' lang='lat' dir='ltr'>a</span> <span class='ocrx_word' id='word_1_621' title='bbox 2516 2613 2667 2667; x_wconf 86' lang='lat' dir='ltr'>bene</span> <span class='ocrx_word' id='word_1_622' title='bbox 2713 2611 2983 2666; x_wconf 81' lang='lat' dir='ltr'>faciendo</span> <span class='ocrx_word' id='word_1_623' title='bbox 3016 2616 3071 2666; x_wconf 91' lang='lat' dir='ltr'>et</span> <span class='ocrx_word' id='word_1_624' title='bbox 3122 2614 3274 2665; x_wconf 90' lang='lat' dir='ltr'>recte</span> <span class='ocrx_word' id='word_1_625' title='bbox 3304 2610 3628 2682; x_wconf 88' lang='lat' dir='ltr'>loquendo.</span> <span class='ocrx_word' id='word_1_626' title='bbox 3665 2634 3692 2660; x_wconf 85' lang='grc'>››</span> <span class='ocrx_word' id='word_1_627' title='bbox 3725 2612 3791 2666; x_wconf 87' lang='lat' dir='ltr'>Et</span> 
     </span>
    </p>
   </div>
   <div class='ocr_carea' id='block_1_91' title="bbox 2138 2698 3789 2756">
    <p class='ocr_par' dir='ltr' id='par_1_91' title="bbox 2138 2698 3789 2756">
     <span class='ocr_line' id='line_1_91' title="bbox 2138 2698 3789 2756; baseline -0.001 0"><span class='ocrx_word' id='word_1_628' title='bbox 2138 2702 2230 2756; x_wconf 89' lang='lat' dir='ltr'>ille</span> <span class='ocrx_word' id='word_1_629' title='bbox 2265 2719 2276 2755; x_wconf 92' lang='lat'><strong>:</strong></span> <span class='ocrx_word' id='word_1_630' title='bbox 2315 2724 2342 2748; x_wconf 91' lang='grc'>‹‹</span> <span class='ocrx_word' id='word_1_631' title='bbox 2377 2706 2490 2755; x_wconf 87' lang='lat' dir='ltr'>Cur</span> <span class='ocrx_word' id='word_1_632' title='bbox 2522 2702 2628 2754; x_wconf 90' lang='lat' dir='ltr'>hoc</span> <span class='ocrx_word' id='word_1_633' title='bbox 2660 2700 2947 2754; x_wconf 77' lang='lat' dir='ltr'>inchoasti</span> <span class='ocrx_word' id='word_1_634' title='bbox 2982 2699 3105 2754; x_wconf 88' lang='lat' dir='ltr'>sine</span> <span class='ocrx_word' id='word_1_635' title='bbox 3129 2698 3363 2755; x_wconf 87' lang='lat' dir='ltr'>licentia</span> <span class='ocrx_word' id='word_1_636' title='bbox 3395 2700 3548 2756; x_wconf 90' lang='lat' dir='ltr'>sua?</span> <span class='ocrx_word' id='word_1_637' title='bbox 3581 2723 3608 2749; x_wconf 85' lang='grc'><strong>››</strong></span> <span class='ocrx_word' id='word_1_638' title='bbox 3640 2702 3789 2756; x_wconf 84' lang='grc' dir='ltr'><strong>Τ11111</strong></span> 
     </span>
    </p>
   </div>
   <div class='ocr_carea' id='block_1_92' title="bbox 2139 2788 3787 2861">
    <p class='ocr_par' dir='ltr' id='par_1_92' title="bbox 2139 2788 3787 2861">
     <span class='ocr_line' id='line_1_92' title="bbox 2139 2788 3787 2861; baseline -0.001 -15"><span class='ocrx_word' id='word_1_639' title='bbox 2139 2807 2249 2860; x_wconf 88' lang='lat' dir='ltr'>ego</span> <span class='ocrx_word' id='word_1_640' title='bbox 2275 2808 2287 2845; x_wconf 91' lang='lat'><strong>:</strong></span> <span class='ocrx_word' id='word_1_641' title='bbox 2326 2814 2350 2839; x_wconf 89' lang='grc'>‹‹</span> <span class='ocrx_word' id='word_1_642' title='bbox 2388 2793 2449 2844; x_wconf 74' lang='grc' dir='ltr'>Εἰ</span> <span class='ocrx_word' id='word_1_643' title='bbox 2479 2794 2562 2853; x_wconf 90' lang='lat' dir='ltr'>tu,</span> <span class='ocrx_word' id='word_1_644' title='bbox 2595 2789 2865 2861; x_wconf 89' lang='lat' dir='ltr'>inquam,</span> <span class='ocrx_word' id='word_1_645' title='bbox 2894 2806 2999 2843; x_wconf 89' lang='lat' dir='ltr'>cur</span> <span class='ocrx_word' id='word_1_646' title='bbox 3028 2790 3268 2844; x_wconf 80' lang='lat' dir='ltr'>effectus</span> <span class='ocrx_word' id='word_1_647' title='bbox 3299 2805 3361 2844; x_wconf 86' lang='lat' dir='ltr'>es</span> <span class='ocrx_word' id='word_1_648' title='bbox 3391 2789 3466 2844; x_wconf 93' lang='lat' dir='ltr'>de</span> <span class='ocrx_word' id='word_1_649' title='bbox 3493 2788 3787 2846; x_wconf 91' lang='lat' dir='ltr'>canonico</span> 
     </span>
    </p>
   </div>
   <div class='ocr_carea' id='block_1_93' title="bbox 2141 2877 3788 2951">
    <p class='ocr_par' dir='ltr' id='par_1_93' title="bbox 2141 2877 3788 2951">
     <span class='ocr_line' id='line_1_93' title="bbox 2141 2877 3788 2951; baseline 0 -17"><span class='ocrx_word' id='word_1_650' title='bbox 2141 2880 2471 2935; x_wconf 75' lang='lat' dir='ltr'>monachus</span> <span class='ocrx_word' id='word_1_651' title='bbox 2524 2879 2647 2933; x_wconf 89' lang='lat' dir='ltr'>sine</span> <span class='ocrx_word' id='word_1_652' title='bbox 2699 2877 2932 2933; x_wconf 77' lang='lat' dir='ltr'>licentia</span> <span class='ocrx_word' id='word_1_653' title='bbox 2966 2894 3077 2933; x_wconf 90' lang='lat' dir='ltr'>sua</span> <span class='ocrx_word' id='word_1_654' title='bbox 3108 2878 3134 2932; x_wconf 68' lang='lat'>‘2</span> <span class='ocrx_word' id='word_1_655' title='bbox 3178 2878 3456 2951; x_wconf 79' lang='lat' dir='ltr'>Nunquid</span> <span class='ocrx_word' id='word_1_656' title='bbox 3485 2894 3607 2934; x_wconf 88' lang='lat' dir='ltr'>non</span> <span class='ocrx_word' id='word_1_657' title='bbox 3650 2881 3788 2934; x_wconf 86' lang='lat' dir='ltr'>ante</span> 
     </span>
    </p>
   </div>
   <div class='ocr_carea' id='block_1_94' title="bbox 2139 2967 3790 3039">
    <p class='ocr_par' dir='ltr' id='par_1_94' title="bbox 2139 2967 3790 3039">
     <span class='ocr_line' id='line_1_94' title="bbox 2139 2967 3790 3039; baseline -0.001 -15"><span class='ocrx_word' id='word_1_658' title='bbox 2139 2969 2409 3025; x_wconf 81' lang='lat' dir='ltr'>Martialis</span> <span class='ocrx_word' id='word_1_659' title='bbox 2437 2969 2541 3022; x_wconf 91' lang='lat' dir='ltr'>fuit</span> <span class='ocrx_word' id='word_1_660' title='bbox 2571 2967 2874 3039; x_wconf 83' lang='lat' dir='ltr'>apostolus</span> <span class='ocrx_word' id='word_1_661' title='bbox 2905 2984 3090 3039; x_wconf 89' lang='lat' dir='ltr'>quam</span> <span class='ocrx_word' id='word_1_662' title='bbox 3135 2967 3194 3022; x_wconf 91' lang='lat' dir='ltr'>in</span> <span class='ocrx_word' id='word_1_663' title='bbox 3221 2968 3369 3023; x_wconf 87' lang='lat' dir='ltr'>urbe</span> <span class='ocrx_word' id='word_1_664' title='bbox 3420 2970 3605 3024; x_wconf 82' lang='lat' dir='ltr'>Roma</span> <span class='ocrx_word' id='word_1_665' title='bbox 3634 2970 3790 3023; x_wconf 85' lang='lat' dir='ltr'>esset</span> 
     </span>
    </p>
   </div>
   <div class='ocr_carea' id='block_1_95' title="bbox 2140 3055 3790 3131">
    <p class='ocr_par' dir='ltr' id='par_1_95' title="bbox 2140 3055 3790 3131">
     <span class='ocr_line' id='line_1_95' title="bbox 2140 3055 3790 3131; baseline 0 -18"><span class='ocrx_word' id='word_1_666' title='bbox 2140 3058 2355 3130; x_wconf 86' lang='lat' dir='ltr'>aliquis</span> <span class='ocrx_word' id='word_1_667' title='bbox 2382 3074 2541 3131; x_wconf 87' lang='lat' dir='ltr'>papa</span> <span class='ocrx_word' id='word_1_668' title='bbox 2573 3057 2962 3112; x_wconf 78' lang='lat' dir='ltr'>constitutus?</span> <span class='ocrx_word' id='word_1_669' title='bbox 2995 3055 3271 3129; x_wconf 70' lang='lat' dir='ltr'>Nunquid</span> <span class='ocrx_word' id='word_1_670' title='bbox 3301 3071 3423 3112; x_wconf 89' lang='grc'><strong>11011</strong></span> <span class='ocrx_word' id='word_1_671' title='bbox 3446 3055 3626 3113; x_wconf 88' lang='lat' dir='ltr'>simul</span> <span class='ocrx_word' id='word_1_672' title='bbox 3649 3070 3790 3113; x_wconf 84' lang='lat' dir='ltr'>cum</span> 
     </span>
    </p>
   </div>
   <div class='ocr_carea' id='block_1_96' title="bbox 2140 3144 3793 3205">
    <p class='ocr_par' dir='ltr' id='par_1_96' title="bbox 2140 3144 3793 3205">
     <span class='ocr_line' id='line_1_96' title="bbox 2140 3144 3793 3205; baseline -0.001 -2"><span class='ocrx_word' id='word_1_673' title='bbox 2140 3152 2304 3203; x_wconf 83' lang='lat' dir='ltr'>Petro</span> <span class='ocrx_word' id='word_1_674' title='bbox 2338 3163 2568 3202; x_wconf 88' lang='lat' dir='ltr'>romam</span> <span class='ocrx_word' id='word_1_675' title='bbox 2616 3146 2773 3201; x_wconf 89' lang='lat' dir='ltr'>venit</span> <span class='ocrx_word' id='word_1_676' title='bbox 2798 3147 2823 3201; x_wconf 72' lang='lat'>‘2</span> <span class='ocrx_word' id='word_1_677' title='bbox 2879 3149 3081 3201; x_wconf 80' lang='lat' dir='ltr'>Nonne</span> <span class='ocrx_word' id='word_1_678' title='bbox 3111 3145 3171 3201; x_wconf 89' lang='lat' dir='ltr'>in</span> <span class='ocrx_word' id='word_1_679' title='bbox 3202 3144 3567 3202; x_wconf 86' lang='lat' dir='ltr'>Hierusalem</span> <span class='ocrx_word' id='word_1_680' title='bbox 3616 3145 3725 3205; x_wconf 86' lang='lat' dir='ltr'>fuit</span> <span class='ocrx_word' id='word_1_681' title='bbox 3755 3161 3793 3202; x_wconf 83' lang='lat' dir='ltr'>a</span> 
     </span>
    </p>
   </div>
   <div class='ocr_carea' id='block_1_97' title="bbox 2142 3234 3795 3310">
    <p class='ocr_par' dir='ltr' id='par_1_97' title="bbox 2142 3234 3795 3310">
     <span class='ocr_line' id='line_1_97' title="bbox 2142 3234 3795 3310; baseline -0.001 -19"><span class='ocrx_word' id='word_1_682' title='bbox 2142 3238 2367 3292; x_wconf 51' lang='lat' dir='ltr'>(illiristo</span> <span class='ocrx_word' id='word_1_683' title='bbox 2399 3236 2703 3308; x_wconf 88' lang='lat' dir='ltr'>apostolus</span> <span class='ocrx_word' id='word_1_684' title='bbox 2735 3234 3109 3303; x_wconf 87' lang='lat' dir='ltr'>constitutus,</span> <span class='ocrx_word' id='word_1_685' title='bbox 3141 3238 3198 3291; x_wconf 90' lang='lat' dir='ltr'>et</span> <span class='ocrx_word' id='word_1_686' title='bbox 3218 3235 3274 3291; x_wconf 89' lang='lat' dir='ltr'>in</span> <span class='ocrx_word' id='word_1_687' title='bbox 3313 3235 3451 3293; x_wconf 90' lang='lat' dir='ltr'>Sion</span> <span class='ocrx_word' id='word_1_688' title='bbox 3480 3251 3587 3308; x_wconf 90' lang='lat' dir='ltr'>per</span> <span class='ocrx_word' id='word_1_689' title='bbox 3619 3234 3795 3310; x_wconf 83' lang='lat' dir='ltr'>Spiri-</span> 
     </span>
    </p>
   </div>
   <div class='ocr_carea' id='block_1_98' title="bbox 2144 3322 3793 3393">
    <p class='ocr_par' dir='ltr' id='par_1_98' title="bbox 2144 3322 3793 3393">
     <span class='ocr_line' id='line_1_98' title="bbox 2144 3322 3793 3393; baseline -0.002 -13"><span class='ocrx_word' id='word_1_690' title='bbox 2144 3332 2268 3380; x_wconf 87' lang='lat' dir='ltr'>tum</span> <span class='ocrx_word' id='word_1_691' title='bbox 2316 3330 2591 3379; x_wconf 88' lang='lat' dir='ltr'>sanctum</span> <span class='ocrx_word' id='word_1_692' title='bbox 2636 3324 2878 3378; x_wconf 84' lang='lat' dir='ltr'>scientia</span> <span class='ocrx_word' id='word_1_693' title='bbox 2925 3322 3127 3378; x_wconf 88' lang='lat' dir='ltr'>omnia</span> <span class='ocrx_word' id='word_1_694' title='bbox 3173 3322 3518 3393; x_wconf 86' lang='lat' dir='ltr'>linguarum</span> <span class='ocrx_word' id='word_1_695' title='bbox 3548 3322 3793 3381; x_wconf 87' lang='lat' dir='ltr'>edoctus</span> 
     </span>
    </p>
   </div>
   <div class='ocr_carea' id='block_1_99' title="bbox 2143 3411 3797 3478">
    <p class='ocr_par' dir='ltr' id='par_1_99' title="bbox 2143 3411 3797 3478">
     <span class='ocr_line' id='line_1_99' title="bbox 2143 3411 3797 3478; baseline -0.001 -10"><span class='ocrx_word' id='word_1_696' title='bbox 2143 3416 2278 3469; x_wconf 77' lang='lat' dir='ltr'>est?</span> <span class='ocrx_word' id='word_1_697' title='bbox 2321 3417 2442 3468; x_wconf 71' lang='lat' dir='ltr'>Non</span> <span class='ocrx_word' id='word_1_698' title='bbox 2476 3413 2633 3467; x_wconf 88' lang='lat' dir='ltr'>enim</span> <span class='ocrx_word' id='word_1_699' title='bbox 2664 3413 2737 3466; x_wconf 86' lang='lat' dir='ltr'>de</span> <span class='ocrx_word' id='word_1_700' title='bbox 2770 3412 2914 3466; x_wconf 88' lang='lat' dir='ltr'>urbe</span> <span class='ocrx_word' id='word_1_701' title='bbox 2949 3416 3152 3478; x_wconf 79' lang='lat' dir='ltr'>Roma,</span> <span class='ocrx_word' id='word_1_702' title='bbox 3196 3412 3300 3467; x_wconf 89' lang='lat' dir='ltr'>sed</span> <span class='ocrx_word' id='word_1_703' title='bbox 3341 3413 3414 3467; x_wconf 90' lang='lat' dir='ltr'>de</span> <span class='ocrx_word' id='word_1_704' title='bbox 3448 3412 3587 3469; x_wconf 87' lang='lat' dir='ltr'>Sion</span> <span class='ocrx_word' id='word_1_705' title='bbox 3617 3411 3797 3469; x_wconf 80' lang='lat' dir='ltr'>exivit</span> 
     </span>
    </p>
   </div>
   <div class='ocr_carea' id='block_1_100' title="bbox 2145 3500 3795 3572">
    <p class='ocr_par' dir='ltr' id='par_1_100' title="bbox 2145 3500 3795 3572">
     <span class='ocr_line' id='line_1_100' title="bbox 2145 3500 3795 3572; baseline 0 -15"><span class='ocrx_word' id='word_1_706' title='bbox 2145 3504 2256 3566; x_wconf 77' lang='lat' dir='ltr'>lex,</span> <span class='ocrx_word' id='word_1_707' title='bbox 2285 3508 2339 3557; x_wconf 89' lang='lat' dir='ltr'>et</span> <span class='ocrx_word' id='word_1_708' title='bbox 2369 3503 2617 3557; x_wconf 85' lang='lat' dir='ltr'>verbum</span> <span class='ocrx_word' id='word_1_709' title='bbox 2653 3500 2881 3556; x_wconf 87' lang='lat' dir='ltr'>Domini</span> <span class='ocrx_word' id='word_1_710' title='bbox 2911 3501 2984 3555; x_wconf 87' lang='lat' dir='ltr'>de</span> <span class='ocrx_word' id='word_1_711' title='bbox 3019 3500 3397 3559; x_wconf 87' lang='lat' dir='ltr'>Hierusalem.</span> <span class='ocrx_word' id='word_1_712' title='bbox 3433 3502 3488 3557; x_wconf 87' lang='lat' dir='ltr'>Si</span> <span class='ocrx_word' id='word_1_713' title='bbox 3521 3502 3625 3572; x_wconf 86' lang='lat' dir='ltr'>qui</span> <span class='ocrx_word' id='word_1_714' title='bbox 3653 3516 3795 3561; x_wconf 88' lang='lat' dir='ltr'>vero</span> 
     </span>
    </p>
   </div>
   <div class='ocr_carea' id='block_1_101' title="bbox 2148 3587 3796 3661">
    <p class='ocr_par' dir='ltr' id='par_1_101' title="bbox 2148 3587 3796 3661">
     <span class='ocr_line' id='line_1_101' title="bbox 2148 3587 3796 3661; baseline -0.001 -15"><span class='ocrx_word' id='word_1_715' title='bbox 2148 3590 2399 3661; x_wconf 90' lang='lat' dir='ltr'>apostoli</span> <span class='ocrx_word' id='word_1_716' title='bbox 2424 3589 2674 3644; x_wconf 87' lang='lat' dir='ltr'>ordinati</span> <span class='ocrx_word' id='word_1_717' title='bbox 2718 3593 2853 3642; x_wconf 89' lang='lat' dir='ltr'>sunt</span> <span class='ocrx_word' id='word_1_718' title='bbox 2888 3591 3103 3649; x_wconf 68' lang='lat' dir='ltr'>Romae,</span> <span class='ocrx_word' id='word_1_719' title='bbox 3147 3587 3452 3659; x_wconf 86' lang='lat' dir='ltr'>requirant</span> <span class='ocrx_word' id='word_1_720' title='bbox 3491 3588 3796 3661; x_wconf 75' lang='lat' dir='ltr'>apostola-</span> 
     </span>
    </p>
   </div>
   <div class='ocr_carea' id='block_1_102' title="bbox 2150 3675 3798 3735">
    <p class='ocr_par' dir='ltr' id='par_1_102' title="bbox 2150 3675 3798 3735">
     <span class='ocr_line' id='line_1_102' title="bbox 2150 3675 3798 3735; baseline 0.001 -1"><span class='ocrx_word' id='word_1_721' title='bbox 2150 3684 2275 3734; x_wconf 90' lang='lat' dir='ltr'>tum</span> <span class='ocrx_word' id='word_1_722' title='bbox 2322 3694 2497 3731; x_wconf 88' lang='lat' dir='ltr'>suum</span> <span class='ocrx_word' id='word_1_723' title='bbox 2540 3680 2755 3731; x_wconf 65' lang='lat' dir='ltr'>Romae.</span> <span class='ocrx_word' id='word_1_724' title='bbox 2814 3675 3084 3731; x_wconf 79' lang='lat' dir='ltr'>Martialis</span> <span class='ocrx_word' id='word_1_725' title='bbox 3134 3675 3292 3731; x_wconf 87' lang='lat' dir='ltr'>enim</span> <span class='ocrx_word' id='word_1_726' title='bbox 3325 3676 3385 3732; x_wconf 92' lang='lat' dir='ltr'>in</span> <span class='ocrx_word' id='word_1_727' title='bbox 3434 3675 3798 3735; x_wconf 76' lang='lat' dir='ltr'>Hierusalem</span> 
     </span>
    </p>
   </div>
   <div class='ocr_carea' id='block_1_103' title="bbox 2150 3748 3794 3841">
    <p class='ocr_par' dir='ltr' id='par_1_103' title="bbox 2150 3748 3794 3841">
     <span class='ocr_line' id='line_1_103' title="bbox 2150 3748 3794 3841; baseline 0.001 -19"><span class='ocrx_word' id='word_1_728' title='bbox 2150 3748 2455 3841; x_wconf 52' lang='lat' dir='ltr'>apogiolus</span> <span class='ocrx_word' id='word_1_729' title='bbox 2497 3765 2802 3820; x_wconf 90' lang='lat' dir='ltr'>ordinatus</span> <span class='ocrx_word' id='word_1_730' title='bbox 2843 3769 2950 3830; x_wconf 88' lang='lat' dir='ltr'>est,</span> <span class='ocrx_word' id='word_1_731' title='bbox 3003 3764 3105 3819; x_wconf 92' lang='lat' dir='ltr'>ubi</span> <span class='ocrx_word' id='word_1_732' title='bbox 3146 3764 3279 3820; x_wconf 86' lang='lat' dir='ltr'>fons</span> <span class='ocrx_word' id='word_1_733' title='bbox 3323 3764 3794 3833; x_wconf 81' lang='lat' dir='ltr'>Christianitatis,</span> 
     </span>
    </p>
   </div>
   <div class='ocr_carea' id='block_1_104' title="bbox 2152 3852 3803 3919">
    <p class='ocr_par' dir='ltr' id='par_1_104' title="bbox 2152 3852 3803 3919">
     <span class='ocr_line' id='line_1_104' title="bbox 2152 3852 3803 3919; baseline -0.002 -8"><span class='ocrx_word' id='word_1_734' title='bbox 2152 3857 2254 3911; x_wconf 88' lang='lat' dir='ltr'>ubi</span> <span class='ocrx_word' id='word_1_735' title='bbox 2276 3855 2448 3911; x_wconf 87' lang='lat' dir='ltr'>vinea</span> <span class='ocrx_word' id='word_1_736' title='bbox 2478 3854 2585 3909; x_wconf 88' lang='lat' dir='ltr'>fuit</span> <span class='ocrx_word' id='word_1_737' title='bbox 2614 3852 2889 3919; x_wconf 88' lang='lat' dir='ltr'>basalmi,</span> <span class='ocrx_word' id='word_1_738' title='bbox 2924 3853 3025 3907; x_wconf 88' lang='lat' dir='ltr'>ubi</span> <span class='ocrx_word' id='word_1_739' title='bbox 3056 3856 3244 3907; x_wconf 88' lang='lat' dir='ltr'>mater</span> <span class='ocrx_word' id='word_1_740' title='bbox 3273 3858 3360 3908; x_wconf 88' lang='lat' dir='ltr'>est</span> <span class='ocrx_word' id='word_1_741' title='bbox 3384 3852 3654 3913; x_wconf 87' lang='lat' dir='ltr'>omnium</span> <span class='ocrx_word' id='word_1_742' title='bbox 3701 3854 3803 3910; x_wconf 86' lang='lat' dir='ltr'>Ec-</span> 
     </span>
    </p>
   </div>
   <div class='ocr_carea' id='block_1_105' title="bbox 2153 3940 3805 4017">
    <p class='ocr_par' dir='ltr' id='par_1_105' title="bbox 2153 3940 3805 4017">
     <span class='ocr_line' id='line_1_105' title="bbox 2153 3940 3805 4017; baseline 0 -16"><span class='ocrx_word' id='word_1_743' title='bbox 2153 3946 2467 4001; x_wconf 90' lang='lat' dir='ltr'>clesiarum</span> <span class='ocrx_word' id='word_1_744' title='bbox 2498 3944 2653 3997; x_wconf 79' lang='lat' dir='ltr'>Sion.</span> <span class='ocrx_word' id='word_1_745' title='bbox 2686 3946 2830 3997; x_wconf 78' lang='lat' dir='ltr'>Nam</span> <span class='ocrx_word' id='word_1_746' title='bbox 2855 3941 3088 4014; x_wconf 89' lang='lat' dir='ltr'>etquod</span> <span class='ocrx_word' id='word_1_747' title='bbox 3116 3941 3403 4012; x_wconf 87' lang='lat' dir='ltr'>legiturin</span> <span class='ocrx_word' id='word_1_748' title='bbox 3431 3940 3805 4017; x_wconf 74' lang='lat' dir='ltr'>quibusdam</span> 
     </span>
    </p>
   </div>
   <div class='ocr_carea' id='block_1_106' title="bbox 2156 4030 3804 4103">
    <p class='ocr_par' dir='ltr' id='par_1_106' title="bbox 2156 4030 3804 4103">
     <span class='ocr_line' id='line_1_106' title="bbox 2156 4030 3804 4103; baseline -0.002 -14"><span class='ocrx_word' id='word_1_749' title='bbox 2156 4034 2521 4089; x_wconf 77' lang='lat' dir='ltr'>Annalibus:</span> <span class='ocrx_word' id='word_1_750' title='bbox 2584 4032 2822 4087; x_wconf 81' lang='lat' dir='ltr'>Natalis</span> <span class='ocrx_word' id='word_1_751' title='bbox 2877 4031 3204 4100; x_wconf 71' lang='lat' dir='ltr'>Martialis,</span> <span class='ocrx_word' id='word_1_752' title='bbox 3251 4034 3355 4101; x_wconf 81' lang='lat' dir='ltr'>qui</span> <span class='ocrx_word' id='word_1_753' title='bbox 3403 4030 3478 4087; x_wconf 86' lang='lat' dir='ltr'>ab</span> <span class='ocrx_word' id='word_1_754' title='bbox 3522 4031 3804 4103; x_wconf 76' lang='lat' dir='ltr'>apostolis</span> 
     </span>
    </p>
   </div>
   <div class='ocr_carea' id='block_1_107' title="bbox 2156 4118 3806 4195">
    <p class='ocr_par' dir='ltr' id='par_1_107' title="bbox 2156 4118 3806 4195">
     <span class='ocr_line' id='line_1_107' title="bbox 2156 4118 3806 4195; baseline -0.002 -17"><span class='ocrx_word' id='word_1_755' title='bbox 2156 4123 2469 4179; x_wconf 81' lang='lat' dir='ltr'>ordinatus</span> <span class='ocrx_word' id='word_1_756' title='bbox 2500 4119 2783 4187; x_wconf 79' lang='lat' dir='ltr'>est,simili</span> <span class='ocrx_word' id='word_1_757' title='bbox 2830 4119 3011 4174; x_wconf 87' lang='lat' dir='ltr'>modo</span> <span class='ocrx_word' id='word_1_758' title='bbox 3052 4118 3265 4189; x_wconf 88' lang='lat' dir='ltr'>legitur</span> <span class='ocrx_word' id='word_1_759' title='bbox 3293 4119 3365 4173; x_wconf 91' lang='lat' dir='ltr'>de</span> <span class='ocrx_word' id='word_1_760' title='bbox 3408 4119 3630 4176; x_wconf 85' lang='lat' dir='ltr'>Jacobo</span> <span class='ocrx_word' id='word_1_761' title='bbox 3660 4134 3806 4195; x_wconf 84' lang='lat' dir='ltr'>apo-</span> 
     </span>
    </p>
   </div>
   <div class='ocr_carea' id='block_1_108' title="bbox 2159 4206 3812 4284">
    <p class='ocr_par' dir='ltr' id='par_1_108' title="bbox 2159 4206 3812 4284">
     <span class='ocr_line' id='line_1_108' title="bbox 2159 4206 3812 4284; baseline -0.004 -17"><span class='ocrx_word' id='word_1_762' title='bbox 2159 4211 2308 4267; x_wconf 89' lang='lat' dir='ltr'>stolo</span> <span class='ocrx_word' id='word_1_763' title='bbox 2340 4230 2350 4266; x_wconf 91' lang='lat'>:</span> <span class='ocrx_word' id='word_1_764' title='bbox 2383 4212 2644 4277; x_wconf 80' lang='lat' dir='ltr'>Natalis,</span> <span class='ocrx_word' id='word_1_765' title='bbox 2682 4209 2894 4282; x_wconf 88' lang='lat' dir='ltr'>inquit,</span> <span class='ocrx_word' id='word_1_766' title='bbox 2925 4208 3137 4263; x_wconf 78' lang='lat' dir='ltr'>Jacobi</span> <span class='ocrx_word' id='word_1_767' title='bbox 3162 4210 3378 4276; x_wconf 77' lang='lat' dir='ltr'>fratris</span> <span class='ocrx_word' id='word_1_768' title='bbox 3408 4209 3677 4284; x_wconf 68' lang='lat' dir='ltr'>Domini,</span> <span class='ocrx_word' id='word_1_769' title='bbox 3706 4206 3812 4278; x_wconf 82' lang='lat' dir='ltr'>qui</span> 
     </span>
    </p>
   </div>
   <div class='ocr_carea' id='block_1_109' title="bbox 2159 4297 3813 4369">
    <p class='ocr_par' dir='ltr' id='par_1_109' title="bbox 2159 4297 3813 4369">
     <span class='ocr_line' id='line_1_109' title="bbox 2159 4297 3813 4369; baseline -0.004 -12"><span class='ocrx_word' id='word_1_770' title='bbox 2159 4303 2233 4357; x_wconf 89' lang='lat' dir='ltr'>ab</span> <span class='ocrx_word' id='word_1_771' title='bbox 2282 4301 2564 4369; x_wconf 78' lang='lat' dir='ltr'>apostolis</span> <span class='ocrx_word' id='word_1_772' title='bbox 2608 4300 2837 4367; x_wconf 75' lang='lat' dir='ltr'>primas</span> <span class='ocrx_word' id='word_1_773' title='bbox 2883 4298 3311 4367; x_wconf 80' lang='lat' dir='ltr'>Hierosolymis</span> <span class='ocrx_word' id='word_1_774' title='bbox 3359 4297 3672 4353; x_wconf 80' lang='lat' dir='ltr'>ordinatus</span> <span class='ocrx_word' id='word_1_775' title='bbox 3726 4300 3813 4353; x_wconf 80' lang='lat' dir='ltr'>est</span> 
     </span>
    </p>
   </div>
   <div class='ocr_carea' id='block_1_110' title="bbox 2161 4384 3810 4459">
    <p class='ocr_par' dir='ltr' id='par_1_110' title="bbox 2161 4384 3810 4459">
     <span class='ocr_line' id='line_1_110' title="bbox 2161 4384 3810 4459; baseline -0.004 -14"><span class='ocrx_word' id='word_1_776' title='bbox 2161 4391 2487 4459; x_wconf 82' lang='lat' dir='ltr'>episcopus.</span> <span class='ocrx_word' id='word_1_777' title='bbox 2530 4390 2656 4443; x_wconf 73' lang='lat' dir='ltr'>Non</span> <span class='ocrx_word' id='word_1_778' title='bbox 2698 4387 2857 4441; x_wconf 82' lang='lat' dir='ltr'>enim</span> <span class='ocrx_word' id='word_1_779' title='bbox 2888 4384 3145 4457; x_wconf 91' lang='lat' dir='ltr'>apostoli</span> <span class='ocrx_word' id='word_1_780' title='bbox 3194 4400 3331 4439; x_wconf 89' lang='lat' dir='ltr'>eum</span> <span class='ocrx_word' id='word_1_781' title='bbox 3365 4387 3810 4453; x_wconf 88' lang='lat' dir='ltr'>consecrarunt,</span> 
     </span>
    </p>
   </div>
   <div class='ocr_carea' id='block_1_111' title="bbox 2162 4473 3816 4551">
    <p class='ocr_par' dir='ltr' id='par_1_111' title="bbox 2162 4473 3816 4551">
     <span class='ocr_line' id='line_1_111' title="bbox 2162 4473 3816 4551; baseline -0.004 -18"><span class='ocrx_word' id='word_1_782' title='bbox 2162 4478 2304 4551; x_wconf 92' lang='lat' dir='ltr'>quia</span> <span class='ocrx_word' id='word_1_783' title='bbox 2347 4476 2576 4533; x_wconf 82' lang='lat' dir='ltr'>Cluisto</span> <span class='ocrx_word' id='word_1_784' title='bbox 2625 4481 3005 4530; x_wconf 86' lang='lat' dir='ltr'>consecratus</span> <span class='ocrx_word' id='word_1_785' title='bbox 3060 4478 3204 4540; x_wconf 89' lang='lat' dir='ltr'>erat,</span> <span class='ocrx_word' id='word_1_786' title='bbox 3238 4473 3341 4529; x_wconf 88' lang='lat' dir='ltr'>sed</span> <span class='ocrx_word' id='word_1_787' title='bbox 3398 4473 3816 4544; x_wconf 82' lang='lat' dir='ltr'>compulerunt</span> 
     </span>
    </p>
   </div>
   <div class='ocr_carea' id='block_1_112' title="bbox 2164 4560 3815 4638">
    <p class='ocr_par' dir='ltr' id='par_1_112' title="bbox 2164 4560 3815 4638">
     <span class='ocr_line' id='line_1_112' title="bbox 2164 4560 3815 4638; baseline -0.005 -16"><span class='ocrx_word' id='word_1_788' title='bbox 2164 4566 2465 4638; x_wconf 89' lang='lat' dir='ltr'>suscipere</span> <span class='ocrx_word' id='word_1_789' title='bbox 2516 4563 2760 4631; x_wconf 86' lang='lat' dir='ltr'>regiuen</span> <span class='ocrx_word' id='word_1_790' title='bbox 2813 4561 3100 4617; x_wconf 80' lang='lat' dir='ltr'>Ecclesiae.</span> <span class='ocrx_word' id='word_1_791' title='bbox 3159 4561 3497 4616; x_wconf 69' lang='grc' dir='ltr'><strong>ναι-11110110</strong></span> <span class='ocrx_word' id='word_1_792' title='bbox 3544 4560 3815 4617; x_wconf 78' lang='lat' dir='ltr'>Martialis</span> 
     </span>
    </p>
   </div>
   <div class='ocr_carea' id='block_1_113' title="bbox 2168 4647 3817 4724">
    <p class='ocr_par' dir='ltr' id='par_1_113' title="bbox 2168 4647 3817 4724">
     <span class='ocr_line' id='line_1_113' title="bbox 2168 4647 3817 4724; baseline -0.005 -12"><span class='ocrx_word' id='word_1_793' title='bbox 2168 4660 2340 4712; x_wconf 65' lang='lat' dir='ltr'>tantae</span> <span class='ocrx_word' id='word_1_794' title='bbox 2371 4652 2675 4724; x_wconf 88' lang='lat' dir='ltr'>dignitatis</span> <span class='ocrx_word' id='word_1_795' title='bbox 2706 4657 2792 4706; x_wconf 89' lang='lat' dir='ltr'>est</span> <span class='ocrx_word' id='word_1_796' title='bbox 2822 4650 3153 4724; x_wconf 87' lang='lat' dir='ltr'>apostolus,</span> <span class='ocrx_word' id='word_1_797' title='bbox 3194 4654 3253 4704; x_wconf 88' lang='lat' dir='ltr'>ut</span> <span class='ocrx_word' id='word_1_798' title='bbox 3284 4649 3359 4705; x_wconf 87' lang='lat' dir='ltr'>ab</span> <span class='ocrx_word' id='word_1_799' title='bbox 3388 4647 3672 4720; x_wconf 88' lang='lat' dir='ltr'>apostolis</span> <span class='ocrx_word' id='word_1_800' title='bbox 3694 4662 3817 4705; x_wconf 89' lang='lat' dir='ltr'>non</span> 
     </span>
    </p>
   </div>
   <div class='ocr_carea' id='block_1_114' title="bbox 2166 4736 3822 4809">
    <p class='ocr_par' dir='ltr' id='par_1_114' title="bbox 2166 4736 3822 4809">
     <span class='ocr_line' id='line_1_114' title="bbox 2166 4736 3822 4809; baseline -0.005 -10"><span class='ocrx_word' id='word_1_801' title='bbox 2166 4746 2564 4807; x_wconf 88' lang='lat' dir='ltr'>consecratus,</span> <span class='ocrx_word' id='word_1_802' title='bbox 2596 4740 2697 4795; x_wconf 86' lang='grc'><strong>8011</strong></span> <span class='ocrx_word' id='word_1_803' title='bbox 2729 4737 2998 4795; x_wconf 90' lang='lat' dir='ltr'>unanimi</span> <span class='ocrx_word' id='word_1_804' title='bbox 3023 4752 3324 4793; x_wconf 87' lang='lat' dir='ltr'>consensu</span> <span class='ocrx_word' id='word_1_805' title='bbox 3348 4736 3611 4809; x_wconf 88' lang='lat' dir='ltr'>primum</span> <span class='ocrx_word' id='word_1_806' title='bbox 3638 4736 3822 4808; x_wconf 87' lang='lat' dir='ltr'>depu-</span> 
     </span>
    </p>
   </div>
   <div class='ocr_carea' id='block_1_115' title="bbox 2166 4822 3822 4900">
    <p class='ocr_par' dir='ltr' id='par_1_115' title="bbox 2166 4822 3822 4900">
     <span class='ocr_line' id='line_1_115' title="bbox 2166 4822 3822 4900; baseline -0.005 -12"><span class='ocrx_word' id='word_1_807' title='bbox 2166 4837 2321 4888; x_wconf 90' lang='lat' dir='ltr'>tatus</span> <span class='ocrx_word' id='word_1_808' title='bbox 2352 4831 2423 4887; x_wconf 90' lang='lat' dir='ltr'>sit</span> <span class='ocrx_word' id='word_1_809' title='bbox 2443 4829 2708 4900; x_wconf 84' lang='lat' dir='ltr'>regimen</span> <span class='ocrx_word' id='word_1_810' title='bbox 2748 4826 3049 4899; x_wconf 89' lang='lat' dir='ltr'>suscipere</span> <span class='ocrx_word' id='word_1_811' title='bbox 3081 4824 3141 4882; x_wconf 89' lang='lat' dir='ltr'>in</span> <span class='ocrx_word' id='word_1_812' title='bbox 3172 4824 3478 4898; x_wconf 84' lang='lat' dir='ltr'>provincia</span> <span class='ocrx_word' id='word_1_813' title='bbox 3504 4832 3560 4880; x_wconf 88' lang='lat' dir='ltr'>et</span> <span class='ocrx_word' id='word_1_814' title='bbox 3587 4824 3647 4889; x_wconf 84' lang='lat' dir='ltr'>in</span> <span class='ocrx_word' id='word_1_815' title='bbox 3674 4822 3822 4885; x_wconf 83' lang='lat' dir='ltr'>urbe</span> 
     </span>
    </p>
   </div>
   <div class='ocr_carea' id='block_1_116' title="bbox 2170 4914 3820 4989">
    <p class='ocr_par' dir='ltr' id='par_1_116' title="bbox 2170 4914 3820 4989">
     <span class='ocr_line' id='line_1_116' title="bbox 2170 4914 3820 4989; baseline -0.005 -12"><span class='ocrx_word' id='word_1_816' title='bbox 2170 4922 2367 4978; x_wconf 87' lang='lat' dir='ltr'>adhuc</span> <span class='ocrx_word' id='word_1_817' title='bbox 2399 4919 2623 4989; x_wconf 85' lang='lat' dir='ltr'>ignota,</span> <span class='ocrx_word' id='word_1_818' title='bbox 2658 4918 2759 4973; x_wconf 87' lang='lat' dir='ltr'>sed</span> <span class='ocrx_word' id='word_1_819' title='bbox 2792 4934 2827 4973; x_wconf 92' lang='lat' dir='ltr'>a</span> <span class='ocrx_word' id='word_1_820' title='bbox 2850 4914 3101 4973; x_wconf 91' lang='lat' dir='ltr'>Domino</span> <span class='ocrx_word' id='word_1_821' title='bbox 3131 4920 3339 4989; x_wconf 89' lang='lat' dir='ltr'>postea</span> <span class='ocrx_word' id='word_1_822' title='bbox 3367 4916 3529 4970; x_wconf 87' lang='lat' dir='ltr'>Petro</span> <span class='ocrx_word' id='word_1_823' title='bbox 3561 4918 3820 4973; x_wconf 87' lang='lat' dir='ltr'>ostensa.</span> 
     </span>
    </p>
   </div>
   <div class='ocr_carea' id='block_1_117' title="bbox 2175 5003 3824 5067">
    <p class='ocr_par' dir='ltr' id='par_1_117' title="bbox 2175 5003 3824 5067">
     <span class='ocr_line' id='line_1_117' title="bbox 2175 5003 3824 5067; baseline -0.007 -1"><span class='ocrx_word' id='word_1_824' title='bbox 2175 5010 2311 5067; x_wconf 88' lang='lat' dir='ltr'>Ideo</span> <span class='ocrx_word' id='word_1_825' title='bbox 2342 5013 2543 5064; x_wconf 84' lang='lat' dir='ltr'>Petrus</span> <span class='ocrx_word' id='word_1_826' title='bbox 2570 5007 2685 5063; x_wconf 86' lang='lat' dir='ltr'>ait:</span> <span class='ocrx_word' id='word_1_827' title='bbox 2709 5006 3079 5063; x_wconf 82' lang='lat' dir='ltr'>Lemovicam</span> <span class='ocrx_word' id='word_1_828' title='bbox 3108 5003 3213 5059; x_wconf 86' lang='lat' dir='ltr'>tibi</span> <span class='ocrx_word' id='word_1_829' title='bbox 3236 5003 3508 5065; x_wconf 78' lang='lat' dir='ltr'>Christus</span> <span class='ocrx_word' id='word_1_830' title='bbox 3538 5016 3824 5065; x_wconf 73' lang='lat' dir='ltr'>commen-</span> 
     </span>
    </p>
   </div>
   <div class='ocr_carea' id='block_1_118' title="bbox 2174 5090 3829 5169">
    <p class='ocr_par' dir='ltr' id='par_1_118' title="bbox 2174 5090 3829 5169">
     <span class='ocr_line' id='line_1_118' title="bbox 2174 5090 3829 5169; baseline -0.005 -14"><span class='ocrx_word' id='word_1_831' title='bbox 2174 5100 2298 5156; x_wconf 86' lang='lat' dir='ltr'>dat.</span> <span class='ocrx_word' id='word_1_832' title='bbox 2329 5097 2608 5163; x_wconf 87' lang='lat' dir='ltr'>Christus,</span> <span class='ocrx_word' id='word_1_833' title='bbox 2637 5095 2849 5169; x_wconf 87' lang='lat' dir='ltr'>inquit,</span> <span class='ocrx_word' id='word_1_834' title='bbox 2882 5109 3001 5150; x_wconf 88' lang='lat' dir='ltr'>non</span> <span class='ocrx_word' id='word_1_835' title='bbox 3027 5109 3158 5165; x_wconf 87' lang='lat' dir='ltr'>ego.</span> <span class='ocrx_word' id='word_1_836' title='bbox 3178 5090 3458 5149; x_wconf 86' lang='lat' dir='ltr'>Clementi</span> <span class='ocrx_word' id='word_1_837' title='bbox 3478 5106 3620 5147; x_wconf 86' lang='lat' dir='ltr'>vero</span> <span class='ocrx_word' id='word_1_838' title='bbox 3644 5106 3829 5165; x_wconf 79' lang='lat' dir='ltr'>quem</span> 
     </span>
    </p>
   </div>
   <div class='ocr_carea' id='block_1_119' title="bbox 2177 5179 3831 5259">
    <p class='ocr_par' dir='ltr' id='par_1_119' title="bbox 2177 5179 3831 5259">
     <span class='ocr_line' id='line_1_119' title="bbox 2177 5179 3831 5259; baseline -0.007 -13"><span class='ocrx_word' id='word_1_839' title='bbox 2177 5190 2251 5246; x_wconf 88' lang='lat' dir='ltr'>de</span> <span class='ocrx_word' id='word_1_840' title='bbox 2283 5187 2481 5259; x_wconf 87' lang='lat' dir='ltr'>gentili</span> <span class='ocrx_word' id='word_1_841' title='bbox 2514 5190 2779 5242; x_wconf 82' lang='lat' dir='ltr'>Romano</span> <span class='ocrx_word' id='word_1_842' title='bbox 2813 5182 3212 5241; x_wconf 86' lang='lat' dir='ltr'>Christianum</span> <span class='ocrx_word' id='word_1_843' title='bbox 3234 5180 3472 5254; x_wconf 83' lang='lat' dir='ltr'>fecerat,</span> <span class='ocrx_word' id='word_1_844' title='bbox 3499 5180 3616 5243; x_wconf 83' lang='lat' dir='ltr'>alio</span> <span class='ocrx_word' id='word_1_845' title='bbox 3643 5179 3831 5241; x_wconf 84' lang='lat' dir='ltr'>modo</span> 
     </span>
    </p>
   </div>
   <div class='ocr_carea' id='block_1_120' title="bbox 2180 5270 3835 5345">
    <p class='ocr_par' dir='ltr' id='par_1_120' title="bbox 2180 5270 3835 5345">
     <span class='ocr_line' id='line_1_120' title="bbox 2180 5270 3835 5345; baseline -0.007 -9"><span class='ocrx_word' id='word_1_846' title='bbox 2180 5282 2509 5336; x_wconf 82' lang='lat' dir='ltr'>Romanam</span> <span class='ocrx_word' id='word_1_847' title='bbox 2538 5276 2750 5330; x_wconf 88' lang='lat' dir='ltr'>urbem</span> <span class='ocrx_word' id='word_1_848' title='bbox 2779 5273 3031 5344; x_wconf 71' lang='lat' dir='ltr'>injunxit</span> <span class='ocrx_word' id='word_1_849' title='bbox 3058 5275 3277 5339; x_wconf 80' lang='lat' dir='ltr'>Petrus,</span> <span class='ocrx_word' id='word_1_850' title='bbox 3315 5270 3518 5327; x_wconf 77' lang='lat' dir='ltr'>dicens</span> <span class='ocrx_word' id='word_1_851' title='bbox 3546 5288 3559 5325; x_wconf 91' lang='lat'><strong>:</strong></span> <span class='ocrx_word' id='word_1_852' title='bbox 3607 5271 3683 5326; x_wconf 81' lang='lat' dir='ltr'>Te</span> <span class='ocrx_word' id='word_1_853' title='bbox 3711 5271 3835 5345; x_wconf 84' lang='lat' dir='ltr'>epi-</span> 
     </span>
    </p>
   </div>
   <div class='ocr_carea' id='block_1_121' title="bbox 2178 5359 3841 5437">
    <p class='ocr_par' dir='ltr' id='par_1_121' title="bbox 2178 5359 3841 5437">
     <span class='ocr_line' id='line_1_121' title="bbox 2178 5359 3841 5437; baseline -0.005 -14"><span class='ocrx_word' id='word_1_854' title='bbox 2178 5383 2417 5437; x_wconf 83' lang='lat' dir='ltr'>scopum</span> <span class='ocrx_word' id='word_1_855' title='bbox 2452 5368 2647 5421; x_wconf 72' lang='lat' dir='ltr'>1toma2</span> <span class='ocrx_word' id='word_1_856' title='bbox 2674 5364 2903 5427; x_wconf 71' lang='lat' dir='ltr'>m&#39;dino,</span> <span class='ocrx_word' id='word_1_857' title='bbox 2936 5368 2987 5417; x_wconf 87' lang='lat' dir='ltr'>et</span> <span class='ocrx_word' id='word_1_858' title='bbox 3019 5361 3127 5416; x_wconf 84' lang='lat' dir='ltr'>tibi</span> <span class='ocrx_word' id='word_1_859' title='bbox 3150 5376 3289 5416; x_wconf 71' lang='lat' dir='ltr'>mea?</span> <span class='ocrx_word' id='word_1_860' title='bbox 3309 5359 3755 5428; x_wconf 65' lang='lat' dir='ltr'>prardicationis</span> <span class='ocrx_word' id='word_1_861' title='bbox 3783 5362 3841 5416; x_wconf 79' lang='lat' dir='ltr'>et</span> 
     </span>
    </p>
   </div>
   <div class='ocr_carea' id='block_1_122' title="bbox 2184 5447 3840 5515">
    <p class='ocr_par' dir='ltr' id='par_1_122' title="bbox 2184 5447 3840 5515">
     <span class='ocr_line' id='line_1_122' title="bbox 2184 5447 3840 5515; baseline -0.006 -3"><span class='ocrx_word' id='word_1_862' title='bbox 2184 5456 2475 5512; x_wconf 62' lang='lat' dir='ltr'>doctrina?</span> <span class='ocrx_word' id='word_1_863' title='bbox 2506 5452 2851 5509; x_wconf 82' lang='lat' dir='ltr'>cathedram</span> <span class='ocrx_word' id='word_1_864' title='bbox 2886 5450 3080 5505; x_wconf 79' lang='lat' dir='ltr'>credo.</span> <span class='ocrx_word' id='word_1_865' title='bbox 3106 5450 3180 5505; x_wconf 84' lang='lat' dir='ltr'>Et</span> <span class='ocrx_word' id='word_1_866' title='bbox 3203 5449 3311 5503; x_wconf 79' lang='lat' dir='ltr'>tibi</span> <span class='ocrx_word' id='word_1_867' title='bbox 3337 5448 3510 5503; x_wconf 83' lang='lat' dir='ltr'>trado</span> <span class='ocrx_word' id='word_1_868' title='bbox 3537 5447 3840 5515; x_wconf 73' lang='grc' dir='ltr'>αὶ)οωὶηο</span> 
     </span>
    </p>
   </div>
   <div class='ocr_carea' id='block_1_123' title="bbox 2185 5536 3839 5610">
    <p class='ocr_par' dir='ltr' id='par_1_123' title="bbox 2185 5536 3839 5610">
     <span class='ocr_line' id='line_1_123' title="bbox 2185 5536 3839 5610; baseline -0.005 -9"><span class='ocrx_word' id='word_1_869' title='bbox 2185 5546 2334 5601; x_wconf 79' lang='lat' dir='ltr'>mihi</span> <span class='ocrx_word' id='word_1_870' title='bbox 2364 5544 2649 5599; x_wconf 74' lang='lat' dir='ltr'>traditam</span> <span class='ocrx_word' id='word_1_871' title='bbox 2695 5545 3040 5608; x_wconf 75' lang='lat' dir='ltr'>potestatem</span> <span class='ocrx_word' id='word_1_872' title='bbox 3082 5538 3316 5610; x_wconf 82' lang='lat' dir='ltr'>ligandi</span> <span class='ocrx_word' id='word_1_873' title='bbox 3340 5542 3520 5607; x_wconf 85' lang='lat' dir='ltr'>atque</span> <span class='ocrx_word' id='word_1_874' title='bbox 3552 5536 3839 5603; x_wconf 77' lang='lat' dir='ltr'>solvendi,</span> 
     </span>
    </p>
   </div>
   <div class='ocr_carea' id='block_1_124' title="bbox 2188 5625 3843 5698">
    <p class='ocr_par' dir='ltr' id='par_1_124' title="bbox 2188 5625 3843 5698">
     <span class='ocr_line' id='line_1_124' title="bbox 2188 5625 3843 5698; baseline -0.007 -10"><span class='ocrx_word' id='word_1_875' title='bbox 2188 5642 2249 5688; x_wconf 82' lang='lat' dir='ltr'>at</span> <span class='ocrx_word' id='word_1_876' title='bbox 2298 5635 2367 5688; x_wconf 77' lang='lat' dir='ltr'>(lc</span> <span class='ocrx_word' id='word_1_877' title='bbox 2408 5631 2673 5685; x_wconf 69' lang='lat' dir='ltr'>cautibus</span> <span class='ocrx_word' id='word_1_878' title='bbox 2715 5630 2788 5683; x_wconf 85' lang='lat' dir='ltr'>de</span> <span class='ocrx_word' id='word_1_879' title='bbox 2819 5628 3264 5698; x_wconf 78' lang='lat' dir='ltr'>quibuscunquc</span> <span class='ocrx_word' id='word_1_880' title='bbox 3310 5627 3369 5680; x_wconf 82' lang='lat' dir='ltr'>in</span> <span class='ocrx_word' id='word_1_881' title='bbox 3430 5628 3604 5681; x_wconf 75' lang='lat' dir='ltr'>terris</span> <span class='ocrx_word' id='word_1_882' title='bbox 3649 5625 3843 5680; x_wconf 77' lang='lat' dir='ltr'>decre-</span> 
     </span>
    </p>
   </div>
   <div class='ocr_carea' id='block_1_125' title="bbox 2193 5710 3845 5787">
    <p class='ocr_par' dir='ltr' id='par_1_125' title="bbox 2193 5710 3845 5787">
     <span class='ocr_line' id='line_1_125' title="bbox 2193 5710 3845 5787; baseline -0.007 -12"><span class='ocrx_word' id='word_1_883' title='bbox 2193 5723 2363 5787; x_wconf 71' lang='lat' dir='ltr'>veris,</span> <span class='ocrx_word' id='word_1_884' title='bbox 2408 5721 2515 5774; x_wconf 80' lang='lat' dir='ltr'>hoc</span> <span class='ocrx_word' id='word_1_885' title='bbox 2558 5719 2859 5773; x_wconf 78' lang='lat' dir='ltr'>decretam</span> <span class='ocrx_word' id='word_1_886' title='bbox 2904 5717 2977 5770; x_wconf 82' lang='lat' dir='ltr'>sit</span> <span class='ocrx_word' id='word_1_887' title='bbox 3024 5717 3083 5771; x_wconf 86' lang='lat' dir='ltr'>in</span> <span class='ocrx_word' id='word_1_888' title='bbox 3113 5717 3294 5771; x_wconf 72' lang='lat' dir='ltr'>cortis.</span> <span class='ocrx_word' id='word_1_889' title='bbox 3343 5717 3503 5770; x_wconf 88' lang='lat' dir='ltr'>Tunc</span> <span class='ocrx_word' id='word_1_890' title='bbox 3534 5713 3595 5769; x_wconf 91' lang='lat' dir='ltr'>in</span> <span class='ocrx_word' id='word_1_891' title='bbox 3642 5710 3845 5767; x_wconf 85' lang='lat' dir='ltr'>medio</span> 
     </span>
    </p>
   </div>
  </div>
