4584 6376
885 309 974 361 Hl
2032 292 2341 348 ADEMARI
2382 290 2438 344 S.
2489 283 2760 342 CIBARDI
2802 284 3131 341 MONACHI.
4133 286 4178 338 ll!

874 441 1081 483 coram
1117 420 1399 479 omnibus
1444 433 1694 474 manum
1723 416 1775 472 ei
1804 414 2087 489 imposuit
2130 412 2510 480 benedicens,
2551 413 2596 464 Α
2624 424 2828 481 quem,
2842 413 3046 465 sancto
3077 405 3314 464 Evurtio
3340 403 3626 478 episcopo
3642 399 3973 458 celebrante
3994 400 4177 459 missam

876 520 935 572 et
960 513 1022 571 in
1047 510 1328 569 cathedra
1350 524 1609 565 suaeum
1641 506 1844 562 sedere
1875 503 2304 577 compulit.Hoc
2327 501 2525 574 ipsum

877 603 1208 677 antipbona
1227 599 1604 656 demonstrat
1623 595 1868 668 antiqua
1893 611 1904 648 :
1938 595 2194 650 Sanctus
2222 591 2524 648 Martialis

877 693 958 750 ad
984 688 1436 764 praedicandum
1483 685 1700 742 Galliis
1730 685 2055 754 delegatus,
2087 679 2442 737 subauditur
2487 694 2523 735 a

876 783 1149 850 Domino,
1199 778 1342 851 quia
1368 775 1654 832 Dominus
1693 777 1827 829 ante
1858 772 2248 844 deputaverat
2277 768 2524 824 Galliam

878 871 956 929 ad
982 867 1456 944 prmdicandum,
1508 865 1585 920 ad
1611 879 1794 938 quam
1828 861 2212 937 postmodum
2246 858 2527 933 praecepit

877 961 961 1018 ire
1007 975 1113 1033 per
1153 956 1488 1029 jubentem,
1542 953 1662 1010 imo
1693 952 2046 1008 suadentem
2102 955 2160 1006 et
2186 949 2523 1005 hortantem

878 1053 1134 1108 Petrum.
1165 1051 1229 1104 in
1267 1061 1389 1120 qua
1419 1043 1658 1113 regione
1697 1043 1959 1116 primum
2005 1036 2522 1096 Lemovicensibus

879 1151 1152 1195 sermone
1204 1139 1261 1190 et
1301 1131 1484 1201 signis
1533 1130 1784 1186 salutem
1815 1129 2078 1202 pandere
2129 1126 2406 1199 suscepit.
2466 1124 2522 1181 Si

877 1224 1037 1282 enim
1064 1223 1221 1281 hanc
1247 1221 1638 1294 antipbouam
1663 1219 1740 1275 ad
1763 1217 1912 1274 alios
1937 1215 2177 1273 verteris
2194 1213 2519 1289 apostolos,

873 1317 1030 1370 recte
1059 1309 1353 1370 constabit
1377 1310 1490 1365 hoc
1523 1308 1704 1364 modo
1730 1326 1742 1362 :
1776 1310 1832 1364 S.
1866 1310 2065 1362 Petrus
2093 1305 2170 1362 ad
2196 1303 2523 1378 praedican-

871 1401 1020 1458 dum
1053 1400 1208 1458 Italis
1247 1398 1576 1470 delegatus,
1609 1397 1889 1453 Romanis
1921 1395 2149 1451 civibus
2172 1391 2522 1465 jubentibus

872 1488 1098 1548 caeteris
1128 1488 1413 1563 apostolis
1455 1486 1685 1543 semina
1723 1485 1861 1542 ﬁdei
1904 1483 2209 1556 eroganda
2239 1480 2518 1554 suscepit.

873 1580 1125 1636 Sanctus
1152 1577 1418 1634 Andreas
1448 1575 1526 1632 ad
1552 1573 2004 1648 priedicandum
2031 1571 2266 1628 Achaiae
2288 1570 2521 1640 delega-

871 1672 965 1725 tus
985 1667 1150 1742 apud
1171 1667 1380 1724 urbem
1405 1669 1628 1734 Patras,
1648 1664 2038 1721 suadentibus
2059 1663 2188 1718 aliis
2215 1660 2518 1734 apostolis,

871 1754 1359 1830 praedicationem
1390 1755 1667 1828 suscepit.
1727 1754 1881 1810 Licet
1906 1753 2086 1821 cnim,
2127 1756 2191 1808 ut
2220 1751 2368 1806 liber
2397 1749 2516 1806 Cle-

871 1847 1090 1903 mentis
1119 1846 1219 1914 ait,
1253 1844 1556 1902 Barnabas
1585 1844 1813 1918 primus
1843 1842 2125 1899 Romanis
2171 1845 2410 1896 exortus
2450 1839 2522 1893 sit

872 1935 1221 2009 praedicare,
1262 1939 1460 1990 tamen
1494 1933 1619 1989 sine
1665 1933 1876 1989 effectu
1924 1937 1980 1988 et
2007 1931 2201 1987 fructu
2243 1945 2520 1985 reversus

871 2029 961 2084 est
987 2023 1307 2094 Orientem,
1330 2026 1393 2079 Et
1423 2022 1471 2078 si
1499 2022 1745 2079 calicem
1776 2019 2217 2078 Aurelianensis
2239 2017 2522 2076 ecclesiae.

2635 498 2818 554 fertur
2838 497 3038 554 divina
3066 512 3283 552 manus
3297 491 3674 550 benedixisse
3689 504 3872 546 nemo
3897 491 4178 560 postmodun

2634 587 2902 644 mortalis
2915 583 3305 660 praesumpsit
3323 579 3696 648 benedicere,
3720 576 4016 651 quomodo
4037 581 4176 636 Martia

2632 677 2772 748 lem,
2803 693 2986 750 quem
3032 674 3295 734 Christus
3333 670 3616 728 manibus
3666 667 3792 724 suis
3823 667 4090 724 benedixit
4119 674 4178 743 epi

2637 783 2890 840 scopum
2921 782 3058 821 eum
3089 761 3314 820 caeteris
3357 758 3662 832 apostolis,
3690 756 3848 812 ultra
3878 755 4064 828 aliquis
4091 774 4178 814 mor

2633 856 2841 912 talium
2881 853 3232 912 benedicere
3262 849 3604 924 pontiﬁcem
3654 846 4068 920 praesumeret?
4105 849 4178 903 Et:

2632 944 2965 1002 benedictio
3013 941 3491 1017 patriarcharum
3543 941 3772 994 tantam
3820 933 3938 989 vim
3979 933 4178 1003 hebeti

2631 1033 2778 1090 dum
2821 1031 3046 1088 barbas
3077 1035 3133 1086 et
3176 1043 3431 1086 coronas
3475 1025 3830 1082 clericorum
3877 1021 4178 1079 benedixerin

2631 1124 2746 1180 hoc
2795 1118 3214 1178 tantummodo
3257 1117 3521 1173 dicentes
3557 1132 3570 1170 :
3618 1112 3931 1170 Benedicta
3977 1111 4041 1168 sit
4071 1112 4177 1168 heri.

2631 1212 2725 1268 vel
2757 1228 2980 1268 corona
2997 1208 3386 1278 tua,aliorum
3419 1205 3848 1279 episcoporum
3872 1201 4178 1258 benediction

2631 1319 2752 1358 non
2783 1317 2936 1374 opus
2983 1299 3094 1367 sit;
3140 1297 3327 1354 multo
3353 1294 3548 1365 magis
3575 1289 3911 1349 benedictio
3950 1289 4107 1363 ipsius
4129 1293 4178 1344 De

2633 1391 2798 1457 mini,
2850 1406 2972 1463 qua
3001 1387 3243 1444 elevatis
3294 1383 3577 1442 manibus
3629 1379 3913 1454 apostolis
3957 1379 4174 1435 benedixi

2633 1482 2860 1533 tantam
2891 1477 3163 1533 virtutem
3195 1473 3405 1530 habuit
3431 1477 3496 1528 ut
3523 1471 3708 1526 altera
3733 1467 4134 1525 consecratione
4155 1484 4178 1522 ει

2633 1567 2834 1640 aliquo
2882 1565 3226 1622 mortalium
3258 1563 3404 1636 ipsis
3435 1561 3678 1617 alterius
3731 1557 4056 1616 nullatenus
4103 1574 4178 1628 opt!

2631 1661 2801 1713 esset.
2835 1679 2861 1705 ι»
2886 1655 2980 1710 Ille
3013 1669 3149 1710 vero
3181 1649 3526 1724 respondit:
3563 1671 3591 1698 «
3621 1647 3739 1720 Ipsi
3769 1645 4050 1720 principes
4075 1662 4178 1700 δέρω]

2564 1769 2603 1822 Β
2631 1745 2785 1801 lares
2814 1745 2928 1800 hoc
2951 1741 3306 1814 vituperant.
3346 1762 3373 1788 υ
3419 1737 3524 1794 Cui
3549 1753 3694 1807 ego:
3731 1758 3760 1785 «
3794 1737 3918 1790 Non
3948 1733 4178 1794 omnesii

2629 1835 2774 1909 quit,
2807 1833 2910 1908 qui
2954 1832 3154 1906 ipsum
3203 1830 3500 1887 Christum
3540 1832 3644 1882 aut
3689 1823 3992 1898 apostolos
4031 1823 4134 1892 ejus
4155 1823 4178 1875 ]‹

2627 1929 2878 1998 quentes
2899 1922 3216 1979 audierunt
3252 1919 3506 1975 verbum
3528 1918 3649 1982 Dei,
3673 1918 4033 1986 receperunt.
4063 1915 4114 1968 Et
4134 1913 4178 1966 hc

2632 2021 2897 2088 tempore
2914 2012 3273 2085 obsequium
3301 2008 3549 2074 amicos,
3574 2005 3793 2062 veritas
3818 2003 4014 2060 odium
4038 2003 4171 2074 parit.

1581 2359 2335 2452 FBAGMENTUM
2419 2355 2980 2445 SEllMONIS
3067 2351 3571 2440 ADEMARI

2047 2567 2115 2626 In
2162 2566 2412 2626 concilii;
2460 2563 2865 2624 Lemovicensi
2899 2561 3115 2624 habiti.

1557 2754 1750 2829 (Apud
1781 2753 2019 2823 Mabill..,
2043 2755 2196 2808 Acta
2223 2752 2328 2807 SS.
2361 2750 2490 2806 0rd.
2525 2751 2586 2805 S.
2620 2747 2842 2805 Bened.
2875 2750 3016 2803 tom.
3047 2748 3182 2813 Vlll,
3217 2761 3276 2818 p.
3309 2748 3398 2813 34,
3430 2760 3492 2801 n.
3526 2744 3600 2814 3).

2355 2935 2706 2946 Μ

943 3088 1306 3159 Prolongum
1323 3091 1409 3142 est
1430 3091 1516 3142 tot
1539 3089 1919 3142 Patrumrata
1938 3083 2368 3140 testimoniade
2392 3084 2520 3154 ejus
2559 3086 2598 3140 (ζ
2629 3082 2938 3156 proposita
3004 3079 3398 3146 discernebat,
3461 3077 3626 3134 solus
3674 3077 3958 3134 omnium
4009 3076 4178 3146 magis!

875 3176 962 3247 (id
987 3180 1068 3233 est
1114 3175 1311 3230 sam-Ii
1353 3173 1746 3244 Martialis)...
1780 3171 1858 3227 ad
1913 3171 2176 3226 medium
2204 3171 2516 3226 deducere.

875 3265 1070 3320 Unum
1103 3267 1300 3318 tamen
1331 3277 1403 3317 ex
1433 3260 1641 3334 priscis
1673 3259 2017 3315 auctoribus
2048 3275 2228 3332 super
2253 3259 2364 3314 hoc
2396 3275 2520 3314 me-

873 3367 1147 3410 morasse
1194 3350 1336 3407 satis
1375 3351 1496 3418 sit;
1553 3349 1720 3405 illum
1775 3355 1927 3404 certe
1977 3349 2520 3404 uominatissimum

872 3444 1100 3499 Patrem
1131 3443 1217 3513 (S.
1240 3439 1586 3510 Abbonem).
1605 3438 1698 3495 cui
1721 3438 1780 3494 in
1813 3437 2096 3510 pastorali
2121 3437 2405 3507 regimine
2427 3437 2521 3492 ille

871 3529 1049 3587 totius
1079 3527 1338 3585 scientiae
1367 3527 1456 3584 vir
1479 3526 1799 3599 gravisque
1838 3525 2204 3582 auctoritatis
2238 3526 2522 3581 successit

868 3616 1352 3690 archiepiscopus
1385 3615 1759 3672 Bituricensis
1785 3615 2154 3682 (Gaia-inus),
2175 3613 2520 3668 orthodoxae

865 3705 1006 3764 ﬁdei
1033 3704 1756 3774 defensorem,catholieze
1789 3703 2022 3776 pietatis
2054 3703 2520 3788 cultorcmdiene

866 3795 1072 3864 nostis,
1104 3794 1213 3852 etsi
1253 3810 1376 3852 non
1401 3795 1555 3863 visu,
1588 3793 1692 3848 sed
1723 3793 1950 3849 auditu.
1993 3795 2123 3848 Jam
2156 3793 2314 3848 enim
2342 3793 2520 3862 longe

871 3887 1008 3940 ante
1037 3898 1148 3939 nos
1194 3883 1496 3956 prmcessit
1525 3882 1814 3954 martyrio
1855 3888 2192 3948 coronatus,
2227 3881 2519 3951 sanguine

874 3969 1008 4027 fuso
1033 3969 1110 4026 ab
1138 3968 1338 4043 impiis
1375 3985 1631 4042 passus;
1677 3969 1755 4024 ad
1797 3971 1968 4041 cujus
2001 3969 2343 4042 sepulcrum
2390 3969 2518 4040 jam

873 4056 1094 4116 clarere
1139 4057 1481 4114 audivimus
1530 4057 1837 4126 miracula,
1869 4074 2147 4114 verorum
2179 4057 2520 4114 testimonio

874 4146 1266 4221 comprobata
1295 4165 1309 4216 ;
1353 4147 1524 4218 cujus
1552 4147 1904 4219 martyrium
1934 4147 2110 4203 etiam
2149 4148 2208 4203 in
2249 4147 2520 4220 pluribus

875 4235 1146 4294 Ecclesiis
1210 4251 1377 4292 more
1439 4241 1739 4292 sectorum
1793 4241 2127 4308 martyrum
2181 4236 2520 4292 solemniter

873 4324 1225 4383 celebratur.
1249 4328 1308 4380 In
1334 4341 1456 4398 quo
1485 4329 1744 4397 martyre
1777 4329 2006 4381 tantum
2028 4325 2396 4380 domicilium
2428 4343 2518 4381 sa-

2631 3171 2840 3244 paucis
2880 3170 3079 3226 verbis
3137 3167 3495 3224 dubitationi
3537 3167 3723 3222 tinem
3777 3166 3988 3224 dabat.
4045 3167 4178 3223 Omne

2629 3261 2762 3316 licet
2792 3260 3118 3334 peritorum
3150 3256 3511 3332 peritissimi,
3531 3273 3602 3312 ex
3634 3272 3737 3313 ore
3759 3257 3898 3327 ejus
3928 3255 4178 3329 pendetis:

2632 3367 2702 3406 eo
2752 3353 3041 3423 prtescnte
3069 3348 3321 3419 digitum
3350 3348 3437 3404 ori
3471 3346 3994 3420 superponebant.
4034 3349 4103 3400 Ita
4140 3361 4177 3398 in.

2633 3455 2787 3508 gnus
2813 3438 3124 3510 sapientia,
3160 3441 3560 3510 prieterquam
3600 3435 3772 3508 quod
3807 3441 4035 3508 septem
4065 3434 4178 3490 COllll

2633 3528 2724 3583 nis
2752 3527 3088 3583 liberalium
3123 3525 3338 3582 artium
3393 3525 3630 3581 fulcitus
3655 3530 3812 3592 erat,
3845 3524 4058 3597 plenus
4090 3526 4178 3578 aud

2631 3617 2816 3672 ritatis
2846 3623 2902 3673 et
2929 3615 3153 3686 gratiae,
3195 3614 3358 3671 omni
3387 3614 3650 3670 ecclesiae
3683 3619 4108 3670 ornamentum
4131 3628 4178 3666 era

2633 3710 2971 3762 Conventus
3033 3705 3454 3778 episcoporum
3513 3704 3876 3770 decorabat,
3933 3703 4116 3758 omnia
4153 3715 4178 3750 ςι

2629 3794 2788 3850 dicta
2819 3793 3164 3849 auctoritate
3207 3792 3550 3848 divinarum
3583 3791 4042 3864 Scripturarum
4081 3801 4178 3859 app‘

2629 3881 2816 3939 babat
2845 3901 2858 3951 ;
2892 3887 2948 3938 et
2973 3880 3268 3954 quidquid
3309 3898 3380 3936 ex
3406 3897 3508 3936 ore
3537 3881 3670 3951 ejus
3695 3879 4086 3952 procedebat,
4110 3888 4178 3946 qua

2629 3971 3084 4044 quodammodo
3115 3987 3236 4027 non
3283 3971 3644 4037 humanum,
3679 3969 3797 4026 sed
3828 3969 4094 4026 divinum
4117 3977 4178 4018 sor.

2629 4061 2752 4116 bat.
2787 4062 2886 4117 Hic
2917 4061 2977 4116 in
3009 4077 3118 4116 suo
3166 4061 3436 4134 quodam
3481 4064 3740 4116 tractatu
3791 4058 4066 4117 Martialis
4091 4053 4174 4107 veri

2631 4155 2750 4206 tem
2784 4155 2974 4205 tacere
3020 4165 3140 4205 non
3191 4149 3400 4222 potuit,
3441 4147 3691 4204 dicens:
3728 4173 3759 4198 ‹‹
3800 4152 4085 4208 Summus
4125 4145 4177 4196 Pa

2629 4240 2736 4296 iste
2764 4239 3038 4296 Martialis
3064 4240 3123 4294 in
3161 4255 3333 4295 caena
3361 4238 3612 4294 omnino
3653 4244 3756 4296 sat
3787 4239 4049 4312 mystica
4074 4233 4178 4291 (ΗΠ-ἑξ

2630 4329 2882 4384 conviva
2909 4327 3301 4396 fuit,cmlestis
3327 4327 3502 4401 panis
3530 4344 3794 4384 sumens
3829 4327 4103 4400 reliquas;
4129 4337 4177 4376 eu

871 4414 1095 4488 pientia
1119 4413 1232 4471 sibi
1270 4413 1684 4482 collocaverat,
1724 4419 1789 4470 ut
1813 4415 1902 4470 sui
1952 4415 2234 4488 temporis
2285 4414 2516 4482 eruditi,
2559 4434 2602 4488 ι)
2633 4433 2751 4490 que
2781 4417 3214 4490 discipulorum
3254 4416 3501 4488 collegia
3551 4421 3780 4489 postea
3826 4432 4078 4486 surgens
4114 4417 4178 4466 teri

871 4518 1228 4578 quanquam
1283 4503 1581 4560 innumeri
1633 4503 1932 4573 ﬂorerent,
1982 4519 2105 4576 prie
2135 4503 2416 4559 omnibus
2446 4507 2530 4559 ta-

874 4607 1018 4650 men
1055 4592 1378 4650 auctoritas
1411 4592 1540 4663 ejus
1583 4592 1844 4648 maxime
1877 4592 2209 4660 duceretur,
2254 4592 2332 4648 ita
2363 4596 2428 4647 ut
2468 4592 2526 4647 in

872 4683 996 4738 tota
1043 4680 1228 4738 Gallia
1273 4685 1329 4737 et
1376 4681 1693 4738 Germania
1737 4688 1916 4754 atque
1964 4681 2292 4751 Anglorum
2349 4685 2521 4750 gente

872 4769 1036 4842 (nam
1091 4769 1209 4826 illic
1260 4785 1504 4842 quoque
1551 4769 1990 4826 famosissimas
2040 4769 2393 4841 habebatur)
2446 4770 2520 4824 de

871 4875 1235 4934 quacunque
1263 4858 1645 4916 ventilaretur
1668 4859 2018 4933 quaestione,
2044 4859 2092 4914 si
2119 4859 2253 4932 quis
2283 4859 2520 4915 audisse

874 4963 936 5006 se
965 4947 1188 5005 diceret
1216 4947 1294 5005 ab
1323 4946 1424 5004 illo
1452 4947 1881 5015 definitionem,
1933 4947 2080 5014 nihil
2106 4947 2242 5020 plus
2274 4948 2523 5004 auctori-

871 5035 1006 5093 tatis
1046 5035 1382 5110 requiretur
1413 5053 1426 5104 ;
1472 5033 1858 5107 judicabatur
1909 5035 1986 5092 ab
2017 5035 2298 5093 omnibus
2327 5040 2523 5092 ratum

875 5139 1004 5180 esse
1047 5124 1212 5198 quod
1243 5123 1322 5180 ab
1365 5139 1468 5180 ore
1515 5123 1662 5181 tanti
1699 5123 1805 5180 viri
1856 5124 2129 5181 auditum
2173 5129 2365 5181 esset:
2419 5126 2524 5198 qui

879 5211 1221 5269 auctoritate
1248 5211 1428 5286 quasi
1457 5211 1605 5270 alter
1636 5212 1920 5270 Salomon
1957 5212 2350 5287 praecellebat.
2384 5217 2450 5270 Et
2477 5215 2526 5270 si

879 5305 1031 5358 esset
1055 5301 1326 5358 habitata
1344 5301 1439 5358 vel
1467 5307 1615 5359 natu
1639 5305 1916 5374 Francus,
1941 5303 2178 5376 eloquio
2199 5307 2400 5360 tamen
2419 5307 2529 5361 Ro-

881 5404 1066 5446 mano
1082 5387 1298 5460 clarus,
1312 5405 1382 5445 ac
1404 5389 1452 5446 si
1477 5389 1623 5447 alter
1634 5390 2020 5463 judicabatur
2043 5390 2357 5448 Tullius.ln
2383 5407 2527 5448 con-

883 5475 1029 5532 ciliis
1060 5479 1299 5532 Patrum
1343 5492 1546 5534 coram
1594 5479 1835 5550 regibus
1864 5485 1920 5534 et
1963 5479 2334 5552 principibus
2366 5479 2528 5536 solus

2635 4505 2803 4561 laetus
2825 4505 2949 4578 ipse
2976 4504 3231 4578 praebuit
3257 4504 3626 4561 linteamina.
3663 4508 3889 4580 Neque
3920 4515 4177 4578 unquam

2633 4594 2784 4664 fugit
2809 4610 2980 4650 sacra
3005 4593 3416 4664 contubernia,
3442 4594 3676 4668 absque
3704 4597 3956 4652 Thoma
3984 4594 4170 4667 piorum

2634 4682 2845 4739 timida
2873 4687 3107 4739 caterva
3136 4699 3312 4739 unus.
3348 4682 3501 4748 Quin
3543 4682 3670 4740 imo
3705 4701 3866 4741 cum
3899 4682 4135 4742 Christus
4165 4689 4178 4745 ι

2631 4775 2776 4828 teret
2831 4771 3110 4838 ccelestia,
3164 4771 3437 4828 benedici
3482 4772 3710 4829 meruit
3769 4773 3939 4830 inter
3993 4773 4178 4828 astantl'i

2631 4861 2894 4932 agmina.
2927 4865 3038 4917 Nec
3066 4861 3280 4918 choros
3310 4861 3697 4918 laudantium
3747 4863 4009 4937 sprevit,
4039 4857 4126 4917 sed
4146 4869 4178 4909 CI

2633 4949 2857 5006 eisdem
2884 4949 3071 5006 sancti
3105 4949 3353 5022 Spiritus
3383 4955 3522 5006 tunc
3554 4953 3844 5026 suscepit
3873 4952 4178 5009 charismat:

2631 5038 2869 5109 linguas
2894 5039 3238 5094 multiﬁdas:
3270 5039 3493 5112 quibus
3524 5039 3869 5110 subnixus,
3883 5040 4110 5100 tandem
4131 5037 4173 5088 Pe

2635 5127 2848 5184 comite
2880 5127 3149 5200 pervenit
3177 5127 3553 5198 Antiocham,
3582 5144 3653 5184 ac
3699 5129 3943 5187 dehinc
3969 5123 4178 5186 urbemt

2634 5233 2768 5272 mae.
2800 5217 2929 5282 Qua
2960 5216 3256 5282 derelicta,
3303 5216 3690 5290 pertransivit
3724 5219 3814 5276 ad
3843 5219 4105 5279 Galliam.
4127 5208 4178 5276 €11}

2635 5304 2796 5361 clara
2833 5310 2890 5361 et
2918 5305 3134 5361 nobilis
3163 5310 3251 5361 est
3278 5305 3589 5378 provincia
3633 5309 3988 5380 Aquitania
4010 5323 4127 5382 pars
4154 5315 4178 5353 ιε

2637 5409 2777 5464 εηδ,
2807 5393 2909 5450 tibi
2937 5395 3311 5469 perveniens,
3340 5395 3518 5452 totius
3538 5396 3893 5468 provinciae
3923 5398 3992 5454 ﬁt
4017 5385 4178 5470 aposts1

2634 5498 2744 5555 per
2771 5488 2985 5542 cuncta
3010 5483 3247 5541 saecula.
3280 5508 3306 5533 n
