4584 6388
826 274 925 325 Hii

1872 271 2179 326 ADEMARI
2234 271 2288 324 S.
2345 269 2622 323 ClRARDl
2670 272 3002 328 MONACHI.

2292 533 2729 646 Dubia.

1541 894 1612 1011 S
1635 894 1703 1008 li

1720 893 2110 1013 ΒΜοΝ
2141 897 2296 1010 Es;
2366 895 2731 1016 ΤΒΕὸ
2792 900 3516 1043 ADEMARI,

2347 1179 2410 1217 l'T
2451 1180 2703 1230 viverra,

1400 1308 1495 1369 ΙΝ
1536 1309 1585 1371 ζ’
1589 1310 1756 1372 0.VC
1763 1310 1795 1369 Ι
1796 1310 1880 1370 LI
1885 1310 1932 1369 0
1974 1311 2160 1371 LEM
2163 1311 2210 1370 0
2229 1310 2577 1373 VICENSI
2624 1313 3024 1376 CELER/Li
3048 1315 3143 1375 ΤΟ
3186 1344 3207 1375 ,ι

1824 1310 1932 1370 210
1974 1311 2160 1371 LEM
2163 1311 2210 1370 0
2229 1310 2577 1373 VICENSI
2624 1313 3024 1376 CELER/2:1
3048 1315 3143 1375 ΤΟ
3186 1317 3233 1375 Α
3247 1314 3421 1375 NN!)
3468 1316 3614 1374 .994
3624 1362 3634 1374 .

1034 1467 1231 1540 (Apud
1259 1466 1480 1535 Baluz.,
1512 1469 1668 1523 Hist.
1707 1469 1920 1537 Tutel.,
1955 1469 2228 1541 Append.
2262 1484 2401 1542 pag.
2436 1476 2692 1545 385400,
2723 1490 2793 1529 ex
2834 1475 3033 1531 codice
3084 1479 3218 1530 t238
3248 1474 3621 1530 bibliothecas
3654 1473 3997 1549 Albertinze.)

1373 1736 1599 1792 SERMO
1649 1737 1919 1792 PRlMUS.

893 1882 1236 1948 Quondam,
1266 1885 1331 1936 ut
1356 1880 1874 1938 novitfraternitas
1916 1885 2129 1949 vestra,
2169 1882 2475 1937 dilectissi-

819 1972 922 2043 mi,
956 1972 1194 2042 gravior
1224 1970 1464 2027 afﬂictio
1496 1975 1570 2038 et,
1607 1975 1672 2026 ut
1697 1971 1778 2027 ita
1812 1970 2030 2038 dicam,
2063 1971 2242 2044 plaga
2270 1972 2475 2044 plaga-

817 2077 954 2118 rum
983 2060 1308 2134 peromnia
1347 2059 1855 2116 Lemovicensium
1910 2060 2290 2116 crassabatur
2343 2061 2474 2117 loca

821 2155 879 2206 et
904 2166 1013 2224 per
1041 2149 1191 2206 alias
1218 2149 1281 2205 in
1306 2149 1553 2205 circuitu
1603 2148 1887 2213 civitates,
1920 2148 2173 2222 ideoque
2222 2150 2303 2205 ad
2339 2151 2474 2207 bea-

822 2243 953 2296 tum
980 2239 1298 2296 Martialcm
1326 2256 1450 2294 suze
1482 2238 1689 2293 salutis
1716 2238 2223 2294 medicamentum
2277 2240 2473 2296 omnis

825 2327 1209 2397 confugiebat
1232 2327 1511 2401 populus,
1562 2343 1746 2399 quam
1778 2326 2017 2398 plebem
2074 2328 2390 2384 districtius
2413 2330 2471 2384 in

824 2416 1104 2491 praesenti
1131 2416 1431 2473 miseratio
1474 2415 1809 2486 castigabat
1839 2432 2118 2488 superna,
2180 2422 2243 2473 ut
2282 2419 2475 2474 czeteri

824 2504 1101 2562 timorem
1116 2505 1423 2573 haberent,
1455 2521 1565 2561 ncc
1595 2505 2001 2562 inobedientes
2024 2506 2209 2576 jussis
2246 2508 2474 2580 episco-

824 2609 1043 2667 porum
1078 2600 1273 2650 essent
1300 2594 1360 2649 in
1391 2594 1801 2650 ecclesiasticis
1861 2595 2115 2665 statutis,
2161 2601 2217 2650 et
2268 2612 2341 2652 ne
2394 2596 2474 2652 illi

823 2682 928 2755 qui
952 2683 1354 2756 puniebantur
1383 2688 1602 2739 aeterna
1659 2684 2048 2755 postmodum
2083 2684 2476 2755 plecterentur

821 2771 1063 2829 ultione.
1084 2773 1166 2828 De
1194 2772 1413 2828 talibus
1432 2772 1716 2828 nimirum
1747 2773 2034 2844 scriptum
2062 2778 2151 2829 est
2181 2791 2194 2828 :
2225 2796 2249 2821 ‹‹
2287 2776 2474 2839 Quem

822 2860 1011 2931 diligit
1032 2861 1318 2919 Dominus
1349 2861 1590 2933 corripit
1622 2879 1635 2928 ;
1685 2862 1945 2931 ﬂagellat
1974 2870 2173 2918 autem
2230 2880 2475 2918 omnem

821 2948 1011 3005 ﬁlium
1035 2966 1217 3021 quem
1248 2950 1473 3021 recipit.
1506 2974 1531 2998 ››
1566 2952 1630 3004 Et
1662 2950 1876 3006 Paulus
1898 2950 2016 3006 ait:
2053 2974 2078 3000 ‹‹
2112 2952 2281 3016 Quod
2305 2953 2351 3006 si
2379 2970 2474 3005 c.1-

821 3043 914 3095 tra
941 3038 1321 3111 disciplinam
1359 3038 1517 3107 estis,
1549 3039 1723 3109 cujus
1752 3040 1853 3094 lilii
1877 3040 2015 3095 estis
2044 3043 2069 3096 '3
2126 3044 2276 3110 Ergo
2308 3041 2472 3096 adul-

824 3126 933 3183 teri
962 3133 1019 3182 et
1060 3143 1183 3182 non
1211 3127 1314 3183 lilii
1344 3127 1501 3182 cslis.
1538 3132 1679 3182 Item
1724 3129 2054 3201 propheta:
2116 3153 2139 3177 «
2173 3130 2479 3197 Castigans

823 3216 1134 3287 castigavit
1148 3233 1243 3273 me
1274 3217 1562 3272 Dominus
1589 3222 1645 3273 et
1669 3219 1845 3273 morti
1875 3234 1995 3273 non
2020 3219 2259 3275 tradidit
2299 3236 2412 3275 me.
2450 3245 2475 3269 ››

823 3305 994 3370 Quod
1023 3305 1326 3374 ﬂagellum
1360 3306 1586 3379 populo
1629 3306 2033 3362 Lemovicensi
2066 3324 2186 3363 non
2226 3308 2303 3363 ad
2335 3325 2477 3364 con-

824 3393 1249 3466 sumptionem,
1269 3394 1374 3450 sed
1390 3396 1467 3450 ad
1500 3397 1927 3450 correctionem
1957 3397 2302 3468 provenisse
2335 3414 2475 3453 con-

821 3488 953 3552 stat,
985 3483 1130 3538 (lum
1159 3483 1271 3538 hac
1300 3484 1373 3539 de
1418 3500 1605 3539 causa
1657 3490 1870 3540 cuncta
1921 3501 2065 3554 gens
2124 3487 2477 3559 Aquitanica

817 3572 1223 3645 paenitentiam
1242 3589 1351 3645 pro
1376 3574 1713 3628 commissis
1729 3574 1925 3643 egit,et
1947 3575 2323 3631 sacerdotum
2354 3592 2477 3632 mo-

817 3660 950 3719 nitis
979 3661 1424 3734 obtemperans,
1458 3662 1581 3719 tilia
1611 3663 1777 3735 pacis
1822 3668 1909 3718 est
1951 3662 2129 3734 facta,
2168 3665 2313 3736 quia
2355 3682 2474 3738 pax

817 3751 1234 3833 episcoporum
1269 3767 1451 3823 super
1472 3768 1604 3807 eam
1628 3752 1930 3824 requievit.
1997 3752 2073 3818 Si,
2140 3753 2334 3826 inquit
2361 3758 2470 3810 Ilo-

820 3839 1022 3907 minus
1050 3840 1369 3913 Apostolis,
1404 3840 1485 3896 ibi
1515 3840 1690 3899 fuerit
1714 3841 1869 3897 lilius
1898 3842 2082 3914 pacis,
2140 3843 2470 3915 requiescet

825 3945 1007 4001 super
1037 3928 1203 3984 illum
1233 3946 1357 4001 pax
1382 3935 1578 3986 vestra
1607 3948 1620 3996 ;
1654 3931 1744 3985 sin
1771 3936 1987 3998 autem,
2016 3931 2093 3987 ad
2142 3949 2248 3987 vos
2279 3950 2469 3988 rever-

820 4021 990 4075 tetur.
1024 4019 1104 4071 Eo
1133 4033 1273 4072 vero
1305 4022 1569 4089 tempore
1595 4034 1716 4089 quo
1746 4018 1872 4072 hzec
1915 4019 2070 4074 facta
2102 4026 2258 4089 sunt,
2307 4026 2470 4077 ante-

821 4121 1008 4187 quam
1029 4104 1104 4162 ad
1135 4105 1334 4173 locum
1365 4109 1614 4163 Montem
1645 4106 1854 4162 Gaudii
1886 4124 2103 4181 corpus
2152 4111 2473 4166 sacratissi-

822 4211 992 4251 mum
1023 4195 1495 4251 transveheretur
1524 4197 1857 4268 Aquitanici
1915 4199 2172 4270 patroni,
2231 4200 2473 4269 contigit

816 4285 948 4356 jam
969 4284 1287 4340 advenisse
1316 4284 1391 4340 ad
1416 4285 1716 4356 synodum
1751 4286 2229 4342 Lemovicensem
2264 4289 2471 4343 Burdi-

824 4374 1082 4443 galensis
1112 4374 1297 4445 urbis,
1328 4375 1444 4431 hoc
1486 4380 1571 4432 est
1629 4375 1905 4430 secundae
1964 4377 2293 4449 Aquitaniae
2351 4396 2471 4435 me-

823 4463 1268 4543 tropolitanum,
1300 4464 1471 4534 cujus
1512 4463 1659 4519 ﬁdes
1693 4463 1943 4519 tacenda
1980 4480 2104 4519 non
2158 4470 2266 4522 est.
2324 4469 2470 4523 Cum

824 4551 983 4617 enim
1014 4552 1104 4608 sol
1158 4552 1474 4611 occidisset
1518 4557 1573 4608 et
1612 4552 1737 4627 ipse
1794 4554 2286 4626 metropolitanus
2335 4562 2470 4614 ante

830 4641 1074 4705 beatum
1117 4642 1439 4700 Martialem
1465 4642 1542 4699 ab
1570 4642 1837 4699 oratione
1864 4644 2235 4713 surrexisset,
2296 4647 2474 4720 coepit

826 4728 1115 4786 divertere
1144 4730 1221 4786 ad
1250 4730 1595 4804 hospitium,
1629 4731 1733 4787 sed
1782 4732 2119 4789 ardentium
2178 4732 2472 4789 ululatum

828 4820 1085 4888 graviter
1113 4819 1308 4875 ferens
1354 4824 1412 4875 et
1458 4819 1705 4876 fetorem
1734 4820 2167 4876 intolerabilem
2199 4821 2351 4891 ignis
2371 4822 2474 4894 qui

826 4908 902 4964 de
923 4908 1278 4965 miserorum
1299 4910 1634 4981 vaporabat
1658 4910 2028 4982 corporibus,
2078 4910 2139 4966 in
2169 4912 2392 4979 gemitu
2421 4916 2474 4967 et

827 4998 889 5054 in
924 4997 1207 5072 lacrymis
1236 5014 1657 5071 prorumpens,
1704 5000 1959 5055 extensis
2014 5001 2297 5056 manibus
2341 5017 2479 5056 con-

830 5092 920 5144 tra
950 5087 1203 5160 apostoli
1242 5088 1604 5161 sepulcrum,
1635 5088 1915 5144 clamavit
1938 5105 2081 5145 voce
2121 5106 2363 5160 magna,
2392 5090 2479 5145 di-

833 5192 972 5231 cens
1005 5193 1018 5231 :
1051 5200 1078 5224 ‹‹
1110 5178 1153 5232 0
1184 5182 1389 5248 pastor
1417 5181 1475 5233 et
1506 5177 1873 5233 illuminator
1903 5177 2359 5250 Aquitanorum,
2384 5195 2480 5235 ex-

834 5280 1009 5334 surge
1039 5264 1099 5320 in
1124 5265 1481 5335 adjutorium
1510 5266 1719 5340 populi
1749 5266 1850 5322 tui.
1906 5269 2019 5323 Cur
2056 5268 2342 5324 dormitas
2373 5270 2479 5324 mi-

836 5354 983 5410 seris
1012 5355 1025 5410 !
1057 5358 1201 5410 Tam
1228 5355 1472 5425 tristem,
1519 5372 1688 5426 rogo,
1749 5356 1917 5412 aufer
1945 5356 2363 5427 calamitatem,
2394 5359 2479 5415 in-

836 5443 1091 5500 fernales
1118 5443 1227 5499 has
1272 5460 1520 5513 regnare
1565 5461 1771 5518 peenas
1825 5462 1946 5501 non
1997 5446 2255 5518 amplius
2308 5449 2479 5518 juxta

836 5547 1056 5605 corpus
1112 5536 1281 5587 tuum
1331 5535 1653 5605 permittas.
1714 5536 1758 5591 0
1816 5535 2108 5601 Martialis,
2168 5537 2478 5608 speculum

836 5622 1142 5685 virtutum,
1184 5637 1220 5677 o
1245 5622 1521 5694 princeps
1547 5626 1805 5695 Patrum,
1845 5624 1947 5680 ubi
1997 5630 2083 5681 est
2130 5627 2291 5699 quod
2342 5628 2481 5693 legi-

837 5726 977 5767 mus
1007 5713 1060 5766 te
1100 5709 1158 5767 in
1189 5725 1367 5769 carne
1384 5708 1561 5767 fuisse
1586 5711 1715 5783 ejus
1760 5712 2119 5789 discipulum
2148 5714 2252 5787 qui
2283 5713 2341 5770 in
2370 5730 2479 5786 po-

2502 4424 2541 4478 Ο

2502 1704 2545 1753 .\
2588 1703 2730 1772 pulo
2783 1703 3126 1760 Judzeorum
3175 1702 3430 1759 sanabat
3484 1718 3733 1758 omnem
3779 1702 4089 1773 languorem
4120 1711 4154 1760 et

2582 1792 2833 1848 curabat
2862 1808 3104 1848 omnem
3135 1791 3563 1859 inﬁrmitatem;
3592 1790 3698 1864 qui
3736 1791 3959 1847 dolores
3982 1798 4153 1847 nostros

2582 1880 2842 1943 abstulit,
2874 1887 2929 1938 et
2959 1882 3332 1937 inﬁrmitates
3377 1880 3656 1953 portavit,
3712 1880 3879 1951 cujus
3924 1880 4155 1936 livoresa-

2581 1970 2701 2025 nati
2732 1987 2939 2025 sumus
2969 1972 2996 2026 ?
3055 1974 3097 2025 0
3140 1970 3375 2025 claritas
3408 1969 3855 2041 episcoporum,
3909 1969 4064 2025 decus
4089 1972 4155 2023 Ec-

2582 2059 2919 2127 clcsiarum,
2962 2059 3065 2115 ubi
3095 2064 3182 2115 est
3211 2059 3375 2131 quod
3438 2058 3695 2129 legimus
3754 2064 3805 2114 te
3835 2059 3893 2115 in
3920 2075 4065 2115 cmna
4082 2060 4156 2113 mi-

2582 2149 2832 2205 nistrum
2865 2148 3178 2205 Salvatoris
3205 2149 3411 2215 fuisse,
3452 2148 3702 2221 quando
3733 2149 3853 2203 suis
3880 2149 4039 2221 pedes
4063 2148 4156 2202 lavit

2580 2239 2887 2310 discipulis
2926 2242 2951 2294 ἱ)
2983 2241 3024 2293 0
3058 2238 3325 2294 minister
3348 2238 3605 2309 pietatis,
3638 2238 3747 2293 ubi
3775 2243 3859 2293 est
3891 2237 4037 2310 quod
4059 2236 4155 2303 legi-

2583 2333 2674 2383 tur
2706 2333 2755 2383 te
2789 2344 2824 2383 a
2856 2327 3107 2383 Domino
3139 2344 3276 2381 cum
3307 2327 3434 2381 aliis
3462 2326 4081 2399 apostotispotestatem
4101 2342 4157 2379 ac-

2582 2418 2809 2490 cepisse
2833 2417 3062 2488 ligandi
3088 2422 3265 2490 atquc
3300 2416 3569 2472 solvendi
3598 2416 3625 2470 ‘I
3652 2416 3834 2472 Nobis
3854 2419 3993 2471 certe
4011 2414 4072 2469 ab
4093 2430 4159 2468 an-

2583 2508 2760 2579 tiquis
2793 2508 3073 2563 traditum
3096 2512 3183 2562 est
3212 2506 3479 2562 Patribus
3531 2506 3754 2561 nostris
3805 2520 3973 2562 omne
4024 2509 4067 2559 te
4090 2503 4158 2557 de

2581 2614 2727 2653 num
2788 2598 3113 2664 gratiarum
3174 2614 3312 2652 cum
3372 2596 3501 2651 aliis
3554 2595 3862 2668 accepisse
3925 2592 4156 2667 apostolis.

2585 2685 2737 2751 Quid
2758 2685 2903 2741 illud
2934 2686 3152 2753 dicam,
3184 2702 3219 2741 o
3252 2701 3588 2758 pauperum
3616 2682 3990 2756 exspectatio,
4038 2682 4160 2737 mise~

2583 2792 2787 2831 rorum
2813 2775 3139 2830 consolatio
3170 2777 3196 2830 ?
3230 2779 3433 2830 Nonne
3460 2790 3671 2829 verum
3710 2779 3969 2829 tenemus
3991 2772 4158 2827 fuissea

2584 2869 2637 2919 te
2666 2868 2879 2918 nostra),
2899 2863 3055 2919 sedis
3077 2862 3469 2931 Burdcgalam
3502 2862 3717 2917 urbem
3744 2865 3859 2917 Deo
3884 2860 4158 2933 acquisitam

2584 2954 2638 3003 et
2670 2949 2747 3004 tui
2776 2966 2880 3021 per
2910 2950 3220 3007 mulierem
3256 2968 3290 3007 a
3331 2955 3383 3006 te
3443 2951 3808 3024 baptizatam
3858 2948 4154 3020 impositicne

2586 3037 2779 3093 baculi
2812 3039 3143 3117 principem
3172 3040 3417 3094 civitatis
3458 3039 3748 3095 continuo
3774 3055 3810 3095 a
3834 3036 4029 3094 morbo
4053 3051 4157 3091 cura-

2588 3132 2711 3182 tum
2742 3128 3051 3199 pessimo?
3086 3129 3361 3201 Nunquid
3390 3145 3513 3184 non
3571 3129 3631 3185 in
3678 3128 3891 3184 eadem
3936 3125 4061 3181 urbe
4100 3130 4155 3177 tuo

2588 3215 2847 3286 sopitum
2879 3221 2964 3271 est
2994 3216 3211 3272 baculo
3233 3217 3576 3272 incendium
3602 3222 3866 3273 aestuans
3895 3217 3921 3271 ?
3973 3217 4114 3282 Rogo.
4134 3228 4157 3262 ελ

2586 3304 2664 3357 oh
2694 3304 2883 3375 plebis
2913 3310 3138 3359 reatum
3176 3305 3326 3375 ignis
3353 3306 3431 3361 ab
3453 3323 3553 3361 ore
3583 3311 3686 3361 tuo
3719 3306 3839 3360 exit
3867 3303 3965 3377 qui
3985 3302 4154 3357 devorat

2585 3392 2855 3446 inimicos
2892 3399 3039 3459 tuos,
3078 3400 3274 3449 tamen
3299 3400 3350 3450 te
3392 3412 3519 3451 esse
3550 3396 3803 3451 ostende
3834 3395 3957 3465 ejus
3974 3391 4155 3461 discipu-

2584 3481 2708 3536 lum
2737 3486 2836 3553 qui
2869 3484 3003 3537 fons
3062 3484 3483 3540 misericordize
3540 3491 3645 3541 est.
3696 3487 3913 3540 Coram
3954 3480 4153 3537 omnibus

2585 3571 2920 3625 astantibus
2950 3571 3009 3626 in
3040 3574 3278 3629 veritate
3307 3574 3493 3629 fateor
3521 3574 3688 3646 quia,
3714 3573 3835 3629 nisi
3871 3574 4033 3641 hanc,
4055 3574 4154 3623 ante-

2584 3676 2767 3730 quam
2797 3660 2874 3715 ab
2904 3660 3017 3715 bac
3056 3678 3354 3718 recessero
3388 3662 3535 3718 urbe
3561 3663 3621 3718 in
3652 3662 3749 3718 his
3788 3660 3892 3734 qui
3921 3663 4152 3733 praesentes

2583 3764 2743 3803 nunc
2776 3754 2929 3813 sunt,
2953 3750 3291 3807 restinxeris
3329 3752 3665 3813 ﬂammam.
3700 3751 3820 3807 nisi
3851 3751 4019 3806 istam
4044 3744 4154 3802 tribu.

2580 3836 2830 3892 lantium
2864 3838 3304 3895 multitudinem
3335 3855 3371 3895 a
3402 3845 3455 3895 te
3506 3824 3731 3896 videro.
3775 3844 4047 3903 curatam,
4086 3846 4152 3888 non

2580 3926 2779 3981 credet
2810 3926 2962 3982 ultra
2991 3944 3163 3983 mens
3194 3945 3327 3984 mea
3352 3929 3445 3984 his
3486 3945 3621 4002 quze
3640 3928 3719 3985 de
3733 3934 3787 3985 te
3815 3928 3945 3997 lego
3961 3920 4155 3993 magniﬁ-

2581 4031 2670 4083 ca,
2700 4031 2809 4071 nec
2841 4016 3085 4073 ulterius
3118 4022 3286 4074 tuum
3319 4019 3395 4074 ad
3417 4020 3573 4075 hanc
3602 4019 3906 4076 civitatem
3931 4032 4019 4071 ero
4044 4026 4155 4082 expe'

2582 4106 2791 4160 titurus
2817 4107 3236 4177 patrocinium.
3264 4111 3499 4164 Frustra
3521 4108 3672 4164 mihi
3699 4105 4072 4182 appellaberis
4094 4104 4154 4155 De

2581 4194 2724 4249 mini
2758 4195 3113 4267 discipulus,
3144 4196 3449 4253 incassum
3508 4197 3656 4253 mihi
3711 4195 4017 4253 vocaberis
4065 4189 4156 4245 Ocri-

2581 4282 2716 4336 duie
2746 4284 2903 4350 genti
2933 4299 2968 4339 a
2996 4287 3112 4339 Deo
3133 4284 3389 4340 directus
3429 4285 3765 4357 apostolus,
3792 4283 3904 4341 nisi
3945 4283 3999 4338 in
4039 4275 4153 4334 ocul'r

2581 4375 2729 4429 meis
2762 4373 3076 4429 comitetur
3106 4374 3525 4430 misericordiae
3573 4375 3851 4431 effectus.
3910 4377 3978 4429 Te
4023 4382 4155 4425 omne

2581 4462 2913 4535 Aquitaniae
2945 4466 3365 4531 monarchum,
3418 4469 3471 4520 te
3524 4464 3771 4537 plebem
3831 4463 3925 4519 cui
3953 4455 4153 4534 praesides

2581 4552 3084 4621 Burdegalensem
3116 4553 3423 4625 baptismo
3454 4552 3707 4609 tinxisse
3738 4553 3889 4609 mihi
3913 4552 3970 4607 in
4011 4560 4154 4603 venui;

2580 4642 3075 4715 pronuntiabunt,
3106 4643 3219 4698 nisi
3247 4643 3413 4716 quod
3436 4660 3540 4699 oro
3591 4660 3706 4716 pro
3769 4643 3957 4699 salute
3984 4633 4151 4694 dolentis

2582 4731 2762 4802 hujus
2792 4730 3185 4788 multitudinis
3207 4732 3628 4806 impetravero.
3661 4733 3848 4803 Virga
3878 4737 3991 4795 tua,
4017 4738 4153 4800 qusi:

2584 4820 2730 4876 urbe
2761 4820 2918 4875 sedis
2952 4837 3100 4876 mete
3127 4838 3237 4894 pro
3268 4822 3528 4894 pretioso
3541 4822 3843 4879 hactenus
3875 4813 4152 4877 custodietis

2584 4914 2677 4965 tur
2692 4911 2989 4980 thesauro,
3012 4910 3159 4965 mihi
3174 4911 3303 4966 vilis
3325 4911 3747 4976 aastimabitur,
3766 4912 3881 4967 nisi
3913 4925 4004 4966 cor
4028 4916 4153 4961 meum

2586 4999 2981 5055 exhilaratum
3009 4999 3083 5055 de
3125 5000 3361 5055 medela
3381 5000 3630 5056 istorum
3658 4999 4005 5056 reddideris.
4043 5018 4064 5043 κ
4102 4992 4151 5043 ΗΞ)

2587 5089 2875 5161 peroratis
2929 5088 3008 5145 ad
3069 5089 3398 5162 hospitium
3451 5090 3949 5163 archiepiscopus
3982 5080 4151 5143 recessi;

2591 5182 2721 5234 Erat
2753 5183 2953 5234 autem
2970 5194 3078 5251 per
3104 5182 3289 5233 totam
3311 5177 3526 5233 urbem
3550 5178 3717 5233 intus
3742 5184 3801 5235 et
3821 5178 3958 5234 foris
3978 5175 4151 5229 vimuim

2589 5272 2645 5323 et
2666 5267 2984 5323 mulierum
3009 5283 3132 5339 pm
3184 5267 3387 5323 dolore
3438 5267 3817 5337 gementium
3871 5267 4068 5323 clamor
4089 5258 4149 5311 se

2587 5358 2811 5429 requie,
2840 5362 2895 5413 et
2926 5356 3073 5413 fetor
3098 5356 3511 5426 intolerabilis,
3544 5356 3647 5429 qui
3676 5357 3757 5412 de
3816 5353 4063 5412 incendio
4085 5360 4150 5401 o3:-

2589 5463 2803 5519 porum
2835 5446 3172 5503 exhalabat.
3206 5450 3352 5503 Tum
3384 5463 3519 5502 ecce
3544 5446 3684 5519 ipsa
3716 5447 3920 5504 media
3946 5449 4083 5501 nocte
4102 5449 4151 5502 ai’

2588 5538 2785 5608 paruit
2816 5537 3055 5605 signum
3088 5553 3270 5609 super
3289 5537 3599 5591 basilicam
3631 5537 3832 5592 sancti
3860 5536 4014 5598 Petri,
4033 5532 4076 5585 in
4090 5537 4148 5596 tl“;

2590 5624 2745 5679 bcati
2802 5624 3074 5680 Martialis
3152 5624 3496 5697 sepulcrum
3577 5640 3711 5680 esse
3798 5625 4031 5680 videtur.
4072 5620 4147 5672 λᾶε

2589 5714 2967 5771 cernentibus
3044 5714 3376 5771 innumeris
3436 5713 3542 5770 sed
3600 5714 3752 5772 divo
3795 5712 4093 5788 jacentibus
4120 5714 4145 5754 ιε

2506 3066 2545 3117 Β
