3952 6392
103 256 207 308 H7

1417 252 1784 309 SERMONES
1822 253 1995 310 TRES
2039 257 2245 313 DUBII.
3451 258 3547 310 118

99 375 377 430 excubiis
424 375 630 430 lumen
674 375 748 431 de
799 375 948 431 caelo
998 393 1323 432 coruscans
1364 393 1543 449 super
1572 376 1773 431 locum
1803 380 1849 432 Α
1893 378 2181 436 miserunt
2210 401 2221 448 ;
2256 399 2391 454 quae
2423 382 2583 437 idem
2616 385 2919 437 Romanus
2952 397 3110 452 papa
3143 384 3551 446 gratantersu-

99 464 366 537 sepulcri
397 465 725 534 descendit,
784 466 844 520 in
877 483 987 521 suo
1014 467 1230 536 jubare
1260 472 1445 522 totam
1477 467 1773 522 civitatem

97 554 282 626 quasi
321 553 424 608 lux
446 554 561 609 diei
592 555 926 611 meridiana
957 572 1063 627 per
1093 573 1278 611 unam
1320 557 1438 611 fere
1466 557 1679 611 horam
1713 555 1774 609 il-

97 643 442 700 luminavit.
481 647 699 699 Omnes
733 650 934 700 autem
984 645 1088 716 qui
1137 647 1197 701 in
1247 647 1392 701 urbe
1440 650 1604 701 erant
1645 645 1774 700 lan-

99 738 357 802 guentes
385 739 626 805 repente
660 734 789 788 sani
823 734 958 789 facti
1009 740 1166 805 sunt,
1227 741 1302 810 et,
1351 739 1621 790 cessante
1671 735 1774 789 do-

99 823 226 878 lore
283 827 340 878 et
394 823 666 891 gemitu,
722 825 959 895 requies
1019 830 1076 880 et
1133 825 1433 881 silentium
1490 825 1774 879 omnibus

100 914 332 968 factum
364 919 470 968 est.
500 916 758 969 Fuerunt
787 931 930 969 vero
963 932 1214 970 numero
1244 921 1472 987 septem
1513 915 1698 970 millia
1721 921 1775 970 ct

99 1019 172 1057 co
207 1002 471 1075 amplius
499 1020 708 1058 eorum
736 1004 839 1076 qui
872 1005 1086 1060 eadem
1128 1006 1316 1061 noctis
1361 1006 1512 1061 hora
1559 1006 1775 1061 sanita-

102 1098 225 1148 tem
277 1098 648 1165 receperunt,
700 1093 963 1148 viroran
1009 1100 1065 1150 et
1108 1095 1448 1162 mulierum,
1496 1095 1772 1150 dantium

100 1181 362 1250 gloriam
394 1183 512 1237 Deo
561 1181 692 1236 coeli
725 1187 782 1237 et
813 1183 890 1238 ad
917 1184 1161 1256 propria
1206 1184 1535 1239 incolumes
1584 1184 1773 1239 redie-

98 1274 263 1324 runt.
317 1275 453 1341 Ipsa
507 1270 766 1342 denique
815 1272 1004 1326 noctis
1055 1273 1204 1327 hora
1255 1277 1623 1328 memoratus
1655 1273 1774 1344 epi-

100 1375 332 1431 scopus
362 1359 422 1414 in
448 1359 599 1414 lecto
627 1359 948 1431 quiescens
981 1361 1128 1416 vidit
1156 1361 1215 1416 in
1267 1378 1481 1433 sopore
1527 1362 1772 1433 profun-

96 1450 179 1502 do
211 1448 392 1504 talem
421 1449 737 1504 visionem.
768 1451 1014 1505 Astabat
1042 1451 1089 1504 ei
1127 1451 1480 1523 splendidus
1527 1452 1586 1506 in
1615 1459 1771 1507 veste

97 1539 353 1605 fulgenti
411 1539 502 1593 vir
557 1538 807 1610 quidam
866 1540 969 1611 qui
1016 1557 1261 1596 urceum
1305 1540 1552 1613 plenum
1611 1559 1772 1614 aqua

92 1627 447 1699 porrigebat
478 1627 549 1695 ei,
579 1627 784 1682 dicens
819 1645 830 1682 :
867 1651 892 1676 ‹‹
929 1630 1169 1684 Mandat
1200 1630 1303 1685 tibi
1357 1629 1630 1685 Martialis
1680 1630 1770 1684 di-

94 1715 370 1788 scipulus
425 1715 661 1770 Domini
717 1717 902 1771 nostri
959 1721 1099 1772 Jesu
1154 1718 1363 1773 Christi
1425 1723 1487 1774 ut
1533 1719 1606 1773 de
1655 1720 1769 1775 hac

91 1805 357 1876 lympha
398 1805 709 1873 refrigeres
749 1807 1045 1878 populum
1091 1813 1442 1864 aestuantem
1484 1808 1768 1879 ﬂammis,

92 1898 152 1948 et
177 1893 337 1949 bene
368 1894 697 1951 habebunt.
745 1920 770 1944 ››
814 1899 1202 1968 Experrectus
1232 1914 1268 1953 a
1315 1914 1529 1952 somno
1572 1899 1770 1970 ponti-

93 1981 215 2049 fex,
247 1982 397 2038 dum
429 2000 634 2038 secum
665 1984 739 2039 de
771 1985 866 2042 tali
898 1985 1213 2040 miraretur
1265 1986 1418 2052 visu,
1464 1991 1520 2041 et
1565 1987 1770 2043 omnia

95 2071 304 2142 quieta
336 2073 594 2142 sentiret,
623 2073 906 2130 intellexit
933 2074 1354 2130 misericordiae
1382 2091 1578 2130 rorem
1620 2075 1766 2131 divi-

95 2161 259 2216 nitus
292 2161 352 2216 in
383 2163 623 2234 plebem
657 2164 881 2231 stillari,
919 2165 1070 2220 sicut
1101 2169 1157 2219 et
1183 2165 1615 2220 inelueescente
1640 2182 1767 2220 ma-

93 2266 171 2306 ne
201 2251 500 2323 probavit.
537 2258 598 2309 In
631 2253 730 2308 illo
763 2257 1028 2327 tempore
1058 2254 1356 2327 siquidem
1387 2271 1458 2310 ex
1479 2259 1603 2310 tum
1638 2255 1767 2311 talis

91 2341 154 2397 in
209 2340 349 2414 ipsa
405 2344 598 2415 patria
655 2345 950 2416 paulatim
999 2361 1230 2400 cessare
1261 2345 1442 2416 plaga
1482 2346 1661 2418 coepit
1703 2351 1769 2403 ut

94 2437 301 2503 aperte
334 2439 634 2489 constaret
661 2434 1029 2506 Aquitanicis
1057 2434 1256 2506 ipsum
1307 2452 1437 2490 esse
1468 2441 1764 2507 protecto-

94 2537 226 2576 rem
259 2521 318 2577 in
351 2522 512 2577 caelis
543 2523 642 2594 qui
676 2540 777 2579 eos
804 2524 948 2578 olim
998 2540 1203 2579 veram
1252 2523 1434 2579 ﬁdem
1479 2525 1766 2581 docuerat

93 2612 152 2666 in
191 2612 601 2668 terris.Verum
633 2613 710 2669 ad
739 2612 901 2668 illam
933 2613 1177 2669 beatam
1217 2614 1562 2684 congregati
1612 2615 1766 2686 pari-

94 2706 183 2756 ter
210 2705 349 2756 sunt
379 2701 830 2757 translationem
860 2702 1126 2774 episcopi
1168 2707 1394 2774 septem
1439 2702 1612 2774 quasi
1663 2719 1766 2758 an-

93 2790 213 2858 geli
245 2795 473 2861 septem
506 2791 922 2856 Ecclesiarum,
958 2795 1022 2845 ut
1048 2791 1179 2862 ipso
1229 2807 1398 2846 sacro
1425 2791 1763 2862 septenario

91 2880 276 2936 nobis
305 2881 566 2936 doctoris
610 2881 915 2937 translatio
964 2881 1252 2937 celebrior
1290 2885 1461 2936 esset.
1526 2884 1762 2953 Septem

92 2985 240 3022 vero
269 2969 537 3024 Ecclesiae
568 2985 828 3042 quarum
854 2973 1128 3042 pastores
1160 2969 1238 3024 ad
1267 2968 1546 3024 eamdem
1598 2974 1760 3024 tran-

94 3056 416 3112 slationem
448 3057 624 3113 simul
656 3062 796 3113 tunc
828 3061 1254 3128 convenerant,
1295 3057 1386 3112 1110
1421 3063 1560 3113 011111
1590 3058 1760 3113 sedes

90 3146 480 3202 Bituricensis
530 3152 708 3219 atque
755 3147 1230 3218 Burdegalensis,
1284 3149 1760 3204 Sanetonieensis

90 3237 275 3292 etiam
305 3242 362 3292 et
387 3238 785 3305 Arveniensis,
833 3254 942 3293 nec
973 3253 1097 3293 non
1127 3243 1183 3293 et
1211 3237 1539 3293 Aniciensis
1581 3242 1761 3311 atque

90 3326 550 3396 Petrocorensis,
579 3327 876 3400 simulque
905 3327 1390 3396 Engolismensis.
1433 3327 1501 3382 Hi
1533 3332 1762 3400 septem

95 3415 496 3472 Ecclesiarum
526 3417 827 3489 principes
855 3433 979 3473 una
1009 3433 1148 3473 cum
1195 3417 1449 3490 primate
1500 3417 1765 3472 Lemovi-

93 3505 279 3570 censi,
313 3505 680 3580 populorum
706 3507 1095 3579 optimatibus
1144 3511 1200 3563 et
1229 3507 1562 3579 Aquitaniae
1593 3507 1763 3562 duci-

93 3595 208 3649 bus
240 3613 630 3670 summopere
661 3597 719 3652 in
752 3597 965 3654 eodem
1006 3597 1257 3652 concilio
1285 3596 1519 3652 Domini
1568 3597 1760 3667 legem

95 3686 405 3742 observari
424 3686 502 3742 ab
534 3687 817 3742 omnibus
843 3686 1215 3754 saneiebant,
1236 3685 1761 3758 quemadmodum

93 3792 199 3848 per
228 3777 589 3848 prophetam
621 3775 908 3832 Dominus
939 3780 1190 3834 testatur
1236 3774 1442 3830 dicens
1471 3793 1484 3832 :
1521 3796 1548 3824 ‹‹
1581 3775 1762 3832 Labia

95 3864 420 3920 sacerdotis
472 3864 816 3921 custodiunt
863 3865 1193 3932 scientiam,
1254 3867 1312 3920 et
1339 3863 1535 3933 legem
1566 3865 1762 3936 requi-

93 3959 232 4010 runt
254 3971 326 4010 ex
357 3971 457 4011 ore
489 3956 638 4026 ejus,
672 3955 816 4028 quia
847 3955 1097 4026 angelus
1128 3953 1361 4010 Domini
1393 3953 1760 4010 exercituum

94 4051 196 4101 est.
237 4068 264 4094 ››
296 4049 444 4100 Ante
476 4045 684 4102 omnia
722 4061 937 4117 pacem
990 4048 1048 4099 et
1096 4042 1392 4114 justitiam
1450 4042 1762 4098 observari

93 4134 445 4206 monebant,
461 4140 527 4191 ut
546 4135 694 4204 legis
720 4135 878 4191 docti
903 4134 1056 4190 inter
1083 4133 1278 4189 virum
1304 4136 1362 4188 et
1388 4131 1586 4187 virum
1617 4148 1762 4205 que-

1892 467 2169 539 scipiens,
2227 472 2572 526 auctoritate
2630 471 2962 544 apostolica
3017 469 3338 536 roboravit,
3395 466 3548 523 etde

1887 575 2034 630 pace
2070 561 2336 616 Ecclesiae
2371 561 2702 616 admodum
2728 561 2788 615 in
2819 559 3068 615 Domino
3088 557 3418 628 gratulatus
3441 563 3546 622 est,

1888 649 2185 720 simulque
2211 651 2284 705 de
2319 656 2437 706 tam
2471 651 2711 722 pretiosi
2743 649 2978 722 patroni
3005 648 3387 704 translatione
3418 666 3430 714 ;
3473 651 3546 712 et,

1890 744 1951 794 ut
1979 740 2104 794 11100
2135 757 2240 812 per
2273 741 2540 810 singulos
2567 742 2848 813 deinceps
2869 741 2924 794 in
2953 739 3242 795 memoria
3261 739 3548 793 haberen-

1888 833 1979 883 tur
2008 847 2220 896 annos,
2254 847 2521 886 consono
2553 831 2790 885 decreto
2823 830 3118 884 sancitum
3166 835 3252 882 est
3303 828 3376 883 ad
3419 827 3547 880 lan-

1885 919 2023 973 (10111
2052 925 2105 974 01
2131 920 2380 988 gloriam
2418 920 2646 976 Domini
2680 920 2864 974 nostri
2892 921 3031 973 Jesu
3066 917 3298 985 Christi,
3330 917 3423 971 cui
3464 921 3551 970 est

1885 1009 2298 1075 honor,virtus
2326 1012 2379 1063 et.
2407 1008 2592 1078 gloria
2625 1010 2682 1064 111
2704 1007 2921 1062 01001110
2947 1007 3545 1078 sc:npiterna.Amen.

2084 1092 2087 1093 ν
2549 1099 2776 1153 SERMO
2819 1101 2881 1152 ll.

1957 1191 2016 1241 In
2077 1188 2462 1244 translatione
2524 1188 2681 1243 beati
2744 1186 3041 1252 Martialis,
3091 1201 3225 1258 qua:
3295 1182 3547 1239 Lotharii

1883 1277 2252 1348 temporibus
2285 1278 2437 1333 facta
2469 1283 2575 1348 est,
2631 1281 2693 1332 ut
2719 1276 2870 1331 bene
2902 1275 3107 1338 nostis,
3158 1272 3545 1343 dilectissimi,

1881 1365 1940 1419 in
1973 1369 2224 1420 Montem
2258 1367 2467 1421 Gaudii
2501 1371 2746 1438 propter
2794 1365 2931 1420 illuc
2960 1364 3220 1436 primum
3264 1361 3547 1417 translata

1881 1454 2151 1523 ejusdem
2184 1456 2460 1510 membra
2487 1454 2725 1528 patroni
2757 1453 2954 1509 omnis
2992 1452 3255 1526 populus
3299 1452 3544 1522 Aquita-

1882 1544 2050 1598 nicus
2083 1560 2222 1598 eum
2255 1545 2553 1617 episcopis
2584 1549 2640 1600 et
2666 1542 3001 1613 majoribus
3028 1546 3172 1597 natu
3217 1557 3286 1595 ac
3331 1539 3546 1612 princi-

1881 1631 2059 1703 pibus
2088 1633 2450 1689 ascendebat
2480 1634 2556 1688 ad
2589 1634 2942 1704 orationem,
2972 1637 3035 1687 ut
3065 1647 3186 1687 non
3216 1630 3543 1701 incongrue

1812 1732 1852 1786 Β
1881 1719 1992 1773 illis
2023 1720 2236 1775 diebus
2263 1721 2474 1776 laetitiae
2500 1722 2645 1776 illud
2687 1725 3039 1790 congrueret
3071 1717 3396 1791 prophetiae
3440 1730 3544 1770 va-

1884 1809 2147 1864 ticinium
2183 1827 2195 1864 :
2231 1833 2257 1858 «
2295 1811 2511 1878 Venite,
2548 1810 2951 1866 aseendamus
2984 1808 3061 1863 ad
3112 1810 3378 1861 11101110111
3434 1807 3544 1859 Do-

1881 1897 2027 1953 mini
2057 1904 2112 1953 et
2142 1899 2219 1954 ad
2251 1899 2503 1954 domum
2537 1899 2636 1954 Dei
2666 1898 2868 1964 Jacob,
2902 1902 2959 1953 et
2983 1895 3219 1951 docebit
3260 1911 3371 1950 nos
3410 1893 3538 1949 vias

1881 2003 2039 2051 suas,
2102 1992 2156 2042 ct
2211 1987 2664 2043 ambulabimus
2721 1988 2781 2042 in
2837 1985 3060 2042 semitis
3108 1985 3256 2055 ejus,
3298 1983 3439 2056 quia
3465 1982 3540 2037 de

1882 2075 2021 2130 Sion
2048 2075 2230 2131 exibit
2258 2076 2352 2131 lex
2382 2081 2438 2131 et
2463 2076 2714 2132 verbum
2741 2074 2976 2131 Domini
2997 2073 3070 2128 de
3099 2071 3481 2129 Hierusalem.
3507 2090 3537 2122 ›

1879 2165 1989 2229 Qui
2018 2165 2185 2220 locus
2236 2166 2465 2221 nomini
2511 2182 2838 2236 congruere
2897 2165 3128 2220 videtur
3160 2181 3172 2219 :
3209 2166 3334 2219 erat
3379 2161 3538 2217 enim

1875 2253 1959 2310 ibi
1987 2256 2240 2327 typicus,
2272 2256 2394 2311 imo
2424 2273 2600 2311 verus
2632 2271 2808 2310 mons
2857 2253 3112 2325 Domini,
3157 2252 3317 2309 idem
3369 2250 3540 2306 disci-

1874 2344 2053 2416 pulus
2087 2345 2312 2412 Christi,
2347 2346 2518 2416 cujus
2553 2361 2722 2400 sacra
2770 2344 2909 2399 illuc
2964 2344 3239 2399 membra
3289 2341 3366 2398 ad
3400 2347 3542 2396 tem-

1874 2449 1990 2504 pus
2025 2434 2104 2488 ob
2132 2435 2422 2503 gaudium
2463 2434 2935 2491 Christianorum
2985 2437 3154 2489 erant
3201 2431 3487 2488 translata
3523 2447 3536 2498 ;

1874 2523 2154 2595 idemque
2182 2524 2283 2595 qui
2315 2540 2422 2596 per
2462 2524 2682 2580 tribum
2725 2523 3036 2594 Benjamin
3086 2539 3159 2578 ex
3205 2518 3388 2577 Jacob
3434 2536 3537 2593 pa-

1874 2613 2130 2668 triarcha
2161 2613 2451 2682 originem
2487 2613 2679 2683 traxit,
2722 2628 2842 2668 non
2887 2610 3372 2668 inconvenienter
3422 2609 3538 2665 dici

1874 2703 2106 2758 videtur
2135 2703 2353 2758 domus
2384 2703 2481 2758 Dei
2512 2702 2714 2758 Jacob.
2751 2705 2973 2757 Domus
3004 2701 3249 2774 quippe,
3290 2700 3404 2755 hoc
3447 2704 3538 2756 est

1874 2793 2288 2848 habitaculum
2339 2792 2441 2847 Dei
2482 2792 2665 2847 Jacob
2714 2790 3066 2864 permansit,
3114 2789 3382 2865 quicum
3409 2788 3536 2844 aliis

1877 2883 2162 2954 apostolis
2188 2882 2247 2937 in
2275 2899 2453 2938 carne
2486 2886 2723 2938 secutus
2777 2885 2899 2937 toto
2948 2881 3126 2937 corde
3165 2879 3367 2936 dilexit
3396 2895 3535 2934 eum

1877 2973 1950 3027 de
1983 2989 2105 3045 quo
2133 2973 2390 3041 legimus
2421 2989 2432 3026 :
2469 2995 2495 3018 ‹‹
2533 2975 2652 3040 Ego
2685 2989 2820 3027 sum
2850 2973 3000 3026 Deus
3032 2970 3356 3033 Abraham,
3383 2972 3537 3026 Deus

1807 3093 1846 3148 ρ
1880 3065 2060 3126 10000,
2094 3064 2246 3115 00110
2276 3061 2481 3117 Jacob.
2512 3084 2539 3110 ››
2574 3063 2653 3116 00
2683 3060 2902 3116 talibus
2925 3059 3188 3133 profecto
3218 3057 3318 3114 Dei
3342 3055 3535 3112 domi-

1879 3150 1992 3204 bus
2027 3150 2107 3205 ait
2136 3150 2263 3221 ipse
2296 3150 2584 3205 Dominus
2619 3167 2630 3204 :
2668 3172 2693 3198 ‹‹
2732 3149 2786 3206 Si
2811 3150 2946 3222 quis
2973 3149 3539 3219 (011311111οβ01ωο-

1874 3255 2014 3294 nem
2046 3255 2251 3294 meum
2284 3239 2557 3306 servabit,
2615 3243 2671 3294 et
2717 3242 2886 3295 Pater
2932 3256 3105 3295 meus
3147 3236 3349 3307 diliget
3375 3252 3536 3300 eum,

1876 3333 1932 3384 et
1961 3329 2038 3384 ad
2069 3345 2207 3384 eum
2239 3329 2546 3384 veniemus
2579 3334 2636 3384 et
2661 3329 3040 3385 mansionem
3071 3325 3235 3401 apud
3274 3342 3413 3381 cum
3457 3325 3537 3381 fa-

1875 3419 2119 3474 ciemus.
2154 3442 2179 3467 »
2210 3421 2341 3473 Haec
2374 3419 2592 3474 domus
2621 3419 2720 3474 Dei
2749 3419 2924 3475 Israel
2968 3419 3094 3474 vias
3141 3417 3242 3472 Dei
3298 3418 3536 3487 gentem

1873 3509 2158 3564 docuerat
2189 3507 2593 3579 Aquitaniam,
2609 3513 2811 3578 gentes
2837 3507 3138 3563 erroribus
3162 3505 3305 3562 olim
3322 3503 3536 3560 dedita:

1874 3601 2179 3669 coeperant
2204 3597 2516 3652 ambulare
2547 3597 2607 3652 in
2649 3597 2874 3652 semitis
2900 3596 3162 3667 justitiaa.
3213 3598 3374 3650 Tunc
3423 3593 3534 3648 illis

1872 3686 1945 3742 de
1980 3686 2118 3742 Sion
2145 3685 2322 3740 exivit
2349 3685 2443 3740 lex
2471 3690 2528 3741 et
2557 3685 2810 3741 verbum
2863 3685 3096 3741 Domini
3144 3685 3218 3740 de
3261 3684 3534 3739 Hierusa-

1870 3775 1988 3830 lem
2020 3790 2158 3829 cum
2189 3772 2484 3836 Martialis,
2512 3773 2614 3845 qui
2645 3773 2705 3828 in
2741 3773 2879 3831 Sion
2911 3791 3050 3830 cum
3085 3772 3215 3830 aliis
3243 3771 3532 3846 1111011100-

1870 3863 2100 3921 toribus
2131 3878 2375 3918 omnem
2417 3862 2727 3918 scientiam
2775 3879 2883 3936 per
2925 3862 3207 3935 Spiritum
3257 3866 3533 3917 sanctum

1869 3954 1931 4009 in
1959 3953 2301 4024 linguarum
2332 3953 2647 4022 ignearum
2674 3952 2901 4008 visione
2933 3952 3180 4009 edoctus
3212 3951 3422 4018 fuerat,
3450 3951 3532 4006 le-

1871 4060 2007 4113 gem
2036 4059 2209 4099 novae
2241 4041 2442 4113 gratiae
2484 4042 2750 4098 occiduis
2797 4042 3259 4113 cvangelizabat,
3307 4047 3364 4098 et
3411 4057 3535 4097 ver-

1866 4135 2017 4190 bum
2045 4133 2299 4200 Domini,
2331 4133 2498 4206 quod
2527 4133 2589 4188 in
2621 4133 2984 4189 Hierusalem
3031 4132 3108 4189 ab
3160 4132 3292 4207 ipso
3341 4132 3533 4203 magi-

92 4229 248 4285 relas
271 4229 432 4299 juste
462 4225 721 4292 ﬁnirent,
754 4229 828 4293 et,
876 4224 1369 4298 oppressionibus
1419 4239 1761 4296 pauperum
1818 4244 1841 4266 ο
1871 4230 1994 4281 stro
2053 4225 2357 4281 Salvatore
2413 4227 2550 4280 Jesu
2607 4224 2838 4281 Christo
2889 4224 3178 4280 didicerat
3215 4222 3534 4298 provinciis

90 4324 146 4376 et
175 4317 469 4374 violentiis
496 4316 838 4390 rapacitatis
864 4315 1074 4389 procul
1095 4314 1371 4383 exclusis,
1398 4329 1520 4387 pax
1542 4318 1598 4372 et
1618 4314 1762 4371 ami-

91 4426 163 4466 ca
191 4408 363 4482 quies
410 4408 472 4463 in
521 4422 709 4477 regno
738 4405 1094 4479 Aquitanieo
1132 4404 1417 4477 deinceps
1444 4420 1759 4477 permane-

91 4505 178 4556 ret
203 4519 216 4567 ;
251 4498 356 4572 qui
385 4514 525 4554 vero
550 4513 766 4571 pacem
796 4495 1107 4565 violarent,
1141 4499 1432 4567 tanquam
1464 4493 1548 4549 rei
1578 4495 1761 4564 maje-

95 4590 259 4646 statis
289 4605 325 4645 a
348 4587 658 4644 liminibus
690 4586 1151 4660 exploderentur
1177 4584 1546 4651 Ecclesiae,et
1571 4600 1609 4640 a
1639 4599 1764 4639 cor-

93 4696 238 4754 pore
265 4684 323 4736 et
345 4679 638 4750 sanguine
658 4677 896 4735 Domini
922 4681 1186 4734 extorres
1205 4679 1262 4731 et
1282 4691 1319 4731 a
1336 4673 1608 4731 ﬁdelium
1625 4690 1763 4730 con-

98 4771 278 4828 sortio
308 4775 365 4827 et
390 4768 690 4842 colloquio
719 4768 954 4834 remoti,
986 4766 1236 4822 infamia
1261 4768 1551 4838 perpetua
1595 4768 1763 4823 nota-

98 4866 319 4931 rentur,
370 4860 564 4917 donec
619 4876 727 4934 per
767 4857 1237 4917 satisfactionem
1284 4854 1651 4925 condignam
1683 4855 1762 4912 ab

101 4951 394 5025 episcopis
424 4950 640 5008 iterum
688 4949 868 5007 matri
908 4946 1175 5004 Ecclesiaa
1218 4944 1758 5002 reconciliarentur.

103 5046 162 5097 In
193 5057 262 5097 eo
294 5039 548 5096 concilio
588 5039 920 5096 secundum
975 5037 1171 5107 legem
1229 5032 1466 5090 Domini
1519 5033 1763 5090 benedi-

102 5133 354 5189 ctionem
380 5133 830 5204 proposuerunt
868 5132 925 5184 et
971 5124 1488 5191 maledictionem;
1520 5123 1764 5180 benedi-

102 5223 356 5280 ctionem
385 5221 831 5290 obedientibus,
881 5217 1369 5276 maledictionem
1416 5214 1764 5272 inobedien-

101 5313 273 5369 tibus.
301 5310 508 5369 Caeteri
537 5314 739 5367 autem
765 5308 1008 5366 urbium
1038 5305 1496 5381 Aquitaniarum
1525 5303 1764 5378 pontiﬁ-

102 5419 213 5475 ces,
247 5401 351 5457 illa
377 5399 576 5457 soluta
602 5399 663 5455 in
690 5415 840 5471 pace
874 5397 1132 5469 synodo,
1174 5412 1206 5452 e
1235 5395 1486 5466 vestigio
1512 5394 1766 5451 advene-

99 5498 250 5563 runt,
294 5492 720 5549 confirmantes
741 5506 878 5564 quae
905 5488 983 5544 ab
1013 5489 1096 5545 eis
1122 5486 1478 5544 conﬁrmata
1507 5486 1761 5553 fuerant,

101 5590 152 5641 et
182 5583 656 5640 condemnantes
685 5597 819 5653 quae
844 5579 924 5634 illi
952 5577 1525 5646 condemnaverant,
1545 5580 1610 5632 ut
1633 5575 1764 5631 uni-

102 5682 184 5733 tas
234 5676 293 5730 in
353 5689 506 5747 pace
561 5671 832 5728 Ecclesiae
881 5672 1279 5744 permaneret.
1319 5668 1500 5738 Cujus
1530 5666 1763 5723 consilii

99 5769 333 5826 decreta
355 5763 600 5823 antistiti
619 5767 904 5820 Romanae
920 5763 1139 5819 sanctae
1162 5763 1219 5816 et
1241 5757 1584 5833 apostolicae
1607 5757 1762 5814 sedis

1870 4315 2191 4372 Galliarum
2222 4315 2454 4388 primus
2485 4314 2758 4370 omnium
2786 4314 3156 4370 ostendebat.
3210 4317 3272 4369 In
3322 4329 3391 4368 eo
3432 4328 3536 4367 au-

1870 4411 1990 4462 tem
2021 4410 2321 4462 conventu
2370 4405 2475 4476 qui
2504 4420 2797 4474 magnum
2837 4403 3157 4459 concilium
3200 4402 3530 4469 dicebatur,

1870 4495 2159 4569 episcopi,
2215 4495 2320 4566 qui
2365 4494 2442 4550 ad
2493 4495 2770 4549 eamdem
2839 4492 3075 4565 patroni
3133 4493 3533 4547 convenerant

1871 4585 2342 4652 translationem,
2374 4599 2586 4638 omnes
2626 4583 2841 4638 docere
2864 4596 3250 4655 summopere
3290 4579 3529 4636 festina-

1871 4676 2019 4732 bant
2047 4674 2210 4729 viam
2239 4671 2492 4740 Domini,
2527 4675 2592 4727 ut
2620 4686 2728 4744 per
2754 4670 2916 4726 viam
2955 4670 3122 4743 pacis
3173 4674 3228 4726 et
3267 4667 3532 4724 veritatis

1870 4764 2144 4820 incedere
2175 4765 2534 4833 satagerent,
2566 4777 2677 4817 nec
2703 4777 2738 4817 a
2757 4760 2989 4817 tramite
3011 4759 3532 4832 justitice,sequen-

1868 4859 1957 4912 tes
1984 4853 2180 4910 cordis
2206 4852 2298 4908 sui
2326 4851 2706 4926 pravitatem,
2735 4851 3059 4914 deviarent,
3092 4849 3411 4924 potiusque
3431 4851 3534 4904 Pa-

1871 4948 2028 5000 trum
2055 4941 2332 4998 institutis
2361 4957 2548 5014 quam
2576 4939 2801 4995 diaboli
2832 4938 3312 5010 suggestio‘nibus
3333 4935 3537 4993 obedi-

1869 5037 2019 5101 rent,
2049 5037 2106 5088 et
2130 5033 2206 5088 de
2233 5031 2334 5088 illa
2367 5029 2606 5104 patroni
2655 5028 3038 5086 translatione
3085 5027 3166 5084 ita
3204 5026 3534 5098 gauderent

1870 5129 1936 5180 ut
1962 5139 2203 5180 morum
2232 5126 2288 5177 et
2317 5125 2560 5178 actuum
2589 5118 3072 5176 emendationem
3112 5117 3224 5174 sibi
3271 5121 3532 5190 reporta-

1870 5218 2018 5272 rent.
2055 5212 2470 5271 Coruscabant
2500 5227 2646 5268 sane
2679 5209 2868 5266 multa
2896 5207 3188 5264 miracula
3228 5207 3306 5264 ad
3345 5207 3532 5281 ipsius

1873 5304 2128 5379 apostoli
2159 5302 2659 5377 pretiosissimum
2691 5315 2929 5370 corpus.
2966 5301 3044 5354 De
3089 5297 3332 5372 quibus,
3385 5314 3532 5371 quo-

1871 5396 2036 5453 niam
2068 5395 2209 5452 satis
2241 5397 2455 5450 notum
2484 5395 2571 5448 est
2617 5389 2788 5446 vobis
2836 5388 2938 5462 qui
2988 5388 3531 5463 impraesentiarum

1871 5486 1981 5559 ipsi
2013 5484 2265 5555 vidistis,
2293 5499 2400 5557 per
2430 5480 2666 5550 singula
2694 5495 2815 5535 non
2845 5495 3089 5536 necesse
3131 5482 3222 5536 est
3265 5495 3530 5548 narrare,

1871 5591 1945 5631 ne
1972 5576 2098 5630 dies
2124 5577 2452 5646 antequam
2493 5587 2689 5626 sermo
2739 5569 3073 5626 claudatur.
3126 5569 3290 5626 Libet
3332 5573 3533 5626 tamen

1870 5667 1984 5722 hoc
2017 5665 2212 5719 solum
2245 5660 2587 5718 meminisse
2617 5660 2803 5734 quod,
2837 5659 3076 5718 invento
3109 5675 3359 5732 corpore
3399 5675 3533 5716 san-

1872 5759 1986 5825 cto,
2016 5754 2362 5828 quicunque
2387 5750 2745 5810 daemoniaci
2775 5754 2831 5808 et
2859 5750 2989 5809 aliis
3026 5749 3208 5809 variis
3233 5748 3534 5819 languori-
