4584 6428
677 293 776 344 H9

1831 277 2141 335 ADEMARI
2184 276 2237 329 S.
2282 269 2561 327 CIBARDI
2599 273 2932 330 MONACHI.

4031 253 4142 306 120

673 411 785 466 bus
841 406 1062 464 detenti
1116 405 1360 461 adfuere
1410 406 1485 460 ad
1540 405 1669 474 ejus
1712 402 2094 474 sepulchrum
2134 395 2326 452 sanati
2367 399 2411 452 Α
2441 397 2643 452 omnia
2673 396 2803 452 loca
2827 411 2933 467 per
2962 391 3275 448 circuitum
3307 386 3474 443 urbis
3501 383 3577 440 ad
3612 379 3985 474 duodecim_
4007 391 4142 428 ain-

674 503 808 555 sunt
839 516 852 565 ;
887 497 993 552 sed
1018 501 1074 551 et
1097 495 1157 550 hi
1186 511 1342 566 quos
1376 493 1530 559 ignis
1557 492 1904 554 devorabat,
1938 489 2149 545 eadem
2182 487 2328 541 hora

675 601 914 643 sensere
941 583 1330 651 refrigerium.
1365 582 1503 636 Aliis
1529 581 1788 653 denique
1819 595 1954 635 cum
1988 577 2236 633 sanitate
2254 573 2333 630 ad

675 690 784 731 sua
836 670 1140 742 regressis,
1198 669 1414 725 iterum
1445 669 1634 724 multo
1665 668 1865 742 plures
1897 665 1996 722 alii
2037 665 2111 720 de
2159 663 2334 732 longe

677 759 1157 824 adducebantur,
1190 774 1222 814 e
1250 757 1472 830 quibus
1503 761 1688 813 totam
1715 756 1945 812 videres
1989 754 2200 810 urbem
2252 752 2337 807 in-

685 855 776 905 tus
807 853 864 904 et
894 863 1000 919 per
1027 845 1333 901 sircuitum
1383 845 1523 900 foris
1545 844 1806 917 plenam.
1841 843 1940 898 His
1988 847 2186 898 autem
2235 839 2337 913 qui

685 935 815 992 sani
845 937 1016 990 erant
1037 932 1231 988 luctus
1273 936 1329 987 et
1374 933 1600 987 clamor
1640 937 1815 1003 atque
1865 931 2013 987 fetor
2051 930 2337 997 languen-

680 1025 830 1080 tium
883 1021 1062 1078 nimis
1107 1020 1272 1076 oneri
1321 1027 1462 1076 erat.
1508 1024 1653 1077 Cum
1707 1025 1907 1075 autem
1955 1018 2336 1092 psallentium

683 1114 902 1168 chorus
931 1111 1168 1184 patroni
1200 1109 1472 1165 membra
1497 1109 1569 1164 de
1609 1109 1882 1180 sepulcro
1922 1108 1980 1164 in
2029 1107 2338 1162 basilicam

683 1199 1024 1266 Salvatoris,
1056 1215 1193 1271 qua:
1223 1198 1438 1268 regalis
1469 1197 1703 1267 dicitur,
1731 1198 1793 1252 in
1823 1214 1964 1252 arca
1995 1212 2177 1252 aurea
2205 1212 2339 1268 por-

681 1292 848 1356 taret,
877 1285 1192 1344 multitudo
1216 1285 1449 1342 infinita
1477 1285 1574 1342 illa
1609 1285 1950 1340 ardentium
2001 1300 2142 1339 mox
2171 1298 2338 1337 cura-

680 1377 905 1433 tionem
949 1375 1190 1448 plenam
1243 1374 1476 1442 meruit,
1527 1379 1583 1429 et
1627 1389 1839 1428 omnes
1882 1371 2225 1428 clamabant
2253 1369 2340 1424 di-

685 1469 881 1520 centes
916 1479 929 1518 :
964 1485 990 1511 ‹‹
1021 1460 1406 1516 Benedictum
1451 1477 1673 1516 nomen
1729 1461 2051 1516 Salvatoris
2112 1458 2345 1513 Domini

682 1551 868 1609 nostri
895 1553 1032 1606 Jesu
1063 1549 1272 1607 Christi
1303 1549 1407 1622 qui
1433 1565 1539 1622 per
1562 1549 1810 1604 beatum
1851 1549 2170 1604 Martialem
2215 1563 2348 1618 pro-

685 1641 866 1714 pitius
891 1639 1002 1695 fuit
1029 1637 1254 1710 populo
1303 1654 1433 1694 suo.
1481 1641 1594 1694 Nec
1648 1637 1818 1692 silere
1862 1637 2154 1692 debemus
2184 1635 2347 1708 quod

2441 487 2596 560 plius
2630 464 2900 542 milliaria
2926 482 3038 538 sub
3061 485 3266 553 aperto
3291 477 3432 533 divo
3459 471 3674 530 serenti
3707 469 3865 526 coelo
3900 464 4140 521 admo-

2443 575 2590 630 dum
2615 572 3008 644 jucundante.

3089 714 3319 770 SERMO
3370 711 3462 768 Ill.

2517 840 3062 910 Quemadmodum,
3103 835 3493 905 dilectissimi,
3544 831 3828 888 dedicata
3865 825 4144 883 ecclesia

2445 950 2480 989 a
2509 933 2790 988 laudibus
2818 931 2912 986 die
2950 934 3251 1000 noctuque
3307 924 3524 980 divinis
3556 936 3798 979 cessare
3840 931 3979 973 non
4041 913 4146 969 de.

2447 1022 2546 1078 bet
2593 1038 2701 1076 nec
2759 1036 2794 1078 a
2849 1033 3158 1074 sacrorum
3204 1019 3420 1070 ornatu
3467 1027 3659 1068 vacua
3708 1021 3997 1072 manere,
4061 1003 4145 1058 ita

2449 1127 2619 1166 mens
2681 1109 3008 1166 Christiana
3065 1123 3099 1162 a
3145 1105 3244 1161 Dei
3291 1117 3605 1175 nunquam
3655 1097 3842 1157 laude
3885 1101 4146 1168 torpore

2452 1215 2842 1272 nunquamve
2899 1213 2935 1252 a
2994 1196 3169 1251 bona!
3224 1191 3588 1266 operationis
3635 1188 3857 1244 decore
3915 1181 4149 1238 sterilis

2451 1289 2628 1344 debet
2669 1287 2999 1359 persistere.
3063 1287 3127 1338 Et
3184 1289 3249 1338 ut
3290 1277 3668 1349 sacrilegium
3721 1275 3975 1332 constat
4006 1286 4148 1327 esse

2452 1377 2765 1434 ecclesiam
2796 1373 3134 1443 violare,ita
3159 1388 3296 1427 cum
3327 1371 3430 1444 qui
3455 1371 3579 1440 jam
3614 1367 3937 1440 baptismo
3972 1360 4147 1435 puri-

2455 1468 2664 1523 ficatus
2696 1465 2912 1521 domus
2942 1463 3040 1520 Dei
3071 1467 3329 1518 meretur
3375 1476 3524 1525 esse,
3574 1455 4006 1530 periculosum
4063 1456 4152 1505 est

2457 1561 2676 1612 temere
2703 1572 2734 1610 a
2769 1569 3077 1626 quoquam
3110 1550 3410 1615 infestari;
3451 1548 3759 1620 quia,cum
3795 1541 3914 1599 viri
3948 1535 4146 1596 sancti

2460 1662 2494 1700 a
2526 1644 2819 1718 perversis
2847 1641 3211 1711 afﬂiguntur,
3247 1641 3398 1692 Deus
3430 1635 3533 1708 qui
3565 1650 3778 1690 eorum
3826 1630 4151 1686 habitator

685 1732 890 1802 aperto
914 1725 1178 1783 interiori
1203 1741 1340 1782 vase
1371 1725 1538 1798 quod
1569 1731 1844 1782 sanctum
1890 1726 2182 1782 retinebat
2221 1741 2348 1780 cor-
2395 1751 2430 1804 η
2461 1750 2490 1790 ρ

2339 1756 2348 1764 ·
2395 1751 2430 1804 ιι
2461 1739 2567 1803 est,
2601 1735 2676 1788 ad
2707 1731 3078 1788 iracundiam
3107 1732 3484 1802 provocatur.
3533 1729 3594 1780 In
3627 1722 3854 1779 sanctis
3907 1718 4149 1792 quippe

688 1835 828 1891 pus,
861 1815 1010 1872 odor
1041 1815 1428 1871 suavissimus
1459 1815 1787 1871 emanabat
1834 1821 1890 1870 et
1933 1815 2205 1870 omnium
2251 1815 2351 1869 ad-

694 1905 984 1962 stantium
1010 1921 1188 1961 nares
1213 1903 1486 1974 jucundo
1516 1905 1820 1960 reﬁciebat
1850 1905 2052 1960 odore.
2098 1909 2168 1960 At
2212 1921 2354 1960 vero

695 1994 912 2051 eadem
944 1997 1156 2050 sancta
1184 1993 1460 2048 membra
1491 2009 1630 2048 cum
1663 1993 2043 2049 sacerdotum
2080 1993 2358 2048 manibus

691 2082 766 2138 de
797 2080 1118 2154 sepulchro
1145 2080 1498 2136 inferrentur
1527 2080 1588 2134 in
1618 2097 1722 2136 vas
1755 2096 2007 2135 aureum
2032 2079 2132 2134 ubi
2159 2095 2360 2134 recon-

695 2169 823 2226 dita
854 2173 1013 2236 sunt,
1044 2184 1180 2224 ecce
1201 2168 1399 2224 subito
1428 2173 1595 2224 terra?
1626 2174 1826 2224 motus
1875 2167 2064 2224 factus
2104 2173 2191 2223 est
2237 2185 2364 2223 ma-

694 2273 850 2328 gnus
870 2257 953 2314 ita
976 2261 1042 2312 ut
1066 2257 1260 2328 major
1300 2256 1550 2313 ecclesia
1579 2273 1718 2312 cum
1747 2257 2034 2312 omnibus
2065 2257 2164 2330 qui
2200 2257 2258 2312 in
2287 2274 2356 2312 ea

694 2350 867 2402 erant
893 2345 1129 2402 concuti
1153 2345 1471 2413 videretur,
1506 2362 1613 2401 nec
1640 2351 1837 2402 tamen
1873 2346 2105 2414 occidit,
2151 2345 2253 2400 sed
2304 2352 2359 2400 et

701 2450 882 2506 super
907 2433 1204 2506 populum
1233 2437 1430 2489 tantus
1462 2439 1648 2489 terror
1694 2433 1862 2489 irruit
1913 2440 1972 2490 ut
2019 2435 2358 2490 nullatenus

704 2527 962 2578 mortem
991 2538 1052 2576 se
1081 2522 1330 2578 evadere
1355 2538 1530 2594 posse
1561 2523 1841 2590 crederet,
1863 2524 2194 2596 eademque
2213 2525 2362 2580 hora

704 2611 809 2684 qui
839 2627 877 2667 a
905 2609 1285 2666 daemonibus
1313 2611 1683 2667 vexabantur
1710 2613 1897 2666 curati
1930 2617 2084 2681 sunt,
2119 2617 2362 2684 eratque

703 2701 852 2756 liora
875 2698 992 2754 diei
1015 2699 1202 2769 tertia,
1232 2703 1289 2754 et
1321 2701 1404 2755 sic
1431 2699 1492 2754 in
1518 2701 1835 2757 ecclesiam
1868 2703 2159 2772 majorem
2193 2718 2364 2758 sacra

703 2786 958 2861 pignora
989 2787 1204 2843 deinde
1234 2787 1581 2844 imminente
1613 2795 1784 2844 nocte
1825 2790 2072 2846 latenter
2121 2795 2364 2863 propter

703 2876 1024 2932 irruentem
1054 2875 1351 2949 populum
1381 2893 1522 2932 cum
1563 2877 1795 2949 jejunio
1839 2879 2250 2934 ministrorum
2302 2879 2362 2935 in

704 2967 960 3022 Montem
991 2963 1202 3020 Gaudii
1230 2965 1460 3037 perlata
1488 2971 1644 3021 sunt.
1680 2969 1744 3022 Et
1773 2968 1922 3024 sicut
1943 2973 2065 3024 tota
2086 2967 2187 3024 illa
2215 2985 2362 3040 prte-

703 3053 875 3109 terita
899 3057 1072 3108 nocte
1111 3051 1172 3108 in
1193 3053 1518 3125 aperiendo
1549 3055 1820 3127 sepulcro
1871 3057 2210 3113 sacerdotes
2256 3061 2365 3113 Do-

706 3140 858 3198 mini
911 3157 1050 3196 cum
1103 3141 1382 3214 pontifice
1434 3141 1874 3217 laboraverant,
1906 3145 1986 3202 ita
2031 3146 2170 3201 foris
2203 3147 2365 3202 chori

706 3230 1090 3306 psallentium
1112 3230 1302 3302 jejuni
1327 3233 1605 3288 eamdem
1631 3241 1866 3291 noctem
1914 3236 1974 3290 in
2013 3235 2262 3308 psalmis
2311 3242 2368 3294 et

706 3319 991 3375 laudibus
1019 3318 1243 3374 duxere
1272 3319 1641 3393 pervigilem.
1708 3323 1771 3378 lli
1819 3329 2019 3380 autem
2043 3327 2145 3398 qui
2168 3327 2370 3384 intrin-

711 3424 884 3462 secus
907 3410 1032 3464 tam
1063 3408 1441 3464 tremendum
1471 3411 1845 3484 arripuerant
1873 3431 2026 3486 opus
2051 3458 2063 3482 ,
2117 3432 2226 3471 con
2239 3417 2367 3472 fecti

707 3495 938 3568 jejunio
960 3495 1036 3551 ab
1061 3497 1195 3570 ipsa
1219 3497 1413 3570 prima
1433 3500 1621 3555 noctis
1643 3501 1790 3558 hora
1810 3503 2196 3572 instabant,et
2217 3507 2370 3578 psal-

716 3601 955 3640 morum
987 3592 1407 3644 consummata
1433 3589 1696 3646 melodia
1727 3591 2032 3649 celebratis
2059 3594 2213 3650 circa
2244 3595 2371 3668 pul-

713 3675 910 3730 lorum
940 3679 1184 3732 cantum
1213 3679 1534 3751 mysteriis,
1548 3681 1858 3738 confortati
1889 3700 2137 3757 corpore
2159 3691 2213 3742 et
2236 3703 2373 3743 san-

716 3762 896 3834 guine
926 3763 1440 3837 Redemptoris,ad
1467 3770 1865 3827 extrahendos
1893 3773 2124 3846 lapides
2154 3791 2372 3833 manus

716 3853 1026 3908 miserunt.
1042 3853 1240 3910 Merito
1258 3855 1482 3928 itaque,
1496 3857 1700 3916 divina
1722 3877 1824 3916 eos
1846 3865 2041 3920 Patres
2062 3865 2375 3939 inspiravit

718 3939 1014 4012 dignatio,
1043 3946 1344 4013 quatenus
1373 3948 1682 4004 communi
1713 3965 2008 4008 consensu
2029 3953 2188 4011 hunc
2214 3955 2374 4013 diem

721 4043 831 4101 per
847 4026 1118 4096 singulos
1137 4029 1200 4086 in
1220 4031 1518 4106 reliquum
1559 4051 1748 4094 annos
1777 4039 1836 4096 in
1858 4043 2210 4101 memoriam
2232 4045 2378 4102 divi-

721 4131 817 4171 nte
850 4114 1046 4172 laudis
1079 4117 1479 4190 decernerent,
1517 4125 1620 4196 qui
1662 4127 1723 4182 in
1771 4145 1842 4186 ea
1889 4136 1947 4187 et
1974 4132 2262 4191 miracula
2284 4151 2376 4191 su-

722 4219 913 4297 perna
935 4208 991 4297 et
1005 4207 1226 4297 gaudia
1248 4209 1917 4290 Christianorum,atque
1934 4236 2052 4292 pax
2069 4226 2126 4278 et
2143 4224 2378 4297 requies

727 4291 1124 4384 licclesiarum
1151 4295 1507 4357 claruerunt.
1524 4304 1590 4358 Et
1608 4310 1840 4378 postea,
1867 4291 2174 4368 utieeterna
2195 4291 2376 4384 h-ujus

725 4380 1048 4474 festivitatis
1095 4390 1248 4440 esset
1289 4394 1800 4466 commemoratio,
1849 4395 1911 4452 in
1957 4397 2090 4456 loco
2127 4380 2376 4474 prmfato

725 4468 830 4524 ubi
859 4485 1030 4564 sacra
1056 4474 1292 4564 patroni
1321 4478 1596 4536 membra
1624 4497 1733 4554 per
1760 4483 1985 4558 aliquot
2005 4468 2380 4564 dies-requie-
2411 4469 2454 4522 D

725 4563 960 4630 verunt,
993 4561 1308 4619 ecclesiam
1336 4564 1396 4620 in
1429 4567 1557 4637 ejus
1581 4572 1825 4628 nomine
1874 4591 2096 4634 novam
2145 4561 2380 4638 dedica-

724 4651 954 4743 verunt.
975 4653 1122 4706 Nam
1143 4652 1217 4708 de
1241 4653 1370 4726 ipso
1399 4662 1601 4715 monte
1625 4663 1834 4720 Gaudii
1862 4665 1942 4721 ad
1957 4674 2232 4726 sanctum
2249 4672 2379 4743 ejus

727 4737 1088 4828 sepulcrum,
1131 4746 1458 4816 antequam
1512 4747 1920 4810 absolveretur
1949 4757 2240 4828 synodus,
2279 4737 2382 4818 ite-

725 4841 862 4881 rum
891 4827 1075 4884 relata
1096 4835 1252 4886 sunt.
1281 4835 1387 4890 Per
1407 4837 1611 4894 omnia
1639 4827 1990 4901 benedictus
2018 4849 2190 4904 Jesus
2224 4851 2382 4908 Chri-

726 4918 852 4970 stus
881 4917 1167 4974 Dominus
1198 4926 1398 4978 nos'tcr
1418 4939 1578 4981 nunc
1601 4932 1655 4984 et
1674 4928 1737 4984 in
1758 4935 2067 4990 asternum.
2095 4941 2304 4996 Amen.

795 5003 1068 5100 Episcopi
1083 5007 1188 5100 qui
1209 5011 1344 5100 tunc
1361 5011 1440 5068 ad
1465 5016 1743 5074 eamdem
1771 5036 2146 5082 conveneran
2167 5031 2380 5084 ttrans-

723 5090 1006 5190 lationem
1034 5095 1470 5190 prpbabiliores
1505 5103 1568 5159 hi
1599 5110 1776 5164 sunt:
1824 5110 2150 5170 Dacbertus
2192 5117 2381 5174 archi-

724 5187 1060 5276 episcopus,
1079 5187 1495 5276 Condebadus
1526 5195 2031 5274 archiepiscopus,
2065 5203 2378 5263 Hilduinus

721 5271 950 5366 primas
999 5271 1335 5366 episcopus,
1385 5278 1557 5338 Abbo
1604 5271 1943 5360 episcopus,
1991 5290 2378 5350 Grimoardus

724 5362 1080 5455 episcqpus,_
1099 5362 1431 5455 Stephanus
1461 5370 1802 5446 episcopus,
1832 5379 2126 5435 Frotarius
2151 5381 2379 5454 episco-

724 5459 860 5514 pus,
894 5446 1268 5505 Gissabertus
1293 5453 1626 5530 episcopus.

797 5535 926 5587 Haec
953 5541 1152 5592 autem
1183 5536 1341 5596 facta
1370 5551 1504 5600 sunt
1531 5563 1638 5619 per
1665 5566 1895 5610 annum
1927 5557 2245 5614 Dominicze
2282 5559 2377 5616 in-

725 5622 1088 5718 carnationis
1116 5633 1639 5696 nongentesimum
1691 5645 1870 5714 atque
1914 5649 2378 5718 nonagesimum

726 5715 1029 5784 quartum,
1063 5715 1502 5789 complentibus
1527 5728 1766 5797 magnis
1795 5731 1982 5790 turbis
2011 5715 2376 5809 populorum

2461 1824 2598 1880 viris
2637 1826 2786 1878 licus
2818 1821 3146 1887 infestatur,
3178 1818 3407 1873 dicente
3441 1816 3570 1888 ipso
3591 1830 3698 1887 per
3720 1810 4148 1885 prophetam:

2465 1937 2489 1960 ‹‹
2527 1913 2635 1978 Qui
2660 1928 2762 1966 vos
2793 1909 2994 1978 tangit,
3033 1907 3218 1975 tangit
3247 1903 3538 1979 pupillam
3567 1898 3723 1959 oculi
3757 1897 3903 1957 mei.
3942 1922 3976 1949 »
4042 1892 4150 1962 Qui

2465 2007 2664 2057 autem
2701 1999 3017 2055 [Cocles-iam
3045 1998 3320 2064 honorat,
3353 1998 3605 2049 matrem
3635 1991 3917 2066 profecto
3941 2003 4149 2049 suam,

2465 2096 2520 2146 et
2553 2090 2649 2145 Dei
2681 2104 2965 2160 sponsam
2997 2087 3269 2151 honorat,
3298 2083 3421 2139 imo
3453 2083 3654 2154 ipsum
3701 2078 3998 2134 Ecclesiae
4060 2091 4153 2130 cao

2467 2186 2572 2254 put
2601 2179 2890 2236 Christum
2926 2187 3168 2250 prorsus
3201 2173 3498 2230 honorare
3529 2165 3787 2226 videtur.
3848 2165 3949 2224 Sic
3983 2161 4150 2222 enim

2467 2266 2748 2341 apostolis
2780 2266 3006 2322 dictum
3036 2269 3171 2320 est:
3210 2286 3236 2311 «
3273 2263 3384 2329 Qui
3429 2277 3537 2317 vos
3585 2259 3753 2316 audit
3798 2273 3903 2313 me
3956 2254 4152 2321 audit,

2467 2364 2523 2413 ct
2550 2357 2652 2430 qui
2685 2374 2790 2411 vos
2822 2354 3045 2428 spernit
3071 2369 3165 2409 me
3199 2351 3442 2424 spernit.
3483 2375 3510 2400 ››
3547 2353 3611 2404 Et
3641 2349 3784 2404 item
3819 2365 3834 2402 :
3874 2369 3903 2394 ‹‹
3959 2350 4154 2400 Amen

2469 2447 2604 2502 dico
2653 2445 2840 2509 vobis,
2893 2444 3033 2516 quia
3080 2439 3444 2498 tolerabilius
3494 2437 3600 2494 erit
3647 2441 3816 2493 terra:
3853 2433 4158 2491 Sodomo-

2473 2553 2606 2590 rum
2631 2541 2685 2589 οἱ
2717 2533 3238 2588 tlonmrrluenruin
3287 2543 3471 2602 quam
3501 2527 3579 2582 illi
3612 2526 3838 2581 civitati
3866 2537 4019 2596 quae
4053 2537 4159 2576 vos

2470 2639 2680 2698 pacem
2716 2623 3109 2696 praedicantes
3142 2635 3262 2676 non
3288 2615 3592 2691 receperit.
3631 2641 3657 2667 η
3711 2615 3855 2670 Ηεθο
3899 2619 4158 2687 propter

2473 2715 2772 2771 hodierxne
2807 2712 3134 2768 festivitatis
3165 2710 3426 2766 laetitiam
3459 2722 3790 2775 congruere
3841 2704 4157 2764 videntur,

2473 2804 2636 2877 quia,
2671 2821 2809 2858 cum
2838 2803 3018 2872 hujus
3046 2800 3248 2873 templi
3283 2797 3744 2863 dedicationem,
3769 2811 3920 2867 quae
3957 2794 4025 2848 in
4047 2793 4162 2848 Sal-

2472 2893 2692 2949 vatoris
2724 2891 2904 2964 pollet
2943 2889 3184 2964 prOprio
3215 2886 3478 2954 nomine,
3529 2882 3851 2942 annuatim
3905 2881 4164 2956 replica-

2475 2981 3042 3050 mus,'occasionem
3071 2979 3242 3034 vobis
3275 2977 3438 3033 utilia
3475 2972 3762 3048 loquendi
3793 2987 3935 3029 non
3973 2972 4162 3028 ineas.

2475 3089 2608 3128 sum
2641 3071 2996 3127 invenimus.
3033 3069 3195 3125 Unde
3219 3065 3361 3124 illud
3397 3063 3844 3123 advertendum
3880 3057 4089 3137 quod,
4121 3059 4160 3118 si

2474 3160 2533 3217 in
2566 3161 2823 3216 oratorio
2854 3159 3128 3215 dedicato
3183 3156 3575 3214 homicidium
3627 3154 3720 3210 vel
3767 3153 3956 3210 aliud
4001 3154 4162 3209 nefas

2472 3250 2783 3324 quodlibet
2811 3252 3241 3322 perpetratum,
3283 3245 3377 3302 vel
3423 3245 3473 3300 si
3517 3245 3718 3317 ipsum
3772 3242 4100 3316 templum
4136 3260 4162 3296 τι

2475 3339 2792 3410 gentilibus
2817 3337 2939 3393 sive
2963 3335 3250 3392 haereticis
3277 3334 3568 3407 pollutum
3593 3332 3790 3397 fuerit,
3851 3333 3986 3388 nisi
4010 3333 4164 3405 prius

2473 3426 2950 3484 reconciliatione
2983 3423 3306 3499 episcopali
3337 3421 3551 3479 iterum
3601 3436 3708 3496 per
3734 3435 3994 3496 aquam
4045 3435 4165 3478 san-

2477 3518 2796 3575 ctiﬁcatum
2825 3516 3012 3584 fuerit,
3045 3515 3386 3571 nullatenus
3411 3514 3488 3570 ibi
3521 3513 3725 3587 peragi
3757 3518 3993 3585 potest
4025 3529 4164 3584 Opus

2483 3609 2600 3665 Dei.
2640 3610 2870 3664 Dicente
2898 3603 3057 3664 enim
3089 3600 3369 3680 Apostolo
3403 3617 3416 3659 :
3466 3627 3494 3653 ‹‹
3537 3606 3678 3670 Ουεσ
3729 3603 4022 3659 societas
4067 3599 4164 3657 luri

2481 3699 2558 3754 ad
2617 3699 2912 3765 tenebras,
2970 3697 3073 3770 qui
3123 3701 3322 3752 autem
3379 3710 3714 3751 consensus
3767 3690 4031 3766 templo
4081 3687 4162 3747 Dei

2480 3804 2619 3846 cum
2650 3787 2867 3844 idolis?
2901 3811 2926 3836 ››
2954 3791 3079 3843 Non
3109 3784 3378 3842 dissimili
3405 3785 3632 3841 ratione
3679 3783 3998 3856 quisquis
4047 3787 4161 3853 post

2481 3877 2849 3950 baptismum
2883 3875 3214 3946 graviorem
3245 3872 3554 3930 admiserit
3593 3887 3852 3937 noxam,
3906 3872 4051 3943 jam
4097 3873 4162 3924 in-

2482 3965 2700 4035 dignus
2755 3967 2874 4020 Deo
2927 3968 3032 4030 est,
3079 3962 3221 4035 quia
3261 3957 3576 4034 principali
3629 3958 3944 4014 facimore
3978 3965 4160 4015 conta-

2484 4054 2744 4109 minatus
2793 4058 2882 4109 est
2931 4052 3122 4108 donec
3180 4051 3393 4106 iterum
3442 4049 3745 4122 baptismo
3789 4048 4158 4120 poenitentia

2482 4141 2732 4214 lavetur,
2766 4147 2823 4198 et
2846 4141 3001 4198 lotus
3055 4144 3272 4196 sanctae
3326 4137 3739 4194 communioni
3794 4135 4154 4192 sacerdotali

2463 4231 2891 4289 'reconcilietur
2919 4229 3285 4288 auctoritate.
3323 4230 3541 4285 Omnes
3571 4241 3715 4296 ergo
3745 4226 3864 4300 qui
3909 4226 3980 4282 in
4029 4225 4158 4296 bap-

2485 4323 2737 4379 tismatis
2770 4322 2927 4378 fonte
2971 4319 3370 4394 spopondere,
3416 4322 3706 4390 tanquam
3763 4313 4157 4371 immaculata

2488 4412 2708 4468 domus
2739 4411 2838 4468 Dei
2868 4411 3163 4466 ﬁnetcnus
3193 4407 3549 4475 custodiant,
3565 4409 3631 4460 ut
3654 4405 3904 4474 integer
3933 4403 4158 4478 spiritus

2487 4517 2694 4558 eorum
2727 4505 2784 4556 et
2813 4515 3031 4572 corpus
3087 4497 3148 4553 in
3197 4495 3520 4552 adventum
3579 4492 3822 4548 Domini
3875 4500 4152 4548 servetur.

2485 4593 2702 4646 Verum
2729 4589 2776 4645 si
2799 4604 2982 4661 quem
3012 4592 3147 4660 post
3171 4585 3393 4642 lavacri
3422 4587 3892 4640 sacramentum
3933 4584 4154 4652 gravius

2488 4681 2780 4737 corruisse
2810 4678 3136 4749 contigerit,
3189 4674 3534 4750 paenitendo
3583 4674 3771 4742 digne
3821 4678 4076 4743 satagat
4115 4677 4156 4725 et

2489 4769 2828 4827 conﬁtendo
2879 4767 3054 4824 matri
3101 4765 3368 4822 Ecclesiae
3408 4780 3516 4838 per
3563 4761 3974 4818 sacerdotum
4041 4777 4157 4817 exa-

2490 4875 2630 4916 men
2661 4855 3050 4923 reconciliari,
3079 4871 3154 4911 ne
3185 4853 3476 4924 videlicet,
3517 4850 3684 4925 quod
3713 4850 3912 4917 absit,
3947 4848 4154 4906 diaboli

2491 4948 2781 5020 templum
2798 4945 3252 5014 videatur,neve
3270 4959 3407 4999 cum
3437 4945 3671 4999 Satanaa
3695 4956 3904 5008 regno
3928 4940 4157 4996 damne

2493 5042 2606 5104 tur,
2639 5036 2742 5092 sed
2763 5035 2962 5108 potius
2988 5033 3280 5106 templum
3307 5032 3404 5088 Dei
3430 5046 3685 5086 manens
3706 5029 3771 5084 in
3795 5045 4006 5099 regno
4029 5028 4161 5086 Chri-

2493 5124 2566 5180 sti
2611 5128 2668 5180 et
2699 5123 2798 5180 Dei
2835 5121 3242 5178 haereditatem
3283 5119 3609 5194 possideat.
3665 5117 3828 5173 Illud
3887 5119 4160 5174 omnibus

2493 5211 2675 5267 etiam
2697 5211 3010 5280 diligenter
3029 5208 3636 5266 animadvertendum
3657 5222 3865 5278 quam
3881 5207 4159 5281 pondere

2493 5315 2632 5356 sum
2679 5304 2738 5355 et
2780 5299 3048 5356 immane
3096 5301 3306 5368 arguet
3343 5295 3588 5352 exitium
3629 5295 3726 5350 his
3776 5297 3900 5368 qui
3921 5293 4159 5368 justeab
4204 5353 4205 5372 ξ

2493 5387 2798 5460 episcopis
2827 5386 3326 5444 excommunicati
3349 5389 3507 5441 sunt.
3544 5387 3713 5441 Certe
3761 5383 3932 5441 dum
3963 5386 4156 5456 alique-

2492 5475 2600 5532 ties
2629 5476 2710 5530 ob
2741 5477 3154 5549 quorumdam
3182 5491 3393 5547 graves
3423 5473 3694 5529 offensas
3741 5489 3883 5529 suae
3918 5473 4156 5530 diceresis

2493 5563 2763 5636 episcopi
2779 5564 3308 5621 excommunicant
3327 5561 3635 5627 ecclesias,
3669 5576 3807 5617 non
3831 5562 3906 5618 in
3927 5563 4018 5618 eis
4047 5561 4156 5616 ultra

2493 5651 2770 5709 divinum
2795 5654 3002 5725 peragi
3031 5654 3260 5710 licitum
3284 5657 3373 5708 est
3397 5667 3552 5724 opus
3585 5649 3796 5708 donec
3825 5651 4053 5708 iterum
4077 5665 4153 5702 ser-

2495 5737 2702 5806 monis
2718 5739 2884 5816 clave
2905 5757 3008 5806 cas
3024 5742 3140 5820 ipsi
3159 5739 3472 5816 pontiﬁces
3494 5738 3809 5812 aperiant.
3839 5744 4072 5815 Nempe
4086 5738 4155 5796 lin-
