4584 6388
447 281 531 332 121

1688 274 1959 331 SERMON
1973 273 2050 328 ES
2102 273 2276 328 TRES
2329 275 2532 330 DUBII.

3727 284 3830 337 1'22

421 420 544 470 gnte
579 401 992 473 episcoporum
1048 398 1240 453 claves
1281 405 1417 455 sunt
1472 398 1777 465 ccelorum,
1828 397 2059 452 dicente
2092 399 2137 451 Α
2169 395 2347 452 culati
2377 398 2481 470 qui
2520 399 2750 454 occisus
2781 404 2868 455 est
2919 399 2996 456 ab
3043 400 3268 468 origine
3326 401 3537 456 mundi
3599 408 3829 475 septem

421 490 694 564 apostolis
728 488 997 552 Domino,
1029 505 1287 560 quorum
1311 488 1498 543 vicem
1522 488 1594 542 in
1615 486 1873 542 Ecclesia
1903 501 2061 540 nunc

419 579 673 654 episcopi
702 582 900 634 tenent
933 595 945 632 :
978 599 1004 625 ‹‹
1039 581 1228 633 Amen
1255 578 1388 633 dico
1420 577 1608 647 vobis,
1662 577 1874 648 inquit,
1906 593 2062 648 quie-

418 685 646 742 cunque
677 667 1054 738 alligaveritis
1087 683 1265 739 super
1321 672 1539 723 terram
1575 671 1750 722 erunt
1800 665 1979 735 ligata
2008 669 2064 720 et

416 760 470 814 in
502 757 669 824 coelo,
730 761 786 812 et
829 771 1204 828 quaecunque
1257 755 1548 811 solveritis
1606 769 1789 827 super
1845 759 2062 809 terram

417 853 583 904 erunt
605 847 784 916 ligata
815 850 869 902 et
908 845 967 900 in
997 846 1167 900 cmlo.
1197 869 1222 894 ››
1278 848 1320 901 Ο
1351 850 1646 918 quantum
1672 844 1964 914 judicium
1994 843 2062 898 il-

414 939 480 992 lis
506 935 772 991 imminet
799 934 902 1006 qui
931 934 1350 1006 episcoporum
1383 933 2062 990 excommunicationem
2105 969 2108 972 ~

415 1026 732 1080 observare
764 1028 1058 1090 recusant,
1101 1039 1361 1095 quorum
1417 1027 1578 1078 tanta
1632 1022 1948 1078 auctoritas
1978 1025 2066 1076 est

415 1119 473 1168 ut
503 1113 606 1185 qui
637 1129 738 1167 eos
763 1111 1141 1167 honoraverit
1181 1111 1475 1166 Christum
1500 1111 1772 1176 honoret,
1824 1110 1927 1183 qui
1958 1127 2061 1165 eos

411 1200 843 1256 contristavcrit
876 1199 1169 1256 Christum
1192 1199 1510 1254 contristet.
1532 1202 1598 1254 Et
1621 1199 1782 1271 quod
1810 1198 2064 1254 auctori-

413 1296 584 1345 tatem
618 1288 850 1343 concilii
900 1289 1130 1360 possint
1183 1287 1305 1343 duo
1361 1287 1744 1344 solummodo
1799 1287 2063 1359 episcopi

410 1379 663 1450 perlecta
693 1377 1022 1450 adimplere
1051 1377 1282 1445 virtute,
1315 1377 1598 1448 quodque
1631 1377 1706 1432 ad
1734 1377 2059 1446 regendum

404 1469 461 1522 in
486 1484 632 1539 pace
683 1471 740 1520 et
783 1466 1012 1536 justitia
1060 1466 1355 1538 populum
1419 1466 1534 1521 sibi
1582 1467 1972 1522 commissum
2003 1465 2064 1521 in

403 1556 666 1610 conciliis
695 1555 809 1610 sibi
835 1555 1091 1610 invicem
1113 1554 1463 1610 altrinsecus
1489 1555 1778 1610 auxilium
1807 1555 2066 1610 debeant

404 1647 571 1712 ferre,
607 1644 929 1700 confirmat
959 1645 1243 1700 Dominus
1296 1645 1500 1699 dicens
1538 1662 1550 1699 :
1614 1668 1640 1693 ‹‹
1692 1645 1829 1700 Dico
1868 1645 2059 1712 vobis,

399 1734 542 1805 quia
575 1733 620 1788 si
649 1733 776 1788 duo
804 1749 877 1788 ex
902 1733 1073 1788 vobis
1104 1733 1480 1788 consentiunt
1508 1750 1685 1806 super
1715 1738 1953 1799 terram,
1988 1733 2060 1788 de
2097 1747 2133 1798 li

399 1824 562 1878 omni
595 1839 657 1878 re
689 1839 1068 1895 quiecunque
1099 1823 1388 1895 petierint,
1409 1823 1509 1878 tiet
1532 1823 1643 1878 illis
1673 1840 1708 1878 a
1731 1826 1896 1879 Patre
1926 1840 2061 1879 meo

396 1912 495 1983 qui
525 1911 589 1966 in
630 1910 798 1966 caelis
825 1915 931 1977 est;
963 1910 1068 1965 ubi
1099 1911 1260 1966 enim
1311 1915 1456 1965 sunt
1484 1910 1605 1966 duo
1664 1910 1750 1966 vel
1778 1917 1892 1966 tres
1923 1927 2062 1966 con-

397 1999 622 2067 gregati
651 1998 714 2054 in
745 1997 991 2053 nomine
1016 2014 1171 2065 meo,
1201 1997 1432 2052 ibisum
1462 1997 1522 2053 in
1551 1999 1746 2054 medio
1778 2014 2004 2054 eorum.
2034 2022 2060 2048 ››

393 2088 647 2144 Proinde
677 2087 1159 2160 quotiescunque
1207 2087 1369 2143 solus
1399 2089 1739 2160 episcopus,
1770 2103 2061 2143 convoca-

395 2177 463 2231 tis
498 2193 622 2231 sute
651 2177 933 2232 dicecesis
957 2176 1340 2248 primoribus,
1396 2175 1557 2246 leges
1585 2177 1810 2248 populo
1836 2177 1910 2231 de
1936 2177 2063 2248 jus-

393 2267 513 2321 titia
547 2271 604 2322 et
656 2282 814 2338 pace
851 2265 1118 2332 instituit,
1159 2266 1302 2338 quia
1351 2265 1476 2320 vice
1529 2266 1738 2321 Christi
1768 2266 2061 2336 legatione

391 2357 682 2424 fungitur,
706 2360 773 2410 ut
806 2355 911 2427 qui
934 2371 1073 2409 eum
1103 2355 1354 2410 audierit
1385 2354 1680 2410 Christum
1712 2356 1934 2424 audiat,
1958 2355 2063 2427 qui

385 2463 523 2500 eum
559 2445 862 2517 spreverit
892 2445 1188 2501 Christum
1217 2445 1441 2512 audiat,
1477 2445 1579 2516 qui
1601 2461 1739 2499 eum
1780 2447 2064 2516 spreverit

386 2534 690 2590 Clu-istum
718 2538 986 2606 spernat,
1017 2550 1194 2588 nemo
1219 2534 1345 2603 ejus
1368 2535 1536 2604 jussa
1567 2534 1794 2604 absque
1845 2533 2060 2588 animae

384 2639 507 2674 suae
539 2622 779 2691 ingenti
809 2622 1072 2693 periculo
1104 2622 1445 2676 contemnit.
1481 2621 1718 2686 Quoties
1751 2638 1885 2677 vero
1916 2637 2062 2692 prie-

380 2711 490 2777 sul,
528 2710 866 2781 praesulem
900 2709 1010 2764 sibi
1039 2709 1424 2779 adjudicandi
1453 2726 1652 2782 opem,
1704 2711 1911 2779 utjam
1945 2709 2061 2765 sint

375 2800 520 2866 duo,
550 2800 904 2869 adsciverit,
928 2801 1055 2869 jam
1081 2799 1202 2853 duo
1229 2799 1492 2870 episcopi
1522 2815 1707 2853 unum
1740 2798 2055 2870 sapientes,

374 2907 569 2944 unum
601 2889 886 2961 idipsum
915 2888 1253 2958 sentientes,
1288 2887 1345 2942 in
1378 2888 1618 2943 nomine
1652 2887 1885 2944 Domini
1917 2903 2058 2943 con-

373 2977 633 3047 gregati,
664 2976 999 3032 Dominum
1029 2976 1088 3031 in
1122 2976 1320 3032 medio
1348 2975 1439 3030 sui
1469 2976 1690 3032 habere
1738 2975 2060 3030 creduntur

368 3067 556 3138 quasi
615 3065 882 3122 tertium
921 3065 1206 3135 judiecm,
1251 3081 1580 3137 eorumque
1634 3063 2056 3120 sententiarum
2094 3102 2132 3157 Ο

370 3156 911 3222 contirmatorem;
936 3171 1197 3227 quorum
1214 3154 1476 3210 duorum
1511 3154 1614 3226 qui
1646 3155 2059 3210 auctoritatem

365 3245 739 3313 contemnit,
773 3244 976 3316 ipsum
1003 3243 1105 3316 qui
1130 3246 1189 3297 in
1239 3243 1440 3298 medio
1492 3259 1701 3298 eorum
1755 3260 1818 3297 se
1851 3242 2062 3297 asserit

364 3334 667 3390 interesse
699 3333 1053 3389 contemnit.
1089 3335 1303 3386 Verum
1359 3331 1406 3386 si
1471 3331 1716 3404 quando
1756 3331 2062 3404 episcopo-

364 3440 502 3478 rum
536 3423 789 3478 trinitas
821 3420 1085 3490 astiterit,
1113 3424 1169 3476 et
1199 3419 1310 3474 sibi
1335 3419 1408 3474 de
1439 3419 1901 3492 quibuscunque
1925 3434 2062 3475 con-

363 3517 696 3568 senserent
717 3511 929 3579 rebus,
963 3515 1079 3565 tres
1106 3514 1389 3581 quartum
1419 3526 1621 3564 secum
1652 3508 1969 3564 Dominum
1999 3507 2062 3562 in

363 3603 574 3659 medio
608 3601 944 3667 habentes,
975 3598 1256 3654 eumdem
1315 3597 1700 3653 nihilominus
1735 3614 1770 3652 a
1812 3597 2062 3653 Domino

364 3692 688 3764 accipiunt
752 3689 1126 3745 auctoritatis
1203 3687 1600 3759 privilegium,
1671 3692 1735 3742 ut
1790 3686 2062 3758 quisquis

364 3797 582 3836 30mm
618 3777 937 3835 contraire
968 3776 1267 3849 quaesierit
1310 3776 1504 3844 dictis,
1535 3792 1670 3830 reus
1725 3777 1933 3831 existat
1963 3791 2062 3829 su-

364 3888 570 3941 perme
603 3867 1006 3938 majestatis;
1059 3866 1313 3937 ideoque
1372 3865 1776 3920 indubitanter
1827 3864 2058 3937 peribit.

363 3961 551 4027 Tgitur
587 3959 639 4013 si
675 3958 955 4012 duorum
987 3956 1074 4009 vel
1106 3955 1283 4010 trium
1308 3954 1731 4026 episcoporum
1753 3959 1929 4009 tantae
1955 3953 2064 4008 vir-

364 4052 499 4104 ,utis
526 4055 587 4105 et
624 4045 1015 4103 auctoritatis
1046 4050 1150 4110 est,
1212 4044 1460 4098 Domino
1495 4049 1762 4109 testante,
1797 4049 1862 4099 ut
1899 4060 2062 4116 qure-

364 4155 612 4212 :1uique
646 4134 999 4210 petierinta
1034 4149 1274 4188 summo
1329 4133 1541 4204 opiliee
1573 4133 1676 4187 tiat
1700 4133 1831 4199 illis,
1874 4149 2064 4205 quan-

368 4248 419 4283 ze
453 4226 708 4300 putatis
745 4239 884 4278 esse
912 4221 1206 4277 ﬁrmitatis
1237 4225 1598 4276 conventum
1626 4221 1727 4276 ubi
1781 4221 1982 4292 plures
2003 4221 2063 4277 in

364 4317 619 4373 iomine
681 4312 909 4371 Christi
969 4327 1131 4367 nunc
1181 4311 1527 4381 congregati
1576 4313 1714 4366 sunt
1751 4311 2064 4383 episcopi?

363 4412 502 4462 Ecce
534 4405 724 4460 enim
751 4401 1119 4456 hodiernum
1167 4415 1431 4472 praesens
1486 4398 1804 4455 concilium
1832 4400 2063 4472 episco-

364 4513 590 4551 )orum
627 4495 702 4549 in
748 4493 872 4546 hac
902 4495 1109 4545 sancta
1150 4489 1288 4544 sede
1345 4487 1745 4544 Lemovicensi
1812 4504 2064 4544 numero

363 4583 782 4641 υιίοιυιὶὶιιιιτ
817 4579 1162 4650 septiformi,
1189 4594 1257 4632 ac
1285 4577 1530 4649 perinde
1559 4582 1814 4646 sacrato,
1845 4582 1907 4632 ut
1941 4594 2062 4633 non

363 4676 631 4729 lubiuin
668 4672 755 4726 sit
790 4685 925 4723 esse
961 4667 1280 4723 Dominum
1308 4667 1366 4722 in
1394 4667 1593 4722 medio
1627 4683 1856 4722 eorum.

418 4766 482 4821 Si
519 4761 819 4836 quidem
840 4758 913 4812 de
943 4756 1220 4830 praesenti
1277 4755 1527 4810 concilio
1574 4760 1802 4828 septem
1833 4755 2063 4827 episco-

363 4870 584 4909 iorum
624 4865 774 4906 non
791 4849 1120 4915 incongrue
1147 4845 1341 4899 dicere
1390 4844 1677 4915 valemus,
1736 4845 1879 4916 quia
1905 4860 2065 4899 nunc

376 4938 845 5000 eambulabat
875 4935 1159 4991 Dominus
1208 4935 1267 4990 in
1299 4934 1496 4988 medio
1529 4940 1754 5005 septem
1785 4933 2064 4988 candela-

363 5048 620 5088 .rorum
659 5040 1030 5094 aureorum,
1073 5029 1228 5078 tenet
1275 5039 1516 5094 quoque
1570 5022 1630 5076 in
1685 5022 1926 5076 dextera
1959 5037 2067 5076 sua

363 5127 593 5196 cptum
628 5113 884 5181 stellas,
924 5113 1210 5184 quoniam
1238 5117 1464 5184 septem
1496 5110 1672 5164 stella:
1704 5108 1920 5178 angeli,
1953 5108 2067 5161 hoc

364 5219 422 5268 st
456 5207 888 5268 sacerdotes,
923 5208 1061 5256 sunt
1087 5206 1314 5274 septem
1362 5199 1776 5265 Ecclesiarum,
1825 5202 1882 5252 et
1938 5212 2070 5252 can.

365 5300 617 5358 elabra
657 5292 938 5363 septem,
995 5295 1223 5362 septem
1275 5288 1545 5344 Ecclesiae
1594 5292 1750 5354 sunt,
1798 5285 2072 5342 videlicet

365 5408 466 5446 aee
504 5387 767 5441 sancta
797 5378 969 5433 sedes
1001 5378 1435 5435 Lemovicensis
1461 5382 1638 5449 atque
1668 5375 2068 5444 Bituricensis,

373 5474 682 5537 lbiensis
714 5467 915 5524 etiam
944 5483 1179 5522 necnon
1229 5472 1285 5522 et
1334 5467 1742 5531 Cadureensis,
1800 5463 2068 5533 Engolis-

363 5566 586 5625 ieusis
622 5571 906 5632 quoque
925 5561 980 5609 et
1023 5555 1534 5624 Petragoricensis,
1567 5553 1862 5625 simulque
1894 5552 2070 5607 Picta-

363 5656 585 5714 eiisis.
630 5644 896 5704 Eodem
925 5643 1250 5713 septifornii
1291 5659 1542 5699 numero
1572 5643 1703 5698 libri
1736 5640 1950 5710 signati
1979 5639 2068 5694 in-

363 5768 417 5803 ts
457 5750 528 5801 et
560 5737 745 5798 foris
786 5736 1019 5803 septem
1049 5731 1358 5800 signacula.
1395 5736 1553 5800 sunt,
1587 5736 1642 5786 et
1689 5729 1829 5800 agni
1853 5729 2068 5785 imma-

2170 501 2395 542 cornua
2424 492 2480 543 et
2511 493 2738 561 septem
2769 489 2924 544 oculi
2949 494 3104 559 sunt,
3166 490 3267 562 qui
3301 495 3438 546 sunt
3464 495 3689 564 septem
3720 493 3828 549 do-

2169 590 2249 630 na
2274 576 2521 648 Spiritus
2553 578 2758 634 sancti.
2794 579 2934 644 Quis
2965 595 3106 635 vero
3137 580 3406 648 ambigat
3430 581 3542 636 hoc
3601 587 3828 654 septem

2168 664 2589 738 episcoporum
2616 667 2944 739 perfectum
2977 685 3105 724 esse
3130 669 3469 738 concilium,
3503 687 3642 726 cum
3673 671 3826 728 duo-

2165 770 2303 809 rum
2351 755 2445 810 vel
2502 756 2680 812 trium
2734 758 3022 814 Dominus
3075 759 3669 816 conﬁrmatissimum
3700 778 3828 818 esse

2167 846 2410 898 testetur
2438 845 2466 898 ‘2
2505 867 2532 891 ‹‹
2564 844 2690 914 Ubi,
2751 845 2963 918 inquit,
3010 847 3132 904 duo
3177 848 3271 903 vel
3323 853 3437 903 tres
3486 851 3830 919 congregati

2169 930 2384 986 fuerint
2412 932 2472 986 in
2501 933 2741 988 nomine
2768 950 2927 1003 meo,
2976 935 3038 990 in
3095 935 3296 991 medio
3345 953 3555 992 eorum
3615 955 3769 994 sum.
3799 962 3828 987 η

2169 1019 2373 1076 Videat
2411 1036 2552 1090 ergo
2583 1027 2876 1094 quantum
2921 1024 3136 1079 animze
3195 1041 3317 1080 sure
3374 1026 3602 1094 ingerat
3650 1027 3827 1082 detri-

2170 1113 2441 1164 mentum
2469 1109 2574 1181 qui
2624 1110 2761 1166 huic
2817 1117 3025 1168 sancto
3081 1112 3332 1168 concilio
3390 1114 3463 1169 de
3491 1115 3722 1184 justitia
3773 1120 3828 1171 et

2169 1216 2317 1272 pace
2347 1200 2765 1258 conﬁrmanda
2803 1207 2860 1257 et
2889 1202 3268 1259 observanda
3298 1204 3652 1262 inobediens
3679 1206 3828 1261 exis-

2171 1293 2289 1343 tere
2319 1287 2635 1358 quaesierit.
2690 1289 2841 1345 Talis
2897 1290 3155 1362 denique
3207 1307 3452 1363 prorsus
3484 1309 3519 1348 a
3549 1293 3828 1364 praesenti

2171 1373 2421 1428 concilio
2453 1376 3057 1432 excommunicationi
3100 1379 3378 1444 tradetur,
3436 1384 3492 1434 et
3523 1380 3734 1435 merito
3763 1385 3828 1435 ut

2168 1462 2270 1533 qui
2300 1462 2397 1516 Dei
2429 1463 2578 1533 jugo
2610 1463 2821 1519 nolunt
2852 1465 3048 1535 subdi,
3097 1467 3260 1538 quod
3293 1471 3383 1522 est
3415 1483 3619 1533 suave,
3656 1470 3827 1523 Sata-

2171 1568 2263 1605 nae
2287 1551 2452 1606 durae
2520 1555 2792 1624 potestati
2822 1555 3148 1611 tradantur.
3189 1556 3362 1611 Plane
3383 1556 3530 1612 sicut
3555 1557 3828 1611 Ecclesiae

2169 1654 2203 1693 a
2242 1639 2496 1712 propriis
2555 1642 2850 1714 episcopis
2901 1644 3435 1698 excommunicatre
3475 1643 3710 1699 interim
3732 1661 3829 1699 us—

2168 1743 2284 1799 que
2308 1727 2386 1782 ad
2417 1727 2857 1785 absolutionem
2885 1730 3080 1786 officio
3103 1731 3376 1786 videmus
3410 1731 3629 1804 privari
3681 1732 3826 1788 divi-

2169 1831 2268 1886 no,
2302 1815 2382 1871 ita
2433 1817 2777 1890 quicunque
2833 1819 2909 1875 ab
2962 1820 3244 1892 episcopo
3278 1837 3386 1876 suo
3418 1821 3824 1876 excommuni-

2170 1908 2353 1973 catur,
2383 1905 2586 1963 divina
2615 1907 2882 1980 privatur
2912 1909 3101 1978 gratia
3134 1927 3322 1982 usque
3373 1910 3447 1965 ad
3490 1911 3828 1967 reconcilia-

2169 1994 2391 2050 tionem
2448 2012 2554 2067 per
2611 1998 2975 2067 condignam
3044 1999 3525 2055 satisfactionem.
3582 2000 3824 2055 Talibus

2170 2099 2291 2138 non
2323 2089 2409 2139 est
2435 2084 2660 2140 licitum
2692 2086 3013 2142 Ecclesiam
3036 2087 3288 2155 ingredi.
3321 2105 3429 2143 nec
3465 2105 3601 2143 cum
3635 2089 3830 2144 fratri-

2169 2172 2284 2227 bus
2316 2173 2656 2245 participari
2688 2190 2881 2246 neque
2909 2175 2967 2230 in
2995 2176 3290 2244 convivio,
3323 2193 3516 2248 neque
3555 2177 3616 2231 in
3647 2178 3832 2233 collo-

2169 2262 2332 2332 quio.
2370 2265 2517 2318 Nam
2544 2262 2650 2317 etsi
2675 2263 3087 2320 irrcconciliati
3121 2264 3198 2320 ab
3228 2265 3340 2320 hac
3372 2266 3491 2321 vita
3515 2267 3827 2334 egredian-

2170 2354 2282 2416 tur,
2315 2350 2395 2405 sic
2419 2352 2635 2406 animae
2667 2368 2875 2408 eorum
2908 2369 2943 2408 a
2975 2353 3253 2408 societate
3285 2355 3626 2410 animarum
3661 2371 3830 2410 sanc-

2168 2445 2364 2495 tarum
2396 2446 2688 2496 extraneae
2715 2441 2885 2497 factze
2925 2443 2983 2498 in
3009 2448 3296 2514 potestate
3329 2444 3532 2499 tartari
3564 2449 3720 2511 sunt,
3755 2445 3827 2500 si-

2169 2534 2266 2583 cut
2294 2529 2389 2583 hic
2430 2545 2682 2600 corpora
2739 2547 2945 2585 eorum
2997 2547 3031 2585 a
3080 2531 3374 2602 corporali
3431 2537 3660 2587 remota
3691 2536 3830 2589 sunt

2169 2612 2442 2668 Ecclesia.
2480 2616 2691 2668 Verum
2742 2614 3029 2686 quoniam
3090 2614 3362 2669 nonnulli
3409 2615 3490 2671 ita
3543 2621 3824 2672 contene-

2166 2701 2318 2756 brati
2347 2705 2574 2756 tumore
2597 2702 2889 2773 superbiae
2921 2702 3197 2757 videntur
3236 2707 3298 2757 ut
3323 2702 3428 2758 ubi
3437 2703 3568 2773 jam
3594 2705 3827 2775 episco-

2167 2791 2283 2863 pali
2308 2790 2534 2860 judieio
2558 2791 2774 2845 fuerint
2816 2791 3340 2862 excommunicati,
3398 2797 3594 2848 tamen
3651 2794 3827 2865 quasi

2166 2879 2406 2934 licenter
2435 2894 2544 2950 pro
2576 2883 2924 2951 contemptu
2974 2879 3606 2936 excommunicationis
3638 2882 3830 2937 Eccle-

2168 2968 2284 3023 sias
2340 2967 2588 3034 intrent;
2621 2972 2677 3023 et
2703 2967 2830 3022 aliis
2852 2967 2911 3022 in
2944 2968 3240 3038 convivio,"
3257 2968 3386 3024 aliis
3408 2969 3467 3023 in
3503 2969 3824 3041 colloquio,

2168 3062 2379 3130 praeter
2439 3055 2706 3129 episcopi
2745 3057 3079 3127 jussionem
3142 3057 3493 3130 semetipsos
3546 3059 3825 3128 jungant,

2170 3146 2359 3202 sciant
2412 3162 2472 3200 se
2529 3145 2672 3200 tales
2723 3145 3034 3218 dupliciter
3082 3145 3447 3202 interimiet
3494 3163 3603 3219 pro
3650 3147 3830 3218 culpa

2166 3235 2361 3309 priore
2393 3240 2448 3290 et
2476 3251 2584 3307 pro
2619 3235 2998 3291 contumacia
3020 3235 3112 3290 vel
3134 3234 3497 3306 negligentia
3521 3240 3827 3308 sequente.

2169 3325 2233 3380 Hi
2263 3313 2442 3380 etiam
2463 3323 2565 3396 qui
2595 3323 3126 3379 excommunicatis
3158 3323 3409 3379 scienter
3462 3324 3830 3396 participan-

2166 3417 2261 3468 tur
2293 3416 2503 3484 praetcr
2531 3427 2896 3466 consensum
2935 3411 3221 3484 episcopi,
3269 3411 3552 3467 nimirum
3601 3411 3834 3482 judicio

2168 3501 2333 3571 gravi
2359 3499 2524 3570 digni
2555 3505 2711 3556 sunt.
2737 3503 2855 3556 Rex
2907 3500 2999 3554 ille
3030 3500 3341 3572 quondam
3399 3499 3565 3572 apud
3612 3501 3830 3570 Anglo-

2167 3606 2301 3644 rum
2324 3593 2560 3658 gentem
2583 3588 2782 3658 justus
2811 3592 2956 3657 erat,
2989 3587 3092 3642 sed
3124 3588 3267 3659 quia
3315 3605 3452 3642 cum
3483 3604 3831 3644 excommu-

2167 3679 2364 3734 nicato
2395 3676 2608 3732 comite
2641 3693 2750 3732 suo
2777 3675 3152 3748 participavit
3196 3675 3378 3730 semel
3423 3676 3484 3730 in
3531 3677 3827 3747 convivio,

2167 3768 2452 3840 episcopo
2486 3766 2865 3838 praedicente,
2889 3765 3121 3835 justum
3181 3765 3278 3820 Dei
3305 3764 3599 3835 judicium
3624 3766 3685 3820 in
3715 3765 3829 3822 hac

2167 3858 2287 3912 vita
2318 3873 2536 3928 passus
2569 3860 2678 3924 est,
2710 3855 2854 3927 quia
2879 3854 2938 3910 in
2981 3853 3193 3909 eadem
3233 3855 3416 3910 domo
3453 3854 3665 3924 gladiis
3693 3871 3830 3910 con-

2168 3946 2362 4002 fossus
2385 3950 2492 4002 est.
2521 3944 2686 4001 Illam
2717 3949 2954 4014 gentem
2987 3943 3302 4013 Gregorius
3344 3959 3506 4016 papa
3561 3947 3829 4016 tempore

2169 4035 2424 4092 Mauricii
2455 4039 2511 4090 et
2533 4035 2738 4090 Phocz’e
2783 4051 2886 4106 per
2943 4033 3268 4105 discipulos
3325 4050 3466 4088 suos
3523 4033 3603 4088 ad
3645 4032 3829 4088 ﬁdem

2171 4125 2480 4191 convertit,
2505 4129 2562 4180 et
2591 4123 2667 4178 ab
2693 4123 2822 4195 ipsa
2854 4128 3026 4191 gente
3057 4122 3267 4178 merito
3285 4122 3591 4195 apostolus
3617 4121 3832 4178 dicitur

2173 4215 2317 4286 quia
2347 4230 2480 4269 eam
2511 4229 2617 4286 per
2644 4212 3028 4281 Evangelium
3059 4212 3290 4284 primus
3336 4212 3395 4267 in
3456 4211 3683 4268 Christo
3730 4227 3830 4280 ge-

2175 4307 2320 4357 nuit.
2357 4304 2591 4367 Quanto
2634 4301 2829 4370 magis
2890 4315 3032 4370 ergo
3090 4300 3362 4355 Martialis
3422 4315 3457 4354 a
3509 4297 3830 4355 Galliarum

2175 4391 2450 4462 gentibus
2503 4389 2814 4463 apostolus
2867 4404 2997 4443 esse
3044 4388 3176 4458 jure
3236 4387 3672 4459 pronuntiatur,
3703 4388 3830 4457 qui,

2098 4454 2138 4508 ί)
2176 4454 2427 4534 Domino
2458 4454 2562 4549 per
2591 4477 2834 4532 beatum
2864 4454 3096 4530 Petrum
3136 4454 3402 4544 jubente,
3438 4473 3666 4545 primus
3696 4454 3829 4528 Gal-

2173 4569 2317 4626 liam
2347 4568 2478 4622 luce
2526 4566 2664 4621 fidei
2703 4565 3010 4621 illustravit
3069 4563 3440 4635 temporibus
3491 4561 3718 4619 Claudii
3775 4567 3832 4617 et

2174 4657 2437 4724 Neronis,
2456 4656 2561 4729 qui
2581 4672 2654 4712 ex
2680 4671 2891 4727 genere
2917 4653 3191 4721 Abrahae,
3226 4653 3411 4708 tribus
3464 4655 3664 4706 autem
3688 4653 3830 4706 Ben-

2167 4749 2380 4820 jamin,
2414 4744 2702 4802 oriundus
2735 4761 2889 4799 unus
2922 4760 2994 4799 ex
3039 4741 3416 4814 septuaginta
3441 4740 3681 4797 duobus
3707 4740 3829 4796 dis-

2174 4836 2383 4910 cipulis
2415 4833 2650 4890 Domini
2679 4833 2805 4901 fuit,
2837 4839 2893 4889 et
2917 4831 3226 4904 apostolus
3250 4830 3671 4904 pronuntiatur
3701 4845 3830 4886 esse

2176 4925 2385 4982 eodem
2415 4923 2596 4979 modo
2623 4939 2745 4995 quo
2775 4926 2831 4978 et
2881 4919 3095 4976 Paulus
3151 4924 3208 4976 et
3263 4919 3592 4986 Barnabas,
3625 4919 3731 4991 qui
3755 4918 3830 4974 de

2177 5013 2495 5067 duodecim
2525 5027 2647 5066 non
2679 5011 2935 5066 fuerunt.
2997 5009 3170 5082 Apud
3221 5010 3414 5082 ipsam
3445 5023 3686 5079 quoque
3719 5013 3832 5063 An-

2179 5102 2411 5170 glorum
2445 5105 2680 5170 gentem
2703 5099 2798 5154 cui
2836 5098 3149 5168 Gregorius
3200 5097 3594 5152 institutiones
3645 5096 3831 5151 eccle-

2181 5190 2445 5245 siasticas
2476 5188 2704 5261 primus
2726 5187 3036 5260 plantavit,
3069 5186 3346 5258 probavit
3364 5185 3681 5241 Martialem
3705 5201 3834 5240 esse

2181 5280 2259 5336 ab
2287 5279 2634 5351 antiquitate
2677 5277 2963 5350 scriptum
2995 5276 3053 5330 in
3080 5291 3332 5331 numero
3372 5275 3627 5331 aliorum
3653 5292 3833 5347 apos-

2179 5370 2456 5426 tolorum.
2490 5371 2636 5424 Nam
2663 5372 2718 5422 et
2748 5383 2938 5439 nuper
2979 5364 3134 5420 illius
3163 5364 3354 5434 gentis
3412 5381 3514 5419 rex
3563 5363 3831 5419 codicem

2178 5458 2379 5514 litteris
2405 5455 2600 5511 aureis
2642 5455 2928 5526 scriptum
2951 5452 3283 5524 Aquitaniae
3337 5452 3473 5508 duci
3533 5468 3671 5507 cum
3701 5449 3834 5506 aliis

2180 5545 2528 5603 muneribus
2554 5543 2764 5598 dixerit
2791 5542 2894 5614 qui
2923 5542 2982 5596 in
3013 5541 3158 5596 serie
3188 5541 3345 5598 beati
3399 5541 3546 5597 Petri
3602 5545 3657 5596 et
3686 5539 3830 5595 alio-

2181 5653 2314 5691 rum
2363 5632 2770 5704 apostolorum
2830 5629 3150 5685 Martialem
3210 5630 3472 5686 continet
3522 5628 3827 5700 scriptum.

2181 5728 2298 5780 Hoc
2329 5722 2486 5777 idem
2520 5721 2579 5777 in
2602 5719 2729 5776 aliis
2750 5718 2904 5775 illius
2931 5719 3120 5790 gentis
3145 5718 3558 5776 vetustissimis
3583 5714 3833 5772 volumi-
