4584 6376
748 271 849 323 123

1778 269 2203 327 BERNABDUS
2252 264 2519 323 SCHOLA
2532 264 2767 321 STICUS
2832 268 3186 323 ANDEGAV.

4079 271 4181 324 124

743 390 922 446 nibus
944 391 1093 464 ipsis
1122 391 1308 447 oculis
1336 395 1550 449 nostris
1575 394 1980 466 probavimus.
2012 396 2253 451 Constat
2281 391 2390 446 ita-
2424 390 2472 444 Α
2512 389 2883 445 comminari.
2918 389 3140 445 Idcirco
3168 405 3311 446 mox
3352 394 3515 447 terras
3546 394 3747 446 motus
3782 390 3985 447 factus
4015 391 4178 447 estin

741 495 858 551 que
887 496 1009 536 non
1040 481 1235 536 solum
1266 483 1481 537 nostris
1517 483 1905 555 temporibus,
1952 500 2160 540 verum
2216 481 2395 536 etiam

741 573 798 624 et
826 569 1110 643 antiquis,
1143 570 1417 627 Martialis
1458 572 1861 644 apostolatum
1913 572 2215 641 claruisse,
2249 574 2305 626 et
2333 570 2400 624 ti-

741 658 948 714 denter
966 673 1079 715 nos
1100 659 1362 732 proﬁteri
1412 661 1579 733 quod
1632 662 1884 718 fidenter
1933 662 2280 731 Gregorium
2334 660 2395 715 in

741 747 862 802 suis
914 748 1186 819 posuisse
1256 748 1723 805 institutionibus
1781 756 2008 807 eertum
2104 757 2389 807 tenemus.

744 839 923 891 Porro
946 842 1146 892 autem
1177 837 1279 909 qui
1305 838 1382 893 ab
1431 839 1729 912 episcopis
1774 840 2392 907 excommunicantur,

743 925 858 980 hoc
883 929 987 991 est,
1031 924 1308 994 ligantur,
1361 932 1417 983 et
1462 928 1769 999 negligunt
1817 930 1938 985 sive
1983 932 2391 995 contemnunt,

743 1013 975 1085 quoties
1003 1014 1359 1084 seindignos
1391 1017 1659 1072 Ecclesiae
1690 1018 1985 1088 ingerunt,
2021 1019 2188 1074 toties
2208 1034 2268 1072 se
2309 1018 2398 1090 ip-

746 1116 845 1155 sos
872 1100 1060 1171 ligant
1086 1107 1142 1158 et
1167 1102 1319 1158 iram
1351 1104 1449 1159 Dei
1470 1109 1676 1161 contra
1708 1123 1770 1161 se
1793 1111 2140 1179 provocant,
2164 1106 2393 1161 dicente

745 1188 997 1245 Domino
1024 1190 1101 1245 ad
1129 1194 1367 1263 Moysen
1400 1211 1412 1248 :
1448 1216 1475 1241 «
1512 1194 1569 1250 Si
1610 1195 1746 1267 quis
1794 1199 2171 1251 externorum
2202 1210 2396 1250 acces-

747 1278 987 1334 seritad
1020 1281 1425 1337 sanctuarium
1477 1283 1839 1339 moriatur.»
1888 1285 2057 1341 Modo
2109 1284 2267 1339 enim
2301 1299 2398 1338 ex-

744 1366 892 1422 terni
923 1368 1190 1423 Ecclesiae
1222 1370 1318 1425 Dei
1341 1386 1471 1426 esse
1501 1372 1777 1427 videntur
1806 1374 1907 1445 qui
1935 1374 2117 1441 ligati,
2146 1373 2265 1427 sive
2296 1389 2394 1427 ex-

745 1457 1165 1512 communicati
1195 1463 1249 1513 et
1279 1461 1542 1516 extranei
1572 1477 1607 1517 a
1661 1463 1936 1517 societate
1966 1462 2229 1517 fidelium
2258 1466 2395 1517 sunt

743 1546 930 1618 culpis
946 1547 1203 1619 propriis
1221 1549 1615 1618 exigentibus.
1645 1553 1847 1606 Omnis
1881 1557 2082 1607 autem
2113 1551 2213 1624 qui
2236 1552 2391 1621 juste

744 1652 805 1691 se
835 1636 1054 1708 patitur
1107 1639 1616 1695 excommunicari
1665 1657 1738 1696 ne
1781 1641 2019 1696 obediat
2074 1640 2389 1707 sacerdoti,

2504 479 2746 551 templo,
2771 484 2826 534 et
2856 496 2956 535 rex
2983 480 3150 552 lepra
3181 496 3506 553 percussus
3538 485 3626 535 est
3654 496 3851 553 usque
3901 480 3984 536 ad
4015 480 4174 536 diem

2502 569 2729 624 mortis.
2766 571 3090 642 Imperator
3118 570 3487 626 Theodosius
3510 570 3783 642 episcopi
3814 569 3908 625 sui
3936 586 4175 626 excom-

2503 658 2990 729 municationem,
3016 659 3376 731 utdebebat,
3396 659 3720 732 pertimuit.
3748 663 3814 716 In
3863 659 3965 715 die
4014 660 4169 715 enim

2503 747 2721 802 Natalis
2751 749 2981 803 Domini
3012 764 3132 804 non
3165 753 3255 804 est
3302 766 3487 805 ausus
3538 749 3773 817 ingredi
3832 748 4167 815 ecclesiam,

2504 836 2607 890 sed
2632 835 2844 905 lugens
2903 837 2961 891 in
3013 853 3187 892 sacco
3241 842 3297 892 et
3354 838 3574 907 cinere,
3628 837 3687 892 in
3738 837 4025 892 cubiculo
4067 854 4169 892 suo

2502 926 2749 997 perstitit
2786 927 2987 998 quoad
3043 942 3154 998 pro
3209 932 3377 982 reatu
3430 926 3611 995 digne
3663 927 4042 983 satisfaciens
4097 927 4172 981 ab

2501 1016 2795 1087 episcopo‘
2811 1016 3309 1072 reconciliaretur.
3358 1019 3487 1083 Qua
3517 1017 3593 1072 de
3638 1033 3721 1086 re,
3753 1018 3901 1089 quia
3934 1032 4173 1088 semper

2500 1104 2817 1160 obediebat
2859 1106 3039 1175 jussis
3089 1105 3532 1177 episcoporum,
3597 1121 3839 1177 semper
3896 1106 3961 1160 in
4007 1105 4169 1159 omni

2500 1193 2656 1248 bello
2687 1194 2975 1249 mirabilis
3010 1197 3161 1250 Deus
3192 1194 3271 1249 illi
3302 1196 3629 1250 concedere
3652 1193 4028 1264 dignabatur
4056 1194 4171 1248 vic-

2502 1283 2710 1337 toriam
2743 1282 3003 1355 plenam.
3060 1286 3237 1339 Porro
3295 1284 3375 1339 ad
3425 1299 3528 1339 eos
3578 1283 3683 1355 qui
3741 1282 4169 1355 episcoporum

2501 1372 2943 1444 parvipendunt
2996 1373 3648 1428 excommunicationes
3705 1372 3994 1443 exempla
4038 1387 4169 1444 pro-

2502 1461 2815 1531 phetarum
2855 1462 3234 1533 proferimus.
3269 1465 3346 1517 De
3380 1461 3601 1516 talibus
3660 1460 3953 1515 nimirum
4007 1458 4173 1530 justi-

2500 1550 2642 1604 tiam
2675 1552 3147 1622 pervertentibus
3214 1552 3294 1607 ait
3349 1553 3645 1624 propheta
3692 1568 3705 1605 :
3751 1574 3775 1599 ‹‹
3812 1554 3912 1605 Vae
3940 1549 4049 1622 qui
4081 1565 4169 1603 sa-

2501 1641 2725 1711 pientes
2752 1642 2887 1695 estis
2922 1643 2978 1695 in
3010 1641 3197 1696 oculis
3238 1642 3444 1696 vestris
3464 1646 3519 1696 et
3548 1656 3755 1697 coram
3774 1640 4171 1711 vobismetip~

743 1740 864 1779 non
892 1724 1082 1780 ﬁdelis
1108 1726 1208 1780 sed
1236 1727 1829 1799 intidelisjudicatur.
1885 1733 2009 1798 Qua
2041 1731 2239 1802 itaque
2293 1746 2386 1785 ra-
2420 1746 2463 1798 Β
2502 1730 2579 1783 sis
2600 1732 2939 1802 prudentes,
2967 1732 3067 1804 qui
3096 1731 3432 1801 justiticatis
3466 1730 3720 1803 impium
3742 1747 3856 1803 pro
3909 1730 4170 1784 muneri-

743 1813 899 1868 tione
930 1816 1222 1886 mysteriis
1242 1816 1458 1872 divinis
1485 1818 1767 1874 interesse
1824 1821 2131 1891 pl‘iPSllmlt
2158 1836 2393 1873 excom-

741 1902 1079 1967 municatis,
1130 1919 1268 1959 cum
1308 1905 1391 1960 nil
1441 1907 1601 1961 aliud
1653 1908 1731 1962 illi
1775 1925 1959 1981 quam
2004 1908 2296 1978 judicium
2322 1908 2392 1962 sit

742 1990 905 2063 quod
932 1990 1206 2047 ﬁdelibus
1245 1996 1578 2051 remedium
1640 2002 1747 2052 est.
1808 2001 1949 2053 Nam
1979 1999 2127 2053 sicut
2152 1998 2253 2070 qui
2289 2001 2394 2052 Eu-

743 2080 1083 2135 charistiam
1142 2084 1469 2140 manducat
1509 2090 1565 2141 et
1606 2086 1773 2153 bibit,
1817 2087 2057 2155 indigne
2098 2087 2390 2157 judicium

744 2167 854 2223 sibi
884 2170 1212 2226 manducat
1240 2177 1295 2226 et
1315 2172 1485 2242 bibit,
1525 2190 1647 2230 non
1668 2176 2003 2246 dijudieans
2037 2193 2253 2248 corpus
2286 2180 2392 2231 Do—

745 2257 911 2325 mini,
954 2259 1049 2314 vel
1075 2259 1223 2317 sicut
1251 2262 1356 2333 qui
1384 2265 1713 2321 manducat
1764 2282 1983 2338 panem
2013 2266 2105 2321 vel
2130 2267 2279 2321 bibit
2300 2284 2392 2321 ca-

744 2346 917 2403 licem
943 2349 1173 2404 Domini
1210 2350 1474 2421 indigne,
1508 2370 1641 2409 reus
1659 2359 1745 2410 est
1767 2356 2029 2428 corporis
2069 2360 2125 2411 et
2148 2374 2388 2421 sangui-

744 2435 836 2490 nis
863 2437 1114 2505 Domini;
1147 2438 1226 2495 ita
1256 2440 1360 2512 qui
1403 2441 1644 2511 indigne
1687 2444 2001 2500 Ecclesiam
2041 2446 2387 2515 ingreditur,

736 2524 1031 2595 judicium
1062 2528 1254 2597 magis
1285 2546 1470 2602 quam
1495 2533 1747 2588 salutem
1804 2535 1912 2589 sibi
1944 2535 2211 2605 acquirit,
2246 2535 2390 2607 quia

741 2630 877 2669 rens
908 2620 993 2671 est
1023 2624 1242 2673 sanctas
1272 2620 1372 2674 Dei
1401 2622 1689 2677 Ecclesiae.
1725 2624 1949 2678 Talium
1982 2624 2256 2696 exemplo
2288 2642 2387 2679 rex

742 2704 905 2759 Osias
935 2721 1255 2777 percussus
1285 2714 1371 2765 est
1399 2710 1585 2783 lepra,
1645 2713 1786 2784 quia
1836 2714 2130 2785 pontificis
2184 2716 2272 2769 sui
2305 2716 2387 2769 in-

740 2794 1051 2852 terdictum
1110 2801 1471 2871 contempsit
1518 2802 1758 2871 indigne
1809 2804 2098 2876 templum
2156 2805 2385 2859 Domini

738 2882 1064 2953 ingressus,
1096 2886 1200 2958 qui
1230 2886 1303 2943 de
1333 2904 1545 2957 genere
1578 2892 1762 2947 David
1794 2893 1993 2947 multis
2019 2894 2191 2948 annis
2212 2895 2387 2964 justi-

741 2972 882 3027 tiam
915 2985 1386 3047 conservaverat,
1423 2982 1812 3052 postmodum
1844 2999 1983 3037 vero
2035 2984 2109 3037 ad
2166 2984 2388 3051 injusti-

2500 1819 2633 1883 bus,
2659 1821 3017 1889 etjustitiam
3044 1821 3187 1890 justi
3219 1821 3463 1876 aufertis
3493 1821 3572 1876 ab
3604 1837 3694 1877 eo.
3747 1823 4005 1892 Propter
4034 1819 4165 1885 hoc,

2502 1910 2649 1964 sicut
2671 1910 2918 1964 devorat
2948 1910 3229 1981 stipulam
3268 1910 3476 1979 lingua
3501 1910 3676 1980 ignis,
3707 1914 3762 1965 et
3788 1908 3957 1965 calor
3997 1908 4166 1963 ﬂam-

2502 2016 2614 2053 mze
2646 2000 2854 2067 exurit,
2881 1999 2961 2054 sic
2994 2000 3159 2054 radix
3193 2015 3402 2055 eorum
3442 1999 3620 2072 quasi
3674 1998 3880 2055 favilla
3937 1998 4071 2063 erit,
4118 2002 4167 2052 et

2502 2103 2743 2155 germen
2800 2104 3006 2142 eorum
3066 2092 3130 2143 ut
3186 2088 3383 2160 pulvis
3444 2087 3743 2143 ascendet.
3804 2087 4168 2156 Abjeeerunt

2499 2176 2657 2230 enim
2689 2176 2879 2241 legem
2908 2177 3139 2233 Domini
3162 2178 3548 2243 exercituum,
3569 2175 3959 2248 eteloquium
3979 2175 4165 2229 sancti

2502 2267 2674 2321 lsrael
2701 2268 3289 2340 blasplicmavcrunt.
3336 2267 3470 2323 Ideo
3513 2267 3699 2322 iratus
3743 2271 3832 2321 est
3863 2265 4039 2320 furor
4064 2267 4169 2319 Do—

2500 2356 2642 2409 mini
2670 2357 2723 2410 in
2755 2356 3046 2427 pepulum
3074 2373 3271 2425 suum,
3306 2359 3361 2411 et
3391 2355 3653 2411 extendit
3685 2370 3943 2410 manum
3991 2369 4169 2407 suam

2502 2461 2681 2515 super
2706 2460 2865 2511 eum,
2912 2448 2966 2498 et
3002 2444 3291 2515 percussit
3322 2460 3460 2500 eum
3515 2447 3571 2499 et
3623 2442 3967 2498 eonturbati
4032 2446 4171 2496 sunt

2500 2539 2751 2601 montes,
2794 2534 3024 2589 etfaeta
3065 2538 3201 2589 sunt
3226 2535 3539 2589 morticina
3564 2550 3777 2589 eorum
3801 2532 3985 2606 quasi
4028 2538 4170 2587 ster-

2499 2640 2601 2677 ους
2630 2624 2685 2677 in
2719 2624 2916 2677 medio
2958 2622 3312 2695 platearum.
3342 2647 3367 2671 η
3393 2626 3495 2677 Per
3521 2623 3911 2679 conturbatos
3938 2627 4169 2676 montes

2498 2713 2709 2777 clerici,
2742 2714 2860 2767 sive
2914 2713 3212 2785 principes
3268 2712 3401 2767 laici
3448 2712 3880 2781 intelliguntur.
3932 2713 4050 2765 Ast
4069 2726 4169 2764 cx-

2498 2802 2985 2857 commuuicandi
3039 2819 3220 2858 causa
3268 2803 3672 2858 destructores
3717 2800 3891 2874 pacis
3949 2800 4173 2871 jubent

2498 2892 2757 2965 episcopi
2792 2892 3136 2963 prophetica
3166 2892 3512 2947 auctoritate
3542 2906 3788 2946 manere
3820 2889 4172 2962 insepultos

2495 2986 2576 3045 ut,
2613 2982 2943 3035 secundum
2975 2983 3278 3054 prophetzr
3312 2981 3689 3050 sententiam,
3751 2979 3870 3035 sint
3901 2979 4173 3035 cadave-

743 3062 885 3115 tiam
911 3060 1221 3120 declinans
1249 3066 1454 3123 incidit
1484 3068 1708 3124 crimen
1732 3069 2166 3138 inobedientim,
2196 3077 2247 3125 et
2272 3073 2384 3126 sub
2416 3095 2453 3145 ο
2496 3089 2559 3127 ra
2591 3089 2797 3126 eorum
2827 3072 2996 3143 quasi
3032 3078 3255 3127 stercus
3286 3071 3344 3127 in
3377 3069 3576 3126 medio
3602 3070 3972 3143 platearum,
4003 3074 4071 3124 ut
4097 3069 4172 3123 si-

743 3149 938 3220 specie
963 3151 1284 3221 religionis,
1344 3161 1409 3211 ut
1463 3157 1713 3213 Domino
1770 3158 2030 3214 adoleret
2060 3160 2387 3233 incensum,

741 3237 987 3308 indigne
1028 3241 1333 3312 ingressus
1356 3249 1441 3301 est
1497 3246 1806 3319 templum.
1862 3251 2074 3303 Verum
2128 3250 2389 3321 pontifex

742 3327 983 3384 Azarias
1000 3346 1135 3386 cum
1164 3333 1572 3389 sacerdotibus
1600 3336 1831 3391 Domini
1862 3338 2163 3403 octoginta
2212 3339 2387 3393 inter-

741 3414 887 3471 dixit
914 3419 1036 3485 regi
1064 3434 1135 3474 ne
1157 3420 1422 3477 illicitum
1455 3428 1655 3491 ageret
1676 3429 1730 3479 et
1767 3426 1949 3480 modo
1976 3429 2385 3483 excommuni-

741 3505 915 3561 candi
948 3524 961 3562 :
996 3532 1021 3555 ‹‹
1059 3511 1364 3581 Egredere,
1398 3512 1609 3585 inquit,
1664 3530 1787 3581 rex,
1830 3515 1902 3571 de
1948 3518 2283 3572 sanctuario
2332 3523 2387 3574 et

737 3611 813 3651 ne
838 3602 1286 3673 contempseris,
1320 3603 1462 3675 quia
1494 3620 1615 3659 non
1636 3605 2010 3677 reputabitur
2036 3606 2135 3662 tibi
2167 3608 2223 3662 in
2259 3608 2383 3677 glo-

734 3685 823 3741 ria
846 3686 973 3745 haac
1017 3706 1052 3747 a
1084 3692 1335 3749 Domino
1376 3697 1512 3751 Deo.
1576 3716 1602 3744 ››
1663 3695 1774 3751 Sed
1817 3698 2384 3753 excommimicatio-

734 3791 875 3833 nem
903 3779 1200 3852 pontificis
1228 3798 1333 3837 rex
1375 3783 1563 3839 elatus
1602 3786 1959 3859 contempsit
2002 3791 2058 3842 et
2106 3787 2284 3860 erepit
2332 3788 2384 3843 ei

745 3953 2864 3995 ω

1991 4140 2156 4179 CIBCA

2499 3165 2595 3215 cut
2626 3161 2893 3223 exigente
2920 3166 3085 3217 reatu
3113 3177 3320 3216 eorum
3376 3160 3592 3215 animas
3647 3159 3706 3214 in
3744 3157 3845 3214 illo
3876 3158 4115 3213 saeculo
4141 3174 4175 3214 a

2497 3250 2594 3305 Dei
2620 3266 2802 3315 regno
2835 3255 3095 3306 extorres
3125 3255 3286 3320 sunt,
3336 3250 3414 3305 ita
3446 3265 3700 3321 corpora
3740 3264 3776 3304 a
3805 3247 4174 3303 Christiani-

2498 3340 2629 3394 tatis
2653 3345 3000 3412 separentur
3022 3340 3348 3413 sepultura.
3385 3342 3597 3395 Pacem
3627 3354 3772 3407 ergo
3812 3353 4043 3393 omnes
4075 3338 4175 3392 ob-

2498 3434 2752 3493 servent,
2775 3430 2819 3483 si
2851 3430 3359 3485 excommunicari
3406 3429 3639 3494 nolunt,
3687 3443 3916 3500 pacem
3938 3432 4001 3483 et
4031 3428 4175 3482 veri-

2496 3524 2695 3583 tatem,
2729 3520 2841 3574 hoc
2864 3524 2947 3574 est
2974 3520 3262 3589 justitiam
3309 3518 3579 3583 diligant,
3614 3521 3680 3572 ut
3700 3533 3845 3573 cum
3877 3518 4173 3573 omnibus

2494 3627 2611 3682 pax
2643 3610 2872 3665 Domini
2902 3610 2990 3675 sit,
3022 3610 3151 3681 ipso
3178 3612 3498 3682 praestante
3537 3607 3643 3681 qui
3676 3607 3826 3663 vivit
3868 3611 3930 3663 et
3964 3617 4173 3675 regnat

2494 3700 2553 3753 in
2578 3699 2792 3754 saecula
2824 3698 3202 3753 szrculorum.

2206 4140 2391 4180 ANNUM
2438 4141 2631 4180 DOMINI
2691 4140 2891 4181 XXXIX.

1662 4312 3232 4460 BERNARDUS

1889 4543 2406 4600 SCHOLASTICUS
2436 4544 2993 4601 ANDEGAVENSIS.

1343 4888 1780 4978 NOTITIA
1888 4890 2478 5018 HISTORICA
2594 4887 2721 4972 ET
2817 4886 3519 4975 LITTERARIA.

1789 5071 2081 5142 (Histoire
2113 5072 2293 5128 tittér.
2324 5072 2397 5127 de
2418 5072 2477 5126 ta
2502 5071 2758 5138 France,
2790 5071 2900 5125 VII.
2934 5072 3082 5136 308.)

810 5377 1089 5447 Bernard,
1118 5377 1264 5436 dont
1283 5395 1361 5437 on
1380 5397 1454 5437 ne
1478 5383 1721 5438 connalt
1764 5382 1933 5456 point
1960 5385 2291 5439 autrement
2318 5381 2376 5438 la
2406 5383 2451 5435 D
2488 5384 2800 5453 ment,que
2823 5380 3083 5436 Bernard
3101 5381 3237 5437 etait
3253 5381 3335 5437 du
3347 5398 3503 5455 pays
3518 5383 3881 5456 d'Anjoqu
3903 5391 4155 5463 quittasa

739 5463 981 5530 famille,
1010 5465 1166 5521 avait
1184 5482 1266 5522 un
1291 5468 1437 5524 frere
1464 5470 1782 5544 beaucoup
1794 5471 1930 5544 plus
1947 5472 2127 5542 jeune
2140 5488 2257 5545 que
2275 5471 2376 5539 lui,

740 5572 972 5611 comme
990 5556 1029 5611 il
1048 5559 1259 5629 parait,
1278 5563 1519 5614 nomine
1546 5560 1761 5617 Robert
1788 5565 1845 5617 et
1866 5564 2209 5617 surnommé
2228 5561 2380 5618 l’An-

739 5644 934 5715 gevin,
967 5644 1071 5718 qui
1101 5644 1188 5701 fut
1218 5645 1373 5702 abbé
1403 5648 1474 5702 de
1502 5649 1781 5715 Cormcri,
1817 5667 1889 5707 en
1919 5652 2374 5722 'I‘ourainetMAB.

739 5734 856 5790 An.
880 5736 919 5790 Ι.
952 5750 1044 5801 1.x,
1073 5748 1133 5791 n.
1167 5736 1277 5806 58).
1321 5737 1408 5791 0n
1430 5738 1764 5808 conjecture
1793 5739 1868 5795 de
1892 5740 1971 5810 la,
2000 5757 2143 5797 avec
2171 5740 2377 5796 tonde-

2478 5470 2667 5543 patrie
2698 5470 3016 5542 pouraller
3038 5487 3099 5526 se
3135 5472 3347 5527 rendre
3402 5472 3666 5547 disciple
3713 5477 3800 5533 de
3853 5480 4157 5547 Fulbert,a

2480 5562 2751 5615 Cllartres
2783 5562 2943 5617 (ΜΑΒ.
2976 5562 3375 5634 ib.t.lV,app.,
3402 5579 3464 5635 p,
3488 5568 3641 5633 703).
3665 5569 3965 5627 Pendam
3982 5571 4113 5645 qu'il
4132 5585 4158 5639 δ’

2481 5652 2744 5718 étudiait,
2775 5651 2810 5705 il
2843 5656 3057 5719 concut
3096 5668 3212 5706 unc
3240 5652 3519 5709 devotion
3574 5660 3994 5728 particuliere
4034 5677 4159 5737 pour

2482 5741 2670 5797 sainte
2695 5742 2813 5807 Foi,
2840 5741 2989 5797 dont
3012 5741 3050 5796 il
3076 5758 3117 5813 y
3148 5742 3463 5799 avaithors
3492 5743 3606 5800 des
3640 5763 3830 5807 murs
3860 5753 3944 5810 de
3978 5755 4037 5811 la
4057 5752 4161 5809 vilis
