4584 6390
681 281 781 334 127

1723 279 2154 338 BEBNARDUM
2195 276 2642 334 SCHOLASTICI
2682 274 3040 332 ANDEGAV.

4012 272 4113 325 128

679 401 1036 474 compagnie
1056 401 1130 457 de
1158 401 1447 475 quelques
1476 406 1672 458 autres
1703 401 2020 471 Angevins,
2072 406 2108 456 a
2132 404 2330 457 Notre-
2366 404 2415 454 A
2441 401 2612 456 vains
2639 399 2922 468 d’Anjou,
2953 413 3028 454 en
3059 399 3338 470 rapporte
3392 410 3478 451 un
3518 394 3848 466 fragment,
3901 391 4051 466 qu‘il
4081 411 4118 448 ιι

682 491 866 547 Dame
897 489 982 546 du
1001 493 1124 563 Puy
1176 505 1251 546 en
1303 491 1502 564 Velay.
1555 491 1810 558 Ménard,
1843 490 1998 546 dans
2045 507 2138 546 ses
2167 491 2336 547 Ecri—

2031 672 2238 686 w

2439 489 2545 546 tiré
2589 488 2674 544 du
2696 491 2755 544 P.
2781 487 3005 560 Gissey.

1650 835 1792 921 DE
1850 833 2248 920 SANCTA
2307 833 2565 920 FIDE
2624 830 3123 922 VIRGINE.

1717 1033 1904 1100 (Gali.
1935 1033 2160 1090 Christ.
2204 1035 2348 1088 tom.
2381 1033 2448 1098 Il,
2495 1030 2793 1104 Append.,
2831 1034 2880 1085 1.
2915 1032 3066 1096 8⁸34.)

2182 1215 2606 1231 ﬁ

753 1341 1014 1411 Aginum
1043 1357 1203 1397 anno
1232 1345 1334 1397 303
1369 1341 1694 1398 adveniens
1726 1343 2042 1413 Dacianus,
2095 1343 2330 1416 spirans
2371 1345 2410 1398 Β
2449 1342 2566 1398 fere
2604 1345 2868 1416 peracto,
2921 1354 3295 1406 consecrare,
3347 1338 3530 1394 sensit
3559 1337 3620 1394 in
3647 1353 3711 1394 se
3762 1337 4122 1394 charitatem

685 1429 987 1486 minarum
1007 1435 1062 1486 et
1085 1430 1265 1485 caedis
1293 1430 1353 1484 in
1383 1430 1767 1499 Christianos,
1791 1431 2114 1504 inquisivit,
2137 1448 2206 1488 ac
2237 1433 2343 1488 im-

687 1535 930 1574 manem
955 1519 1428 1592 persecutionem
1479 1519 1734 1575 adorsus
1789 1525 1892 1577 est.
1927 1522 2218 1578 Turbatus
2238 1537 2344 1594 pu-

689 1607 854 1662 sillus
883 1607 1150 1663 ﬁdelium
1182 1623 1343 1677 grex,
1378 1607 1533 1663 clam
1565 1608 1642 1664 ab
1676 1609 1820 1665 urbe
1847 1611 2103 1678 secessit,
2139 1627 2208 1666 ac
2237 1626 2343 1683 per

689 1696 946 1769 abrupta
973 1697 1176 1765 eremi,
1201 1703 1257 1752 et
1284 1697 1560 1766 fragosas
1574 1698 1934 1754 convallium
1958 1704 2160 1756 cautes
2182 1699 2344 1755 diva-

689 1791 863 1856 gatus
895 1785 951 1840 in
975 1785 1275 1858 speluncis
1305 1785 1550 1842 delituit.
1584 1789 1830 1856 Gregem
1877 1794 2111 1843 secutus
2141 1791 2342 1861 pastor

689 1875 768 1944 (S.
801 1875 1160 1948 Caprasius),
1202 1875 1406 1930 omnia
1437 1875 1904 1948 circumquaque
1963 1877 2346 1950 scopulorum

691 1964 1018 2021 diversoria
1061 1965 1422 2037 peragravit.
1484 1968 1598 2021 Hos
1635 1965 1846 2021 divinis
1899 1967 2207 2040 colloquiis
2256 1983 2347 2022 re-

691 2053 952 2125 creabat,
979 2053 1110 2109 illos
1137 2055 1520 2110 emendicatis
1556 2055 1841 2110 subsidiis
1875 2056 2348 2121 fovebat,omnes

694 2142 959 2212 erigebat
997 2143 1294 2214 exemplo,
1355 2159 1424 2198 ac
1479 2143 1674 2214 pomis
1715 2148 1770 2199 ct
1813 2145 2072 2216 praemiis
2119 2145 2350 2200 aiternis

694 2229 1013 2302 propositis
1041 2230 1119 2286 ad
1148 2230 1503 2302 martyrium
1533 2232 1928 2304 praeparabat.
1951 2235 2199 2288 Demum
2232 2233 2351 2304 pri-

696 2317 791 2374 die
807 2321 1003 2374 Nonas
1027 2318 1315 2386 Octobris,
1351 2336 1508 2390 cum,
1550 2324 1615 2375 ut
1647 2321 1754 2375 fert
1783 2321 2036 2391 traditio,
2065 2321 2294 2377 excelso
2320 2338 2350 2376 e

697 2413 918 2475 monte,
966 2408 1061 2463 cui
1091 2408 1269 2463 hodie
1296 2424 1331 2463 a
1385 2414 1591 2464 sancto
1624 2409 1923 2465 Vincentio
1964 2426 2204 2478 nomen,
2248 2426 2351 2482 pa-

697 2501 840 2552 teret
869 2502 1142 2570 aspectus
1171 2497 1228 2551 iu
1264 2497 1492 2564 urbem,
1527 2502 1582 2554 et
1604 2498 1731 2570 ipse
1758 2499 1818 2553 in
1844 2499 1972 2568 ejus
2001 2498 2199 2572 platea
2223 2515 2353 2572 per-

695 2585 945 2658 spiceret
971 2585 1157 2640 oculis
1188 2586 1409 2642 illustre
1442 2586 1871 2658 spectaculum,
1905 2603 2122 2659 nempe
2152 2587 2352 2642 Fidem

2451 1431 2697 1488 accendi
2746 1447 2816 1486 eo
2848 1429 2983 1500 igne
3013 1428 3116 1501 qui
3170 1427 3464 1498 virginem
3494 1426 3889 1488 absumebat.
3944 1429 4122 1498 atque

2450 1520 2746 1593 prmivisse
2772 1518 3034 1592 puellam
3083 1517 3418 1583 attendens,
3453 1516 3692 1572 erubuit
3748 1531 3880 1572 non
3912 1513 4121 1571 saltem

2452 1609 2638 1682 sequi.
2682 1607 2982 1678 Aginnum
3020 1611 3339 1675 revertens,
3369 1606 3536 1679 prius
3580 1608 3772 1661 Deum
3817 1609 4122 1678 precatus,

2452 1704 2514 1754 ut
2530 1697 2735 1753 omnia
2765 1697 2824 1754 in
2858 1696 3070 1752 melius
3121 1699 3470 1751 convertens
3503 1694 3615 1751 sibi
3641 1695 3701 1750 in
3734 1694 3837 1750 illo
3875 1691 4125 1750 articulo

2455 1787 2600 1859 quid
2631 1787 2714 1842 rei
2745 1784 3084 1842 faciendum
3111 1789 3284 1855 eSset,
3323 1801 3444 1840 non
3471 1784 3730 1840 obscuro
3760 1783 4128 1854 signiﬁcaret

2455 1876 2694 1946 indicio,
2754 1879 2810 1931 et
2840 1875 2888 1930 si
2917 1874 3162 1947 quidem
3213 1873 3276 1928 in
3319 1889 3566 1930 arenam
3624 1871 4124 1928 descendendum

2457 1982 2590 2020 esse
2622 1964 2940 2034 statuisset,
2985 1980 3056 2019 ex
3085 1963 3360 2036 proximo
3385 1962 3624 2036 pumice
3678 1961 3946 2018 emicare
3977 1960 4127 2016 face-

2455 2057 2542 2108 ret
2580 2052 2850 2125 protinus
2876 2068 3098 2124 aquam
3134 2069 3147 2106 :
3196 2067 3305 2106 nec
3352 2067 3540 2118 mora,
3573 2051 3792 2106 eodem
3841 2049 3962 2105 loci
3984 2053 4129 2105 tem-

2458 2141 2736 2214 porisquc
2764 2139 3010 2210 vestigio
3067 2139 3199 2195 fons
3247 2139 3419 2194 vivus
3474 2143 3716 2194 emanat
3771 2136 4132 2194 mirabiliter

2458 2231 2728 2300 eductus,
2761 2245 2986 2302 aquam
3009 2229 3219 2300 jugem
3269 2227 3512 2284 abunde
3559 2226 3988 2300 suppeditans.
4047 2225 4134 2285 Ad

2458 2338 2630 2394 aquae
2661 2325 2971 2393 aspectum
2995 2336 3096 2376 cor
3121 2319 3415 2389 designati
3438 2321 3719 2392 martyris
3750 2318 3955 2390 magis
4009 2333 4135 2374 ma-

2460 2412 2667 2483 gisque
2695 2409 2929 2476 exarsit,
2990 2414 3045 2464 et
3083 2409 3160 2464 ad
3191 2413 3488 2465 certanem
3521 2424 3645 2482 quo
3699 2407 3847 2464 dein
3873 2407 4137 2480 gloriose

2461 2501 2806 2573 perfunctus
2839 2503 2946 2567 est,
2979 2516 3039 2553 se
3067 2497 3326 2570 protulit.
3357 2497 3516 2554 lllico
3545 2497 3708 2554 enim
3737 2497 3969 2554 ductus
4001 2503 4137 2553 ante

2460 2587 2730 2658 praesidis
2775 2586 3056 2658 tribunal,
3109 2586 3501 2642 Christianam
3555 2585 3742 2641 ﬁdem
3791 2583 4138 2658 proﬁtetur,

693 2673 984 2743 virginem
1019 2689 1089 2728 eo
1119 2674 1382 2739 nomine,
1402 2689 1509 2746 pro
1542 2675 1713 2744 cujus
1739 2674 2082 2730 defensione
2113 2674 2352 2730 viriliter
2391 2704 2430 2759 ε
2456 2675 2674 2745 judicis
2716 2691 2784 2730 ac
2819 2679 3103 2730 tortorum
3133 2675 3328 2731 minas
3362 2674 3710 2742 contemnit,
3741 2674 4008 2730 tandem
4061 2675 4140 2730 in-

693 2761 1052 2830 decertabat,
1111 2762 1550 2832 dignissimam,
1605 2779 1742 2818 cum
1785 2763 2090 2836 suppliciis
2122 2763 2350 2818 tortori-

693 2850 926 2922 busque
948 2851 1256 2920 committi,
1290 2855 1346 2906 et
1366 2856 1498 2924 post
1527 2851 1706 2921 longa
1734 2851 2032 2908 craticula:
2086 2851 2348 2908 ardentis

695 2937 989 3010 supplicia
1025 2939 1510 2994 excarnificatam
1562 2955 1631 2994 ac
1663 2944 1878 2996 tostam
1909 2939 1986 2996 ab
2017 2940 2229 3010 angelo
2260 2956 2354 2995 co-

695 3025 916 3080 lumbae
951 3027 1146 3098 specie
1195 3027 1406 3082 donari
1455 3043 1696 3094 corona,
1745 3029 2062 3100 ipsamque
2119 3029 2352 3084 interim

699 3129 923 3186 sponso
964 3113 1188 3170 Christo
1227 3116 1357 3171 vitae
1385 3132 1509 3171 sum
1543 3115 1822 3189 reliquas,
1850 3116 2202 3173 holocausto
2225 3118 2355 3189 jam

1286 3427 1477 3544 DE
1572 3424 2357 3546 MlRACULlS

2460 2763 2650 2818 victus
2677 2761 2736 2817 in
2778 2763 3149 2819 confessione
3183 2763 3399 2819 Christi
3431 2762 3701 2820 abscisso
3754 2762 3965 2835 capite
3991 2778 4146 2818 mar-

2463 2856 2555 2924 tyr
2583 2850 2882 2918 occubuit,
2923 2856 2988 2906 ut
3026 2852 3314 2924 prolixius
3358 2852 3608 2907 rccilant
3657 2855 3832 2920 gesta
3862 2850 4145 2923 ejusdem

2465 2940 2670 3007 sancti,
2703 2939 2867 3012 apud
2896 2941 3132 2996 Surium
3162 2945 3218 2996 et
3245 2939 3736 3013 Martyrologium
3759 2943 4140 2998 Romanum.

2467 3033 2698 3086 Festum
2728 3031 2856 3100 ejus
2877 3029 3208 3087 celebratur
3233 3034 3304 3087 20
3333 3030 3622 3089 Octobris.

2447 3428 3038 3550 SANCTIE
3132 3433 3424 3551 ΕΙΒέ
3453 3433 3522 3549 Si

2236 3671 2580 3760 LIBER

1421 3859 1918 3971 Auctore
1977 3857 2608 3974 chardo
2667 3861 3388 3979 scholastica.

1774 4283 2283 4373 MONITUM
2345 4287 3038 4378 MABILLONII.

1506 4514 1756 4586 (Annal.
1791 4517 2013 4573 Bencd.
2048 4520 2191 4572 tom.
2227 4519 2315 4587 IV,
2346 4516 2450 4586 lib,
2485 4535 2598 4589 Lm,
2640 4537 2807 4577 num.
2847 4525 2935 4591 42,
2967 4538 3108 4596 pag.
3146 4525 3296 4597 114.)

2189 4701 2615 4718 ξ

769 4822 891 4880 Sub
940 4823 1002 4879 id
1060 4827 1296 4896 tempus
1341 4825 1460 4896 (an.
1507 4827 1660 4898 tOlO)
1707 4827 2046 4884 Bernardus
2089 4829 2353 4884 scholas-
2395 4835 2438 4888 D
2466 4831 2651 4889 edidit
2724 4833 2992 4890 libellum
3071 4835 3488 4893 Miraculorum
3564 4843 3804 4894 sanctae
3863 4839 4030 4896 Fidi:
4081 4838 4143 4893 de

695 4913 868 4983 ticus,
941 4911 1159 4968 scholis
1238 4913 1770 4970 Andecavcnsibus
1851 4918 2225 4990 praepositus,
2293 4917 2360 4973 li-

693 5001 875 5058 brum
912 5003 992 5058 De
1022 5001 1324 5057 miraculis
1383 5006 1604 5058 sanctae
1640 5003 1794 5059 Fidis
1845 5007 2206 5062 Conchensis
2253 5023 2361 5062 seu

695 5089 1130 5147 Conchaceusis
1178 5091 1534 5164 composuit,
1593 5108 1852 5166 eumque
1899 5095 2170 5151 Fulberto
2223 5096 2360 5151 Car-

696 5179 1043 5236 nutensium
1118 5181 1424 5254 episcopo,
1494 5187 1782 5254 magistro
1862 5185 2174 5256 quondam
2225 5201 2356 5252 suo,

697 5269 1086 5340 nuncupavit.
1132 5270 1331 5326 Editus
1361 5276 1448 5327 est
1476 5287 1700 5342 magna
1757 5289 1830 5328 ex
1859 5278 2024 5345 parte
2055 5273 2150 5330 hic
2208 5274 2360 5330 liber

698 5357 762 5414 in
809 5361 972 5412 tomo
1029 5359 1292 5414 secundo
1346 5375 1518 5416 novre
1572 5361 1950 5418 Bibliotheca;
2001 5362 2355 5432 Labbeanae,

701 5445 812 5502 sed
841 5445 1072 5518 absque
1125 5447 1366 5503 nomine
1418 5450 1696 5506 auctoris.
1758 5451 2132 5507 Bernardum
2185 5455 2360 5508 vocat

701 5532 1011 5590 Albericus
1085 5535 1146 5589 in
1207 5535 1494 5594 Chronico
1575 5539 1655 5594 ad
1710 5555 1941 5595 annum
1987 5543 2112 5597 994.
2173 5562 2200 5588 ‹‹
2264 5540 2358 5596 Ad

702 5627 978 5680 sanctum
1061 5622 1406 5679 Fulbertum
1478 5629 1832 5699 episcopum
1907 5629 2354 5696 Carnotensem,

701 5711 912 5784 inquit,
993 5713 1347 5781 Bernardus,
1429 5714 1816 5773 scholasticus
1889 5718 2355 5786 Andecavensis,

2467 4920 2740 4988 Conchis,
2771 4937 2908 4994 qua:
2960 4937 3143 4994 passa
3193 4928 3282 4979 est
3337 4923 3577 4992 Aginno
3640 4926 3763 4981 sub
3800 4927 4007 5000 impio
4052 4929 4144 4981 Da-

2467 5008 2640 5064 ciano
2661 5026 2798 5065 cum
2827 5010 3004 5066 beato
3031 5013 3335 5084 Caprasio.
3373 5033 3400 5061 ι
3441 5015 3647 5070 Exstat
3674 5014 3739 5070 in
3771 5016 4002 5072 codico
4025 5016 4146 5069 Car-

2466 5099 2702 5153 nutensi
2753 5099 2848 5154 hic
2889 5099 3058 5168 liber,
3113 5100 3284 5156 editis
3337 5102 3588 5173 auctior,
3621 5102 3738 5158 sub
3775 5103 3902 5160 hoc
3937 5105 4144 5160 titulo:

2466 5187 2686 5255 Incipit
2719 5187 2869 5244 liber
2923 5189 3354 5245 miraculorum
3381 5196 3607 5246 sancta
3653 5205 3730 5246 ac
3781 5192 4149 5248 beatissima

2466 5275 2632 5330 Fictis
2691 5277 2942 5347 virginis
2995 5282 3050 5334 et
3100 5280 3410 5348 martyris,
3476 5280 3672 5336 editus
3731 5296 3770 5335 a
3822 5279 4150 5338 Bernarda

2466 5363 2842 5433 scholastico,
2872 5366 3276 5423 Andecavina:
3304 5367 3524 5424 scholae
3553 5371 3881 5439 magistro.
3921 5394 3956 5420 ››
3999 5373 4150 5426 Hunc

2464 5468 2604 5508 vero
2632 5453 2855 5509 librum
2875 5455 3035 5511 dicat
3059 5458 3434 5512 sanctissimo
3459 5463 3640 5530 atque
3667 5459 4009 5515 hominum
4036 5460 4152 5513 doc-

2468 5545 2696 5596 tsssimo
2750 5543 3036 5600 Fulberto
3081 5544 3420 5601 Camoteno
3452 5547 3730 5617 episcopo
3781 5549 4150 5607 θεν-πατέω

2465 5631 2958 5687 scholasticorum
2975 5633 3180 5688 minim
3190 5636 3486 5706 us.ltaque
3502 5633 3600 5689 hic
3611 5632 3766 5690 liber
3783 5637 4150 5712 scriptnsest

2465 5721 2606 5792 post
2633 5732 2865 5774 annum
2895 5719 3282 5778 millesimum
3298 5720 3651 5796 septimum,
3678 5739 3814 5799 quo
3834 5724 4152 5792 Fanni-tus
