4584 6388
500 296 599 348 129

1585 294 1709 346 LIB.
1756 293 1842 346 DE
1885 289 2255 346 MIRACULIS
2298 287 2581 346 SANCT/E
2622 289 2816 343 FIDIS.

3805 299 3901 351 130

494 414 572 468 ad
600 414 806 468 sedem
829 416 1256 469 Carnutensem
1279 417 1624 486 assumptus
1647 413 1771 469 fuit.
1799 414 1980 484 Hujus
2004 413 2141 468 scri-
2181 414 2226 465 Α
2253 429 2433 485 super
2457 413 2570 467 hoc
2601 409 2947 479 miraculo,»
2968 427 3186 484 nempe
3209 413 3283 469 de
3312 414 3624 485 peregrino
3654 431 3684 470 e
3708 418 3902 472 mariti

493 502 717 576 ptionis
745 502 1123 558 occasionem
1153 501 1288 558 inde
1331 507 1536 558 natam
1580 503 1754 558 refert
1795 501 1889 556 hic
1920 507 2144 569 auctor,

495 592 683 664 quod,
718 609 856 647 cum
887 591 1122 648 Carnoti
1153 592 1213 646 in
1256 591 1508 647 Fulberti
1558 592 1761 647 schola
1792 598 2146 656 versaretur,

497 681 913 737 suburbanam
945 686 1164 736 sanctie
1199 681 1350 735 Fidis
1375 681 1708 753 ecclesiam,
1737 683 1827 736 vel
1853 682 2151 738 scribendi

497 786 681 827 causa
704 772 795 826 vel
821 772 1056 836 orandi,
1088 770 1306 842 saepius
1334 770 1541 838 adiret,
1575 774 1630 825 et
1659 771 1845 825 multa
1865 771 1938 824 de
1971 771 2147 826 mira-

497 860 646 915 culis
670 860 731 915 in
764 859 1037 915 coenobio
1083 859 1484 915 (lonchacensi
1514 859 1734 932 patrari
1769 859 1949 914 solitis
1979 860 2146 915 audi-

496 953 605 1017 ret,
634 965 769 1021 quae
799 947 1071 1003 nonnulli
1099 947 1312 1003 fabulis
1335 948 1591 1003 anilibus
1613 948 1984 1019 deputabunt
2009 968 2020 1016 ;
2055 966 2148 1003 su-

495 1035 671 1092 bierit
696 1036 969 1091 animum
998 1035 1294 1104 cogitatio,
1321 1040 1384 1090 ut
1408 1035 1605 1090 locum
1638 1036 1843 1103 adiret,
1870 1041 1925 1092 et
1947 1037 2031 1092 rei
2054 1054 2152 1093 ve-

496 1125 733 1179 ritatem
765 1140 968 1179 coram
1000 1124 1350 1195 exploraret.
1377 1127 1590 1179 Verum
1617 1125 1695 1179 ad
1725 1124 1941 1180 scholte
1960 1127 2151 1181 Ande-

496 1213 727 1269 cavinee
759 1213 1166 1282 magisterium
1199 1213 1276 1267 ab
1321 1213 1601 1286 episcopo
1631 1214 1930 1281 invitatus,
1961 1221 2016 1270 et
2043 1231 2150 1286 per

495 1302 820 1358 triennium
876 1301 990 1357 illic
1052 1302 1324 1357 docendo
1382 1302 1757 1366 immoratus,
1822 1304 2148 1375 postposito

496 1391 743 1447 tandem
775 1391 886 1446 hoc
918 1407 1185 1459 munere,
1222 1391 1490 1446 Conchas
1520 1407 1580 1446 se
1611 1392 1856 1446 contulit
1902 1408 2022 1448 non
2057 1409 2148 1448 se-

494 1480 616 1535 mel
644 1497 656 1535 :
691 1479 792 1534 ubi
823 1479 897 1534 de
931 1484 1149 1534 sanctre
1196 1479 1346 1535 Fidis
1373 1480 1627 1549 vulgatis
1657 1481 1962 1536 miraculis
1995 1481 2148 1536 solli-

494 1569 610 1624 cite
637 1569 925 1637 indagare
956 1568 1152 1640 erepit,
1181 1586 1315 1641 quae
1347 1569 1590 1641 quidem
1616 1585 1758 1626 vera
1787 1586 1917 1625 esse
1951 1571 2148 1626 certis-

494 1656 650 1712 sime
682 1655 1090 1727 deprehendit.
1142 1660 1201 1710 In
1232 1657 1322 1711 his
1352 1661 1598 1712 testatur
1627 1674 1688 1712 se
1717 1658 1934 1712 vidisse
1965 1659 2152 1714 homi-

2256 501 2508 556 vinculis
2539 500 2823 555 divinitus
2855 500 3140 556 liberato:
3179 503 3400 572 «cujus
3420 503 3624 567 verba,
3647 521 3754 577 per
3773 523 3903 561 om-

2257 591 2357 645 nia
2399 591 2835 646 monachorum
2880 592 3395 647 Conchacensium
3441 594 3634 649 verbis
3666 611 3906 651 concor-

2256 679 2480 748 dantia,
2536 695 2662 734 esse
2714 683 2946 750 poterat
2991 681 3301 751 probabile
3355 689 3797 752 argumentum,
3859 687 3906 741 si

2257 768 2391 839 quis
2423 768 2720 823 dubitaret
2748 767 2807 822 in
2841 768 2968 823 aliis
2999 769 3179 824 etiam
3225 771 3372 826 mihi
3411 772 3489 826 ab
3518 773 3743 829 eisdem
3775 790 3908 830 nar-

2257 856 2470 911 ratis.»
2525 859 2584 910 In
2631 871 2764 927 cap.
2800 861 2858 910 21
2896 856 2972 911 ad
3011 857 3396 928 probandum
3444 859 3803 916 miraculum
3831 863 3905 918 de

2257 943 2461 1006 milite,
2489 943 2906 998 intestinorum
2935 945 3286 1002 inordinatis
3316 947 3577 1003 motibus
3606 955 3904 1023 exempto,

2257 1036 2466 1087 testem
2499 1031 2741 1087 adducit
2768 1033 3128 1089 Rodberlum
3155 1036 3584 1092 Cantoiolensis
3615 1047 3905 1096 monaste-

2259 1123 2338 1176 rii
2377 1121 2667 1186 abbatem,
2703 1122 2894 1176 virum
2940 1124 3265 1179 reverenda
3307 1127 3525 1181 canitie
3553 1128 3695 1182 satis
3728 1129 3904 1186 hone-

2258 1216 2430 1265 stum.
2463 1212 2592 1264 Haec
2626 1225 2696 1264 ex
2723 1209 2910 1265 editis.

2330 1301 2525 1367 Longe
2555 1297 2728 1369 plura
2753 1303 2890 1354 sunt
2909 1299 2968 1354 in
3000 1301 3203 1356 codice
3231 1302 3599 1360 Carnutensi.
3625 1309 3688 1360 In
3716 1305 3805 1360 his
3828 1306 3909 1362 ait

2259 1393 2465 1443 auctor
2496 1392 2579 1443 tot
2608 1397 2938 1444 carceratos
2970 1390 3190 1445 meritis
3225 1397 3443 1447 sanctae
3475 1393 3627 1448 Fidis
3662 1395 3906 1451 absolu-

2258 1480 2368 1541 tos,
2436 1497 2466 1529 «
2488 1481 2553 1532 ut
2577 1477 2900 1532 ferreorum
2945 1479 3326 1550 compedum.
3351 1497 3504 1552 quos
3528 1483 3905 1553 pagensilin-

2259 1580 2377 1633 gua
2418 1564 2628 1620 bodias
2658 1569 2894 1633 vocant,
2925 1566 3293 1622 immensitas
3345 1569 3800 1640 occupationem
3844 1572 3905 1626 in

2258 1651 2618 1707 monasterio
2671 1652 2906 1709 faceret.
2954 1655 3240 1719 Quocirca
3287 1660 3515 1712 tantam
3567 1657 3698 1712 ferri
3754 1676 3909 1715 mas-

492 1760 660 1812 nem,
690 1745 784 1799 cui
809 1743 962 1799 oculi
995 1745 1254 1800 violenta
1286 1747 1513 1800 ustione
1540 1745 1726 1799 avulsi
1757 1745 2007 1807 fuerant,
2043 1747 2143 1802 sed
2186 1767 2228 1818 Β
2261 1759 2390 1796 sam
2421 1741 2686 1812 extundi,
2720 1747 2896 1814 atque
2922 1743 2980 1797 in
3007 1743 3226 1813 januas
3254 1743 3442 1814 redigi
3488 1746 3682 1802 studio
3713 1747 3909 1803 fabro-

491 1832 723 1888 meritis
754 1838 973 1888 sanctze
1008 1832 1158 1888 Fidis
1189 1833 1436 1888 omnino
1482 1833 1728 1889 restituti
1756 1837 2034 1891 universa
2063 1843 2151 1891 at-

493 1927 756 1978 testanle
778 1922 1112 1990 provincia.
1140 1921 1310 1986 Quod
1339 1922 1716 1987 miraculum,
1741 1923 1917 1979 veluti
1939 1924 2151 1981 funda-

492 2014 772 2065 mentum
804 2014 1174 2080 czeterorum,
1203 2009 1282 2065 ait
1312 2027 1375 2065 se
1405 2011 1674 2082 posuisse
1710 2011 1874 2067 initio
1904 2012 2056 2082 libri,
2089 2013 2150 2068 in

489 2114 624 2170 quo
651 2097 850 2170 potius
882 2114 1082 2152 rerum
1130 2098 1279 2153 inter
1309 2114 1434 2154 sese
1465 2098 1930 2166 similitudinem,
1963 2117 2150 2173 quam

489 2185 772 2241 ordinem
818 2191 1152 2256 temporum
1187 2187 1456 2253 servavit,
1489 2187 1796 2242 referendo
1820 2192 2051 2244 tantum
2079 2205 2150 2244 ea

489 2289 637 2345 qua:
663 2273 852 2345 ipsius
877 2277 1140 2346 tempore
1173 2273 1327 2329 facta
1349 2280 1485 2329 sunt
1510 2278 1566 2329 et
1591 2292 1626 2330 a
1657 2275 1794 2330 viris
1814 2276 1930 2331 fide
1953 2276 2149 2347 dignis

491 2362 915 2435 comprobata.
953 2366 1083 2418 Haec
1119 2363 1309 2419 fusius
1352 2369 1559 2419 auctor
1585 2364 1646 2419 in
1676 2364 1810 2419 libri
1838 2365 1929 2420 sui
1957 2365 2151 2437 prolo-

491 2466 600 2519 go,
632 2467 814 2522 quem
843 2451 1141 2520 integrum
1172 2452 1384 2507 referre
1415 2451 1604 2508 visum
1637 2459 1740 2509 est.
1768 2459 1829 2509 In
1855 2454 1947 2509 his
1976 2454 2152 2510 mira-

491 2538 650 2594 culis
677 2555 800 2594 non
853 2539 1037 2594 semel
1065 2539 1129 2595 tit
1157 2540 1378 2596 mentio
1407 2540 1481 2596 de
1530 2542 2043 2613 peregrinantibus
2073 2543 2149 2598 ad

489 2627 636 2683 loca
687 2634 912 2695 sancta,
945 2645 1098 2701 quos
1145 2632 1386 2686 Romeos
1431 2635 1639 2685 vocat:
1687 2633 1882 2704 qualis
1921 2631 2028 2686 fuit
2054 2631 2148 2686 ille

489 2715 828 2772 Witbertus
859 2720 1137 2786 Romeus,
1173 2718 1266 2772 cui
1296 2718 1482 2772 evulsi
1529 2718 1684 2774 oculi
1733 2718 1960 2774 ccelitus
1989 2719 2152 2775 resti-

490 2805 610 2860 tuti
662 2805 843 2862 fuere.
899 2810 960 2861 In
1012 2807 1204 2878 capite
1341 2807 1619 2863 laudatur
1655 2810 1961 2877 Arsendis,
1996 2825 2151 2865 uxor

506 2895 806 2950 W’illelmi
859 2896 1137 2951 Tolosani
1180 2898 1425 2963 comitis,
1465 2898 1682 2966 fratris
1726 2899 1889 2953 illius
1919 2899 2148 2967 Poncii,

489 2983 607 3054 qui
650 2983 724 3039 ab
754 2984 1010 3039 Arlaldo
1035 2991 1170 3054 post
1201 2985 1326 3041 hwc
1369 2987 1647 3056 privigno
1676 3001 1780 3041 suo
1811 2987 1945 3042 dolo
1975 2987 2154 3042 inter-

483 3075 696 3143 fectus
714 3073 852 3141 fuit.
885 3078 949 3128 In
979 3089 1111 3146 cap.
1145 3079 1175 3130 8
1207 3080 1569 3130 memoratur
1607 3077 1870 3132 Berl-illis
1926 3077 2151 3132 comiti-

489 3178 566 3218 sa
589 3178 614 3217 .'
648 3161 749 3217 ubi
799 3163 983 3218 sancti
1039 3163 1197 3218 Marii
1245 3163 1598 3219 confessoris
1639 3181 1823 3221 aurea
1854 3168 2153 3236 majestas,

490 3250 694 3308 sancti
726 3251 984 3307 Amantii
1010 3269 1179 3324 reque
1211 3253 1564 3308 confessoris
1595 3259 1651 3309 et
1678 3254 1942 3326 episcopi
1971 3270 2157 3311 aurea

490 3344 824 3410 majestas;
874 3341 1129 3413 denique
1172 3348 1388 3398 sanctae
1446 3341 1595 3398 Fidis
1639 3360 1824 3400 aurea
1854 3348 2154 3413 majeslas,

488 3431 561 3487 id
596 3435 686 3486 est
716 3435 932 3501 statua,
959 3435 1222 3486 vocatur.
1257 3435 1319 3486 In
1348 3448 1477 3504 cap.
1518 3436 1580 3487 14
1606 3432 1885 3489 laudatur
1909 3435 2158 3489 domnus

492 3519 808 3590 Oebalius,
840 3519 1120 3574 dominus
1152 3519 1372 3575 castelli
1415 3522 1573 3590 quod
1606 3522 1831 3576 dicitur
1863 3525 2155 3591 Torenna,

485 3610 560 3665 in
597 3624 760 3680 pago
794 3609 1214 3678 Lemovicensi,
1241 3610 1489 3681 ejusque
1518 3611 1737 3680 conjux
1767 3612 1984 3666 (Iomna
2013 3613 2162 3667 Bea-

492 3700 656 3764 (rix,
690 3714 799 3767 per
849 3699 1168 3754 divortium
1214 3701 1289 3754 ab
1336 3701 1531 3755 eodem
1581 3701 1834 3771 deserta,
1881 3718 2016 3773 quae
2066 3701 2158 3756 Ri—

491 3787 720 3844 chardi
748 3787 993 3842 secundi
1037 3791 1538 3844 Nortmannorum
1587 3789 1755 3844 ducis
1803 3806 1971 3845 soror
2011 3795 2158 3857 erat.

489 3881 570 3933 ut
591 3875 811 3948 probat
839 3879 1046 3931 auctor
1064 3876 1125 3931 in
1155 3876 1272 3932 fine
1294 3877 1565 3947 ejusdem
1588 3877 1794 3949 cipitis
1815 3878 1906 3932 his
1929 3878 2156 3933 verbis:

493 3989 526 4014 ‹‹
567 3971 746 4019 Anno
788 3963 907 4019 fere
949 3969 1003 4019 et
1049 3964 1296 4020 dimidio
1323 3969 1459 4037 post
1485 3966 1810 4021 secundam
1845 3983 1879 4022 a
1910 3966 2162 4021 Conchis

491 4052 931 4116 reversionem,
984 4053 1195 4109 accidit
1248 4053 1394 4108 mihi
1446 4058 1602 4108 certo
1651 4055 1908 4123 negotio,
1955 4055 2162 4110 domni

493 4140 799 4196 Willelmi
827 4141 1198 4196 Pictavorum
1231 4141 1461 4196 comitis
1491 4141 1654 4196 adire
1683 4142 1932 4210 curiam,
1957 4142 2015 4197 in
2043 4159 2164 4214 qua

492 4247 652 4288 cum
693 4229 984 4285 domnam
1007 4231 1330 4286 Beatricem
1353 4230 1621 4297 viderim,
1645 4246 1680 4285 a
1711 4233 1958 4287 Ricardo
1988 4231 2164 4288 fratre

495 4336 624 4376 suo
648 4318 1175 4387 Rotomagensium
1205 4319 1416 4375 comite
1445 4319 1580 4374 illuc
1603 4320 1870 4388 missam,
1891 4320 2166 4376 ardenter

495 4411 644 4481 ejus
695 4407 1062 4479 colloquium
1093 4424 1428 4478 aggressus,
1463 4409 1615 4464 illico
1642 4410 1962 4480 recogitare
2013 4410 2168 4483 ccepi

491 4559 740 4573 ...ι-...-

2259 1846 2392 1884 rum
2440 1831 2701 1886 seniores
2747 1831 3205 1888 decreverunt.»
3266 1834 3429 1888 Unde
3469 1834 3668 1890 nullus
3698 1836 3817 1891 fere
3848 1836 3907 1890 in

2260 1918 2595 1988 ecclesiam,
2627 1937 2760 1991 quas
2807 1921 3084 1976 triformis
3123 1927 3231 1992 est,
3264 1923 3458 1978 aditus
3489 1928 3667 1995 patet,
3701 1925 3805 1996 qui
3833 1925 3906 1980 de

2259 2008 2555 2079 praedictis
2578 2009 2970 2080 compedibus
2997 2027 3101 2064 seu
3125 2011 3347 2066 catenis
3367 2012 3588 2081 januas
3609 2014 3908 2068 confectas

2260 2113 2382 2151 non
2429 2097 2691 2153 haberet.
2748 2101 2825 2153 De
2884 2099 3132 2154 triformi
3172 2100 3283 2155 hac
3338 2101 3584 2157 ecclesia
3632 2103 3715 2156 sic
3747 2102 3906 2157 idem

2261 2191 2468 2241 auctor
2492 2205 2503 2241 :
2537 2209 2562 2233 ‹‹
2589 2189 2686 2241 Est
2710 2186 2928 2242 deforis
2963 2191 3250 2242 tectorum
3274 2188 3645 2245 dimensione
3661 2190 3909 2246 basilica

2260 2274 2560 2342 triformis,
2589 2292 2724 2348 quae
2753 2275 3021 2346 interius,
3044 2282 3286 2349 propter
3304 2284 3580 2334 mutuam
3607 2285 3912 2336 transeun-

2260 2365 2321 2420 di
2350 2365 2827 2436 amplitudinem,
2860 2365 2919 2421 in
2952 2382 3142 2421 unum
3173 2383 3391 2439 corpus
3435 2368 3551 2424 coit
3579 2368 3905 2424 ecclesias...

2262 2457 2541 2509 Dextrum
2586 2453 2740 2509 latus
2780 2455 2967 2509 sancti
3014 2455 3165 2509 Petri
3207 2456 3483 2528 apostoli,
3514 2457 3664 2513 lteva
3692 2463 3908 2513 sanctae

2260 2542 2488 2608 Mariae;
2543 2542 2830 2598 medietas
2885 2548 3086 2599 autem
3133 2545 3320 2599 sancti
3375 2545 3694 2602 Salvatoris
3745 2545 3909 2603 titulo

2258 2630 2530 2686 dedicata
2555 2635 2658 2686 est.
2689 2634 2902 2686 Verum
2918 2632 3061 2703 quia
3077 2633 3286 2688 eadem
3305 2633 3590 2690 medietas
3615 2635 3910 2708 psallendi

2260 2719 2602 2776 assiduitate
2651 2720 3025 2791 frequentata
3071 2721 3342 2791 habetur,
3383 2721 3518 2777 illuc
3567 2739 3638 2778 ex
3669 2724 3910 2796 proprio

2259 2808 2390 2864 loco
2421 2813 2640 2864 sanctae
2685 2808 2962 2880 martyris
3012 2809 3271 2881 pretiosa
3319 2811 3603 2868 translata
3641 2817 3780 2868 sunt
3821 2812 3910 2884 pi-

2262 2913 2468 2967 gnora.
2492 2922 2519 2947 ››
2553 2902 2614 2953 In
2647 2898 3148 2970 consequentibus
3180 2899 3373 2969 agitur
3401 2900 3475 2956 de
3505 2900 3706 2956 multis
3734 2901 3913 2957 mira-

2263 2987 2408 3042 culis
2440 2992 2656 3043 sanctte
2690 2988 2930 3055 Fidis,in
2954 2988 3278 3043 Arvernica
3308 2987 3687 3060 pro‘cessione
3719 2991 3910 3059 factis,

2268 3093 2405 3131 cum
2436 3076 2654 3132 scilicet
2682 3079 2877 3147 imago
2905 3085 3126 3133 sanctae
3168 3078 3332 3133 Fidis
3377 3086 3430 3134 et
3477 3095 3656 3149 capsa
3705 3096 3910 3150 aurea,

2267 3182 2443 3236 quam
2476 3167 2676 3234 fertur
2718 3167 3028 3222 donavisse
3081 3168 3334 3221 Carolus
3377 3169 3653 3238 Magnus,
3682 3174 3915 3240 portata

2267 3255 2374 3310 fuit
2398 3271 2503 3326 per
2536 3255 2881 3310 Arverniam
2912 3254 2971 3309 in
3002 3255 3312 3327 quoddam
3330 3261 3548 3312 sanctte
3583 3257 3734 3312 Fidis
3763 3275 3914 3332 prte-

2269 3345 2456 3411 dium,
2489 3346 2647 3415 quod
2687 3345 3097 3400 Molendinum
3128 3346 3398 3400 Pisinmn
3444 3347 3737 3416 indigenae
3766 3364 3915 3402 nun-

2268 3438 2511 3502 cupant,
2546 3436 2848 3504 praeeunte
2875 3449 3046 3487 cruce
3073 3449 3212 3487 cum
3244 3437 3402 3488 textu
3433 3434 3908 3503 Evangeliorum,

2269 3536 2428 3592 aqua
2453 3519 2785 3591 benedicta,
2818 3525 2875 3575 et
2903 3521 3132 3575 corneis
3162 3520 3339 3586 tubis,
3373 3538 3507 3593 quae
3549 3538 3585 3577 a
3615 3522 3915 3578 nobilibus

2268 3608 2595 3682 peregrinis
2625 3608 2958 3663 ornamenti
3007 3623 3188 3662 causa
3217 3607 3276 3662 in
3307 3609 3670 3664 monasterio
3702 3610 3915 3666 oblatze

2269 3698 2520 3752 fuerant.
2555 3696 2696 3751 Huic
2725 3696 2948 3768 praedio
2979 3696 3211 3766 adjacet
3245 3701 3504 3752 castrum
3537 3701 3789 3766 Aurosa,
3822 3699 3917 3754 cui

2265 3787 2544 3856 princeps
2566 3785 2830 3856 quidam,
2859 3786 3145 3840 Roberlus
3173 3787 3478 3852 vocabulo,
3511 3791 3778 3858 praeerat,
3813 3787 3918 3859 qui

2271 3876 2349 3931 ob
2376 3874 2742 3930 monachum
2769 3873 2922 3929 illius
2947 3874 3153 3946 praedii
3181 3875 3488 3931 custodem
3510 3875 3665 3932 male
3688 3876 3766 3931 ab
3785 3876 3918 3948 ipso

2270 3964 2543 4020 habitum
2576 3963 2803 4019 caelitus
2833 3964 3118 4018 multatis
3139 3969 3243 4019 est.
3277 3964 3390 4020 Sed
3415 3965 3488 4020 de
3515 3965 3608 4020 his
3637 3965 3798 4034 satis,
3825 3983 3923 4021 su-

2272 4070 2496 4127 perque
2529 4054 2686 4109 satis.
2722 4053 3176 4123 Ermengaudus
3209 4055 3563 4124 Urgellensis
3608 4072 3808 4111 comes
3845 4060 3920 4112 te-

2274 4147 2567 4198 stamento
2611 4159 2720 4198 suo
2773 4144 3003 4214 (Marca
3041 4145 3213 4212 Hisp.
3249 4159 3312 4211 ρ.
3365 4146 3509 4215 973),
3558 4144 3719 4216 quod
3760 4159 3918 4200 anno

2273 4232 2632 4288 duodecimo
2686 4232 2943 4288 Rotberti
2988 4233 3144 4300 regis
3199 4233 3466 4299 confecit,
3503 4238 3721 4288 sanctte
3768 4233 3918 4288 Fidis

2275 4322 2548 4378 CLEHOblO
2578 4321 2733 4391 legat
2760 4323 3040 4393 gradales
3071 4322 3220 4377 duas
3247 4322 3319 4377 de
3347 4329 3612 4392 argento.

1120 4697 2056 4816 BERNABDI
2148 4697 3333 4818 SGHOLASTIGI

1672 4901 1756 4941 AN
1765 4900 2103 4941 DECAVIN/E
2146 4899 2411 4943 SCHOLA‘]
2455 4899 2768 4943 MAGISTRI

819 5013 1519 5134 EPISTULA
1633 5017 1834 5132 AD
1953 5014 2637 5136 DOMINUM
2757 5013 3626 5134 FULBERTUM

1460 5219 1552 5270 AD
1597 5216 1870 5272 LIBRUM
1912 5219 2002 5271 DE
2041 5217 2426 5274 MIBACULIS
2467 5217 2772 5272 SANCT/E
2814 5219 2986 5272 FIDIS

840 5340 1037 5412 (Apud
1067 5339 1277 5396 Mabill.
1310 5341 1536 5399 Annal.
1571 5342 1790 5398 Bened.
1817 5346 1974 5398 tome
2007 5345 2092 5412 IV,
2118 5341 2413 5414 Append.,
2444 5357 2597 5412 page
2630 5347 2754 5410 703,
2788 5357 2859 5397 ex
2889 5357 3002 5394 ms.
3037 5339 3168 5396 cod.
3206 5341 3601 5410 Carnutensi.)

593 5571 983 5628 Sanctissimo
1003 5574 1181 5641 atque
1208 5571 1524 5627 hominum
1552 5573 1898 5629 doctissimo
1924 5577 2162 5628 FL'LBen-
2204 5575 2246 5627 l)

489 5679 611 5725 το,
655 5661 991 5713 Carnateno
1039 5658 1340 5729 episcopo,
1397 5661 1746 5729 Benmnmrs,
1795 5660 2172 5717 scholastico-

489 5764 658 5809 rum
686 5745 993 5816 minimus,
1026 5745 1414 5804 sanctissimae
1437 5748 1820 5807 beatitudinis
1846 5749 2094 5807 donum.

2349 5573 2495 5626 Cum
2517 5572 2749 5626 dudum
2771 5572 3008 5627 Carnoti
3020 5576 3214 5629 vestra
3227 5574 3455 5629 sincera
3472 5573 3920 5630 conversatione

2279 5659 2519 5727 fruerer,
2563 5659 2869 5716 accidebat
2897 5661 3160 5716 crebrius
3204 5667 3268 5718 ut
3291 5662 3381 5718 vel
3417 5661 3713 5719 scribendi
3741 5675 3922 5716 causa

2277 5748 2371 5804 vel
2395 5748 2624 5817 orandi,
2651 5754 2867 5807 sancta:
2895 5750 3044 5808 Fidis
3063 5751 3365 5824 martyris,
3384 5768 3518 5824 quae
3535 5755 3697 5810 extra
3713 5762 3918 5805 muros
