4584 6376
421 271 513 322 133

1502 271 1632 325 LIB.
1677 269 1765 323 DE
1805 261 2176 322 MIRACULIS
2218 263 2502 322 SANCTzE
2545 269 2739 324 FlDlS.

3727 279 3829 332 134

415 392 580 445 chain
608 395 962 463 perrexerat.
1013 392 1437 465 Completaque
1484 394 1557 447 de
1605 409 1767 448 more
1808 388 2054 445 solemni
2093 391 2139 442 Λ
2170 395 2408 460 repente
2466 392 2624 447 idem
2685 393 2924 464 elapsus
2981 393 3059 450 ab
3118 410 3295 467 equo,
3347 395 3544 465 digitis
3606 398 3827 470 quibus

415 480 816 536 lucubratione
868 480 1104 550 vigiliae,
1167 481 1226 537 in
1285 483 1566 551 crastino,
1620 482 1680 536 id
1711 486 1800 536 est
1831 482 1889 535 in
1927 479 2057 550 ipso

416 569 793 626 solemnitatis
846 570 961 639 die,
1017 571 1277 627 recidivo
1328 573 1560 627 redibat
1608 570 1858 634 tramite,
1920 585 2059 624 cum

415 658 654 714 offendit.
681 658 916 715 sinistra
935 659 1170 716 fortuna
1197 661 1512 732 praefatum
1533 661 1846 715 dominum
1881 673 2059 712 suum

415 747 639 803 occulto
687 747 794 804 zeli
847 747 984 802 odio
1033 748 1322 804 adversus
1365 768 1425 804 se
1453 755 1842 805 commotum.
1897 751 2059 802 Hunc

415 837 735 909 presbyter,
798 854 935 892 cum
970 838 1025 893 in
1054 839 1365 910 peregrino
1397 840 1603 896 habitu
1636 839 1907 895 cominus
1937 854 2060 892 cer-

415 931 595 997 neret,
626 926 818 981 verbis
851 927 1116 999 pacificis
1149 928 1207 983 in
1230 929 1425 1000 primo
1457 946 1702 997 egressu
1733 930 1811 984 ita
1844 929 2071 982 affatus

414 1019 502 1070 est
533 1033 544 1069 :
578 1039 604 1064 τι
639 1019 802 1085 Ecce,
834 1015 1180 1084 \Vitbertus,
1215 1021 1494 1088 Romeus,
1525 1024 1587 1074 ut
1607 1019 1800 1082 video,
1822 1019 2062 1073 effectus

414 1118 479 1156 es
513 1121 524 1164 ;
561 1127 586 1152 ››
613 1104 690 1158 sic
718 1103 878 1158 enim
918 1103 978 1158 in
1011 1104 1223 1160 eadem
1275 1107 1467 1178 patria
1519 1111 1865 1161 sanctorum
1917 1104 2062 1176 peri-

413 1190 564 1260 grini
594 1192 984 1264 appellantur.
1013 1217 1037 1239 ι‹
1069 1197 1159 1249 Est
1188 1195 1490 1267 respondit
1523 1214 1533 1256 :
1569 1195 1764 1259 etiam,
1800 1194 2062 1263 domine,

413 1296 450 1335 a
482 1281 784 1337 festivitate
834 1288 1055 1337 sanctae
1104 1284 1262 1338 l’idis
1309 1291 1628 1341 revertens.
1679 1310 1701 1332 η
1742 1289 1889 1340 Tum
1929 1301 2064 1338 vero

411 1369 489 1424 de
521 1370 738 1425 caeteris
767 1373 941 1443 quasi
970 1372 1358 1428 amicabiliter
1386 1375 1703 1446 exquisito,
1746 1375 1848 1429 dat
1886 1374 2064 1429 licen-

413 1459 558 1514 tiam
580 1460 854 1516 abeundi.
881 1467 949 1518 At
980 1479 1117 1518 cum
1154 1463 1466 1535 paululum
1515 1481 1640 1520 sese
1680 1463 2062 1536 praeterirent,

409 1549 736 1620 respiciens
769 1557 902 1622 pOst
929 1558 1158 1621 tergum
1188 1553 1448 1608 .ludaicz—e
1488 1553 1837 1627 proditionis
1881 1569 2069 1608 sacer-

410 1636 585 1692 dotes
614 1638 682 1702 (si
711 1643 913 1694 tamen
947 1641 1335 1708 sacerdotem,
1370 1641 1471 1712 qui
1517 1641 1822 1707 sacrilegio
1871 1658 2065 1696 sacer-

408 1726 643 1782 dotium
671 1729 1056 1794 contaminat,
1113 1730 1308 1784 vocari
1358 1731 1446 1785 fas
1478 1737 1581 1795 est)
1633 1731 1802 1801 jubet
1841 1730 2067 1785 homini

409 1820 481 1870 ut
512 1814 810 1887 paulisper
837 1817 1138 1888 operiatur
1170 1835 1249 1873 se.
1283 1822 1470 1883 Quem
1502 1823 1880 1887 consecutus,
1931 1835 2068 1872 mox

409 1918 446 1957 a
485 1901 606 1957 suis
636 1904 946 1976 utrobique
1000 1906 1285 1961 vallatum
1334 1908 1510 1962 teneri
1566 1908 1847 1979 praecipit.
1899 1906 2070 1972 Quod

409 2009 557 2047 cum
588 1992 677 2048 ille
708 1994 969 2061 vidisset,
1009 1996 1192 2050 nimio
1224 2002 1388 2052 metu
1433 1997 1861 2063 intremisecns,
1915 2013 2072 2051 sum-

406 2099 520 2137 ma
552 2083 718 2153 cujus
745 2083 1006 2138 criminis
1039 2091 1341 2154 arguatur,
1372 2087 1706 2158 percontari
1729 2087 1924 2159 erepit.
1969 2086 2069 2140 Cui

410 2173 509 2226 vir
542 2173 801 2242 perfidus
841 2174 1258 2245 hujuscemodi
1289 2177 1597 2232 minaciter
1624 2177 1785 2232 dedit
1832 2191 2072 2248 respon-

410 2277 600 2317 sum:
634 2263 904 2319 «Malum
953 2264 1096 2319 milii
1147 2265 1347 2332 fecisti,
1400 2271 1455 2321 et
1504 2268 1676 2339 pejus
1729 2265 1953 2320 factum
1991 2265 2072 2319 ire

408 2367 629 2423 paras;
663 2357 720 2407 et
757 2353 889 2408 ideo
940 2370 1061 2409 non
1120 2355 1284 2408 aliter
1335 2371 1520 2427 quam
1560 2355 1704 2427 ipsis
1751 2355 1862 2410 tuis
1889 2355 2074 2411 oculis

411 2441 812 2508 satisfaciens,
840 2441 984 2497 mihi
1017 2442 1375 2515 supplicium
1406 2444 1580 2499 dabis
1611 2463 1622 2510 ;
1668 2466 1695 2494 »
1727 2460 1834 2498 nec
1876 2449 2073 2500 tamen

412 2531 702 2600 apertius,
753 2532 927 2602 quasi
977 2549 1095 2604 prie
1152 2533 1400 2604 pudore,
1443 2534 1776 2600 designavit
1825 2534 2074 2589 modum

415 2620 633 2690 culpae.
668 2624 935 2692 Namque
975 2627 1062 2676 est
1112 2622 1520 2678 sacerdotibus
1575 2623 1958 2679 inhonestum
2003 2623 2076 2678 de

413 2708 716 2780 zelotypio
771 2727 879 2764 suo
937 2726 1110 2780 agere
1160 2711 1473 2781 judicium.
1539 2712 1841 2784 Siquidem
1896 2713 2075 2782 hujus

413 2797 568 2852 mali
599 2814 781 2853 causa
807 2799 878 2853 de
920 2800 1254 2871 suspicione
1281 2801 1772 2872 construprandae
1819 2800 2080 2856 mulieris

412 2887 617 2944 fuerat
646 2892 867 2944 exorta.
907 2888 999 2943 Ille
1033 2907 1194 2956 vero,
1228 2895 1290 2944 ut
1321 2895 1445 2945 erat
1475 2891 1557 2944 rei
1601 2890 1865 2959 ignarus,
1891 2890 2080 2945 omni-

414 2993 595 3038 genae
645 2977 832 3051 culpa!
887 2979 1306 3050 purgationem
1357 2979 1495 3035 satis
1551 2980 2080 3052 contidenterpro-

411 3065 533 3120 fert
569 3082 580 3118 :
617 3088 642 3112 «
689 3068 852 3136 Ecce,
887 3067 1179 3138 inquiens,
1215 3067 1475 3134 domine,
1520 3085 1696 3123 omne
1741 3068 1926 3134 nefas,
1961 3085 2082 3140 quo
2112 3099 2153 3154 ρ

413 3155 525 3210 tibi
561 3161 875 3227 suspectus
902 3158 1146 3224 habeor,
1178 3157 1221 3212 si
1247 3162 1420 3214 estut
1449 3158 1650 3231 palam
1698 3158 1960 3227 detegas,
2001 3157 2082 3212 le-

411 3243 638 3314 galiter
706 3244 966 3301 refellere
1037 3252 1308 3318 paratus,
1367 3263 1490 3302 non
1549 3247 1778 3303 aestimo
1835 3245 2084 3301 inveniri

407 3348 606 3405 posse
663 3349 784 3406 quo
831 3339 1006 3406 pacto
1063 3335 1212 3391 iram
1265 3340 1432 3391 tuam
1504 3340 1864 3407 tuorumque
1940 3335 2084 3389 tide-

406 3422 574 3477 lium
637 3421 932 3479 incurrere
985 3425 1260 3481 debeam.
1299 3451 1324 3473 ››
1358 3425 1444 3480 Ad
1475 3443 1656 3498 quem
1709 3425 1802 3479 ille
1838 3444 1849 3480 :
1894 3447 1921 3472 ‹‹
1957 3427 2086 3480 Ces-

410 3515 580 3576 sent,
609 3510 818 3584 inquit,
852 3519 1080 3569 cessent
1113 3515 1427 3586 superflua:
1457 3513 1852 3568 excusationis
1883 3512 2088 3567 amba-

410 3618 582 3670 ges;
632 3601 760 3671 jam
819 3602 976 3658 enim
1035 3602 1268 3658 dudum
1326 3602 1768 3657 conclamatum
1800 3606 1905 3670 est,
1950 3601 2090 3655 data

410 3689 744 3757 sententia,
799 3696 864 3746 ut
919 3691 1104 3747 oculis
1151 3708 1375 3748 careas.
1410 3716 1436 3740 ››
1493 3695 1563 3746 At
1611 3691 1704 3747 ille
1737 3689 2088 3760 gladiatorio

410 3777 543 3832 sibi
605 3779 808 3834 animo
858 3779 1142 3847 insistere,
1195 3779 1761 3851 irreparabilemque
1814 3795 1934 3832 suae
1994 3777 2091 3831 de—

407 3867 772 3923 structionis
827 3871 1038 3925 horam
1107 3869 1436 3936 imminere,
1517 3885 1623 3923 nec
1684 3868 1870 3923 ullum
1923 3866 2093 3938 pretii

406 3957 638 4012 locum
669 3958 792 4012 fore
833 3959 1074 4014 ulterius
1105 3975 1372 4027 cernens,
1405 3959 1602 4014 adhuc
1627 3963 1846 4024 tamen,
1879 3973 2092 4028 quam-

406 4048 522 4102 vis
556 4047 632 4102 de
672 4049 946 4121 praesenti
986 4047 1264 4104 difﬁdens
1321 4048 1526 4113 salute,
1584 4046 1933 4118 hujusmodi
1982 4045 2096 4102 cla-

408 4151 673 4193 morem
731 4138 898 4193 addit
950 4158 960 4194 :
1017 4162 1040 4186 ‹‹
1102 4139 1365 4206 Domine,
1423 4137 1686 4206 indulge,
1736 4152 1960 4208 quaeso,
2004 4151 2099 4190 ve-

410 4228 606 4282 niam
638 4271 650 4295 ,
723 4233 779 4283 et
826 4229 873 4282 si
931 4245 1051 4284 non
1101 4232 1344 4301 propter
1401 4226 1804 4282 innocentiam
1855 4241 2095 4292 meam,

417 4317 657 4372 saltem
685 4333 794 4389 pro
821 4334 1024 4373 amore
1060 4318 1156 4373 Dei
1185 4323 1240 4373 et
1265 4322 1484 4373 sanctae
1519 4315 1688 4380 Fidis,
1737 4315 1906 4386 cujus
1941 4330 2102 4370 amo-

413 4425 499 4463 re
531 4407 1075 4480 impraesentiarum
1109 4413 1274 4477 gesto
1307 4423 1545 4462 sacrum
1592 4403 1888 4478 peregrini
1938 4403 2104 4458 habi-

417 4505 593 4554 tum.
671 4522 696 4545 ››
764 4497 854 4551 Ad
910 4497 1036 4552 haec
1093 4503 1259 4552 torva
1312 4495 1510 4552 bellua
1566 4512 1673 4550 nec
1730 4497 1935 4562 Deum,
1995 4508 2104 4548 nec

413 4591 718 4644 sanetam
751 4586 878 4658 ejus
910 4586 1112 4656 magni
1142 4585 1431 4658 pendens,
1461 4585 1642 4640 effero
1674 4583 1882 4640 furoris
1908 4582 2108 4654 rugitu

412 4677 753 4747 frendens,
809 4676 912 4732 diu
956 4680 1310 4748 conceptum
1370 4673 1758 4746 blasphemiae
1809 4688 2107 4728 venenum

409 4771 518 4825 ita
578 4766 780 4822 verbis
826 4766 1042 4822 evomit
1099 4765 1439 4834 sacrilegis:
1489 4787 1515 4813 ‹‹
1551 4768 1662 4819 Nec
1733 4765 1941 4834 Deum,
2000 4778 2108 4816 nee

410 4861 659 4915 sancta
689 4857 860 4912 Fides
890 4856 1088 4925 hodie,
1121 4855 1335 4929 inquit,
1369 4859 1423 4911 te
1453 4853 1746 4920 liberabit,
1781 4868 1974 4924 neque
2005 4867 2108 4907 eos

407 4945 793 5005 invocando
823 4945 1120 5020 proﬁcies,
1155 4949 1275 5001 uta
1304 4943 1586 5000 manibus
1613 4941 1760 4996 meis
1782 4939 2111 5013 impunitus

414 5038 638 5094 abeas
671 5055 683 5092 :
720 5051 914 5109 neque
944 5051 1014 5091 eo
1046 5033 1374 5104 confugies,
1410 5037 1472 5088 ut
1501 5031 1578 5088 ob
1623 5029 1921 5103 peregrini
1948 5029 2114 5085 habi-

413 5135 536 5184 tus
572 5127 996 5195 reverentiam,
1053 5141 1190 5180 cum
1247 5124 1327 5178 sis
1379 5123 1522 5178 mihi
1551 5120 1924 5194 iniquissime
1964 5119 2114 5190 inju-

411 5218 591 5286 rius,
625 5223 682 5272 te
713 5214 1286 5288 incontemptibilem
1310 5211 1833 5283 inviolabilemque
1856 5209 2114 5265 habeam

409 5321 801 5383 personam.
834 5328 862 5355 »
885 5303 980 5360 His
1011 5303 1205 5373 dictis,
1235 5302 1405 5374 jubet
1435 5301 1742 5356 hominem
1795 5299 1924 5354 dari
1971 5313 2116 5371 pree-

411 5397 720 5472 cipitem,
748 5393 1075 5465 oculosque
1105 5391 1439 5449 innocentis
1468 5390 1754 5447 violenter
1784 5387 1948 5460 eripi.
2003 5385 2118 5444 Sed

411 5503 591 5544 cum
625 5483 864 5540 nullum
889 5498 1136 5539 suorum
1166 5481 1291 5556 (qui
1321 5486 1436 5537 tres
1468 5485 1635 5536 erant
1676 5484 1927 5545 tantum,
1970 5493 2117 5549 quo-

407 5593 588 5636 rum
642 5574 892 5631 nomina
938 5578 1180 5645 propter
1226 5569 1588 5626 barbarismi
1615 5567 2116 5642 preetermittimus

407 5664 797 5731 horrorem)
825 5662 901 5717 ad
932 5665 1164 5716 tantum
1191 5659 1420 5715 facinus
1458 5657 1758 5731 impellere
1808 5655 2116 5728 potuisset,

409 5755 629 5813 illum
691 5750 772 5807 ab
827 5748 1052 5806 eisdem
1139 5749 1347 5806 saltem
1433 5747 1661 5817 gravari
1739 5746 2066 5818 impetraris
2104 5787 2117 5812 ,

2109 1741 2148 1794 B

2171 483 2444 536 sanctum
2479 481 2688 537 Christi
2729 499 2947 555 corpus
3001 488 3370 541 contrectare
3418 493 3824 554 consueverat,

2171 568 2260 622 sui
2315 569 2477 625 filioli
2525 571 2731 626 oeulos
2793 573 3077 628 violenter
3132 575 3465 646 abstraxit,
3540 576 3829 650 humique

2171 657 2536 727 negligenter
2584 661 2850 732 projecit.
2911 665 3040 718 Non
3093 663 3218 719 sine
3276 663 3505 721 virtutis
3571 682 3832 739 superna

2171 748 2501 816 praesentia,
2562 765 2696 821 qua:
2743 766 2864 806 non
2901 750 3037 808 sinit
3090 753 3367 809 homines
3412 753 3630 810 divinae
3673 772 3830 811 curas

2173 841 2485 904 exsortes,
2565 843 2619 894 et
2668 855 2903 911 semper
2951 841 3119 897 adest
3172 857 3358 914 prope
3414 843 3832 900 invocantibus

2175 940 2235 978 se
2267 924 2325 978 in
2356 927 2618 993 veritate,
2654 927 2908 1000 facitque
2953 930 3246 1000 judicium
3285 931 3565 1002 injuriam
3609 933 3832 1006 patien-

2176 1012 2352 1067 tibus.
2384 1018 2528 1070 .\'am
2558 1016 2660 1088 qui
2697 1022 2822 1073 tum
2853 1017 3076 1074 ibidem
3105 1020 3368 1087 adfuere,
3415 1038 3653 1078 cernere
3697 1039 3834 1079 con-

2176 1101 2340 1157 tinuo
2370 1104 2606 1159 niveam
2638 1122 2904 1162 meruere
2935 1107 3320 1177 columbam;
3379 1115 3480 1167 aut
3536 1117 3708 1178 certe,
3766 1117 3833 1168 ut

2176 1189 2305 1262 ipse
2381 1192 2578 1248 adhuc
2668 1200 2933 1266 patrator
3008 1197 3242 1252 sceleris
3313 1198 3459 1254 solet
3523 1216 3783 1257 asserere
3817 1244 3830 1270 ,

2177 1279 2311 1350 pica
2354 1281 2588 1337 exstitit.
2667 1284 2805 1348 Quae
2864 1285 3016 1356 pica,
3064 1286 3155 1340 vel
3230 1287 3554 1357 columba,
3614 1289 3833 1346 ocellos

2177 1369 2374 1425 miseri
2428 1373 2646 1427 recenti
2707 1389 2914 1430 cruore
2972 1375 3147 1431 illitos
3203 1376 3265 1431 in
3334 1377 3466 1448 ipsa
3534 1379 3682 1434 hora
3739 1394 3835 1433 suo

2179 1461 2362 1531 scepit
2393 1461 2470 1516 ab
2501 1461 2709 1530 humo,
2747 1479 3049 1538 supraque
3081 1470 3415 1522 montuosae
3447 1467 3666 1524 telluris
3710 1466 3834 1524 alti-

2179 1549 2446 1604 tudinem
2499 1551 2748 1616 elevata,
2806 1553 2884 1608 ad
2939 1553 3208 1610 Conchas
3259 1555 3484 1612 deferre
3550 1557 3675 1612 visa
3724 1560 3828 1612 est.

2181 1638 2350 1702 Quod
2380 1643 2580 1694 tamen
2611 1640 2768 1696 idem
2802 1659 2939 1697 eum
2971 1642 3215 1698 vidisset
3262 1645 3602 1714 sacrilegus,
3649 1645 3834 1718 paeni-

2181 1727 2382 1782 tudine
2423 1728 2636 1784 duetus
2663 1731 2983 1802 lacrymari
3010 1733 3185 1804 erepit
3229 1734 3546 1805 profusius.
3604 1735 3708 1791 Cui
3755 1735 3834 1790 ab

2180 1832 2301 1870 uno
2333 1817 2628 1873 sociorum
2657 1820 2785 1889 ejus
2815 1820 2975 1876 idem
3015 1821 3209 1876 facere
3264 1822 3586 1890 incassum,
3647 1824 3835 1880 tarde-

2179 1921 2296 1976 que
2323 1906 2546 1962 dictum
2597 1912 2702 1962 est.
2763 1908 3022 1980 [mleque
3074 1909 3305 1978 abiens,
3365 1928 3598 1967 sacram
3636 1912 3834 1967 missae

2181 1994 2639 2052 celebrationem
2716 2003 2922 2068 postea
2979 2002 3082 2052 aut
3137 2003 3379 2070 propter
3432 2005 3836 2072 perpetratum

2183 2083 2373 2137 scelus
2405 2100 2524 2139 non
2556 2086 2954 2157 praesumpsit,
2987 2092 3110 2156 aut,
3157 2088 3322 2158 quod
3352 2089 3549 2144 verius
3581 2089 3832 2158 videtur,

2183 2176 2424 2243 propter
2453 2189 2580 2227 rem
2612 2173 2960 2229 saecularem
2989 2175 3236 2231 omnino
3279 2177 3550 2245 neglexit.
3590 2182 3660 2233 At
3699 2193 3836 2232 vero

2184 2266 2372 2316 mater
2400 2263 2579 2332 hujus
2613 2263 2862 2329 Geraldi,
2913 2263 3067 2318 laesae
3111 2264 3461 2322 innocentiae
3506 2266 3841 2322 vehementi

2184 2350 2401 2406 affectu
2449 2368 2787 2424 eompassa,
2851 2353 3203 2424 praedictum
3256 2355 3614 2412 Witbertum
3674 2354 3841 2411 domi

2184 2442 2518 2512 receptavit,
2554 2448 2888 2514 cunctaque
2919 2443 3029 2498 sibi
3058 2445 3414 2508 necessaria,
3436 2445 3629 2501 donec
3659 2461 3842 2501 sanus

2187 2530 2376 2584 factus
2427 2533 2532 2595 est,
2587 2531 3016 2599 benignissime
3057 2532 3479 2604 suppeditavit.
3537 2537 3681 2588 Cum
3721 2548 3844 2605 qua

2187 2619 2366 2675 etiam
2416 2619 2629 2675 eadem
2680 2625 3027 2691 tempestate
3087 2621 3438 2677 obversatus
3480 2622 3687 2689 fuerat,
3720 2638 3842 2678 non

2187 2711 2310 2762 tam
2356 2724 2426 2763 ex
2477 2713 2772 2780 praecepto
2804 2708 2894 2762 sui
2926 2708 3196 2777 senioris,
3251 2726 3435 2781 quam
3485 2710 3842 2766 declinando

2189 2797 2554 2854 atrocitatem
2591 2797 2799 2869 ipsius,
2827 2815 2961 2870 quas
2995 2798 3056 2853 in
3088 2798 3255 2854 illum
3281 2799 3439 2855 idem
3472 2800 3686 2870 senior,
3735 2816 3843 2856 sa:-

2189 2889 2317 2942 vior
2347 2887 2536 2955 solito,
2569 2886 2950 2956 exercuisset,
3008 2903 3081 2942 ex
3131 2903 3254 2960 quo
3298 2887 3428 2943 falsi
3477 2888 3583 2943 zeli
3621 2887 3842 2944 vulnus

2189 2976 2250 3030 in
2307 2976 2482 3031 corde
2539 2975 2916 3047 percepisset.
2950 2979 3000 3029 ls
3051 2975 3310 3047 denique
3364 2992 3547 3032 sanus
3577 2977 3841 3042 eﬁectus,

2191 3065 2403 3120 eodem
2457 3081 2616 3120 anno
2674 3068 2795 3120 arte
2847 3064 3103 3134 joculari
3149 3064 3458 3137 publicum
3515 3064 3847 3136 quieritavit

2192 3155 2434 3222 vietum,
2495 3154 2752 3227 indeque
2797 3161 3100 3228 quaestum
3153 3155 3399 3228 accepit,
3449 3155 3601 3211 adeo
3649 3159 3711 3211 ut
3753 3154 3848 3225 (si-

2194 3248 2293 3299 cut
2322 3243 2504 3299 modo
2531 3243 2748 3300 assolet
2779 3244 3014 3316 referre)
3052 3245 3258 3301 oculos
3293 3245 3443 3301 ultra
3474 3244 3694 3300 habere
3724 3260 3847 3300 non

2195 3337 2463 3396 curaret;
2527 3337 2691 3388 tanta
2743 3349 2881 3388 eum
2939 3338 2996 3388 et
3051 3333 3199 3389 lucri
3246 3333 3561 3405 cupiditas,
3603 3338 3659 3388 et
3692 3350 3852 3389 com-

2194 3422 2359 3476 modi
2380 3421 2725 3490 jucunditas
2756 3421 3108 3478 delectabat.
3157 3422 3400 3478 Evoluto
3436 3422 3636 3494 itaque
3667 3438 3848 3489 anno,

2196 3510 2576 3580 impendente
2609 3509 2996 3565 solemnitatis
3025 3509 3140 3579 die,
3175 3527 3312 3566 cum
3359 3510 3546 3582 pridie
3591 3516 3728 3568 ante
3765 3510 3851 3566 vi-

2199 3600 2401 3669 giliam
2433 3598 2707 3654 membra
2731 3599 2930 3669 sopori
2956 3598 3234 3667 dedisset,
3276 3599 3528 3654 astitisse
3571 3600 3680 3654 sibi
3727 3600 3852 3655 ine-

2199 3687 2511 3744 narrabilis
2537 3686 2842 3756 elegantiae
2874 3687 3002 3743 visa
3039 3692 3126 3741 est
3155 3686 3437 3759 puellula,
3479 3693 3724 3758 aspectu
3749 3703 3854 3744 an-

2201 3776 2387 3847 gelico
2418 3780 2594 3847 atque
2626 3775 3021 3841 serenissimo,
3055 3774 3202 3832 facie
3233 3774 3511 3844 candida,
3561 3791 3855 3847 roseoque

2201 3866 2418 3922 rubore
2442 3865 2714 3934 guttatim
2741 3880 3052 3936 respersa;
3077 3881 3212 3937 qua:
3237 3863 3634 3920 inaestimabili
3659 3864 3856 3921 vultus

2203 3956 2406 4025 vigore
2463 3970 2705 4010 omnem
2762 3954 3098 4010 humanum
3139 3953 3645 4027 superexcellebat
3681 3953 3858 4010 deco-

2206 4062 2354 4101 rem.
2389 4043 2694 4110 Quantitas
2721 4059 2862 4099 vero
2919 4059 3043 4099 non
3089 4043 3208 4100 alia
3250 4048 3374 4099 erat
3401 4060 3587 4116 quam
3625 4059 3697 4100 ea
3725 4059 3861 4116 quae

2207 4134 2504 4207 passionis
2563 4139 2825 4204 tempore
2883 4132 3066 4188 fuisse
3119 4132 3354 4202 legitur,
3410 4132 3469 4187 id
3517 4137 3603 4188 est
3641 4137 3865 4188 statura

2208 4224 2510 4298 puellaris,
2560 4238 2668 4277 nec
2716 4223 2864 4278 dum
2913 4227 3208 4290 provectae.
3239 4221 3444 4278 tetatis.
3480 4225 3674 4278 Vestes
3699 4227 3867 4278 erant

2212 4313 2618 4385 amplissimis,
2679 4327 2947 4383 auroque
2996 4328 3102 4384 per
3159 4316 3346 4367 totum
3392 4311 3626 4368 intextae
3697 4328 3867 4368 mun-

2213 4404 2480 4470 dissimo,
2513 4418 2581 4457 ac
2613 4400 2810 4456 subtili
2858 4400 3104 4471 picturas
3148 4401 3431 4458 varietate
3461 4401 3864 4457 circumdatae.

2214 4493 2576 4552 Maniearum
2657 4506 2796 4544 vero
2866 4490 3170 4560 quantitas
3227 4489 3306 4544 ad
3364 4490 3613 4560 vestigia
3676 4505 3869 4562 usque

2215 4580 2581 4653 dependens,
2629 4577 2689 4632 in
2737 4577 3168 4632 minutissimas
3215 4593 3396 4643 rugas
3449 4594 3568 4649 prae
3625 4578 3715 4633 sui
3745 4594 3872 4634 ma-

2218 4669 2525 4740 gnitudine
2557 4666 2844 4723 subtiliter
2869 4671 3192 4722 contracta.
3220 4666 3333 4722 Sed
3357 4671 3412 4723 et
3441 4666 3696 4735 ligatura
3717 4667 3874 4739 capi-

2217 4760 2290 4814 tis
2320 4759 2378 4814 in
2406 4757 2615 4813 orbem
2643 4753 3000 4827 eomplicata
3044 4754 3138 4810 bis
3191 4755 3347 4810 binis
3402 4755 3699 4827 perspicui
3738 4771 3873 4810 can-

2217 4848 2380 4905 doris
2409 4845 2706 4903 emicabat
2734 4843 3092 4914 margaritis.
3135 4847 3348 4900 Verum
3378 4843 3575 4916 pusilli
3605 4843 3872 4916 corporis

2220 4937 2511 4994 habitudo
2564 4935 2710 4991 nihil
2757 4933 2921 4990 aliud
2977 4933 3126 4989 mihi
3199 4933 3533 5003 signiﬁcare
3602 4931 3873 4998 videtur,

2219 5043 2407 5100 quam
2432 5024 2597 5098 quod
2626 5022 2924 5096 passionis
2955 5026 3244 5095 tempore,
3277 5022 3426 5078 sicut
3463 5020 3742 5084 diximus,
3778 5019 3876 5090 ju-

2222 5115 2389 5171 venis
2442 5113 2654 5182 legitur
2704 5113 2907 5168 fuisse.
2963 5115 3093 5168 Mox
3147 5127 3286 5167 vero
3340 5115 3404 5167 ut
3477 5110 3556 5168 ad
3619 5109 3880 5181 incmpta

2223 5205 2465 5261 redeam
2501 5247 2514 5272 ,
2571 5202 2783 5258 eadem
2833 5201 3194 5270 beatissima,
3248 5200 3480 5256 fulchro
3538 5199 3750 5255 cubilis
3796 5198 3882 5253 in-

2224 5293 2366 5349 nixa
2398 5335 2411 5361 ,
2471 5307 2653 5364 supra
2704 5291 3014 5346 dexteram
3066 5288 3414 5345 dormientis
3477 5287 3703 5346 malam
3733 5328 3752 5360 ,
3804 5285 3882 5343 le-

2226 5382 2376 5438 niter
2433 5380 2811 5452 suaviterque
2885 5392 3072 5434 manu
3149 5375 3397 5433 admota
3427 5418 3444 5448 ,
3524 5375 3607 5433 sie
3675 5375 3805 5432 inﬁt
3863 5391 3878 5428 :

2229 5495 2255 5521 κ
2301 5471 2628 5537 Dormisne,
2661 5467 3000 5524 Witberte?
3032 5491 3060 5516 ››
3119 5467 3223 5523 Cui
3251 5466 3347 5524 ille
3378 5466 3460 5523 ait
3505 5483 3518 5522 :
3572 5489 3599 5515 ‹‹
3651 5465 3761 5532 Qui
3816 5480 3880 5520 es

2227 5561 2330 5632 qui
2354 5576 2448 5615 me
2478 5574 2659 5614 vocas
2687 5558 2714 5612 ?
2747 5580 2773 5605 ››
2831 5560 2906 5611 At
2956 5555 3056 5611 illa
3108 5555 3458 5627 respondit:
3501 5577 3528 5604 ‹‹
3577 5558 3696 5623 Ego
3749 5568 3884 5608 sum

2232 5653 2439 5706 sancta
2470 5647 2654 5704 Fides.
2693 5671 2717 5694 υ
2752 5645 2842 5700 Ad
2869 5661 3056 5717 quam
3083 5645 3177 5701 ille
3211 5663 3224 5701 :
3259 5668 3284 5694 ‹‹
3322 5645 3475 5711 Quid
3515 5661 3700 5700 causa
3734 5641 3883 5698 acci-

2230 5741 2335 5810 dit,
2369 5740 2533 5809 hera,
2581 5741 2645 5794 ut
2685 5736 2766 5794 ad
2807 5753 2905 5796 me
2939 5735 3212 5794 venires?
3263 5739 3382 5792 »Μ
3417 5731 3877 5807 illarespondit:
