4584 6392
772 277 869 330 I35

1839 273 2188 330 BERNARDI
2231 269 2703 330 SCHOLASTICA
2745 268 3090 323 ANDEGAV.
4107 268 4192 320 l36

765 416 792 443 ‹‹
836 395 986 451 Nihil
1038 395 1202 451 aliud
1249 395 1361 452 nisi
1403 399 1467 452 ut
1518 401 1572 452 te
1621 396 1894 452 visam.»
1949 397 2228 453 Witberto
2281 410 2422 450 vero
2454 398 2499 450 Α
2533 389 2864 456 cerebrum,
2913 407 3239 464 versusque
3284 391 3345 446 in
3415 393 3754 464 sturporem
3805 388 4193 446 obdormivit.

767 483 993 554 gratias
1015 490 1248 556 agente,
1281 485 1480 558 ipsum
1511 502 1716 541 rursus
1743 491 1947 542 sancta
1977 486 2144 542 Fides
2175 485 2422 542 interro-

765 578 866 643 gat
897 591 910 629 :
949 596 976 623 ‹‹
1011 573 1410 646 Cognoscisne
1436 577 1578 631 me?
1611 599 1638 624 »
1669 579 1738 630 At
1763 575 1858 631 ille
1905 592 2062 644 eam,
2113 592 2182 632 ac
2226 575 2271 630 si
2293 576 2422 646 jam

764 663 996 719 dudum
1021 663 1234 728 visam,
1261 679 1718 733 recognoscens,
1744 664 1826 719 sic
1856 663 2020 720 visus
2048 669 2134 720 est
2172 680 2421 736 respon-

763 752 950 808 dere:
987 774 1014 802 ‹‹
1047 751 1234 808 Etiam
1287 752 1442 808 bene
1490 757 1542 808 te
1596 753 1792 822 video,
1853 753 2018 822 hera,
2078 759 2134 808 et
2200 753 2422 826 optime

765 858 1082 913 cognosco.
1133 873 1201 882 -—-
1245 841 1344 897 Dic
1373 842 1550 897 etiam
1576 841 1721 898 mihi
1751 842 2060 914 quomodo
2087 847 2140 898 te
2170 843 2420 913 habeas,

763 931 975 1004 inquit,
1016 946 1324 1003 quamque
1362 946 1644 1003 prospere
1679 935 1781 987 tua
1833 947 1926 987 res
1980 936 2210 1001 agatur.
2248 954 2275 981 ››
2324 931 2421 986 Ille

761 1019 1069 1093 respondit
1117 1037 1129 1075 :
1173 1042 1201 1068 ‹‹
1243 1019 1494 1092 Optime,
1544 1021 1708 1091 hera,
1757 1021 1938 1076 rebus
1975 1021 2123 1076 meis
2163 1020 2424 1076 succedit

764 1109 1020 1178 fortuna,
1051 1113 1385 1181 cunctaque
1416 1109 1516 1164 Dei
1545 1109 1733 1179 gratia
1760 1114 1899 1166 sunt
1945 1126 2087 1178 erga
2134 1126 2230 1166 me
2288 1126 2424 1182 pro-

764 1215 955 1272 spera.
1001 1221 1028 1247 ››
1069 1197 1173 1254 Cui
1223 1197 1364 1253 illa:
1417 1220 1445 1246 «
1478 1201 1545 1254 Et
1591 1198 1922 1271 quomodo,
1954 1198 2054 1266 ait,
2111 1213 2416 1270 prospera,

763 1287 905 1362 quia
933 1287 1135 1344 lumen
1163 1287 1293 1342 cceli
1321 1303 1443 1343 non
1474 1287 1640 1343 vides
1664 1290 1692 1344 ?
1732 1312 1760 1338 ››
1803 1287 1898 1343 Ille
1927 1287 2112 1354 enim,
2161 1293 2226 1343 ut
2267 1287 2332 1342 ﬁt
2361 1287 2420 1342 in

769 1377 1018 1443 somnis,
1072 1375 1238 1431 aliter
1283 1391 1468 1448 quam
1518 1391 1611 1431 res
1641 1381 1784 1438 erat,
1838 1375 2039 1432 videre
2086 1379 2416 1448 putaverat.

769 1466 880 1532 Qui
909 1482 1050 1522 mox
1081 1465 1158 1521 ad
1187 1466 1347 1522 hunc
1395 1466 1579 1522 ﬁnem
1627 1465 2180 1535 interrogationum,
2221 1465 2420 1520 oculo-

760 1570 896 1610 rum
928 1553 1324 1610 reminiscitur
1349 1554 1711 1609 amissorum
1743 1571 1756 1609 :
1800 1577 1826 1601 ‹‹
1879 1557 1943 1609 Et
1970 1553 2300 1626 quomodo,
2328 1553 2420 1608 in-

761 1641 996 1715 quiens,
1019 1641 1219 1698 videre
1246 1641 1500 1714 possim,
1548 1641 1651 1714 qui
1697 1657 1857 1697 anno
1908 1641 2203 1714 praeterito
2252 1657 2287 1696 a
2318 1646 2420 1698 tua

761 1731 1070 1787 festivitate
1096 1747 1392 1796 remeans,
1425 1730 1632 1801 injusti
1681 1731 1909 1786 domini
1951 1730 2230 1786 violentia
2280 1745 2418 1785 ocu-

759 1819 849 1877 los
897 1819 1074 1876 miser
1120 1819 1482 1893 perdiderim
1512 1821 1538 1874 ?
1574 1844 1600 1868 ››
1652 1823 1716 1875 Et
1753 1820 1853 1875 illa
1887 1838 1898 1875 :
1933 1843 1959 1868 «
2005 1820 2285 1889 Nimium,
2325 1820 2414 1875 in-

759 1910 906 1982 quit,
947 1913 1132 1965 Deum
1177 1909 1425 1964 offendit
1475 1909 1849 1982 graviterque
1909 1909 2127 1964 summi
2178 1909 2416 1964 artificis

760 1999 911 2054 iram
941 1999 1202 2068 irritavit,
1258 1999 1362 2070 qui
1413 2003 1466 2054 te
1516 1998 1880 2054 immeritum
1927 1999 2192 2070 corporis
2239 1998 2414 2054 detri-

760 2093 963 2144 mento
1020 2087 1349 2143 damnavit.
1403 2090 1638 2156 Verum,
1693 2087 1740 2142 si
1779 2087 2034 2143 crastina
2073 2087 2223 2153 luce,
2279 2104 2414 2160 qure

762 2179 870 2234 erit
921 2177 1186 2249 martyrii
1239 2177 1356 2232 mei
1416 2176 1617 2245 vigilia
1650 2219 1662 2242 ,
1726 2177 1996 2232 Conchas
2062 2177 2412 2249 perrexeris,

763 2271 1114 2340 emptasque
1166 2266 1318 2322 duas
1371 2265 1673 2332 candelas,
1728 2282 1914 2322 unam
1978 2266 2223 2339 quidem
2282 2272 2416 2322 ante

762 2372 933 2413 aram
965 2355 1150 2412 sancti
1183 2355 1782 2423 Salvatoris,alteram
1811 2372 2053 2428 quoque
2081 2361 2216 2412 ante
2249 2373 2416 2412 aram

761 2445 865 2500 ubi
901 2445 1074 2513 gleba
1117 2443 1380 2518 corporis
1434 2444 1548 2500 mei
1609 2444 1847 2500 condita
1902 2449 2006 2514 est,
2041 2445 2411 2518 apposueris,

761 2533 1070 2590 oculorum
1099 2534 1174 2589 de
1203 2534 1433 2603 integro
1460 2533 1918 2589 reformatorum
1948 2534 2160 2589 decore
2219 2550 2409 2590 mere-

757 2623 913 2680 beris
940 2623 1199 2693 gaudere
1225 2642 1236 2690 ;
1271 2622 1568 2694 siquidem
1597 2639 1708 2696 pro
1733 2623 1895 2678 illata
1922 2623 2025 2678 tibi
2055 2623 2272 2692 injuria
2305 2641 2416 2679 coe-

759 2713 1150 2784 lestisjudicis
1181 2712 1459 2785 pietatem
1506 2711 1728 2782 ingenti
1759 2711 2019 2768 clamore
2063 2713 2141 2768 ad
2186 2713 2414 2769 miseri-

759 2801 1026 2858 cordiam
1058 2800 1348 2874 permovi,
1381 2803 1686 2873 Deumque
1715 2817 1824 2874 pro
1855 2801 2042 2857 salute
2072 2806 2171 2856 tua
2193 2801 2414 2856 sedulae

758 2891 948 2965 precis
972 2889 1254 2946 instantia
1285 2889 1491 2944 tandiu
1536 2888 1798 2958 fatigavi,
1841 2889 2111 2962 quandiu
2144 2889 2270 2962 ipse
2300 2889 2414 2946 im-

758 2981 999 3052 petratae
1031 2977 1288 3050 optionis
1327 2976 1590 3041 effectus,
1639 2975 1872 3031 facilem
1924 2976 2412 3049 exorabilemque

759 3067 1052 3123 redderet.
1111 3089 1138 3116 »
1194 3069 1326 3121 Hec
1375 3064 1480 3119 ubi
1531 3064 1687 3119 dicta
1737 3064 1918 3129 dedit,
1974 3065 2152 3137 ccepit
2197 3066 2410 3122 iterum

763 3161 941 3228 atque
965 3156 1179 3211 iterum
1209 3155 1442 3210 abituro
1467 3153 1708 3218 instare,
1741 3159 1797 3210 et
1825 3159 1890 3209 ut
1927 3155 2228 3210 celerrime
2278 3171 2410 3228 per-

763 3251 942 3317 geret,
975 3245 1252 3300 obnixius
1300 3260 1565 3310 monere,
1619 3244 1740 3299 imo
1783 3243 1857 3298 de
1904 3245 2092 3316 pretio
2143 3245 2410 3300 emendae

761 3351 910 3391 certe
967 3333 1274 3402 haesitanti,
1329 3334 1412 3390 ita
1465 3333 1816 3388 consulere:
1851 3356 1876 3381 «
1919 3333 2063 3390 Mille
2117 3335 2408 3404 homines,

761 3441 914 3498 quos
957 3440 1269 3496 nunquam
1326 3422 1541 3490 vidisti,
1603 3423 1810 3495 inquit,
1861 3423 1964 3478 tibi
2011 3428 2146 3479 sunt
2193 3425 2407 3481 daturi.

761 3517 974 3570 Praeter
1001 3514 1126 3570 haec
1157 3518 1374 3582 tamen,
1408 3517 1470 3568 ut
1515 3527 1778 3586 praesens
1829 3511 2134 3582 negotium
2180 3513 2409 3570 facilius

759 3620 1012 3676 peragas
1042 3619 1220 3676 perge
1249 3601 1498 3658 festinus
1529 3602 1808 3674 praesenti
1835 3601 2097 3658 diluculo
2127 3603 2204 3658 ad
2231 3603 2412 3658 eccle-

757 3693 906 3749 siam
937 3693 1118 3763 hujus
1149 3690 1448 3764 parochiae
1500 3691 1666 3762 (sane
1705 3691 1831 3746 haec
1863 3695 1988 3746 erat
2033 3690 2195 3762 apud
2222 3708 2409 3764 quam

756 3781 883 3855 ipse
911 3781 1116 3837 oculos
1137 3780 1436 3850 amiserat,
1491 3795 1626 3852 quae
1667 3779 1744 3835 ab
1800 3779 2048 3852 antiquo
2095 3781 2410 3852 Spariacus

756 3871 1128 3941 vocabatur),
1156 3869 1358 3942 ibique
1383 3869 1629 3924 missam
1661 3869 1930 3934 audiens,
1983 3887 2085 3925 sex
2133 3869 2408 3926 denario-

757 3976 893 4016 rum
923 3959 1176 4032 reperies
1206 3958 1496 4014 datorem.
1532 3982 1559 4008 »
1598 3962 1669 4013 At
1695 3957 1825 4030 ipso
1845 3975 1954 4030 pro
1985 3959 2410 4016 consolationis

760 4047 1052 4104 beneficio
1082 4047 1410 4116 condignas
1438 4051 1631 4117 grates
1657 4047 2036 4119 rependente,
2069 4048 2256 4104 virtus
2293 4066 2410 4106 cre-

760 4135 919 4192 lestis
962 4135 1151 4192 rediit.
1205 4135 1494 4192 Continuo
1524 4151 1664 4204 ergo
1696 4140 2071 4208 experrectus
2099 4136 2413 4209 praefatam

761 4226 1000 4300 expetiit
1049 4225 1396 4294 ecclesiam;
1447 4225 1550 4281 ubi
1625 4242 1763 4281 cum
1810 4225 2102 4282 universis
2170 4243 2413 4283 omnem

759 4317 915 4373 hanc
969 4315 1257 4372 visionem
1307 4314 1676 4388 exposuisset
1715 4331 1821 4387 per
1861 4314 2152 4382 ordinem,
2203 4331 2414 4372 omnes

759 4421 865 4478 pro
897 4404 1286 4460 deliramento
1313 4408 1755 4476 reputaverunt.
1810 4405 1925 4459 Nec
1965 4407 2170 4459 tamen
2207 4404 2414 4476 cceptis

757 4494 1050 4551 desistens
1096 4510 1235 4550 cum
1291 4493 1554 4564 singulos
1609 4491 1910 4562 sigillatim
1969 4491 2365 4565 supplicando
2400 4535 2413 4559 ,

757 4584 1182 4642 circumfusam
1254 4583 1533 4653 rogitaret
1588 4581 2031 4638 multitudinem
2064 4622 2077 4648 ,
2142 4598 2416 4654 quaerens

755 4674 1073 4731 duodecim
1098 4673 1499 4746 oppignerare
1529 4671 1831 4740 denarios,
1855 4687 1888 4728 e
1918 4671 2143 4728 caeteris
2171 4672 2417 4728 tandem

754 4764 1002 4839 quidam
1034 4767 1206 4832 Hugo
1239 4780 1300 4818 se
1325 4761 1668 4835 praeferens,
1699 4761 1838 4816 huic
1889 4766 2093 4834 aperta
2130 4777 2417 4818 crumena

757 4853 938 4926 gratis
969 4869 1076 4908 sex
1096 4867 1380 4907 nummos
1407 4866 1547 4906 cum
1577 4849 1757 4906 obolo
1799 4849 2094 4922 porrexit;
2146 4849 2251 4922 qui
2289 4853 2416 4905 tan-

760 4947 906 5013 tum,
935 4959 1116 5016 quem
1148 4942 1208 4997 in
1261 4941 1485 4997 visione
1529 4942 1858 5011 acceperat,
1914 4939 2164 4994 excessit
2204 4955 2415 4994 nume-

755 5049 910 5089 rum.
933 5035 1093 5088 Tunc
1123 5046 1245 5087 non
1276 5029 1598 5086 immemor
1636 5027 1880 5082 visionis
1927 5027 2144 5084 divinae
2188 5027 2256 5082 ﬁt
2290 5031 2416 5083 cer-

755 5121 866 5178 tior
889 5119 963 5175 de
995 5119 1199 5175 futura
1227 5117 1647 5191 promissione.
1679 5113 1830 5181 Quid
1856 5114 2054 5170 verbis
2095 5130 2250 5188 opus
2280 5116 2418 5170 est?

755 5209 890 5265 Adit
915 5207 1136 5278 locum,
1187 5207 1482 5264 visionem
1531 5203 1730 5278 prodit
1760 5203 2113 5270 senioribus,
2148 5202 2288 5259 emit
2319 5218 2415 5259 ce-

755 5313 912 5364 reos,
943 5295 1188 5370 apponit
1213 5297 1521 5362 altaribus,
1553 5293 1814 5350 excubat
1859 5308 2064 5348 coram
2114 5306 2300 5349 aurea
2327 5307 2420 5350 sa.

758 5383 1101 5440 cratissimaa
1126 5383 1368 5454 virginis
1392 5382 1674 5453 imagine.
1727 5380 1893 5438 Circa
1922 5383 2123 5437 autem
2149 5379 2416 5436 medium

759 5473 947 5528 noctis
975 5472 1208 5526 videtur
1231 5470 1429 5527 videre
1461 5471 1520 5526 in
1550 5469 1862 5526 oculorum
1912 5467 2025 5525 sibi
2077 5469 2413 5524 excisorum

757 5560 998 5616 locellos
1023 5557 1291 5628 geminas
1328 5557 1574 5626 fulgoris
1615 5556 1791 5630 quasi
1836 5557 2076 5626 baccas,
2129 5561 2232 5612 aut
2273 5557 2413 5630 plus

755 5665 942 5722 quam
967 5647 1120 5704 lauri
1146 5645 1374 5703 arboris
1405 5660 1682 5714 magnas,
1715 5645 2034 5701 desursum
2062 5645 2271 5716 emitti,
2316 5660 2420 5717 pe-

759 5738 1040 5810 nitusque
1071 5734 1395 5806 intigi.Qua
1415 5733 1614 5790 statim
1634 5733 2106 5790 reverberatione
2132 5733 2414 5790 confusus

2532 491 2678 545 Cum
2712 493 2912 544 autem
2961 489 3267 544 matutinze
3314 487 3526 544 laudes
3576 493 3924 557 agerentur,
3959 491 4197 560 propter

2531 591 2907 653 concentum,
2951 591 3007 642 et
3035 585 3520 642 vociferationem
3551 585 3944 660 psallentium
4003 601 4197 658 exper-

2529 687 2744 753 rectus,
2777 683 3010 740 videtur
3030 683 3140 739 sibi
3180 683 3533 755 fulgentium
3563 683 3966 740 luminarium
4022 683 4194 738 homi-

2530 797 2799 853 numque
2831 798 2957 838 sese
2989 782 3353 837 morantium
3403 781 3579 854 quasi
3623 781 3912 838 umbram
3967 781 4194 852 conspi-

2531 870 2671 926 cari.
2701 873 2914 926 Verum
2945 887 3054 944 pro
3085 871 3317 926 interno
3348 870 3622 927 cerebelli
3651 871 3885 940 dolore,
3932 870 4030 925 sui
4060 887 4195 943 pene

2530 959 2749 1014 oblitus
2806 960 2972 1032 quod
3020 961 3101 1016 rei
3154 960 3369 1016 veritas
3427 965 3554 1016 erat
3593 959 3844 1016 minime
3898 959 4195 1030 credulus,

2531 1055 2829 1112 somniare
2855 1056 3052 1130 potius
3079 1056 3496 1113 arbitrabatur.
3529 1055 3797 1112 Tandem
3828 1073 3976 1111 cum
4006 1047 4199 1128 paula-

2530 1145 2657 1214 tim,
2689 1163 2871 1219 quem
2903 1147 3053 1202 inter
3083 1151 3353 1218 tempora
3380 1150 3757 1218 conceperat,
3798 1151 4023 1218 stupor
4065 1145 4197 1200 deti-

2531 1240 2704 1303 ccret,
2739 1236 2916 1309 caepit
2943 1233 3072 1307 jam
3111 1236 3372 1309 apertius
3417 1253 3618 1292 rerum
3647 1235 3880 1291 formas
3911 1235 4199 1290 discerne—

2529 1341 2611 1392 re,
2645 1330 2822 1398 atque
2847 1325 2907 1381 in
2933 1343 2994 1380 se
3024 1325 3119 1380 vix
3147 1341 3424 1381 reversus
3452 1324 3655 1380 recolit
3702 1324 4036 1394 visionem,
4084 1341 4196 1380 ma-

2530 1414 2829 1487 nibusque
2857 1415 3144 1488 appositis
3171 1418 3496 1471 contrectat
3521 1414 3801 1470 rediviva:
3844 1413 4007 1469 lucis
4050 1413 4194 1470 fene-

2531 1508 2679 1559 stras
2719 1503 2948 1559 carneis
2994 1503 3367 1574 integerrime
3414 1503 3657 1576 pupillis
3689 1503 3750 1558 in
3791 1503 3996 1558 fronte
4023 1503 4196 1558 refor-

2529 1597 2740 1648 matas.
2769 1597 2839 1649 At
2867 1593 3150 1649 continuo
3193 1592 3473 1649 adhibitis
3518 1592 3790 1658 testibus,
3835 1593 4196 1648 immensam

2531 1682 2737 1739 Christi
2769 1682 3274 1752 magniﬁcentiam
3322 1681 3634 1738 immensis
3675 1681 4040 1755 praedicavit
4091 1682 4199 1736 lau-

2528 1771 2724 1826 dibus.
2761 1771 2886 1828 Fuit
2905 1771 3081 1839 igitur
3111 1771 3407 1827 ineffabile
3436 1771 3750 1840 gaudium,
3794 1771 4084 1826 inaudita
4111 1771 4196 1826 la?-

2528 1861 2670 1929 titia,
2700 1861 3060 1917 incredibilis
3091 1866 3316 1934 stupor,
3349 1861 3606 1917 dubium
3645 1877 3805 1934 pene
3851 1860 4194 1916 discrimen.

2529 1956 2727 2006 utrum
2787 1951 2983 2006 somni
3037 1951 3464 2019 imaginatione
3522 1967 3602 2006 an
3657 1950 3742 2006 rei
3788 1951 4047 2007 veritate
4093 1957 4193 2006 tam

2527 2041 2864 2096 inauditum
2889 2041 3243 2097 miraculum
3275 2045 3604 2110 cernerent,
3633 2041 3952 2114 praecipue
3985 2041 4080 2096 bis
4108 2043 4195 2113 qui

2527 2129 2691 2202 prius
2723 2146 2860 2185 eum
2891 2135 3200 2186 noverant.
3235 2130 3390 2185 Inter
3418 2130 3545 2186 haec
3593 2146 3688 2186 res
3736 2129 4009 2185 ridicula
4039 2131 4197 2202 plau-

2529 2236 2716 2292 suque
2745 2219 3106 2288 dignissima
3137 2219 3349 2275 accidit
3374 2237 3387 2287 ;
3431 2236 3594 2286 nam,
3628 2223 3693 2274 ut
3721 2224 3856 2275 erat
3884 2219 4080 2275 homo
4109 2237 4201 2291 pu-

2527 2309 2773 2364 rissimae
2807 2309 3215 2382 simplicitatis,
3246 2309 3484 2382 irrepsit
3515 2309 3568 2365 ei
3597 2309 3658 2364 in
3686 2309 3875 2364 corde
3899 2311 4199 2381 superflua

2529 2398 2754 2454 timoris
2798 2398 3130 2470 trepidatio.
3167 2402 3335 2454 Forte
3382 2397 3548 2454 illum
3599 2397 3934 2454 Geraldum
3965 2399 4077 2472 qui
4107 2399 4198 2452 SllJt

2527 2489 2759 2544 dudum
2789 2488 2994 2544 oculos
3021 2488 3336 2557 evulserat,
3365 2488 3441 2544 ad
3474 2487 3808 2560 publicam,
3857 2494 3930 2544 ut
3983 2491 4076 2557 tit,
4125 2506 4200 2543 so-

2525 2577 2893 2634 lemnitatem
2917 2578 3288 2639 adventasse,
3317 2577 3548 2650 sibique
3580 2577 3807 2647 denuo,
3847 2578 3900 2632 si
3931 2595 4086 2634 casu
4118 2579 4198 2632 ot»

2525 2666 2690 2722 vium
2732 2666 2996 2736 haberet,
3053 2667 3269 2722 fretum
3309 2667 3537 2738 majore
3570 2683 3776 2730 manu,
3842 2675 4198 2722 renovatum

2525 2755 2837 2810 oculorum
2882 2755 3065 2810 decus
3112 2756 3378 2811 excisum
3417 2756 3499 2812 ire
3534 2773 3547 2810 :
3581 2756 3806 2811 idcirco
3863 2772 4028 2826 ergo
4074 2757 4200 2810 inter

2527 2846 2842 2902 confusum
2875 2845 3284 2918 promiscuum
3333 2845 3518 2901 turbae
3564 2846 3886 2918 strepitum
3943 2864 4082 2919 quo
4121 2865 4201 2919 pe»

2527 2935 2636 2990 tuit
2661 2934 2929 2990 occultus
2969 2933 3238 2990 elabitur.
3273 2934 3552 2990 Nondum
3586 2940 3788 2990 tamen
3841 2935 3930 2989 ad
3967 2935 4199 3008 plenuu

2525 3023 2599 3078 de
2645 3022 2974 3094 recuperati
3027 3022 3272 3077 luminis
3328 3022 3491 3078 dono
3540 3027 3665 3078 erat
3709 3027 3950 3090 certus,
4021 3029 4198 3078 tantu<

2454 3091 2494 3149 ο
2524 3127 2662 3166 eum
2693 3110 2772 3165 rei
2798 3115 3004 3182 stupor
3033 3109 3349 3179 invaserat,
3374 3127 3512 3165 cum
3537 3110 3682 3165 forte
3704 3110 3866 3165 inter
3894 3114 4196 3181 angustia

2525 3200 2836 3256 turbarum
2867 3199 2944 3254 ad
2965 3198 3280 3254 ecclesiam
3310 3199 3825 3268 concurrentium,
3869 3201 4022 3271 jam
4066 3202 4195 3256 clas:

2522 3287 2616 3344 die
2647 3289 2884 3344 asinum
2913 3287 3161 3344 oﬂ’endit
3191 3287 3554 3361 appositum.
3591 3289 3784 3354 Quem
3816 3305 3980 3344 cum
4015 3289 4196 3344 fuisse?

2521 3376 2788 3444 intuitus,
2845 3375 2993 3430 virili
3043 3375 3351 3432 severitate
3403 3375 3800 3448 increpitans,
3865 3377 3968 3433 sic
4034 3378 4196 3433 infit:

2523 3488 2549 3512 ‹‹
2593 3465 2748 3520 Heus
2805 3469 2866 3520 tu
2901 3509 2915 3534 ,
2973 3465 3178 3532 homo,
3232 3465 3510 3538 quisquis
3567 3481 3670 3532 es,
3720 3465 3986 3538 inepte,
4051 3467 4197 3531 abis;

2521 3554 2756 3610 asinum
2786 3559 2974 3622 tuum,
3026 3571 3101 3610 ne
3140 3553 3245 3610 ﬁat
3284 3553 3611 3610 viatoribus
3662 3554 4147 3612 offendiculum.
4183 3583 4190 3588 ~

2520 3643 2619 3698 Hic
2670 3643 2933 3716 primum
2985 3642 3060 3698 de
3105 3642 3347 3698 veritate
3397 3642 3534 3698 facti
3579 3642 3777 3698 factus
3833 3644 4196 3700 certissima

2521 3733 2763 3788 secessit
2810 3737 3067 3804 praepete
3117 3731 3261 3800 fuga
3310 3731 3388 3788 ad
3435 3731 3775 3804 quemdam
3828 3739 4070 3790 notum
4115 3733 4194 3787 siin.-

2520 3822 2794 3889 militum,
2859 3822 3030 3892 cujus
3078 3819 3472 3893 municipium
3521 3819 3582 3877 in
3622 3821 3936 3876 eminenti
3971 3839 4122 3896 rupe
4147 3841 4197 3876 sr-

2521 3915 2648 3966 tum
2681 3911 2761 3966 ita
2791 3916 3007 3966 natura
3032 3926 3233 3966 rerum
3265 3909 3530 3982 undique
3579 3909 3929 3977 munierat,
3989 3919 4057 3968 ut
4104 3930 4197 3968 ore

2522 3999 2783 4056 nimodis
2813 3999 3106 4055 machinis
3152 3998 3561 4054 inaccessibile
3610 3998 3966 4069 videretur,
4021 4019 4140 4058 non
4177 4017 4196 4054 ε

2525 4089 2775 4147 Conchis
2799 4088 3038 4158 longius
3068 4105 3255 4160 quam
3310 4087 3610 4144 sexdecim
3663 4087 3981 4146 millibus.
4041 4090 4129 4146 Ad
4159 4090 4194 4144 id

2523 4194 2665 4246 ergo
2697 4182 2938 4250 propter
2967 4177 3452 4250 inexpugnabilis
3483 4176 3656 4232 vallis
3686 4177 4038 4236 tuitionem
4089 4196 4196 4235 con-

2524 4265 2778 4335 fugiens,
2812 4265 2906 4320 vix
2936 4265 3260 4337 aliquando
3313 4281 3350 4320 a
3401 4263 3714 4320 monachis
3781 4267 3998 4323 multa
4055 4285 4186 4341 prec:

2525 4359 2827 4421 exoratus,
2862 4353 3169 4426 multaque
3196 4352 3506 4409 securitate
3535 4352 3806 4408 donatus
3833 4356 4194 4422 rediit.t)uu;

2450 4445 2492 4499 D
2525 4459 2664 4500 cum
2709 4442 2976 4515 plerique
3007 4458 3238 4508 omnes,
3271 4446 3395 4498 tam
3445 4457 3520 4498 ex
3569 4440 3995 4517 longuinquis
4042 4462 4193 4519 quan;

2528 4531 2816 4604 proximis
2846 4530 3188 4600 regionibus
3211 4528 3599 4594 conﬂuentes,
3641 4545 3758 4602 pro
3789 4531 4094 4589 inaudito
4123 4549 4193 4587 ωι-

2526 4620 2730 4676 raculo
2760 4635 2898 4675 eum
2929 4618 3196 4676 certatim
3225 4617 3425 4674 videre
3474 4617 3759 4674 festinant
3811 4622 4125 4677 nonnulla
4160 4636 4192 4672 ε

2525 4709 2817 4765 beneficia
2833 4707 3150 4764 indulsisse
3172 4707 3460 4764 abeuntes
3491 4705 3912 4777 gratulantur.
3965 4714 4106 4776 Quae
4129 4726 4194 4764 re:

2527 4803 2592 4854 ut
2611 4814 2686 4853 ex
2713 4797 2878 4854 omni
2905 4801 3072 4870 parte
3102 4796 3407 4852 dubietate
3439 4800 3685 4866 careret,
3714 4813 3854 4853 non
3890 4800 4103 4856 statim
4123 4799 4194 4851 ut;

2527 4903 2684 4961 saepe
2713 4885 2906 4942 dictus
2937 4885 3251 4942 Witbertus
3278 4883 3466 4941 oculis
3488 4884 3764 4957 privatus
3787 4889 4193 4958 exstitit,illun:

2525 4975 2825 5033 miseratio
2883 4976 3148 5040 sanavit;
3207 4991 3440 5044 verum,
3501 4978 3567 5030 ut
3616 4977 4073 5047 supradictum
4117 4989 4191 5032 e51.

2524 5070 2645 5122 toto
2673 5080 2834 5122 anno
2855 5080 2890 5120 a
2930 5063 3116 5119 salute
3147 5062 3481 5136 suspendit,
3508 5067 3761 5136 arteque
3821 5067 4026 5125 etiam

2523 5153 2750 5211 rilitatis
2798 5153 3212 5226 compluribus
3263 5153 3386 5208 suis
3463 5153 3975 5226 provincialibus
4047 5157 4189 5214 ocul:

2525 5247 2768 5316 captum
2800 5243 3047 5309 notavit,
3079 5246 3474 5314 notatumque
3512 5245 3753 5300 cunctis
3805 5247 3897 5304 ad
3949 5249 4189 5305 ultimus.

2525 5339 2778 5396 sanavit.
2815 5343 2879 5395 ln
2904 5355 3026 5412 quo
3056 5338 3204 5394 nihil
3229 5355 3300 5395 eo
3331 5338 3579 5395 inferius
3611 5345 3874 5412 gestum
3907 5351 4014 5402 est
4059 5346 4189 5400 mira;

2525 5436 2747 5505 culum,
2775 5437 2940 5510 quod
2970 5437 3032 5493 in
3063 5436 3383 5507 Evangelia
3427 5435 3504 5493 de
3545 5454 3717 5496 caeco
3759 5447 3925 5500 nato
3977 5444 4164 5515 legite:

2525 5541 2580 5592 et
2635 5535 2816 5593 etiam
2865 5535 3052 5590 multo
3112 5534 3496 5603 mirabilius;
3558 5536 3892 5611 siquidem
3945 5544 4080 5618 ipsa,
4122 5541 4187 5592 tig-

2524 5633 2665 5689 ritas
2743 5649 3030 5706 sequaces
3089 5649 3230 5689 suos
3287 5633 3526 5704 majora
3603 5639 3837 5711 utique
3921 5658 4104 5716 quam
4151 5660 4180 5687 ς

2527 5730 2786 5790 facturos
2817 5748 2944 5788 esse
2969 5729 3327 5803 promiserit,
3355 5730 3644 5802 inquiens
3682 5752 3702 5792 :
3739 5761 3770 5786 ‹‹
3811 5741 3942 5807 Qui
3970 5739 4175 5798 credita"
