4584 6412
2055 61 2183 68 τ’-Ἲ
2267 61 2316 73 ν
2359 61 2400 65 ’ί
2517 61 2580 72 v-
2623 61 2700 70 -ν

427 212 518 263 137
1484 213 1610 266 LIB.
1652 213 1742 265 DE
1781 213 2150 267 MIRACULIS

2193 212 2486 267 ςΑΝΟΤΑε)
2529 213 2725 268 FlDlS.

3706 223 3804 274 l38

418 350 534 400 me,
563 350 747 405 opera
768 350 902 406 quae
933 349 1044 401 ego
1075 333 1249 402 facio,
1281 338 1337 389 et
1365 334 1491 406 ipse
1523 333 1713 397 faciet,
1761 337 1816 388 et
1842 335 2073 404 majora
2106 339 2152 390 Α
2194 333 2421 400 mulus,
2449 352 2658 390 verum
2692 336 2880 392 multo
2898 338 3090 406 magis
3115 344 3394 406 gravatus
3416 340 3647 395 occidit.
3676 343 3845 406 Quod

417 425 635 479 horum
671 423 858 488 faciet,
891 423 1034 494 quia
1061 439 1170 492 ego
1197 423 1275 477 ad
1308 426 1535 478 Patrem
1566 422 1742 478 vado.
1782 445 1806 471 η

1088 514 1308 567 CAPUT
1351 517 1412 567 ll.

911 601 996 654 De
1027 601 1186 654 mulo
1218 602 1588 656 resuscitato.

491 689 743 745 Veniens
770 688 1020 761 quidam
1045 688 1212 743 miles
1235 689 1308 743 de
1327 704 1484 761 pago
1507 688 1822 757 Tolosano,
1851 691 2076 742 Bonus-

416 777 577 833 filius
607 777 871 843 nomine,
907 778 1078 848 cujus
1113 777 1266 832 ﬁlius
1294 777 1491 832 adhuc
1525 781 1828 849 superstes
1867 776 2078 831 eodem

417 873 697 924 censetur
739 867 1058 936 vocabulo,
1111 866 1188 922 ad
1247 871 1520 922 sanctum
1564 866 1809 936 virginis
1855 865 2074 932 locum,

416 974 559 1014 cum
587 958 716 1028 jam
747 973 867 1011 non
899 956 1136 1026 longius
1167 973 1202 1010 a
1250 956 1382 1010 vico
1436 955 1839 1012 Conchacensi
1891 971 2098 1026 quam.

415 1046 661 1102 duobus
720 1045 903 1101 ferme
959 1045 1192 1100 abesset
1247 1044 1529 1109 millibus,
1585 1045 1926 1115 jumentum
1985 1043 2078 1098 cui

413 1135 738 1205 insidebat,
758 1135 956 1190 nescio
983 1151 1104 1206 quo
1128 1133 1339 1189 morbo
1359 1149 1732 1206 percussum,
1754 1137 1993 1205 repente
2016 1133 2080 1187 iit

415 1225 717 1281 exanime.
751 1223 1069 1280 Conductis
1095 1239 1236 1292 ergo
1267 1222 1525 1292 rusticis,
1550 1227 1614 1278 ut
1637 1223 1894 1279 cadaver
1915 1221 2075 1277 corio

414 1315 764 1383 detegerent
792 1311 1088 1384 praecepit.
1123 1315 1249 1383 Ipse
1280 1328 1443 1383 vero,
1495 1329 1605 1385 pro
1646 1311 1816 1382 cujus
1874 1326 2077 1366 amore

414 1403 528 1457 iter
595 1401 834 1472 egisset,
911 1401 986 1456 ad
1054 1405 1325 1456 sanctam
1384 1399 1671 1472 processit
1744 1399 2074 1468 virginem;

414 1491 672 1563 soloque
710 1490 1098 1560 decumbens,
1132 1489 1326 1545 fundit
1350 1506 1577 1562 preces,
1601 1487 1896 1561 expromit
1921 1492 2072 1542 vota.

415 1585 728 1637 Postremo
785 1585 920 1635 ante
996 1596 1245 1635 auream
1314 1579 1730 1635 sacratissimce
1793 1576 2073 1648 martyris

2191 423 2400 478 videns
2433 424 2634 490 homo,
2661 425 2880 497 hospiti
2939 444 3047 482 suo
3086 428 3392 483 venundat
3435 429 3684 484 corium.
3743 432 3845 485 Cui

2192 529 2330 568 cum
2360 515 2764 585 nequissimus
2795 517 3013 589 hospes
3035 535 3221 588 quam
3244 519 3560 574 minimum
3589 520 3843 592 pretium

2190 602 2536 673 porrigeret,
2568 609 2734 659 ratus
2760 605 2921 677 quia,
2957 607 3004 661 si
3035 607 3177 662 nihil
3209 607 3394 675 daret,
3419 608 3623 663 itidem
3648 613 3843 664 tamen

2189 691 2453 759 haberet,
2487 692 2582 748 ille
2613 693 2897 749 Geraldus
2929 695 3102 750 valde
3131 695 3498 766 indignatus,
3525 713 3630 769 per
3650 699 3843 754 varias

2190 794 2447 835 caesuras
2476 780 2538 836 in
2567 781 2747 850 longo
2767 787 2821 836 et
2850 783 2908 836 in
2943 787 3278 839 transverso
3307 784 3497 842 sulcat
3539 786 3842 841 cadaveris

2189 866 2364 934 latus,
2432 885 2504 924 ne
2557 869 2844 942 videlicet,
2905 888 2968 925 se.
3027 871 3164 926 inde
3237 873 3514 940 abeunte,
3586 875 3842 929 infidelis

2188 956 2407 1029 hospes
2437 958 2666 1027 integro
2699 964 2926 1028 tergore
2959 962 3263 1028 gauderet.
3293 963 3575 1035 Denique,
3606 968 3841 1036 arrepto

2190 1062 2311 1100 sua:
2342 1047 2833 1117 peregrinationis
2861 1049 3098 1113 bacillo,
3132 1050 3403 1106 exstincti
3429 1051 3841 1121 jumentiocu-

2187 1134 2313 1189 lum
2341 1135 2585 1208 cuspide
2635 1137 2994 1208 perfodiens,
3045 1139 3425 1211 caudamque
3479 1141 3838 1213 percutiens,

2189 1223 2269 1278 ita
2299 1224 2659 1280 furibundus
2681 1225 2840 1280 infit:
2870 1247 2900 1280 ς
2923 1227 3070 1289 Quid
3097 1244 3256 1283 nunc
3275 1227 3607 1284 detrimenti
3636 1235 3842 1286 saneta

2192 1313 2356 1368 Fides
2388 1318 2703 1386 pateretur,
2736 1315 2781 1369 si
2807 1315 2957 1371 inter
2987 1316 3101 1372 alia
3133 1317 3453 1373 sanitatum
3487 1318 3667 1387 dona,
3700 1320 3838 1374 huic

2188 1403 2365 1457 etiam
2397 1403 2560 1458 mulo
2587 1405 2899 1459 sanitatem
2921 1405 3197 1476 reddens,
3223 1412 3344 1462 tam
3359 1406 3602 1477 longam
3625 1408 3840 1464 cande-
3905 1400 3915 1407 ’

2187 1490 2309 1544 lam
2337 1490 2448 1545 sibi
2466 1491 2767 1547 sortiretur
2786 1495 2812 1548 ‘2
2838 1493 3007 1549 Modo
3039 1494 3216 1550 miser
3246 1495 3464 1567 duplici
3499 1495 3837 1552 discriminc

2187 1579 2382 1648 ferior,
2398 1579 2545 1634 inter
2565 1580 2694 1635 vias
2706 1581 2998 1651 pedestris
3020 1583 3406 1650 remanendo,
3427 1588 3482 1639 et
3500 1584 3562 1639 in
3581 1585 3837 1656 patriam

410 1671 748 1740 imaginem
776 1669 849 1724 de
877 1669 1196 1724 amissione
1224 1668 1366 1724 muli
1399 1672 1762 1740 conquestus
1789 1672 1892 1721 est.
1928 1669 2076 1722 Nam
2118 1689 2157 1741 Β
2188 1668 2381 1723 decies
2408 1668 2595 1724 denos
2619 1669 2842 1725 solidos
2873 1671 3037 1726 fratri
3064 1672 3456 1744 persolvendo
3485 1674 3654 1742 (tanti
3678 1674 3837 1730 enim

409 1761 566 1833 quia
593 1760 753 1815 idem
785 1758 984 1814 mulus
1016 1757 1540 1831 prmstantissimus
1556 1772 1826 1829 peneque
1849 1757 2076 1811 incom-

410 1848 709 1922 parabilis
759 1848 985 1903 fuisset.
1043 1848 1360 1919 Propterea
1399 1846 1575 1901 nimis
1631 1845 1884 1914 graviter
1917 1844 2075 1900 triste

409 1939 636 1994 tulerat
665 1937 974 2002 amissum,
1026 1936 1356 2009 praesertim
1405 1952 1542 1991 cum
1574 1935 1635 1990 in
1694 1935 1853 1989 bono
1899 1950 2076 2005 opere

408 2027 743 2083 desudanti
781 2025 1055 2081 inimicus
1077 2025 1403 2098 praevalens
1429 2025 1725 2081 damnum
1757 2024 1868 2079 sibi
1925 2023 2075 2078 intu-

404 2117 600 2171 lisset.
637 2115 816 2185 Cujus
842 2113 981 2168 ﬁdei
1008 2113 1273 2169 soliditas
1327 2130 1448 2169 non
1493 2130 1680 2185 parva
1710 2112 1886 2166 laude
1919 2111 2078 2165 vide-

410 2212 514 2261 tur
544 2203 885 2261 extollenda
910 2222 921 2271 ;
955 2220 1098 2259 nam
1123 2203 1223 2258 ubi
1246 2203 1324 2258 ab
1351 2203 1617 2259 oratione
1637 2201 1830 2270 desiit,
1851 2200 2072 2268 mulus,

408 2294 678 2367 pedibus
763 2293 984 2364 quibus
1058 2291 1186 2362 jam
1269 2291 1578 2348 tenebatur
1658 2289 2074 2357 excoriandus,

409 2391 745 2455 utrumque
790 2381 1075 2437 rusticum
1126 2380 1489 2437 calcitrando
1545 2380 1784 2450 longius
1845 2395 2074 2448 arcens,

410 2475 664 2544 (mirum
695 2472 912 2541 dictu!)
969 2470 1233 2527 redivivo
1259 2470 1512 2542 prosiliit
1560 2469 1730 2536 saltu,
1765 2474 1940 2541 atquc
1971 2483 2078 2540 per

407 2561 620 2618 media
668 2561 958 2616 montium
1002 2559 1337 2626 cacumina,
1375 2559 1674 2614 sociorum
1723 2557 2076 2614 animalium

406 2651 660 2708 inhians
713 2648 995 2718 vestigiis,
1048 2647 1385 2722 prorumpit
1432 2647 1509 2702 ad
1545 2647 1759 2702 vicum.
1795 2649 2075 2702 Cerneres

408 2741 670 2808 animal,
721 2744 786 2795 ut
827 2739 886 2794 hi
926 2739 1031 2811 qui
1075 2742 1391 2811 praesentes
1436 2737 1755 2792 adfuerunt
1807 2751 2074 2807 persaepe

407 2832 596 2888 nobis
625 2834 930 2897 testantur,
960 2829 1130 2899 juxta
1150 2827 1466 2883 modulum
1488 2827 1647 2881 bruti
1678 2842 1888 2881 sensus
1912 2841 2077 2880 recu-

405 2925 643 2996 peratae
700 2919 835 2975 vitae
880 2917 1102 2988 gaudio
1146 2917 1397 2983 ﬂuitare,
1448 2931 1771 2988 coramque
1828 2914 2080 2970 ecclesia

405 3009 770 3067 cursitando
828 3024 934 3080 per
987 3006 1270 3095 plateam,
1315 3004 1791 3095 quodammodo
1841 3003 2080 3059 factoris
2111 3038 2152 3095 Ο

404 3099 752 3156 bonitatem
772 3096 1005 3158 sentire,
1030 3113 1098 3151 ac
1117 3094 1366 3167 proinde
1383 3094 1590 3150 crebro
1611 3093 1846 3149 hinnitu
1885 3096 2079 3162 grates

406 3195 540 3247 Deo
573 3188 809 3254 referre,
843 3185 986 3259 quia
1015 3185 1119 3241 dat
1142 3183 1428 3254 jumentis
1476 3199 1676 3238 escam
1707 3182 1997 3254 ipsorum,
2028 3185 2084 3236 et

402 3278 600 3353 pullis
627 3291 948 3332 corvorum
976 3273 1395 3329 invocantibus
1425 3289 1585 3328 eum.
1643 3274 1832 3338 Quem
1881 3271 2082 3343 praeci-

401 3370 571 3443 pites
604 3365 807 3423 rustici
832 3363 1101 3432 insecuti,
1149 3367 1487 3418 cruentatas
1538 3362 1738 3419 adhuc
1788 3365 2084 3451 gestantes

400 3458 668 3526 cultros,
700 3455 896 3511 visum
925 3451 1270 3527 prodigium
1297 3467 1476 3524 super
1496 3451 1661 3506 mulo
1693 3450 1891 3506 adhuc
1915 3448 2084 3505 dubi-

402 3546 690 3606 tantibus
715 3547 1012 3600 euarrant.
1047 3545 1114 3597 Et
1144 3545 1206 3597 ut
1235 3546 1392 3597 certa
1421 3540 1623 3613 opinio
1644 3556 1768 3595 non
1797 3539 1980 3595 modo
2004 3537 2080 3594 vi-

397 3635 696 3693 dentium
751 3648 852 3688 ore
896 3635 1050 3688 esset
1101 3634 1397 3697 contenta,
1447 3628 1550 3684 sed
1595 3627 1773 3684 etiam
1815 3627 2081 3700 quadam

394 3740 707 3798 expressa
738 3722 1032 3795 scriptura
1061 3735 1304 3775 omnem
1334 3717 1739 3786 ambiguitatis
1765 3719 2082 3772 evacuaret

391 3829 706 3882 errorem,
736 3812 832 3868 hic
886 3811 946 3866 in
975 3814 1228 3881 utroque
1283 3806 1609 3880 posteriore
1657 3822 1826 3862 crure
1883 3821 2082 3861 recen-

391 3907 571 3962 tium
587 3902 907 3980 plagarum
929 3899 1126 3954 sulcos
1151 3898 1357 3968 (instar
1372 3893 1912 3952 vetustissimarum
1935 3895 2082 3950 cica-

394 3994 660 4058 tricum,
720 3989 856 4063 pilis
910 3988 1091 4044 etiam
1141 3983 1614 4054 canescentibus)
1675 3983 1888 4040 eadem
1933 3983 2082 4038 hora

392 4081 618 4141 solida
642 4080 928 4151 junctura
959 4076 1332 4140 reformatos,
1365 4072 1557 4128 donec
1611 4071 1901 4145 superfuit
1946 4089 2081 4128 mu-

388 4174 536 4237 lus,
602 4165 1055 4224 resurrectionis
1107 4162 1395 4219 indicium
1449 4161 1687 4232 [gessit].
1732 4161 1886 4218 Miles
1943 4178 2082 4218 vero

393 4266 544 4318 Deo
578 4261 922 4328 sanctasque
952 4255 1080 4325 ejus
1109 4268 1218 4326 pro
1252 4250 1577 4322 gratiarum
1609 4250 1840 4306 actione
1893 4268 2083 4307 unum

393 4364 681 4409 aureum
708 4346 985 4414 offerens,
1017 4346 1192 4408 retro,
1250 4340 1410 4395 unde
1460 4344 1724 4407 venerat,
1776 4341 2086 4396 revertitur

394 4441 496 4498 ad
531 4436 799 4511 patriam
826 4451 838 4489 :
863 4435 1114 4507 ipsoque
1137 4430 1383 4488 animali
1401 4434 1617 4485 sanctae
1636 4428 1794 4485 Fidei
1808 4429 2081 4496 remisso,

391 4524 704 4603 plurimis
733 4527 868 4597 post
887 4521 1026 4579 inde
1057 4519 1230 4577 annis
1276 4518 1536 4592 plurima
1583 4517 1636 4573 ei
1682 4517 1933 4574 donaria
1983 4516 2085 4572 de-

389 4616 668 4689 legavit.

1088 4702 1310 4757 CAPUT
1351 4702 1436 4754 Ill.

879 4793 1022 4848 Item
1048 4791 1239 4846 simile
1264 4789 1648 4844 miraculum.

493 4886 664 4944 Miles
695 4881 945 4956 quidam
980 4879 1285 4950 Geraldus,
1312 4877 1478 4933 haud
1500 4877 1757 4933 obscura
1809 4893 2087 4950 persona,

392 4973 787 5037 morabatur
807 4971 865 5026 in
888 4985 1049 5042 pago
1073 4968 1417 5038 Ruthenico,
1433 4967 1492 5022 in
1511 4966 1652 5022 villa
1669 4967 1940 5022 videlicet
1955 4984 2090 5039 quae

2187 1758 2370 1814 ambo
2395 1758 2650 1813 invicem
2680 1760 2948 1828 germani
2977 1760 3051 1815 de
3078 1761 3240 1816 mulo
3266 1761 3365 1816 illo
3414 1768 3835 1835 convenerant,

2188 1846 2236 1900 si
2257 1846 2401 1901 forte
2432 1847 2638 1902 mortis
2668 1848 3000 1920 periculum
3023 1849 3406 1920 incurrisset).
3443 1873 3470 1900 ››
3521 1853 3585 1906 Et
3615 1851 3710 1906 vix
3742 1852 3836 1907 ille

2187 1934 2313 1990 luec
2342 1936 2710 2007 paucissima
2741 1938 2921 1993 verba
2952 1939 3372 2011 compleverat,
3398 1957 3536 1995 cum
3563 1941 3835 1996 revivens

2185 2023 2385 2079 mulus
2417 2024 2569 2080 saltu
2600 2025 2881 2082 citissime
2923 2028 3179 2083 constitit
3223 2029 3588 2101 quadrupes.
3642 2033 3708 2085 Et
3763 2047 3836 2087 ne

2187 2113 2320 2184 quis
2348 2113 2460 2168 nisi
2487 2130 2522 2169 a
2552 2131 2689 2170 vera
2711 2120 2897 2170 morte
2928 2116 3095 2170 illum
3121 2117 3438 2172 aestimaret
3473 2117 3720 2182 exsihre,
3776 2119 3837 2174 in

2186 2201 2317 2274 ipso
2349 2208 2570 2274 puncto
2599 2203 2881 2274 temporis
2911 2221 3033 2276 quo
3055 2205 3113 2259 id
3138 2211 3339 2261 actum
3370 2211 3474 2273 est,
3508 2207 3840 2264 vel-nabant

2187 2290 2251 2345 in
2264 2291 2516 2347 modum
2542 2291 2788 2364 picturae
2819 2292 3094 2350 universa
3123 2294 3484 2351 detruncata:
3508 2296 3656 2350 cutis
3705 2297 3840 2366 stig-

2186 2387 2370 2449 mata,
2398 2398 2519 2437 non
2539 2383 2669 2452 jam
2695 2382 3032 2454 perfusionc
3064 2385 3288 2440 cruoris
3312 2386 3587 2455 recentia,
3622 2387 3750 2457 sed,
3778 2391 3840 2443 ut

2186 2470 2260 2524 de
2291 2470 2406 2525 alio
2433 2471 2574 2540 dixi,
2630 2472 2897 2544 quodam
2931 2473 3117 2529 nitore
3147 2473 3450 2544 lanuginis
3502 2492 3612 2530 ceu
3659 2480 3842 2531 veter-

2184 2575 2355 2615 nosa.
2399 2562 2523 2622 Quo
2549 2560 2707 2615 facto
2737 2567 3106 2616 memoratus
3137 2562 3423 2618 Geraldus
3455 2563 3715 2619 maxime
3741 2579 3840 2632 ga-

2185 2648 2368 2714 visus,
2401 2647 2572 2703 rediit
2599 2648 2872 2715 domum,
2906 2653 3145 2722 Deoque
3176 2667 3245 2706 ac
3274 2655 3492 2707 sanctae
3524 2652 3651 2722 ejus
3708 2668 3839 2722 gra-

2190 2738 2299 2793 tias
2316 2737 2434 2806 egit
2457 2737 2745 2808 ingentes,
2774 2739 3029 2811 factique
3066 2740 3336 2795 miraculi
3359 2741 3684 2798 novitatem
3704 2759 3839 2814 pas-

2190 2827 2301 2882 sim
2354 2827 2780 2882 disseminavit.
2844 2831 2988 2883 Nota
3046 2829 3324 2885 nobilitas
3368 2829 3476 2885 viri
3519 2830 3738 2902 pariter
3785 2835 3841 2886 et

2189 2915 2337 2971 fides
2394 2915 2678 2971 omnibus
2725 2920 2887 2984 erat;
2939 2917 3042 2990 qui
3073 2934 3147 2972 ne
3202 2923 3418 2974 temere
3461 2919 3553 2974 vel
3603 2919 3839 2989 garrule

2189 3004 2525 3078 quidquam
2572 3004 2869 3060 videretur
2919 3007 3152 3075 referre,
3209 3007 3442 3063 mulum
3493 3007 3839 3064 vulneribus

2190 3100 2461 3151 notatum
2490 3094 2699 3150 habuit
2719 3095 3275 3168 impraesentiarum.
3320 3101 3437 3153 Hoc
3465 3097 3582 3170 ipsi
3634 3114 3839 3154 mona-

2192 3185 2309 3255 chi,
2338 3184 2523 3240 sedet
2551 3183 2650 3240 alii
2708 3184 3065 3257 complures,
3122 3185 3225 3258 qui
3273 3186 3471 3259 ipsum
3522 3186 3839 3243 Geraldum

2191 3279 2400 3347 postea
2437 3273 2586 3345 plus
2638 3273 2850 3328 millies
2896 3274 3191 3342 viderunt,
3239 3276 3384 3331 mihi
3427 3280 3837 3332 narraverunt.

2194 3364 2306 3421 Sed
2331 3367 2396 3418 ut
2423 3362 2502 3419 ad
2525 3363 2710 3418 ﬁnem
2740 3362 3061 3419 verborum
3087 3379 3499 3436 properemus,
3559 3365 3693 3438 quis
3749 3364 3839 3420 in-

2191 3469 2375 3508 sanus
2406 3451 2558 3508 ultra
2586 3452 2899 3507 hominum
2919 3454 3409 3510 resurrectionem
3438 3455 3561 3510 fore
3613 3454 3841 3510 dubitet

2189 3542 2250 3599 in
2272 3543 2491 3612 futuro,
2519 3541 2764 3614 quando
2790 3541 2918 3611 jam
2939 3541 3000 3597 in
3028 3543 3304 3614 praesenti
3321 3549 3638 3614 resurgunt
3661 3543 3840 3600 etiam

2191 3631 2473 3688 animalia
2503 3633 2529 3687 ζ)

2842 3723 3062 3776 CAPUT
3104 3723 3185 3774 IV.

2191 3814 2277 3868 De
2305 3811 2532 3868 annulo
2562 3817 2775 3880 negato
2801 3817 2853 3866 et
2879 3815 3085 3879 postea
3117 3815 3339 3866 sancta:
3393 3811 3534 3867 Fidi
3584 3811 3834 3867 reddata.

2264 3901 2552 3968 Quendam
2583 3900 2797 3956 nobilis
2827 3904 3120 3968 matrona,
3146 3899 3352 3957 audita
3376 3900 3538 3957 fama
3564 3900 3638 3956 de
3663 3900 3840 3955 virtu-

2193 3992 2349 4048 tibus
2371 3995 2589 4046 sanctaa
2614 3990 2784 4057 Fidis,
2807 3989 2945 4045 illuc
2966 3990 3130 4046 abire
3151 3990 3400 4063 paravit.
3423 3992 3564 4056 Quae
3583 4006 3719 4046 cum
3734 3989 3841 4045 iter

2191 4082 2536 4154 inceptaret,
2569 4079 2935 4147 recordatur,
2962 4081 3086 4151 jam
3110 4080 3555 4152 aliquantulum
3581 4096 3616 4136 a
3639 4079 3841 4135 limine

2192 4185 2530 4243 progressa,
2563 4169 2729 4242 quod
2777 4168 3287 4242 peregrinantium
3345 4168 3602 4225 annulos
3634 4175 3843 4224 sancta

2196 4259 2362 4314 Fides
2393 4258 2455 4312 in
2473 4257 2702 4313 somnis
2718 4257 3074 4330 quieritaret.
3100 4260 3227 4315 Mox
3251 4273 3392 4326 ergo
3413 4262 3569 4313 retro
3588 4256 3722 4312 fecit
3739 4272 3841 4328 pe-

2193 4348 2354 4414 dem,
2386 4347 2818 4419 propriumque
2850 4345 3163 4413 annulum,
3184 4346 3257 4400 de
3286 4346 3469 4416 digito
3490 4345 3839 4411 detractum,

2195 4436 2488 4492 arcessita:
2542 4435 2922 4490 cubicularire
2972 4434 3428 4490 custodiendum
3509 4433 3839 4490 committit.

2200 4549 2226 4576 ‹‹
2252 4530 2406 4597 Cape
2422 4526 2602 4589 hunc,
2622 4524 2834 4595 inquit,
2875 4528 3053 4595 atque
3081 4528 3312 4579 servato
3346 4523 3493 4578 dum
3516 4523 3713 4590 redeo,
3771 4539 3844 4577 ne

2198 4615 2343 4670 forte
2357 4616 2564 4669 sancta
2577 4612 2742 4667 Fides
2761 4611 3100 4684 quaesitum,
3117 4611 3165 4666 si
3181 4611 3446 4666 detulere
3458 4611 3530 4666 ad
3554 4611 3842 4676 Conchas,

2200 4701 2345 4758 mihi
2372 4700 2618 4756 auferat.
2649 4723 2674 4746 ‹‹
2707 4703 2926 4772 Nempe
2950 4701 3075 4754 haec
3097 4704 3287 4755 astute
3335 4717 3348 4754 :
3399 4703 3690 4771 tanquam
3747 4699 3848 4754 ali-

2201 4791 2372 4862 cujus
2394 4788 2624 4845 cautela
2651 4787 2946 4844 declinarc
2968 4787 3158 4860 possit
3185 4787 3340 4842 illius
3386 4787 3843 4860 providentiam,

2200 4880 2304 4952 qui
2326 4883 2650 4950 antequam
2675 4876 3123 4952 fiantprtevidet
3146 4875 3369 4932 omnia.
3396 4875 3548 4941 Quid
3569 4875 3742 4948 plura
3757 4877 3784 4930 ?
3808 4880 3852 4931 lt

2201 4950 2433 5036 mulier,
2449 4966 2617 5024 solvit
2636 4950 2974 5022 orationum
2991 4965 3397 5036 debita,atque
3418 4964 3568 5019 redit
3591 4981 3727 5019 cum
3748 4980 3851 5035 pa-

2203 5073 2288 5114 ce.
2311 5060 2483 5112 Nocte
2512 5053 3132 5124 consecuta,virginea
3154 5053 3380 5125 species
3411 5051 3730 5108 somnianti
3755 5069 3853 5124 ap-

2204 5148 2534 5220 paret.Quae
2553 5161 2711 5210 cum,
2725 5147 3176 5214 rogata,sanctae
3196 5142 3347 5198 Fidis
3371 5141 3662 5197 vocabulo
3682 5158 3853 5196 suam

2205 5235 2477 5292 notitiam
2508 5234 2917 5300 innotesceret,
2943 5233 3211 5305 protinus
3248 5237 3307 5286 ut
3331 5231 3441 5286 sibi
3469 5231 3640 5287 detur
3670 5231 3854 5303 impe-

2205 5325 2365 5381 riosa
2410 5322 2753 5378 auctoritate
2802 5321 3061 5377 annulus
3116 5324 3338 5375 monet.
3368 5323 3497 5375 Mox
3526 5319 3759 5374 mulieri
3795 5336 3858 5373 se

2209 5413 2500 5471 annulqu
2527 5413 2748 5469 habere
2775 5411 3174 5467 dissimulanti
3199 5411 3460 5480 suggerit
3493 5412 3637 5466 hera
3660 5411 3860 5482 ipsum

2210 5519 2340 5559 esse
2370 5518 2552 5574 quem
2577 5501 2786 5556 abiens
2817 5500 2894 5555 ad
2919 5500 3208 5568 Conchas,
3243 5516 3314 5553 nc
3347 5499 3460 5554 sibi
3485 5500 3673 5564 daret,
3703 5498 3866 5552 cubi-

392 5063 664 5124 Villaris
716 5063 1118 5132 nuncupatur,
1164 5058 1391 5114 distans
1446 5073 1482 5112 a
1527 5056 1778 5113 Conchis
1826 5058 1944 5112 fere
1990 5073 2092 5111 sex

391 5168 732 5234 passuum
752 5148 1034 5205 millibus.
1070 5148 1170 5203 Hic
1200 5163 1340 5210 cum
1371 5149 1558 5201 Roma
1581 5144 1909 5217 aliquando
1939 5145 2094 5200 redi-

391 5251 536 5313 ret,
563 5239 786 5300 accidit
810 5244 875 5294 ut
903 5237 1123 5304 mulus,
1157 5253 1341 5309 quem
1393 5253 1430 5292 a
1457 5236 1634 5291 fratre
1665 5252 1774 5292 suo
1823 5235 2095 5293 Barnado

391 5332 650 5394 clerico
681 5331 994 5399 acceperat
1017 5330 1248 5394 mutuo,
1275 5324 1476 5379 nescio
1523 5339 1646 5396 quo
1692 5324 1831 5380 vitio
1873 5325 2094 5380 fractus

389 5421 694 5483 deficere
726 5415 1022 5486 cmpisset.
1053 5418 1123 5468 At
1147 5413 1274 5484 ipse
1324 5417 1544 5467 sanctae
1579 5413 1753 5480 Fidis,
1795 5431 1980 5486 quam
2034 5418 2099 5468 ut

384 5509 700 5569 vicinam
728 5501 1012 5571 habebat,
1040 5500 1468 5556 miraculorum
1523 5501 1888 5570 recordatus,
1940 5500 2099 5555 vovit

387 5598 634 5660 eidem
656 5603 771 5665 pro
794 5590 980 5646 salute
1011 5589 1288 5645 animalis
1305 5588 1642 5658 candelam,
1665 5589 2097 5659 longitudinem
2211 5589 2448 5647 culariae
2466 5589 2882 5644 commisisset.
2907 5591 3069 5644 Mane
3093 5587 3248 5643 facto
3269 5591 3610 5660 experrecta
3633 5585 3860 5640 mulier.

389 5696 404 5758 [’
421 5691 494 5759 ej
511 5702 590 5740 us
622 5678 857 5748 caudaa]
884 5677 1242 5734 habituram.
1279 5681 1391 5732 Nec
1425 5680 1623 5732 tamen
1677 5678 2097 5734 convalescens
2216 5678 2484 5734 divinam
2521 5675 2809 5732 visionem
2871 5675 3031 5731 velut
3070 5674 3513 5748 phantasticum
3554 5673 3645 5729 vel
3691 5673 3864 5728 inane

891 5769 1129 5820 Punor.
1173 5768 1342 5822 CXLI.
3554 5768 3584 5815 5
