3952 6390
394 185 493 241 139

1476 166 1827 227 ΒΕΒΝΑΒΒΙ
1866 163 2319 223 SCHOLASTICI
2359 169 2707 225 ANDEGAV.

3004 134 3037 157 .-

3706 172 3825 225 146

397 304 705 362 somnium
736 303 992 375 reputat.
1022 298 1136 357 Sed
1168 298 1351 353 ﬁnem
1379 297 1459 352 rei
1491 310 1678 368 quare
1703 290 1925 348 diutius
1944 288 2054 343 im-
2088 292 2135 342 Α
2165 288 2343 363 facta,
2367 291 2544 348 enixa
2569 297 2659 349 est
2683 293 2936 349 alterum
2962 312 2974 360 ;
3009 310 3269 365 quorum
3298 294 3571 359 nomina,
3604 294 3844 367 primo—

395 411 595 452 morer
618 394 645 449 ?
701 392 859 448 Illico
886 389 1100 446 mulier
1132 393 1253 444 tam
1284 385 1512 442 etiicaci
1564 382 1744 439 febris
1782 381 1918 450 igne
1950 393 2056 450 per

395 485 743 541 universum
796 478 1063 553 corporis
1109 476 1369 550 spatium
1414 478 1665 530 aestuare
1711 469 1937 542 incipit,
1991 470 2057 521 ut

396 575 514 642 vix,
563 589 688 629 una
715 572 865 627 hora
894 568 1214 625 consistere
1245 570 1466 639 posset.
1520 568 1602 620 Ita
1632 568 1831 618 tamen
1859 557 2055 614 triduo

395 680 600 740 passa,
629 662 796 720 rediit
839 660 899 716 in
943 677 1025 726 se,
1058 656 1456 713 reminiscitur
1500 653 1712 726 eulpae,
1744 649 2057 740 conﬁtetur

398 735 842 825 negligentiam.
873 752 1000 805 Mox
1032 762 1175 815 ergo
1206 750 1270 801 ut
1298 743 1582 818 praecepit
1605 756 1831 813 equum
1854 735 2053 802 sterni,

400 850 464 901 ut
508 841 778 903 videlicet
808 838 1069 895 i‘eeidivo
1118 835 1352 892 tramite
1402 833 1478 889 ad
1529 835 1811 889 Sanctam
1858 826 2056 883 Fidem

397 934 709 999 remearet,
744 927 966 983 nimius
998 924 1229 981 ardoris
1266 921 1581 978 remittitur
1610 923 1822 985 (estus;
1853 916 2059 987 sicque

397 1017 615 1076 sanaﬁt
637 1022 695 1075 et
721 1016 928 1088 gavisa
953 1014 1124 1082 redit,
1138 1028 1259 1069 non
1285 1011 1594 1068 modicum
1617 1008 1851 1063 lucrum
1880 1018 2059 1076 repu—

401 1114 533 1166 tans
560 1112 903 1182 permutare
932 1103 1227 1161 annulum
1251 1118 1361 1175 pro
1388 1100 1598 1157 salute.

1065 1230 1288 1285 CAPUT
1326 1229 1390 1283 V.

906 1337 993 1391 De
1036 1335 1290 1392 manicis
1329 1332 1546 1389 aureis.

468 1470 599 1523 3am
629 1480 767 1521 vero
795 1467 1026 1537 quanta
1053 1476 1159 1535 per
1185 1463 1461 1516 sanetam
1490 1454 1691 1513 Fidem
1706 1448 2056 1523 hujusmodi

399 1554 691 1611 miracula
722 1554 1011 1610 Dominus
1044 1551 1281 1625 operari
1310 1549 1593 1618 dignatus
1619 1549 1724 1611 est,
1748 1557 1929 1599 nemo
1954 1555 2058 1613 po-

398 1645 507 1702 tuit
546 1644 755 1700 omnia
790 1642 1061 1707 retinere,
1108 1655 1306 1712 neque
1357 1655 1428 1694 ea
1472 1653 1609 1710 quae
1652 1637 1882 1689 retenta
1918 1635 2059 1686 sunt
2088 1647 2129 1701 Β

399 1733 501 1789 ulli
531 1737 705 1789 vacat
732 1731 1008 1787 scribere.
1024 1734 1221 1786 Pauca
1246 1733 1448 1785 tamen
1474 1726 1548 1781 de
1575 1724 1668 1780 his
1695 1738 1831 1795 quae
1853 1718 2056 1776 audivi

399 1822 661 1895 praefatis
684 1820 821 1877 volo
852 1820 1221 1886 subnectere,
1254 1818 1337 1874 ita
1363 1815 1610 1889 quidem
1641 1818 1706 1869 ut
1730 1828 1839 1867 nec
1866 1808 2055 1867 nimio

401 1911 633 1968 silentio
664 1910 1014 1978 taciturnus,
1048 1922 1159 1965 nec
1196 1906 1384 1962 nimia
1415 1903 1772 1960 verbositate
1810 1900 2056 1955 odiosus

399 2001 624 2057 videar.
661 1999 791 2057 Seio
836 2003 975 2055 ante
1013 2013 1127 2053 nos
1155 1996 1422 2052 dictum:
1469 1996 1656 2050 Omne
1686 2006 1889 2047 rarum
1920 2004 2056 2061 pre-

400 2090 725 2147 tiosum.l£t
745 2088 881 2144 ideo
912 2087 990 2142 ad
1011 2085 1524 2159 comparationem
1554 2082 1796 2154 reliquae
1826 2078 2060 2134 univer-

399 2179 585 2236 sitatis
610 2178 806 2235 scribo
833 2194 991 2246 rara,
1020 2182 1083 2232 ut
1115 2177 1231 2231 sint
1252 2175 1536 2249 pretiosa.
1558 2170 1896 2240 indulgebit
1915 2184 2056 2238 ergo

400 2269 665 2325 Christus
706 2267 969 2335 veniam,
1015 2265 1182 2338 quod
1222 2263 1414 2320 sciens
1442 2266 1728 2335 praetereo
1776 2258 2054 2332 plurima.

400 2356 682 2414 Arsendis
734 2372 886 2411 uxor
928 2353 1199 2410 Willelmi
1238 2352 1517 2409 Tolosani
1560 2349 1793 2406 comitis
1841 2346 2058 2419 (fratris

396 2446 556 2502 illius
585 2444 784 2501 l’oncii
810 2445 914 2517 qui
943 2444 1022 2500 ab
1050 2442 1291 2499 Artaldo
1316 2445 1453 2514 post
1477 2441 1602 2495 haec
1624 2436 1903 2511 privigno
1925 2451 2054 2501 suo,

399 2535 540 2593 dolo
574 2535 915 2591 interfectus
947 2534 1076 2604 fuit)
1107 2532 1375 2588 habebat
1403 2529 1667 2586 armillas
1701 2542 1934 2591 aureas,
1966 2524 2059 2580 vel

398 2626 597 2700 potius
641 2624 823 2697 (quod
858 2639 1050 2696 usque
1090 2622 1169 2678 ad
1216 2621 1485 2677 cubitum
1529 2615 2056 2685 continuabantur)

396 2715 686 2780 manicas,
720 2712 972 2767 mirifico
1003 2724 1184 2782 opere
1208 2708 1585 2780 gemmisque
1614 2703 1889 2779 pretiosis
1920 2702 2057 2758 insi-

396 2804 612 2874 gni‘tas.
659 2804 793 2857 Haec
822 2817 963 2856 cum
1012 2800 1072 2855 in
1116 2815 1226 2855 suo
1265 2796 1452 2854 nobili
1497 2800 1685 2851 stratu
1728 2792 2056 2866 aliquando

397 2893 527 2950 sola
554 2890 957 2960 accubuisset,
997 2889 1155 2945 videt
1184 2904 1290 2960 per
1320 2885 1624 2943 somnium
1654 2890 1789 2941 ante
1816 2900 1877 2939 se
1909 2899 1977 2938 ac
2009 2881 2056 2936 si

400 2981 859 3055 speciosissime:
890 2978 1103 3051 puella:
1134 2978 1394 3033 formam
1442 2973 1820 3048 pertransire.
1863 2974 2057 3038 Quam
2092 3000 2129 3055 ε

400 3087 538 3127 cum
568 3084 692 3143 prae
722 3069 908 3125 nimia
934 3068 1183 3124 miratur
1208 3065 1527 3135 elegantia,
1578 3063 1677 3119 tali
1703 3062 2058 3132 rogitatione

400 3159 744 3231 aggreditur
768 3176 784 3212 -:
827 3157 946 3219 Dic,
980 3155 1281 3228 inquiens,
1314 3155 1458 3209 hera
1484 3167 1772 3225 quaenam
1810 3167 1944 3206 esse
1970 3149 2057 3204 vi-

396 3248 577 3306 deris.
608 3266 642 3300 ω
695 3249 911 3305 Sancta
963 3244 1131 3301 Fides
1181 3242 1392 3299 humili
1422 3242 1733 3315 respondit
1780 3256 1923 3296 voce
1965 3256 2059 3295 ro-

400 3338 563 3410 ganti
598 3355 612 3394 :
642 3360 672 3388 κ
705 3339 922 3393 Sancta
950 3334 1121 3390 Fides
1155 3348 1266 3401 ego
1305 3348 1462 3399 sum,
1495 3330 1611 3385 noli
1641 3330 1939 3398 dubitare,
1975 3329 2062 3384 vi-

398 3442 567 3497 rago.
600 3449 627 3477 η
677 3430 747 3482 At
790 3425 892 3481 illa
916 3428 1129 3480 contra
1159 3421 1495 3477 admodum
1533 3419 1904 3492 supplicans,
1934 3418 2015 3474 ait
2043 3436 2056 3473 :

399 3518 445 3573 Ο
472 3521 684 3573 sancta
710 3517 876 3581 hera,
908 3511 1125 3585 utquid
1148 3511 1224 3566 ad
1264 3509 1659 3582 peccatricem
1686 3508 1969 3565 accedere
1997 3523 2059 3564 es

400 3606 673 3674 dignata?
708 3629 736 3654 ››
762 3607 922 3659 'l‘unc
944 3603 1005 3658 in
1035 3600 1245 3657 eadem
1269 3600 1419 3654 hora
1439 3598 1747 3668 negotium
1768 3597 2059 3653 adventus

403 3694 491 3750 sui
523 3697 729 3751 sancta
777 3691 945 3748 Fides
984 3689 1219 3745 intimat
1266 3686 1668 3760 percontanti:
1722 3710 1746 3735 ‹‹
1777 3690 1860 3742 Da
1890 3685 2058 3755 mihi,

399 3783 611 3856 inquit,
640 3782 915 3838 Amanicas
937 3795 1152 3835 aureas
1180 3794 1338 3851 quas
1359 3777 1546 3833 habes
1576 3792 1951 3849 pergensque
1982 3775 2060 3831 ad

403 3873 696 3941 Conchas,
742 3886 865 3926 alae
910 3867 1108 3924 «sancti
1156 3864 1476 3923 Salvator-is
1507 3866 1896 3938 superponito
1935 3881 2055 3919 eas.

403 3963 537 4016 Haec
560 3960 724 4014 enim
755 3963 841 4013 est
870 3972 1057 4013 causa
1087 3954 1489 4027 quamobrem
1525 3958 1689 4009 tuam
1710 3953 2059 4025 expetierim

398 4047 802 4122 praesentiam.
827 4063 857 4098 ›
890 4046 979 4100 Ad
1006 4045 1135 4100 hmc
1162 4044 1429 4116 prudens
1461 4048 1761 4113 matrona,
1783 4057 1906 4097 non
1937 4046 2059 4097 tan-

400 4143 532 4193 tum
574 4152 798 4191 munus
837 4134 1070 4206 absque
1118 4133 1321 4189 fenore
1373 4147 1559 4204 passa
1587 4131 1773 4199 abire,
1806 4131 1889 4186 sic
1937 4131 2017 4186 ait
2042 4149 2058 4187 ‘:

406 4250 435 4277 ‹‹
465 4229 509 4284 O
538 4229 749 4283 saneta
792 4224 958 4292 hera,
992 4223 1039 4278 si
1065 4238 1172 4295 per
1205 4227 1255 4277 te
1291 4225 1441 4277 Deus
1473 4237 1570 4276 me
1596 4220 1866 4277 mascula
1896 4221 2062 4293 prole

404 4315 714 4374 fecundari
758 4313 1003 4378 dederit,
1050 4312 1114 4367 id
1162 4311 1364 4367 libenti
1420 4311 1625 4368 animo
1676 4310 1843 4382 quod
1883 4310 2060 4381 jubes

400 4420 717 4478 exsequar.
755 4428 782 4454 ››
809 4403 901 4459 Ad
930 4418 1117 4475 quam
1157 4406 1366 4457 sancta
1392 4401 1560 4456 Fides
1593 4418 1606 4455 :
1641 4404 1759 4456 Hoc
1790 4400 2062 4473 omnipo-

400 4501 533 4552 tens
561 4498 819 4563 Creator,
861 4492 960 4559 ait,
989 4507 1099 4564 pro
1130 4490 1356 4547 famula
1405 4507 1514 4545 sua
1557 4490 1835 4547 facillime
1866 4491 2058 4560 faciet,

403 4586 449 4641 si
494 4582 658 4658 quod
713 4583 952 4656 postulo
1008 4597 1133 4637 non
1180 4580 1570 4650 negaveris.»
1623 4581 1685 4635 1n
1735 4581 2058 4636 crastinum

402 4674 616 4732 mulier
632 4674 751 4730 hoc
798 4686 1096 4744 responso
1141 4670 1471 4739 sollicitata,
1517 4670 1806 4742 perquirit
1836 4670 2062 4726 studio-

404 4763 637 4818 sissime
666 4778 788 4834 quo
828 4761 892 4817 in
920 4776 1080 4832 pago
1118 4758 1284 4814 vicus
1312 4758 1418 4830 qui
1462 4759 1739 4813 Conchas
1770 4759 2065 4814 vocitatur

403 4854 548 4908 situs
586 4852 681 4919 sit,
724 4851 998 4906 nondum
1042 4848 1204 4904 enim
1237 4847 1748 4904 Conchaeensium
1778 4849 2062 4905 virtutum

400 4942 634 4997 novitas
670 4939 785 4995 nisi
826 4952 983 5004 raro,
1034 4935 1184 4992 ﬁnes
1237 4950 1380 4990 suos
1429 4940 1784 4993 excesserat.
1820 4938 1949 5003 Quo
1983 4937 2063 4993 ab

402 5032 493 5086 his
523 5030 624 5103 qui
650 5030 1077 5101 compererant
1112 5028 1441 5097 comperto,
1472 5024 1735 5096 ipsamet
1762 5026 2062 5098 peregrini

402 5120 605 5174 functa
637 5118 855 5189 officio,
901 5132 1117 5171 aureos
1146 5131 1218 5170 eo
1247 5114 1587 5170 braehiolos
1632 5132 1771 5171 eum
1822 5133 2063 5173 summa

403 5208 719 5262 devotione
748 5205 976 5274 detulit,
1013 5209 1252 5277 Deoque
1301 5218 1371 5259 ac
1402 5207 1624 5258 sanetae
1662 5206 1794 5275 ejus
1826 5205 2060 5261 obtulit.

406 5296 611 5366 Ibique
642 5295 994 5350 venerabilis
1046 5298 1322 5350 matrona
1342 5292 1579 5365 aliquot
1606 5295 1933 5351 Dominieee
1961 5299 2064 5351 Re-

406 5386 784 5439 surrectionis
802 5385 930 5439 dies
960 5385 1385 5440 honorabiliter
1406 5400 1614 5454 agens,
1647 5403 1878 5459 suaque
1909 5404 2063 5461 prir-

406 5474 595 5529 sentia
625 5474 1057 5528 solemnitatem
1102 5475 1430 5544 honoratis,
1464 5476 1679 5532 deinde
1712 5478 1787 5533 ad
1814 5480 2063 5551 propria

381 5561 598 5618 'rediit.
650 5564 791 5627 Quae
839 5563 1013 5631 juxta
1053 5563 1269 5619 divina;
1305 5565 1546 5621 visionis
1597 5568 2060 5638 promissionem

412 5651 706 5722 com-epit,
728 5655 783 5705 et
812 5650 1045 5721 peperit
1073 5654 1433 5710 masculum.
1470 5660 1815 5730 Rursusque
1839 5658 2047 5727 gravid

2166 380 2347 448 geniti
2393 383 2806 455 Raymundus,
2841 384 3087 439 secundi
3140 384 3441 440 Henricus.
3484 388 3581 439 Hae.
3614 389 3843 456 postea.

2165 469 2415 525 manicae
2448 472 2506 527 in
2540 488 2693 545 opus
2720 472 2937 528 tabulae.
2976 474 3215 528 fuerunt
3249 478 3645 546 consumptae.

2822 582 3043 635 (JAI’U'l'
3086 583 3169 635 Vl.

2170 686 2251 740 De
2280 687 2532 742 muliere
2560 703 2690 758 qua?
2721 691 3036 757 usurparit
3088 690 3383 743 annulum
3424 705 3593 759 quem
3627 690 3836 744 altera

2478 761 2733 814 moriens
2763 767 2986 815 san.ch
3008 761 3149 814 Fidi
3173 762 3520 831 reliquerat.

2241 864 2337 917 Est
2365 863 2678 935 quoddam
2711 865 3024 937 oppidum,
3050 866 3180 920 vico
3200 864 3605 921 Conehaeensi
3639 865 3833 921 conti—

2168 951 2479 1019 guum,cui
2496 952 2607 1006 sub
2630 951 2851 1008 ditione
2873 954 3315 1009 monachorum
3338 954 3588 1027 quidam
3605 954 3839 1009 Austri-

2166 1054 2280 1094 nus
2328 1041 2730 1113 praesidebat;
2787 1041 3021 1097 (ludum
3066 1044 3237 1113 cujus
3277 1060 3388 1099 nos
3418 1059 3835 1099 successorem

2166 1128 2561 1202 vidimus,nec
2578 1135 2780 1187 tamen
2804 1131 3160 1187 miraculum
3183 1132 3349 1205 quod
3370 1133 3566 1189 dicere
3586 1133 3836 1189 inchoa-

2168 1235 2302 1273 mus
2350 1225 2554 1276 nostra
2602 1225 2773 1276 aetate
2822 1219 2931 1277 fuit
2987 1222 3311 1294 antiquius.
3360 1223 3462 1277 Hic
3514 1222 3834 1278 Austrinus

2164 1309 2411 1381 annulo,
2436 1326 2619 1383 quem
2645 1327 2796 1367 uxor
2825 1311 3135 1367 nomine...
3157 1312 3419 1368 moriens
3451 1318 3672 1369 sanctae
3707 1311 3839 1367 Fidi

2164 1398 2539 1471 promiserat,
2569 1399 2817 1456 alteram
2839 1400 3083 1457 nomine
3099 1402 3459 1473 Avigernam
3493 1401 3832 1475 sponsavit;

2164 1503 2415 1560 prorsus
2448 1488 2662 1562 prioris
2694 1490 2968 1562 conjugis
3011 1490 3169 1547 dicta
3200 1496 3491 1563 tanquam
3521 1490 3837 1546 delirantis

2163 1584 2469 1651 reputans.
2506 1582 2721 1636 Verum
2770 1579 3161 1652 postmodum
3192 1587 3485 1653 protervae
3524 1580 3837 1650 negligen—

2166 1668 2257 1724 tiae
2290 1668 2566 1738 digitum,
2600 1670 2703 1742 qui
2748 1668 2925 1725 alieni
2959 1670 3112 1741 juris
3144 1687 3292 1726 auro
3323 1670 3595 1743 depictus
3636 1675 3840 1725 osten—

2165 1755 2422 1824 tabatur,
2451 1755 2809 1813 intolerabili
2852 1761 3080 1813 tumore
3112 1757 3335 1813 doloris
3367 1758 3623 1813 C(rlestis
3653 1757 3835 1812 dam—

2163 1847 2330 1903 navit
2347 1847 2593 1919 justitia.
2632 1850 2826 1920 Usque
2854 1848 3005 1903 adeo
3039 1852 3101 1903 ut
3131 1853 3318 1904 totum
3349 1865 3503 1921 pene
3531 1848 3835 1903 annulum

2165 1941 2407 2008 turgens
2432 1936 2675 2009 pustula
2704 1952 2883 2008 super
2913 1942 3286 1994 accrescente
3317 1954 3495 1994 carne
3526 1938 3839 2003 continge-

2164 2031 2269 2098 ret,
2299 2027 2379 2082 ita
2403 2026 2674 2083 videlicet
2694 2032 2757 2082 ut
2782 2027 3042 2083 annulus
3064 2027 3278 2084 adacto
3306 2028 3460 2083 ferro
3482 2044 3603 2083 non
3626 2030 3840 2100 posset

2166 2116 2352 2172 secari
2385 2116 2509 2172 sine
2535 2116 2702 2186 digiti
2729 2117 3104 2173 detrimento.
3131 2120 3398 2189 Cumque
3420 2117 3500 2173 ad
3530 2118 3686 2172 hanc
3708 2116 3840 2171 vim

2167 2205 2311 2261 mali
2342 2206 2847 2278 compescendam
2879 2206 3306 2262 accereitorum
3338 2206 3713 2262 medicorum
3744 2224 3843 2262 re-

2167 2294 2367 2350 media
2394 2294 2798 2368 desperarent,
2824 2312 2934 2351 nec
2954 2295 3072 2351 ullo
3095 2297 3277 2352 modo
3300 2294 3597 2369 passionis
3627 2294 3840 2351 efﬁca-

2167 2384 2313 2440 citas
2362 2384 2491 2455 jam
2550 2384 2787 2440 tolerari
2837 2389 3057 2458 posset,
3122 2385 3199 2440 ad
3266 2385 3454 2440 divini
3501 2384 3839 2456 juvaminis

2166 2474 2485 2530 recurritur
2534 2474 2862 2530 auxilium:
2918 2474 2984 2530 ﬁt
3021 2473 3226 2548 palam
3280 2474 3583 2546 injurioszn
3636 2474 3838 2547 culpae

2167 2561 2817 2618 confessio.Dedueitur
2837 2562 3047 2618 debilis
3079 2562 3292 2619 mulier
3313 2563 3392 2619 ad
3422 2580 3662 2619 sacrum
3695 2580 3838 2619 san-

2165 2657 2272 2708 cta:
2304 2651 2582 2723 martyris
2609 2652 3007 2708 mausoleum.
3042 2653 3129 2709 lbi
3157 2670 3295 2708 cum
3323 2652 3593 2721 geminas
3618 2657 3835 2708 noctes

2166 2739 2426 2796 assiduis
2452 2740 2718 2796 excubiis
2749 2741 3075 2807 continuat,
3104 2741 3273 2796 tertia
3308 2740 3461 2813 (qui‘e
3494 2739 3603 2795 fuit
3634 2739 3838 2795 Domi-

2166 2830 2321 2901 nica)
2354 2829 2665 2900 adjicitur;
2716 2829 2776 2885 in
2828 2846 2949 2902 qua
2979 2830 3068 2885 vis
3113 2829 3334 2885 doloris
3364 2830 3446 2884 ita
3478 2829 3693 2883 saevior
3719 2827 3835 2882 do-

2164 2920 2385 2976 lentem
2433 2920 2689 2991 vexavit,
2732 2925 2795 2975 ut
2840 2920 3176 2976 vociferatze
3224 2919 3459 2975 femina).
3492 2917 3835 2974 miserrima

2167 3026 2283 3064 vox
2317 3024 2424 3081 per
2472 3013 2661 3064 totum
2692 3010 2882 3064 noctis
2929 3008 3193 3083 spatium
3243 3025 3365 3064 non
3406 3013 3681 3064 cessaret.
3739 3006 3833 3061 Ad

2165 3105 2538 3172 postremum
2578 3116 2716 3155 cum
2746 3100 2875 3171 jam
2923 3100 3353 3156 matutinarum
3383 3099 3635 3155 laudum
3672 3098 3833 3153 into-

2164 3192 2377 3244 narent
2404 3189 2726 3261 praeconia,
2759 3188 2837 3245 ab
2868 3188 3186 3246 altithrona
3214 3205 3469 3245 summae
3496 3187 3834 3259 majestatis

2169 3278 2307 3334 sede
2334 3278 2592 3348 benigne
2619 3278 3054 3351 compassionis
3076 3279 3328 3334 visitatio
3354 3278 3679 3343 descendit,
3704 3292 3835 3331 non

2166 3384 2349 3440 passa
2380 3367 2603 3423 diutius
2626 3368 2687 3423 in
2716 3369 2987 3423 humana
3013 3384 3191 3424 carne
3218 3373 3342 3423 tam
3374 3383 3583 3437 graves
3617 3382 3836 3439 poena-

2168 3473 2302 3513 rum
2346 3457 2633 3513 deseevire
2691 3473 2916 3524 cruces,
2971 3473 3080 3512 nec
3133 3457 3435 3529 lacrymas
3487 3455 3838 3530 paenitentis

2170 3563 2359 3618 usque
2388 3547 2461 3602 ad
2482 3546 2960 3619 desperationem
2991 3546 3317 3619 pervenire.
3344 3549 3493 3603 Nam
3521 3563 3660 3602 cum
3683 3544 3836 3601 forte

2168 3636 2442 3692 luctuosa
2464 3640 2740 3692 matrona
2760 3653 2935 3692 nares
2957 3637 3343 3706 emunxisset,
3360 3636 3837 3709 annulus,quem

2171 3742 2352 3799 supra
2374 3725 2657 3795 diximus,
2677 3725 2962 3781 inviolata
2978 3725 3301 3794 digitorum
3325 3726 3517 3781 salute
3536 3730 3837 3797 tanquam

2169 3814 2607 3870 validissimum
2640 3813 2857 3870 arcitus
2896 3814 2918 3834 ‘
2962 3813 3179 3869 balista
3226 3814 3517 3887 crepitum
3547 3814 3725 3884 longe
3772 3813 3835 3868 in

2168 3903 2515 3977 pavimento
2545 3903 2725 3959 dedit.
2753 3906 2819 3959 Et
2848 3904 2983 3959 ideo
3015 3919 3152 3959 cum
3175 3903 3400 3973 ingenti
3422 3903 3627 3974 gaudii
3652 3902 3840 3976 tripu-

2170 3994 2271 4050 dio
2300 3993 2427 4049 dies
2467 3992 2565 4049 illa
2610 3994 2919 4049 Dominica
2950 3992 3027 4049 ab
3074 3994 3239 4049 omni
3267 3993 3421 4049 illius
3461 3994 3574 4049 vici
3603 3993 3837 4066 populo

2171 4083 2469 4139 celebrata
2498 4082 2623 4138 fuit.
2659 4084 2890 4155 Quippe
2933 4083 3039 4155 qui
3067 4083 3443 4155 patrioticam
3473 4092 3543 4138 ac
3570 4083 3839 4138 vicinam

2175 4190 2351 4229 suam
2377 4178 2578 4229 sancte
2606 4173 2816 4229 Fidelis
2847 4173 3068 4230 auxilio
3096 4178 3361 4247 ereptam
3385 4190 3423 4230 a
3447 4174 3681 4229 funesto
3711 4177 3837 4228 tor-

2174 4267 2375 4319 mento
2407 4266 2732 4328 cernerent,
2762 4268 2817 4318 et
2849 4269 3001 4319 certe
3032 4263 3220 4319 multa
3253 4268 3308 4319 et
3354 4264 3673 4319 innumera
3718 4264 3837 4318 bu-

2169 4351 2437 4424 jusmodi
2491 4350 2669 4408 etiam
2720 4368 2827 4424 per
2875 4351 3109 4407 diversa
3161 4357 3451 4408 terrarum
3508 4352 3703 4427 spatia
3759 4353 3835 4407 de

2174 4446 2381 4497 saneta
2432 4439 2567 4496 Fide
2598 4440 2950 4501 referuntur,
2984 4458 3119 4514 quae
3149 4457 3273 4497 non
3312 4442 3507 4498 solum
3551 4441 3832 4511 scribere,

2172 4531 2275 4585 sed
2299 4531 2476 4586 etiam
2509 4529 2703 4585 dicere
2729 4545 2909 4585 nemo
2937 4529 3187 4586 sufficiet
3217 4548 3229 4597 ;
3260 4535 3347 4586 est
3375 4530 3533 4586 enim
3560 4531 3837 4603 impossi-

2171 4620 2288 4675 bile
2310 4619 2587 4676 uuiversa
2635 4623 2854 4674 sanetae
2889 4618 3041 4674 Fidis
3069 4619 3373 4689 magnalia
3424 4620 3512 4675 vel
3530 4620 3836 4691 explicare

2171 4710 2369 4765 verbis
2390 4709 2483 4765 vel
2515 4708 2829 4778 designare
2858 4709 3086 4764 litteris.

2809 4819 3032 4873 CAPUT
3086 4820 3197 4871 Vll.

2603 4927 2686 4982 De
2731 4926 3001 4994 improbo
3052 4929 3399 4980 mercatore.

2244 5038 2544 5099 Mercator,
2578 5031 2962 5088 Arvernensis
3011 5030 3155 5102 pagi
3197 5029 3414 5097 incola,
3447 5029 3527 5086 ad
3557 5034 3834 5088 sanctam

2177 5123 2372 5178 Fidem
2400 5121 2685 5177 orationis
2707 5137 2895 5176 causa
2926 5118 3211 5174 venit.Ilie
3232 5134 3369 5174 eum
3400 5119 3651 5177 vidisset
3670 5120 3829 5177 facil-

2173 5213 2382 5269 limum
2413 5227 2563 5268 certe
2584 5209 3013 5266 commercium
3037 5210 3205 5279 (nam
3224 5213 3471 5281 propter
3490 5211 3831 5283 peregrino-

2173 5317 2308 5357 rum
2340 5299 2757 5372 frequentiam,
2799 5296 3176 5352 offerentium
3210 5313 3412 5353 cereos
3443 5300 3632 5356 multo
3660 5300 3832 5356 vilior

2172 5391 2467 5459 habetur),
2510 5387 2664 5442 illico
2694 5391 2903 5442 notam
2949 5403 3073 5441 suae
3115 5387 3254 5442 artis
3286 5389 3562 5459 peritiam
3590 5395 3831 5446 revocat

2173 5479 2249 5533 ad
2280 5476 2655 5541 memoriam,
2690 5474 2771 5530 sic
2792 5475 2946 5531 intra
2973 5491 3037 5529 se
3059 5476 3365 5543 cogitans:
3397 5499 3421 5527 ‹‹
3454 5480 3645 5541 Quam
3674 5478 3828 5533 facili

2168 5572 2427 5639 quaestu,
2454 5566 2502 5620 si
2533 5566 2645 5620 hoc
2678 5564 2888 5619 stultus
2916 5564 3312 5633 rescivissem,
3338 5566 3582 5623 divitem
3611 5584 3706 5623 me
3728 5585 3829 5640 po-

2173 5656 2420 5713 tuissem
2435 5655 2628 5712 facere
2647 5669 2719 5711 ac
2738 5669 2939 5710 meam
2959 5669 3087 5711 rem
3107 5655 3508 5713 eonstabilire!
3534 5658 3640 5713 sed
3662 5656 3828 5729 quod
