4584 6414
969 57 1240 67 -νυ
1405 59 1574 66 —.——
1741 59 1794 65 τ
1925 59 1982 65 —

422 246 514 300 141

1514 246 1641 299 LIB.
1687 245 1774 306 DE
1813 242 2186 300 MIRACULIS
2229 243 2513 300 SANCT/E
2556 245 2750 299 li‘lDlS.

2039 51 4211 77 ῃ.

3730 256 3834 306 l-i'z

417 366 705 424 hactenus
726 362 1063 435 ignorantia
1091 363 1398 436 distulerit,
1429 367 1544 423 hoc
1570 367 1790 422 amodo
1820 364 2066 439 pervigil
2112 369 2157 420 Α
2189 366 2482 421 Arnaldus
2537 367 3003 423 Rothenensium
3057 367 3392 442 episcopus,
3445 372 3566 426 suis
3605 377 3835 429 tantum

416 471 714 521 recursus,
793 454 1195 525 frequensque
1247 456 1474 528 repetiti
1545 455 1766 510 itineris
1825 455 2066 522 reditus,

413 544 584 600 brevi
614 542 898 616 temporis
929 542 1120 614 spatio
1152 544 1433 614 perficiet.
1485 545 1777 615 Accingar
1820 560 1960 614 ergo
1988 543 2070 599 vi-

414 634 614 701 riliter,
667 633 871 704 reique
920 632 1232 688 exordium
1262 635 1654 703 aggrediar.»
1717 638 1832 690 Hoc
1876 633 2073 706 itaque

415 724 728 796 disposito,
761 721 1088 794 auditoque
1111 723 1416 779 venditore
1443 724 1704 797 plurima
1743 741 1891 780 certe
1924 740 2073 798 pon-

414 814 562 870 dera
587 811 1036 881 diligentissime
1089 815 1284 880 taxat;
1327 813 1654 886 decemque
1685 813 2076 872 dinumeratis

415 902 646 969 solidis,
671 905 980 972 comparat
1009 917 1276 956 massam
1307 902 1630 971 ingentem,
1663 908 1840 968 atque
1865 901 1925 958 in
1952 918 2077 960 sac-

414 991 567 1046 culis
608 989 894 1047 recondit.
951 992 1014 1044 Et
1046 989 1176 1060 jam
1205 990 1477 1060 gaudens
1507 991 1758 1048 minimo
1804 1007 1934 1046 sese
1983 989 2105 1047 vel~

411 1079 829 1152 quadruplum
878 1079 1272 1149 lucraturum,
1307 1080 1389 1134 sic
1434 1080 1598 1153 apud
1643 1098 1706 1135 se
1733 1080 2070 1151 cogitabat:

412 1191 440 1218 ‹‹
477 1174 552 1226 At
580 1174 675 1225 at:
707 1168 860 1224 bene
884 1183 945 1222 se
989 1167 1170 1223 habet
1217 1169 1614 1241 principium:
1666 1170 1811 1242 quid
1844 1175 1991 1236 tum,
2025 1171 2074 1228 si

409 1258 621 1330 plures
651 1257 810 1313 vices
841 1256 1065 1312 redeo?
1120 1283 1143 1305 ››
1176 1258 1288 1313 Sed
1318 1259 1447 1330 jam
1478 1261 1668 1314 exitus
1699 1259 1783 1314 rei
1815 1276 1934 1315 non
1970 1259 2073 1314 de-

407 1347 516 1403 bet
541 1363 650 1403 uos
678 1346 986 1402 remorari.
1021 1345 1198 1415 Igitur
1229 1347 1540 1418 superﬂuit
1568 1347 1815 1420 pulcher
1843 1364 2072 1416 cereus,

406 1436 521 1508 qui
565 1453 688 1492 non
741 1435 934 1508 potuit
973 1434 1122 1490 inter
1170 1435 1466 1509 reliquum
1517 1453 1728 1509 capere
1767 1453 2068 1494 acervum.

407 1529 586 1581 Hune
614 1524 705 1581 vir
729 1523 1066 1597 cupiditatis
1097 1523 1156 1578 in
1199 1524 1397 1579 sinum
1429 1523 1734 1598 applicuit,
1767 1542 1837 1582 eo
1866 1526 2074 1582 videli—

407 1619 506 1670 cet
535 1613 719 1669 modo
746 1618 811 1668 ut
838 1613 1140 1684 quantitas
1168 1613 1412 1685 quidem
1444 1614 1702 1670 habitior
1727 1615 1930 1671 subter
1956 1616 2075 1671 cin-

2187 455 2564 526 parochianis
2583 457 2944 510 conﬂaverat
2973 457 3308 528 synodum:
3341 476 3464 532 quo
3494 459 3566 514 de
3589 460 3835 516 diversis

2187 546 2623 601 monachorum
2655 550 2757 600 aut
2787 547 3214 602 canonicorum
3246 550 3833 620 congregationibus,

2185 633 2244 687 in
2279 634 2494 706 capsis,
2528 634 2619 690 vel
2668 634 3032 704 imaginibus
3083 637 3302 706 aureis,
3335 643 3678 694 sanctorum
3705 657 3830 694 cor-

2186 739 2334 793 pora
2366 727 2502 780 sunt
2534 729 2750 779 evecta.
2797 727 2930 779 Erat
2959 724 3274 782 distributa
3305 732 3650 783 sanctorum
3683 729 3837 784 acies

2185 813 2244 867 in
2279 813 2538 868 tentoriis
2568 813 2628 869 in
2660 813 3082 886 papilionibus,
3111 814 3168 869 in
3200 821 3371 889 prato
3396 817 3581 872 sancti
3614 818 3833 895 Felicis,

2185 901 2348 973 quod
2381 902 2718 975 disparatur
2752 902 2829 957 ab
2856 903 3002 958 urbe
3033 905 3205 976 quasi
3235 921 3357 960 uno
3387 910 3618 961 tantum
3650 907 3836 964 milia-

2187 987 2292 1044 rio.
2325 993 2487 1045 llunc
2517 989 2715 1046 locum
2750 991 3046 1064 praecipue
3078 993 3263 1048 sancti
3296 994 3453 1050 Marii
3483 995 3837 1050 confessoris

2187 1095 2368 1134 aurea
2393 1080 2756 1151 majestas,et
2787 1081 2974 1136 sancti
3000 1082 3257 1136 Amantii
3291 1099 3458 1156 :eque
3483 1083 3836 1158 confessoris

2187 1173 2243 1223 et
2297 1168 2558 1241 episcopi
2612 1186 2794 1225 aurea
2849 1170 3152 1241 majestas,
3205 1177 3260 1226 et
3303 1178 3490 1228 sancti
3533 1173 3831 1229 Saturnini

2185 1256 2461 1327 martyris
2517 1274 2699 1312 aurea
2756 1273 2956 1329 capsa,
3020 1263 3076 1313 et
3132 1264 3352 1315 sanctae
3414 1261 3605 1316 Mariae
3655 1278 3838 1317 aurea

2183 1345 2407 1416 imago,
2437 1349 2492 1400 et
2519 1350 2738 1400 sanctae
2767 1345 2964 1401 (Jrucis
3009 1362 3188 1402 aurea
3221 1364 3384 1414 crux,
3415 1353 3469 1404 et
3502 1355 3723 1405 sanctae
3755 1349 3837 1412 Fi-

2185 1433 2276 1488 dis
2302 1451 2484 1490 aurea
2517 1435 2803 1506 majestas
2844 1435 3226 1491 decorabant.
3265 1439 3440 1492 Erant
3467 1442 3681 1510 praeter
3710 1437 3836 1491 haec

2187 1528 2529 1578 sanctorum
2557 1523 2744 1578 multa
2783 1524 3055 1596 pignora,
3107 1541 3375 1597 quorum.
3397 1541 3684 1584 numerus
3715 1541 3834 1581 non

2186 1611 2705 1667 commendabitur
2745 1613 2803 1667 in
2837 1614 3106 1686 praesenti
3140 1614 3380 1686 pagina.
3420 1614 3500 1670 lbi
3530 1614 3682 1670 inter
3729 1632 3837 1670 cre-

406 1703 629 1773 gulum
661 1702 1054 1773 cohiberetur,
1105 1702 1379 1771 gracilior
1425 1720 1566 1758 vero
1621 1721 1727 1776 per
1755 1704 2075 1762 fenestram
2111 1718 2149 1771 [3
2188 1706 2329 1771 tera,
2374 1702 2642 1773 quodam
2700 1701 2919 1772 insigni
2981 1702 3357 1776 mirabilique
3411 1703 3834 1777 omnipotentis

410 1793 602 1847 vestis
639 1808 826 1864 usque
867 1791 944 1846 ad
985 1791 1241 1846 barbam
1284 1792 1664 1863 promineret.
1722 1796 1931 1849 Verum
1982 1811 2076 1850 su-

405 1881 588 1954 perni
639 1879 1024 1952 speculatoris
1055 1880 1271 1935 vindex
1301 1880 1752 1954 omnipotentia,
1797 1899 1918 1938 non
1951 1883 2078 1938 tulit

404 1971 666 2026 ulterius
725 1969 978 2042 raptoris
1035 1969 1216 2024 latere
1270 1971 1607 2026 audaciam.
1669 1975 1816 2027 Nam
1872 1989 2076 2027 cereus

401 2075 604 2131 quem
620 2057 922 2127 dixi,ignis
943 2057 1127 2112 divini
1146 2058 1454 2129 repentino
1479 2075 1803 2114 succensus
1826 2060 2072 2126 fervore,

403 2149 683 2204 claustra
734 2147 870 2219 ipsa
924 2146 1146 2218 quibus
1203 2146 1468 2203 inclusus
1531 2148 1843 2204 tenebatur
1900 2149 2079 2224 coepit

403 2238 799 2292 vehementer
872 2235 1143 2305 adurere,
1195 2253 1563 2309 vaporesque
1635 2238 2078 2296 ﬂammivomos

405 2343 540 2384 una
573 2343 714 2382 cum
745 2325 1061 2396 fumiganti
1100 2324 1334 2380 turbine
1367 2325 1524 2381 foras
1554 2326 1996 2394 emittere,adeo
2016 2332 2081 2383 ut

401 2415 774 2472 micantium
804 2414 1194 2470 scintillarum
1223 2415 1403 2485 globo
1430 2415 1720 2482 vibrante,
1741 2416 1840 2472 illa
1863 2417 2077 2487 ingens

399 2505 613 2562 barba
643 2504 948 2572 reluceret,
981 2502 1374 2576 superiusque
1419 2502 1739 2576 capueium
1769 2503 2078 2578 crepitanti

401 2593 876 2650 combureretur
934 2591 1147 2647 sonitu.
1208 2595 1321 2646 Nec
1352 2591 1508 2647 linea
1537 2591 1598 2647 in
1648 2592 1830 2648 telam
1856 2593 2076 2648 ventris

399 2683 676 2756 protexit
705 2686 955 2751 tergora,
995 2697 1133 2736 cum
1177 2680 1355 2736 etiam
1399 2680 1755 2753 posteriores
1810 2681 2075 2754 gyranti-

400 2773 527 2828 bus
558 2771 825 2826 ﬂammis
850 2770 1142 2825 arderent.
1199 2772 1473 2842 Stuperes
1511 2770 1858 2826 insanientis
1888 2771 2076 2827 horri-

397 2862 564 2916 biles
597 2860 883 2931 mugitus,
917 2858 1272 2914 calcitrantis
1301 2859 1629 2930 strepitum,
1650 2859 1920 2916 dentium
1952 2859 2078 2914 stri-

397 2951 650 3016 dorem,
697 2948 1011 3004 oculorum
1058 2947 1426 3016 vertiginem,
1460 2947 1757 3020 totiusque
1787 2948 2076 3005 immode-

399 3046 610 3096 ratam
645 3036 910 3110 corporis
941 3036 1374 3103 distortionem,
1404 3053 1541 3092 cum
1571 3037 1770 3102 miser,
1797 3035 2074 3092 intolera-

397 3129 613 3185 biliter
644 3143 886 3199 passus,
917 3125 1028 3180 hac
1052 3125 1305 3196 illacque
1337 3141 1604 3196 princeps
1656 3123 1974 3190 ferebatur,
2007 3141 2076 3178 ac

398 3220 453 3275 si
497 3219 578 3273 de
637 3215 967 3287 improviso
1016 3231 1333 3286 percursas
1378 3214 1639 3280 coluber,
1689 3214 1790 3288 qui
1841 3213 2078 3269 sinuato

396 3307 600 3379 globo
630 3321 793 3360 nunc
825 3320 884 3360 se
932 3304 990 3359 in
1020 3304 1317 3374 sphaeram
1364 3302 1602 3373 colligit,
1652 3319 1812 3360 nunc
1857 3302 2080 3375 pernici

397 3399 610 3452 tractu
639 3392 936 3462 fulminat,
969 3409 1038 3447 ac
1064 3391 1251 3447 tortile
1291 3391 1511 3446 collum
1537 3390 1804 3464 porrigit,
1836 3396 2082 3465 captans

396 3485 652 3555 fugam.
690 3481 804 3538 Sed
855 3480 1214 3546 debilitatus,
1270 3495 1392 3534 non
1439 3480 1669 3550 valens,
1715 3496 1922 3534 rursus
1953 3495 2083 3551 per-

397 3571 656 3628 cussori
711 3571 982 3640 infestus,
1040 3570 1315 3641 intorque
1365 3570 1727 3638 sanguineos
1783 3569 1989 3626 oculos
2029 3573 2084 3623 et

397 3662 630 3718 sibilat
687 3677 808 3716 ore.
843 3659 1010 3716 Haud
1057 3675 1226 3713 secus
1277 3658 1380 3712 iste
1420 3659 1619 3725 miser,
1661 3659 1777 3712 huc
1825 3657 2082 3729 illucque

395 3750 745 3816 cursitans,
805 3766 864 3803 se
909 3747 1157 3820 impellit
1214 3752 1270 3802 et
1317 3747 1562 3819 repellit,
1613 3746 1798 3802 modo
1831 3761 2079 3819 pronus,

391 3840 611 3898 modo
644 3838 979 3910 resupinus,
1007 3852 1116 3893 nec
1147 3836 1266 3890 ullo
1296 3836 1481 3891 modo
1506 3836 1800 3904 respirare
1833 3838 2081 3908 poterat,

391 3948 609 4005 quem
643 3929 731 3983 vis
787 3929 980 3998 major
1033 3925 1391 3995 exagitabat.
1447 3925 1559 3981 Sed
1609 3930 1809 3980 tamen
1835 3923 2086 3979 humani

392 4037 642 4077 sensus
693 4017 934 4073 residua
980 4032 1134 4072 vena
1161 4015 1449 4070 miserum
1496 4014 1723 4080 redegit
1770 4013 1849 4069 ad
1901 4013 2085 4086 pu-ni-

393 4110 698 4167 tentiam.
732 4108 842 4172 Qui
887 4105 1084 4161 statim
1115 4104 1193 4161 ad
1225 4103 1565 4177 sepulcrum
1614 4103 1898 4174 piissimae
1928 4119 2086 4158 mar-

394 4200 571 4274 tyris
600 4214 742 4253 cum
764 4196 988 4266 ingenti
1011 4195 1270 4249 clamore
1297 4192 1911 4262 eurrens,universam
1941 4191 2088 4247 inibi

391 4304 634 4347 ceram
686 4302 810 4341 non
837 4284 1083 4340 celerius
1132 4282 1349 4338 refudit
1399 4299 1586 4354 quam
1629 4281 1866 4354 poenale
1893 4283 2090 4336 incen-

391 4380 600 4436 dium
635 4375 891 4440 evanuit,
912 4390 1103 4444 neque
1136 4373 1319 4426 homo
1347 4371 1613 4443 queritur
1641 4370 1715 4425 de
1741 4369 1966 4426 damno
1993 4387 2092 4441 pe—

390 4466 647 4531 cuniae,
679 4462 1014 4518 dummodo
1060 4479 1096 4516 a
1127 4465 1420 4516 tormento
1453 4459 1641 4532 potuit
1689 4459 1962 4514 evadere.
1995 4460 2091 4513 llis

391 4560 637 4628 itaque
671 4553 872 4622 gestis,
904 4566 1293 4622 nequaquam
1326 4549 1626 4604 offendere
1658 4547 2014 4619 putaverim,
2045 4547 2093 4602 si

385 4644 766 4704 bonitatem
797 4645 1015 4696 sanctus
1047 4638 1196 4694 Fidis
1245 4636 2092 4708 laudabilem,mirabilemque

390 4738 473 4791 in
512 4734 643 4788 hoc
674 4745 916 4801 quoque
957 4727 1262 4800 praedicto,
1295 4725 1461 4798 quod
1492 4741 1566 4781 ne
1595 4725 1939 4781 commercii
1963 4724 2092 4780 vili-

393 4832 514 4882 tas
578 4821 861 4876 deficeret
912 4816 1258 4889 peregrinis,
1322 4815 1767 4889 improbitatem
1835 4813 2094 4870 avaritiae

389 4908 775 4980 castigavit.

1085 4998 1304 5052 CAPUT
1330 4997 1464 5050 Vlll.

383 5095 508 5150 De
523 5102 730 5158 puero
750 5087 809 5141 in
832 5101 946 5157 quo
969 5084 1377 5156 quadruplum
1393 5087 1620 5154 gestum
1644 5083 2097 5139 estmirac-utmn

490 5182 627 5235 Nec
679 5174 826 5229 illud
885 5172 1368 5246 prietereundum
1424 5170 1676 5227 arbitror
1728 5170 1894 5244 quod
1951 5169 2102 5226 inter

387 5267 630 5330 multa
659 5269 1006 5320 sanctorum
1029 5262 1319 5319 miracula
1348 5278 1482 5334 quae
1515 5260 1850 5316 secundum
1870 5275 2101 5316 morem

384 5359 596 5420 illius
623 5352 949 5428 provinciae
982 5351 1249 5407 feruntur
1278 5350 1355 5406 ad
1386 5349 1656 5416 concilia,
1676 5353 1880 5406 sancta
1916 5348 2099 5418 Fides,

385 5444 615 5524 quasi
666 5440 1072 5516 principatum
1119 5443 1340 5504 tenens,
1388 5437 1811 5493 miraculorum
1864 5436 2105 5506 effulget

384 5533 673 5612 gloria:
720 5545 1002 5600 quorum,
1037 5543 1174 5583 eum
1207 5527 1324 5581 sint
1352 5525 1560 5594 multa,
1593 5525 1714 5582 duo
1747 5530 1978 5582 tantum
2014 5525 2104 5594 (ne

384 5621 621 5686 nimis
647 5618 911 5672 otiosum
941 5616 1221 5671 volumen
1244 5621 1554 5670 contexere
1574 5614 1896 5685 videamur)
1923 5614 2108 5669 adno-

382 5726 567 5778 tare
616 5707 762 5764 satis
811 5721 938 5762 esse
982 5707 1285 5777 putamus.
1365 5702 1892 5760 Reverentissimus
1929 5701 2108 5774 igitur

2186 1789 2430 1859 dignata
2483 1797 2572 1846 est
2622 1791 2912 1848 famulam
2967 1810 3138 1848 suam
3191 1793 3519 1864 glorificare
3572 1794 3833 1850 bonitas.

2187 1882 2335 1934 Puer
2359 1895 2394 1935 a
2425 1879 2725 1936 nativitate
2756 1897 2948 1936 caecus
2979 1886 3032 1936 et
3072 1882 3342 1953 claudus,
3376 1883 3591 1939 surdus
3618 1888 3672 1938 et
3702 1900 3836 1938 mu-

2188 1974 2299 2036 tus,
2333 1987 2368 2026 a
2397 1970 2746 2041 parentibus
2786 1971 3108 2041 bajulatus,
3157 1973 3478 2045 subterque
3508 1973 3835 2044 imaginem

2187 2076 2322 2132 quae
2352 2058 2412 2114 in
2443 2059 2684 2115 sublimi
2731 2060 3158 2117 honorabiliter
3196 2062 3548 2131 habebatur,
3581 2062 3833 2136 positus,

2188 2147 2361 2219 quasi
2391 2149 2550 2203 horae
2582 2148 2758 2203 unius
2785 2149 3091 2205 intervallo
3122 2149 3345 2205 ibidem
3370 2151 3734 2220 demoratus,

2187 2235 2388 2292 vinam
2421 2237 2634 2293 meruit
2659 2237 3020 2293 medicinam
3047 2257 3059 2306 ;
3093 2243 3291 2312 atque,
3315 2239 3710 2310 integerrima:
3741 2256 3838 2296 so-

2189 2325 2416 2398 spitatis
2458 2326 2716 2382 donatus
2755 2326 2966 2395 gratia,
3024 2327 3355 2383 exsurrexit
3407 2328 3683 2401 loquens,
3739 2345 3841 2384 au-

2188 2414 2376 2482 diens,
2437 2415 2670 2482 videns,
2725 2420 2783 2470 et
2827 2415 3007 2472 etiam
3055 2416 3348 2476 inoffenso
3400 2417 3552 2489 pede
3599 2416 3842 2474 faciliter

2188 2503 2604 2559 deambulans.
2666 2508 2932 2577 Cumque
2971 2508 3248 2579 strepitus
3301 2505 3465 2576 vulgi
3511 2523 3692 2580 super
3739 2506 3841 2580 tali

2187 2595 2492 2646 resonaret
2541 2591 2835 2664 prodigio,
2889 2592 3151 2648 seniores
3203 2593 3453 2664 consilii,
3493 2591 3598 2668 qui
3651 2593 3842 2651 consi-

2187 2679 2411 2735 debant
2440 2680 2623 2754 paulo
2669 2680 3033 2747 remotiores,
3080 2686 3386 2754 coeperunt
3434 2682 3584 2738 inter
3613 2698 3674 2737 se
3703 2698 3842 2738 con-

2188 2768 2439 2841 quirere,
2473 2768 2769 2825 dicentes:
2813 2794 2837 2817 u
2875 2769 3026 2835 Quid
3077 2769 3184 2825 sibi
3217 2770 3342 2825 vult
3389 2770 3501 2827 ista
3529 2770 3839 2846 popularis

2191 2857 2624 2914 conclamatio!
2665 2882 2688 2906 ››
2722 2857 2947 2924 Quibus
2992 2857 3234 2914 Bertillis
3264 2858 3570 2915 comitissa
3597 2876 3840 2933 respon-

2191 2947 2380 3002 dens:
2434 2969 2460 2994 ‹‹
2514 2946 2685 3016 Quid,
2731 2945 2942 3018 inquit,
2972 2946 3133 3002 aliud
3180 2947 3294 3003 hoc
3334 2952 3507 3014 esset,
3545 2947 3656 3003 nisi
3683 2947 3842 3022 quia

2125 3071 2162 3126 Ο
2195 3039 2397 3091 sancta
2430 3035 2595 3091 Fides
2622 3036 2877 3108 jocatur,
2937 3040 3000 3091 ut
3029 3037 3217 3092 solet?
3251 3060 3278 3086 ››
3328 3041 3486 3093 Tunc
3516 3027 3745 3114 omnes,
3777 3053 3840 3092 re

2195 3125 2504 3198 exquisita,
2557 3130 2676 3180 tam
2722 3129 2959 3197 stupore
3009 3142 3194 3198 quam
3235 3125 3454 3195 gaudio
3497 3125 3724 3200 repleti,
3754 3131 3841 3182 to-

2196 3220 2316 3270 tam
2348 3214 2696 3269 concionem
2745 3214 2822 3269 ad
2869 3214 3102 3270 divinas
3140 3213 3348 3271 laudes
3373 3216 3839 3283 concitaverunt,

2195 3303 2338 3360 illud
2369 3303 2707 3376 frequenter
2729 3321 2851 3368 [περ
2877 3302 3061 3360 nimia
3090 3303 3290 3361 laetitia
3315 3305 3660 3374 recolentes,
3679 3304 3845 3378 quod

2190 3391 2378 3464 jocari
2411 3397 2682 3448 sanetam
2739 3391 2936 3448 Fidem
2967 3391 3318 3448 venerabilis
3357 3397 3632 3451 matrona
3669 3392 3846 3450 dixis

2196 3486 2299 3536 set.

2847 3571 3067 3626 CAPUT
3105 3573 3188 3624 IX.

2633 3659 2774 3714 Item
2803 3659 2875 3714 de
2903 3674 3054 3715 caeco
3085 3663 3140 3714 et
3169 3658 3407 3714 claudo.

2267 3750 2488 3802 Rursus
2518 3747 2766 3820 quidam
2797 3763 2988 3802 czecus
3018 3752 3074 3803 et
3101 3746 3372 3817 claudus,
3393 3751 3457 3802 ut
3483 3746 3736 3803 sanitem
3760 3761 3846 3802 re-

2196 3835 2576 3908 ciperet,ante
2594 3834 2918 3904 imaginem
2940 3835 3129 3890 sancti
3150 3835 3306 3892 Marii
3336 3835 3689 3891 confessoris
3719 3851 3845 3908 per-

2197 3925 2494 3993 noctabat,
2520 3926 2690 3997 cujus
2721 3925 2982 3995 virtutes,
3001 3925 3247 3980 mirifice
3277 3924 3510 3998 lateque
3542 3925 3841 3998 dispersae,

2198 4033 2232 4072 a
2262 4013 2461 4069 multis
2487 4014 2723 4086 populis
2751 4013 3048 4069 habentur
3077 4013 3543 4070 famossissimaa.
3575 4001 3844 4086 Cumque

2193 4104 2319 4175 jam
2353 4101 2752 4172 dilucesceret,
2785 4103 3130 4175 repentinus
3159 4102 3210 4158 ei
3242 4118 3421 4174 sopor
3450 4102 3635 4169 irruit,
3657 4101 3847 4157 visus-

2199 4208 2315 4264 que
2373 4195 2460 4246 est
2490 4191 2600 4246 sibi
2658 4207 2866 4247 vocem
2905 4191 3110 4246 audire
3167 4191 3453 4248 dicentis:
3489 4216 3513 4240 ‹‹
3561 4191 3718 4248 Vade
3770 4191 3850 4247 ad

2203 4285 2472 4335 sanctam
2505 4279 2743 4334 Fidem?
2791 4295 2912 4334 non
2943 4279 3101 4335 enim
3133 4279 3341 4336 datum
3371 4285 3458 4335 est
3490 4285 3608 4336 uta
3641 4285 3737 4336 tua
3763 4279 3848 4335 in-

2201 4369 2476 4424 firmitate
2504 4367 2612 4424 nisi
2647 4385 2751 4441 per
2775 4369 2981 4424 merita
3011 4368 3164 4424 illius
3193 4369 3409 4424 salvari
3440 4368 3698 4441 possis.»
3732 4372 3850 4425 Hoc

2201 4475 2496 4530 responso
2529 4459 2818 4512 excitatus
2850 4473 3023 4525 aeger,
3067 4457 3204 4512 illuc
3232 4475 3351 4530 qua
3379 4463 3611 4530 poterat
3641 4458 3848 4513 virtute

2205 4563 2406 4619 repere
2435 4545 2628 4618 coepit.
2656 4550 2802 4601 (lum
2835 4545 3198 4617 pervenisset
3223 4545 3300 4601 ad
3326 4545 3850 4618 locum,extemplo

2205 4640 2422 4691 sanctae
2452 4633 2730 4704 martyris
2747 4633 3045 4689 dilationis
3062 4634 3252 4689 aliena
3279 4634 3522 4689 adfuere
3545 4635 3849 4704 suffragia;

2204 4741 2348 4780 nam
2377 4723 2480 4778 ubi
2517 4724 2701 4778 homo
2731 4722 2791 4777 in
2846 4721 3044 4795 ipsum
3093 4723 3322 4778 aditum
3358 4721 3684 4796 papilionis
3725 4739 3852 4778 sese

2206 4812 2470 4883 ingessit,
2492 4811 2646 4867 illico
2670 4809 3101 4866 virescentibus
3126 4810 3292 4866 venis
3317 4827 3386 4867 ac
3420 4811 3700 4880 vegetatis
3727 4829 3855 4868 ner-

2205 4902 2296 4957 vis
2349 4901 2564 4956 meruit
2609 4899 2684 4955 de
2714 4915 2897 4954 curvo
2949 4898 3075 4953 fieri
3105 4903 3370 4955 erectus:
3421 4915 3564 4955 nam
3609 4904 3665 4955 et
3701 4900 3858 4956 vela-

2207 4995 2410 5047 mento
2438 4987 2801 5063 pupillarum
2832 4987 3123 5061 disrupto,
3157 4988 3591 5061 przecedentem
3620 4989 3858 5060 sangui-

2208 5081 2299 5137 nis
2323 5078 2695 5152 eruptionem
2750 5076 3133 5148 subsequitur
3160 5076 3263 5132 lux
3293 5075 3705 5147 serenissima;
3749 5096 3860 5135 nec

2209 5171 2262 5226 ei
2290 5168 2582 5242 quiddam
2613 5166 2881 5222 sanitatis
2911 5165 3116 5233 defuit,
3146 5167 3317 5237 cujus
3347 5166 3622 5223 membra
3654 5169 3860 5226 eielcs-

2211 5259 2281 5314 tis
2310 5257 2524 5314 medici
2551 5257 2796 5313 dextera
2826 5255 3220 5329 pertractavit.

2883 5346 3104 5401 CAPUT
3141 5347 3201 5399 Χ.

2211 5437 2298 5493 De
2353 5451 2416 5491 eo
2459 5435 2563 5505 qui
2612 5451 2648 5493 a
2703 5433 3019 5503 suspendio
3060 5433 3379 5501 furcarum
3432 5440 3656 5490 sancta:
3697 5435 3866 5496 Fidis

2692 5523 2924 5577 auxilio
2958 5520 3244 5576 liberatus
3278 5529 3380 5577 est.

2287 5615 2440 5668 Inter
2462 5616 2672 5666 caetera
2697 5627 2831 5681 qua:
2865 5609 3005 5668 mihi
3033 5609 3105 5664 de
3130 5609 3712 5674 sanctaj’ideadliue
3734 5629 3872 5692 lper-

2219 5700 2398 5771 genti,
2428 5716 2462 5755 a
2487 5697 2734 5755 diversis
2759 5697 3113 5756 relatoribus
3143 5699 3293 5756 sicut
3317 5717 3556 5771 summo
3579 5701 3872 5768 desiderio
