3952 6386
424 256 521 308 143

418 371 728 445 indaganti
752 368 1126 435 dicebautur,
1157 364 1320 422 istud
1349 361 1516 436 quod
1544 374 1706 416 nunc
1735 351 2074 445 aggredior,
2106 351 2155 404 Α

418 444 587 521 more
613 461 791 519 totius
826 456 1054 532 populi,
1105 454 1313 511 festivo
1352 457 1533 524 atque
1577 444 1965 505 celeberrimo
1992 456 2078 532 re:

419 552 677 610 sonabat
703 527 1027 625 prmeonio.
1054 544 1227 612 Quod
1257 538 1709 618 postea,eertius
1740 534 1818 592 ab
1848 533 1942 589 his
1974 527 2079 625 qui

417 644 497 700 rei
534 619 726 713 gestae-
742 636 1135 696 interfuerant
1175 631 1558 706 exquisitum,
1601 627 1733 684 altae
1771 619 2078 680 memorire

419 731 732 789 tradimus.
754 723 1172 784 Nobilissimus
1193 720 1468 796 quidam,
1488 717 1732 775 nomine
1762 712 2080 770 Adimarus

419 822 495 879 de
525 818 788 877 Avalena
817 812 1277 886 cognominatus
1308 811 1419 880 (est
1443 808 1602 864 enim
1633 804 1797 874 regio
1823 796 2084 857 Lemovi-

422 908 615 968 censis
646 906 786 981 pagi
818 909 1159 971 montuosa,
1190 901 1273 957 ita
1302 893 1858 970 nuncupata),inter
1878 902 2061 945 nume

419 1015 629 1058 rosam
672 994 962 1053 familiam
999 992 1271 1048 clientem
1317 988 1612 1045 habuerat
1648 982 1751 1058 qui
1783 992 2079 1054 equorum

420 1086 533 1145 sibi
562 1085 796 1159 aliquos
835 1083 1063 1139 furatus
1102 1078 1410 1149 effugerat.
1461 1079 1625 1131 llune
1678 1068 1945 1142 denique.
1965 1064 2081 1159 alia

421 1154 768 1251 tempestate
798 1189 936 1229 cum
967 1186 1115 1226 casu
1143 1167 1454 1241 inopinato
1485 1161 1849 1251 offendisset,
1878 1154 2080 1251 statim

421 1266 475 1323 ei
504 1246 780 1339 prunulis
844 1259 1158 1317 oculorum
1207 1255 1477 1324 revulsis,
1507 1253 1766 1309 liberum
1797 1246 2081 1316 deinceps

420 1333 586 1413 abire
620 1351 894 1427 permisit
946 1348 1211 1406 Alterum
1250 1362 1391 1402 vero
1417 1345 1551 1417 jure
1583 1336 1913 1398 sodalitatis
1942 1333 2081 1390 huic

429 1426 973 1509 adhaerentcmmec
1005 1442 1205 1493 tamen
1231 1433 1461 1508 prtefati
1481 1426 1772 1486 latrocinii
1803 1438 2084 1498 coopera-

420 1538 633 1599 torem,
665 1546 735 1587 ac
764 1527 814 1584 si
837 1543 1009 1585 reum
1034 1525 1195 1598 paris
1236 1520 1535 1587 facinoris,
1568 1516 1741 1574 nodis
1764 1511 2082 1570 miserabi-

418 1620 578 1678 libus
608 1614 921 1676 nectit.Cui
945 1613 1218 1671 renitenti
1250 1616 1430 1685 atque
1459 1606 1745 1665 inﬁcianti
1776 1601 2081 1660 conscien-

1516 232 1867 292 BERNARDI
1909 223 2363 286 SCHOLASTICI
2399 218 2753 277 ANDEGAV.

3760 209 3872 265 144

2189 344 2367 402 riunt.
2410 346 2477 401 Et
2517 342 2648 415 jam
2698 338 2884 413 aliqui
2932 336 3210 393 virtutem
3250 336 3473 390 sanctae
3517 331 3674 389 Fidis
3727 346 3875 388 esse

2191 432 2496 499 dicebant,
2526 446 2667 488 cum
2710 425 2971 485 crudelis
3000 424 3205 482 bellua
3244 440 3350 481 eos
3376 421 3689 478 minaciter
3718 435 3875 477 cum

2188 520 2620 596 exprobatione
2657 515 3044 589 increpitans,
3089 514 3335 571 reticere
3379 508 3654 583 coegerit.
3707 511 3874 566 Tum

2186 611 2377 669 multo
2406 609 2619 666 durius
2659 611 2840 680 atque
2866 602 3193 661 immanius
3231 600 3494 658 hominis
3539 603 3771 672 guttur,
3804 602 3877 653 ut

2186 701 2390 769 fertur,
2439 696 2739 755 renovatis
2783 710 3013 766 angens
3042 691 3295 762 retortis,
3347 689 3557 747 tandiu
3590 687 3874 763 penden-

2187 796 2308 849 tem
2334 786 2695 855 observavit,
2727 784 3002 859 quandiu
3036 780 3477 852 strangulatum
3505 779 3872 836 incunctan-

2187 885 2277 937 ter
2304 876 2621 952 putaverit.
2678 878 2743 933 Et
2772 879 2977 931 tamen
3030 888 3170 931 cum
3226 887 3334 945 per
3382 870 3605 926 clivum
3634 866 3873 924 montis

2183 966 2311 1037 jam
2343 968 2727 1031 revertentes,
2773 962 3136 1019 descendere
3177 959 3474 1033 coepisset,
3511 973 3635 1015 non
3664 955 3875 1031 potuit

2188 1055 2314 1130 pati
2339 1054 2497 1111 male
2540 1053 2827 1110 sollicitus
2858 1051 3007 1125 quin
3055 1055 3226 1107 torva
3273 1048 3505 1105 lumina
3553 1050 3876 1119 retorque-

2188 1149 2297 1215 ret,
2318 1143 2570 1217 visoque
2600 1141 2897 1199 miraculo
2926 1139 3195 1207 recurrit,
3218 1137 3640 1212 reperiensque
3665 1133 3876 1191 homi-

2188 1249 2331 1290 nem
2353 1233 2617 1289 solutum
2656 1236 2714 1288 et
2745 1230 3132 1297 incolumem,
3175 1227 3496 1285 haesitabat
3521 1224 3671 1298 quid
3702 1223 3873 1281 face-

2188 1328 2295 1379 ret.
2331 1322 2536 1378 Caateri
2562 1337 2703 1378 vero
2728 1326 2855 1377 tam
2891 1319 3206 1376 manifeste
3237 1322 3458 1374 sanctae
3493 1314 3648 1372 Fidis
3676 1313 3873 1370 virtu-

2192 1417 2313 1468 tem
2339 1410 2661 1467 unanimes
2693 1409 3110 1484 praedicantes,
3156 1404 3556 1464 scelestissimi
3585 1402 3727 1461 facti
3752 1401 3873 1458 do-

2192 1502 2427 1558 minum
2456 1516 2635 1556 suum
2659 1516 2832 1556 reum
2860 1516 2989 1555 esse
3034 1497 3437 1564 conclamant,
3471 1510 3581 1550 nec
3613 1509 3675 1549 se
3706 1491 3873 1548 ultra

2193 1596 2319 1648 tam
2349 1589 2669 1662 indignum
2707 1589 2941 1646 facinus
2982 1603 3294 1662 passuros.
3348 1584 3567 1641 Videns
3596 1597 3745 1653 ergo
3780 1597 3874 1637 se-

419 1670 576 1779 tiam.
987 1702 1247 1777 profuit:
1298 1670 1422 1755 imo
1445 1713 1552 1770 per
1582 1698 1853 1752 sanctam
1879 1689 2082 1746 Fidem
2116 1708 2155 1762 Β
2192 1680 2325 1779 nior
2351 1677 2904 1779 miraculum‘quod
2922 1683 3088 1779 esset
3115 1675 3644 1779 dignudeu-ctus
3668 1670 3871 1779 poeni-

421 1793 793 1862 reclamanti,
845 1792 961 1848 tale
1011 1805 1371 1863 responsum
1417 1786 1505 1841 vir
1551 1781 1810 1840 crudelis
1858 1778 2079 1835 edidit:

423 1910 451 1938 ιι
486 1883 641 1954 Quid
666 1883 821 1940 ultra
850 1880 1012 1938 aliud
1034 1877 1308 1935 scelerati
1338 1872 1698 1944 faciant,nisi
1722 1871 1768 1927 si
1797 1886 1936 1926 eum
1963 1867 2083 1923 fue-

420 1974 540 2031 rint
566 1969 944 2046 deprehensi,
975 1965 1172 2023 statim
1212 1968 1485 2021 sanctam
1519 1961 1720 2018 Fidem
1750 1958 1861 2014 sibi
1901 1956 2086 2013 advo-

423 2068 516 2121 cet
542 2066 869 2136 patronam
892 2059 919 2114 ?
951 2054 1066 2114 Sed
1097 2054 1307 2128 procul
1328 2052 1516 2108 dubio
1547 2051 1774 2107 clamor
1804 2048 2083 2136 istesup-

421 2133 599 2226 plicio
614 2146 960 2223 puniendus
980 2144 1105 2201 erit.
1117 2167 1144 2192 »
1161 2146 1443 2197 Junctum
1461 2156 1604 2209 ergo
1626 2136 1825 2194 cursui
1844 2133 2087 2191 caballi-

423 2225 506 2297 no
532 2236 654 2307 agit
691 2235 966 2302 domum,
1015 2231 1199 2307 inque
1230 2230 1621 2286 subterraneo
1670 2244 1739 2283 ac
1770 2225 2084 2281 tenebroso

423 2323 711 2400 profundi
762 2321 1005 2397 penoris
1069 2318 1373 2389 ergastulo
1423 2314 1709 2373 custodiae
1756 2312 2082 2385 mancipat,

425 2414 698 2473 futurum
715 2427 859 2468 sane
890 2414 954 2466 ut
978 2409 1039 2466 in
1061 2408 1388 2465 crastinum
1408 2404 1589 2461 furcis
1614 2400 2082 2478 appendendum

425 2503 640 2562 tradat.
670 2500 825 2569 Quid
877 2498 1058 2570 igitur
1086 2498 1305 2554 faceret
1359 2495 1587 2552 miser?
1634 2498 1776 2550 Tota
1823 2489 2085 2547 noctein

422 2593 523 2650 illo
572 2592 817 2647 horrore
844 2587 1227 2645 tenebrarum
1260 2584 1505 2641 timidus
1561 2586 1998 2656 suspectusque
2050 2594 2085 2634 ει

426 2696 668 2738 summo
711 2676 935 2735 mansit
982 2675 1233 2741 alienus,
1288 2673 1489 2729 verbis
1543 2670 1764 2746 quibus
1814 2668 2089 2743 sapiebat

425 2774 613 2828 Deum
655 2771 1051 2840 sanctamque
1090 2766 1221 2836 ejus
1251 2762 1625 2837 interpellare
1668 2776 1793 2818 non
1822 2774 2085 2816 cessans.

426 2860 594 2919 Circa
636 2856 907 2914 medium
946 2854 1137 2910 noctis
1163 2853 1372 2928 aspicit
1419 2852 1493 2908 de
1522 2856 1689 2925 parte
1715 2849 1851 2906 ostii
1886 2846 2091 2904 ineffa-

425 2948 561 3007 bilis
616 2946 833 3021 speciei
862 2944 1065 3000 venire
1111 2942 1225 2998 sibi
1278 2940 1563 3017 puellam.
1621 2943 1803 2997 Batus
1829 2936 2089 3009 denique

2192 1770 2419 1838 tudine,
2451 1768 2630 1842 coepit
2683 1768 2852 1824 illum
2882 1768 3199 1824 obsecrare
3254 1771 3316 1821 ut
3344 1764 3456 1821 sibi
3503 1764 3868 1834 ignosceret.

2194 1859 2292 1915 ille
2321 1848 2717 1932 nequaquam
2762 1856 3175 1930 acquiescens,
3227 1856 3303 1911 ad
3332 1858 3607 1911 sanetam
3657 1851 3873 1908 Fidem

2193 1948 2393 2022 potius
2416 1949 2568 2006 itum
2592 1948 2696 2015 ire,
2747 1953 2814 2003 ut
2850 1946 3135 2018 injuriam
3185 1946 3344 2001 hanc
3394 1957 3730 2016 exponens,
3763 1940 3869 1996 ait.

2192 2041 2341 2094 Tum
2371 2036 2657 2110 praefatus
2714 2035 3058 2104 Adimarus,
3088 2048 3338 2090 cernens
3376 2031 3487 2087 viri
3517 2029 3877 2087 obstinatio-

2194 2140 2357 2192 nem,
2383 2129 2440 2180 et
2465 2125 2598 2197 ipse
2641 2138 2885 2197 quoque
2913 2138 3051 2177 cum
3102 2120 3446 2194 quindecim
3492 2133 3615 2173 suae
3639 2116 3875 2172 domus

2193 2211 2464 2286 ephebis,
2522 2211 2703 2268 nudis
2756 2211 3015 2284 pedibus
3063 2214 3120 2266 et
3197 2208 3441 2264 inermis
3480 2207 3558 2262 ad
3590 2210 3873 2261 sanctam

2190 2301 2487 2372 virginem
2535 2298 2853 2356 festinavit.
2919 2302 3203 2356 Cerneres
3273 2296 3489 2353 ambos
3543 2293 3874 2350 Adimaros

2195 2392 2359 2463 (nam
2408 2388 2643 2464 utrique
2686 2390 2748 2446 id
2778 2406 3001 2446 nomen
3033 2390 3178 2461 erat)
3218 2393 3354 2445 ante
3385 2403 3622 2443 sacram
3653 2384 3873 2453 imagi-

2192 2497 2356 2549 nem,
2387 2485 2681 2554 tanquam
2712 2484 2850 2537 ante
2882 2478 3143 2536 tribunal
3165 2482 3508 2536 concertare
3535 2494 3547 2532 :
3576 2476 3740 2531 hunc
3772 2491 3874 2530 ac-

2195 2576 2529 2639 cusantem,
2583 2570 2754 2627 illum
2782 2586 2960 2626 suum
3010 2573 3327 2642 peceatum
3381 2566 3787 2631 conﬁtentem,
3812 2568 3872 2619 et

2196 2659 2683 2717 emendationem
2710 2659 3131 2732 proferentem.
3180 2662 3252 2714 At
3277 2672 3421 2713 vero
3454 2655 3717 2711 seniores
3749 2652 3872 2708 loci

2194 2748 2651 2818 intercedentes,
2720 2747 2941 2803 dictata
2990 2762 3100 2820 pro
3155 2746 3316 2803 letho
3366 2744 3629 2801 hominis
3684 2741 3869 2812 legali

2197 2836 2639 2904 emendatione,
2680 2835 2833 2892 inter
2861 2851 2964 2891 eos
3007 2834 3395 2892 concordiam
3421 2834 3706 2890 fecerunt.
3746 2833 3871 2885 Hoc

2198 2924 2561 2982 miraculum
2587 2924 2824 2998 plebeio
2854 2923 3066 2991 relatu,
3096 2927 3161 2980 ut
3184 2924 3327 2991 dixi,
3351 2923 3482 2995 jam
3512 2920 3743 2996 passim
3773 2935 3871 2975 re-

428 3054 559 3095 esse
610 3011 1062 3100 cubicularium,
1098 3032 1213 3088 nisi
1238 3011 1381 3104 quia
1410 3047 1546 3104 quae
1579 3026 2090 3085 eratcircumdata
2124 3054 2164 3108 ρ
2198 3013 2709 3108 ξθιῑιιωνοοιιθονάἱ
2740 3013 3181 3069 ωοῐιειϐὶιοΐιιω
3213 3011 3507 3069 sententia
3537 3014 3750 3108 postea
3780 3025 3873 3064 re-

429 3141 553 3183 non
583 3123 854 3191 candela,
889 3138 1011 3178 non
1042 3119 1287 3194 aliquod
1331 3118 1590 3175 lucernae
1623 3119 2090 3174 instrumentum

429 3226 625 3282 lucem
657 3211 1027 3286 praeferebat.
1071 3212 1203 3266 ΗίΕο
1234 3208 1529 3265 accedens
1557 3207 1738 3280 euepit
1770 3206 1958 3273 illum,
1990 3221 2093 3260 ve-

430 3304 539 3360 luti
590 3303 823 3373 ignara,
867 3316 991 3375 qua
1030 3299 1105 3356 de
1156 3316 1339 3356 causa
1386 3302 1722 3355 carceratus
1783 3296 2095 3353 tenebatur

427 3393 706 3465 rogitare.
737 3391 840 3448 Cui
872 3390 1079 3448 omnia
1126 3389 1449 3463 exponenti
1472 3406 1539 3445 ac
1566 3387 1957 3463 postmodum
1996 3402 2096 3442 vo-

429 3483 688 3541 citamen
725 3478 1119 3555 percontanti,
1153 3483 1423 3535 sanctam
1466 3478 1665 3534 Fidem
1697 3494 1757 3533 se
1810 3493 1937 3532 esse
1964 3475 2095 3548 ipsa

427 3571 757 3644 respondit.
794 3594 820 3620 ‹‹
856 3573 920 3625 Et
958 3568 1103 3635 noli;
1150 3567 1364 3641 inquit,
1399 3568 1611 3640 coeptis
1648 3566 1952 3631 desistere,
1984 3581 2093 3620 nec

430 3660 828 3719 difﬁdentiam
860 3658 1045 3715 ullam
1077 3657 1300 3715 habere
1327 3675 1340 3725 ;
1390 3657 1496 3713 sed
1527 3672 1764 3729 semper
1790 3659 1844 3710 et
1872 3670 2095 3729 nomen

429 3756 486 3807 et
515 3749 844 3807 clamorem
898 3752 1117 3803 sanctae
1158 3745 1312 3802 Fidis
1343 3745 1561 3803 habeto
1604 3745 1661 3801 in
1691 3762 1811 3800 ore.
1852 3745 2095 3799 Verum-

431 3844 633 3895 tamen
690 3837 854 3911 quod
905 3836 1009 3892 tibi
1058 3835 1421 3891 interminati
1474 3839 1631 3893 sunt.
1687 3851 1821 3889 eras
1865 3832 2095 3888 subibis

431 3927 791 4002 patibulum.
824 3925 939 3983 Sed
987 3925 1124 3980 vivit
1159 3924 1572 3998 Omnipotens,
1615 3923 1721 3998 qui
1761 3928 1813 3979 te
1844 3922 1921 3979 ab
1946 3921 2095 3995 ipsis

434 4014 711 4073 faucibus
737 4014 958 4070 hiantis
988 4012 1196 4069 mortis
1224 4012 1547 4070 revocabit.
1587 4037 1612 4061 ››
1647 4015 1777 4067 Haec
1805 4015 1863 4067 et
1892 4011 2098 4082 hujus-

433 4104 601 4162 modi
632 4108 967 4179 prosecuta,
998 4103 1183 4158 virtus
1214 4101 1469 4158 caelestis
1494 4101 1686 4158 rediit.
1716 4102 1812 4157 Ille
1838 4117 1979 4156 vero
2007 4116 2095 4156 re-

431 4193 666 4267 liquum
713 4191 903 4249 noctis
946 4191 1026 4248 ob
1055 4191 1360 4248 insolitam
1410 4190 1674 4269 numinis
1714 4191 2005 4247 visionem
2035 4190 2095 4245 in

435 4282 647 4354 grandi
705 4287 960 4338 tremore
1020 4281 1326 4351 transegit.
1375 4279 1487 4337 Sed
1536 4297 1718 4353 quem
1762 4279 1925 4337 bona
1957 4296 2098 4353 pars

432 4370 788 4442 visitaverat,
843 4387 1015 4426 mens
1067 4370 1149 4426 illi
1206 4369 1430 4425 turbari
1482 4386 1605 4426 non
1653 4369 1863 4443 potuit.
1921 4373 2094 4426 Facto
2134 4402 2174 4456 υ

432 4477 612 4517 mane
666 4460 917 4516 eductus
970 4460 1130 4528 inde,
1193 4458 1415 4514 sistitur
1456 4463 1594 4514 ante
1646 4458 1923 4515 tribunal.
1984 4459 2097 4515 Sed

433 4554 663 4623 quanto
695 4547 961 4605 crebrius
986 4549 1171 4604 homo
1203 4551 1475 4603 sanctam
1500 4546 1698 4603 Fidem
1721 4547 2093 4615 nominabat,

433 4643 598 4695 tanto
625 4637 999 4694 festinantius
1030 4653 1200 4693 mens
1230 4636 1529 4693 malitiosa
1560 4636 1899 4710 patibulum
1931 4652 2095 4692 acce-

430 4727 679 4784 lerahat.
716 4732 833 4783 Itur
858 4742 1000 4796 ergo
1032 4726 1112 4782 ad
1136 4726 1339 4782 locum
1364 4724 1660 4798 supplicii.
1686 4729 1798 4782 Nec
1826 4725 1968 4781 satis
1989 4724 2099 4781 fuit

431 4816 647 4873 seniori
682 4814 869 4872 servis
920 4815 1043 4870 suis
1091 4814 1390 4888 imperare
1421 4814 1584 4884 solis,
1620 4814 1731 4871 nisi
1762 4820 1818 4870 et
1847 4815 2099 4888 ipsemet

431 4920 656 4977 magno
707 4904 1026 4960 comitante
1076 4902 1341 4976 equitatu
1385 4902 1624 4959 abisset.
1669 4907 1783 4960 Nec
1826 4919 2096 4976 unquam

433 4994 537 5067 qui
570 5009 763 5049 nexus
795 4991 1147 5061 ducebatur,
1170 5007 1391 5049 nomen
1424 4998 1641 5048 sanctae
1674 4992 1847 5060 Fidis,
1883 4996 1946 5048 ut
1974 4997 2101 5049 erat

431 5080 846 5155 praemonitus,
892 5081 1174 5151 deseruit,
1231 5082 1423 5137 donec
1480 5082 1578 5137 via
1643 5082 1828 5148 vocis,
1886 5081 2097 5152 ligneis

429 5176 732 5228 coarctata
761 5172 1014 5244 laqueis,
1062 5172 1356 5228 suti‘oeato
1401 5175 1635 5243 gutture
1674 5171 2095 5230 intercludere-

429 5260 543 5321 tur,
572 5271 715 5310 mox
742 5255 961 5311 deinde
987 5256 1350 5329 pendentem
1381 5255 1684 5311 deserunt.
1713 5259 1777 5311 Et
1803 5273 1939 5312 cum
1965 5257 2095 5326 jam

426 5337 748 5412 paululum
790 5338 853 5393 in
887 5339 1244 5396 revertendo
1275 5339 1717 5410 elongarentur,
1749 5340 2090 5412 respiciunt,

429 5420 631 5477 furcas
666 5436 890 5477 vacuas
922 5430 1191 5480 cernunt.
1244 5427 1406 5481 Tunc
1436 5440 1576 5481 cum
1603 5439 1826 5494 magno
1850 5424 2095 5499 strepitu

429 5507 704 5577 regressi,
762 5507 1072 5566 hominem
1117 5511 1326 5567 durius
1368 5512 1619 5584 ligatum
1665 5513 1926 5570 relevant
1968 5531 2093 5568 sur-

431 5611 585 5652 sum.
622 5598 849 5652 Rursus
896 5613 1138 5673 quoque
1183 5616 1323 5656 cum
1350 5605 1713 5658 revertentes
1749 5603 2093 5675 retrospice-

429 5688 582 5754 rent,
622 5684 789 5741 humi
844 5687 1179 5745 secundum
1224 5688 1567 5748 furciferum
1623 5689 1897 5764 elapsum
1950 5695 2089 5749 lzau-

2199 3103 2392 3160 latum
2416 3107 2521 3159 est.
2572 3105 2761 3176 thue
2795 3102 2967 3158 dictis
2992 3102 3174 3158 fidem
3200 3102 3482 3170 facerent,
3512 3098 3873 3173 ampliorem

2203 3194 2534 3268 quemdam
2559 3192 2866 3264 juvenem,
2915 3192 3231 3248 memorati
3269 3191 3532 3248 Adimari
3565 3187 3875 3246 consobri-

2202 3300 2371 3351 num,
2408 3282 2470 3338 in
2522 3281 2933 3337 testimonium
2985 3286 3318 3349 arcessunt,
3345 3280 3448 3354 qui
3480 3295 3619 3335 cum
3660 3277 3759 3333 illo
3791 3277 3872 3332 ad

2205 3371 2476 3430 Conclias
2501 3375 2641 3444 post
2657 3369 3025 3443 ereptionem
3047 3387 3083 3427 a
3104 3369 3435 3442 suspendio
3461 3371 3737 3425 venerat:
3762 3365 3872 3422 sed

2202 3466 2260 3518 et
2281 3461 2483 3534 ipsum
2530 3459 2907 3529 Adimarum,
2948 3458 2997 3514 si
3042 3459 3186 3515 mihi
3214 3458 3422 3515 fuisset
3460 3456 3741 3531 spatium,
3775 3455 3872 3511 vel

2203 3568 2310 3625 per
2337 3551 2566 3622 legatos
2594 3554 2875 3606 vocatum
2896 3554 3241 3622 exspectare
3268 3548 3359 3604 vel
3405 3548 3514 3604 iter
3539 3547 3618 3604 ad
3665 3544 3869 3619 ipsum

2204 3639 2542 3708 extendere,
2606 3638 2938 3713 potuissem
2988 3638 3212 3709 videre,
3275 3654 3384 3694 nec
3441 3643 3680 3710 tempus
3729 3634 3867 3708 plus

2203 3730 2620 3804 quinquennio
2667 3728 2951 3786 dicebant
3012 3746 3085 3786 ex
3127 3745 3250 3802 quo
3307 3728 3369 3784 id
3426 3730 3706 3784 evenerat
3772 3724 3871 3781 de-

2205 3820 2468 3889 ﬂuxisse,
2494 3820 2816 3893 ipsumque
2837 3819 3203 3891 supersitum
3235 3833 3384 3874 esse.

2861 3909 3090 3965 CAPUT
3128 3910 3215 3963 X1.

2203 4002 2293 4057 De
2319 4015 2384 4057 eo
2406 3999 2507 4055 cui
2533 3998 2614 4054 ad
2639 3998 3064 4054 conterendum
3078 3998 3308 4067 ferreos
3330 3995 3633 4066 compedes
3661 4000 3869 4051 sancta

2630 4087 2808 4144 Fides
2840 4088 3186 4144 martellum
3211 4087 3440 4143 attulit.

2280 4181 2502 4234 Rursus
2530 4177 2605 4233 de
2631 4177 2748 4233 alio
2779 4177 3024 4233 homine
3046 4192 3173 4232 rem
3203 4176 3351 4231 mihi
3389 4172 3866 4248 opinatissimam

2207 4267 2524 4324 unanimes
2552 4266 2825 4335 retulere,
2848 4265 2953 4339 qui
2978 4283 3118 4322 cum
3147 4265 3379 4322 diutina
3409 4264 3661 4321 carceris
3682 4269 3868 4321 custo-

2205 4357 2305 4413 dia
2322 4355 2890 4429 aﬂligeretur,atque
2903 4355 3270 4412 incessanter
3284 4354 3365 4412 ad
3377 4358 3651 4412 sanctam
3670 4354 3859 4411 Fidem

2205 4448 2566 4506 exclamaret
2596 4463 2736 4503 mox
2764 4447 2816 4502 ei
2839 4450 3049 4503 sancta
3077 4446 3541 4518 Fidesyigilanti
3570 4446 3858 4519 apparuit.

2206 4540 2346 4604 Quae
2371 4553 2511 4592 cum
2538 4541 2748 4592 sancta
2775 4534 2943 4591 Fides
2971 4534 3264 4591 vocabulo
3286 4550 3347 4591 se
3370 4536 3862 4608 nominaret,pro—

2206 4627 2366 4683 tinus
2386 4625 2725 4682 marculum
2742 4623 3576 4698 vetustissimum,scabraque
3591 4624 3858 4696 rubigine

2206 4716 2540 4773 obductum
2564 4714 2864 4788 praebens,
2905 4714 3079 4784 jubet
3102 4713 3274 4772 illum
3307 4715 3629 4790 compedes
3655 4714 3856 4781 ferire;

2206 4802 2367 4873 dein,
2391 4803 2527 4858 ferri
2557 4802 2956 4873 fragminibus
2981 4808 3297 4876 onustum,
3320 4803 3398 4860 ad
3425 4802 3698 4860 Conchas
3718 4801 3858 4859 cele-

2203 4891 2341 4947 riter
2365 4891 2682 4964 proﬁcisci.
2713 4892 2894 4964 Cujus
2921 4893 3150 4949 monita
3175 4892 3269 4949 ille
3298 4890 3630 4965 perficiens,
3660 4891 3856 4964 pervio

2207 4982 2460 5039 carceris
2490 4982 2825 5055 obstaculo,
2852 4983 3084 5056 absque
3114 4984 3382 5039 humano
3412 4981 3855 5056 impedimento,

2203 5070 2409 5128 divino
2438 5072 2624 5128 fretus
2675 5071 3031 5143 munimine,
3053 5072 3132 5128 ad
3162 5078 3435 5130 sanctam
3477 5071 3675 5128 Fidem
3707 5077 3856 5129 recto

2205 5161 2453 5217 tetendit
2493 5161 2746 5229 tramite,
2793 5166 2849 5216 et
2878 5178 2989 5235 pro
3032 5178 3255 5231 magno
3288 5161 3583 5219 beneﬁcio
3613 5178 3855 5235 magnas

2208 5249 2429 5318 gratias
2461 5251 2580 5305 Deo
2612 5254 2956 5323 sauciaeque
2987 5252 3117 5322 ejus
3146 5267 3269 5308 non
3288 5250 3559 5321 ingratus
3587 5251 3852 5309 reddidit.

2206 5338 2334 5393 Fuit
2361 5338 2587 5394 ibidem
2606 5340 2915 5396 marculus
2938 5339 3166 5396 circiter
3188 5346 3304 5397 tres
3324 5357 3517 5398 annos
3539 5356 3851 5417 appensus,

2202 5431 2267 5482 ut
2289 5424 2520 5495 insigne
2549 5427 2697 5483 tanti
2718 5428 2991 5484 miraculi
3012 5429 3539 5502 peregrinantibus
3563 5429 3850 5486 nondees-

2203 5519 2306 5571 set.
2326 5516 2389 5571 ld
2417 5515 2596 5571 nimis
2627 5518 3137 5591 suceensui,quod
3169 5519 3231 5575 in
3260 5524 3664 5577 memoratum
3684 5533 3849 5593 opus,

2200 5603 2539 5661 marculum
2568 5605 2749 5662 etiam
2777 5606 3427 5665 destruxerant.Mirum
3451 5607 3614 5667 dictu
3636 5607 3654 5667 ι
3677 5605 3848 5678 unde,

2200 5696 2619 5767 putas,saneta
2641 5695 2809 5753 Fides
2825 5711 3183 5769 corporeum
3203 5698 3544 5756 marculum
3560 5695 3849 5756 habuerit?
