3952 6410
137 318 244 370 145

1263 322 1390 377 LIB.
1433 323 1522 377 DE
1563 320 1934 378 MIRACUIJS
1968 320 2252 375 SANCTzE
2285 319 2478 375 FlDlS.

3485 321 3584 374 146

134 439 256 496 Sed
286 454 416 494 non
442 437 740 494 debemus
773 441 1001 497 ratione
1024 442 1296 500 humana
1325 445 1597 502 divinum
1649 461 1804 517 opus
1839 449 1878 500 Α
1925 443 2000 499 ab
2043 443 2140 498 illo
2190 459 2475 515 quaenam
2521 445 2693 506 esset,
2751 443 3022 494 sanctam
3087 437 3283 494 Fidem
3341 454 3404 494 se
3451 455 3584 498 esse

131 529 461 596 testimare,
493 529 598 584 sed
629 529 853 586 factum
886 531 1139 588 fideliter
1165 537 1426 591 credere.

791 623 1016 678 CAPUT
1055 627 1164 679 Xll.

129 710 221 764 De
252 724 319 765 eo
349 710 476 780 qui,
507 711 899 778 praemonitus
931 728 966 766 α
998 718 1209 768 sancta.
1261 714 1432 784 Fide,
1491 732 1599 785 per
1642 717 1807 784 fene-

193 804 393 854 stram
417 799 604 854 turris
627 800 791 854 saltu
819 801 1026 856 evasit.
1055 803 1135 856 Et
1161 803 1233 858 de
1265 805 1537 860 mirabili
1562 808 1749 861 asino.

205 890 358 944 Rem
388 887 729 944 mirabilem
767 891 1116 964 cunctisque
1162 893 1398 948 saeculis
1451 893 1808 950 memorabi-

127 977 278 1044 lem,
312 979 372 1032 et
398 978 579 1033 etiam
608 977 931 1035 fastidiosis
947 979 1269 1038 lectoribus
1293 983 1658 1040 succinctam
1678 1001 1808 1040 nar-

127 1071 398 1132 raturus,
451 1069 641 1122 Deum
699 1067 924 1124 fontem
977 1070 1282 1142 sapientiae
1330 1072 1531 1128 vivum
1561 1073 1808 1129 fideliter

125 1155 431 1228 deprecor
487 1159 552 1210 ut
599 1155 817 1211 divinae
869 1158 1176 1231 sapientiae
1227 1160 1598 1218 afﬂuentiam
1653 1163 1808 1218 intra

126 1241 397 1315 pectoris
429 1242 549 1298 mei
573 1258 798 1300 arcana
828 1244 1167 1315 infundere,
1197 1249 1507 1321 sanctique
1559 1249 1807 1322 Spiritus

124 1347 269 1387 rore
296 1347 511 1387 sensus
533 1332 651 1387 mei
678 1332 1013 1390 ariditatem
1046 1335 1325 1406 dignetur
1343 1338 1589 1408 irrigare
1615 1358 1627 1406 ;
1660 1355 1809 1412 qua-

124 1425 412 1476 tenus-ea
439 1436 578 1493 quae
607 1437 750 1478 vera
808 1428 966 1489 sunt,
1037 1425 1116 1481 ad
1169 1426 1478 1483 utilitatem
1540 1445 1806 1498 congruo

121 1510 420 1579 rectoque
447 1522 723 1564 sermone
753 1508 990 1565 valeam
1022 1527 1394 1582 expromere,
1430 1529 1538 1568 nec
1570 1518 1805 1568 senten-

124 1596 210 1652 tia
240 1611 383 1652 mea
414 1612 451 1650 a
475 1601 636 1652 recto
676 1598 909 1654 tramite
964 1600 1382 1670 exorbitando,
1431 1619 1539 1675 per
1595 1602 1805 1658 inanes

121 1701 250 1755 res,
309 1701 483 1741 secus
535 1702 722 1758 quam
769 1687 985 1743 veritas
1026 1688 1224 1756 habet,
1259 1691 1498 1746 deviare
1524 1691 1799 1764 inceptet.

124 1775 294 1832 Miles
329 1775 604 1848 quidam,
629 1777 728 1850 qui
763 1783 889 1833 erat
917 1778 977 1832 in
1011 1779 1284 1851 captione
1316 1781 1375 1835 in
1407 1798 1566 1853 pago
1589 1783 1799 1838 Rothe-
1839 1797 1876 1848 Β

122 1865 290 1935 nico,
316 1871 516 1921 castro
547 1869 742 1933 Perso,
779 1867 892 1922 sub
927 1867 1198 1924 dominio
1249 1870 1558 1926 Amblardi
1607 1872 1800 1941 cujus-

124 1953 276 2010 dam
327 1953 686 2009 nobllissimi
733 1954 859 2021 viri,
903 1956 1057 2012 datis
1087 1974 1196 2029 pro
1242 1974 1303 2012 se
1347 1957 1680 2025 obsidibus,
1724 1961 1799 2015 ad

127 2047 411 2099 sanctam
461 2043 684 2111 Fidem,
736 2045 912 2116 quasi
965 2045 1126 2101 aliud
1175 2047 1478 2116 negotium
1537 2054 1797 2112 acturus,

114 2148 254 2205 quo
294 2131 782 2206 potuitoeeultus
825 2133 1001 2190 venit.
1058 2136 1276 2190 Deinde
1310 2142 1529 2193 statuto
1557 2138 1796 2210 placito,

125 2237 261 2276 sese
283 2220 346 2277 in
370 2221 714 2294 captionem
739 2223 979 2295 recepit.
1035 2223 1198 2279 Unde
1249 2224 1504 2297 qualiter
1529 2230 1664 2298 post
1693 2226 1797 2281 ali-

125 2309 501 2384 quantulum
529 2312 814 2383 temporis
873 2312 1078 2369 divina
1135 2313 1472 2371 visitatione
1524 2316 1796 2380 evaserit.

125 2399 462 2456 dicendum
495 2401 622 2456 erit.
662 2401 773 2457 Sed
805 2402 1071 2473 primum
1102 2407 1270 2458 terras
1330 2403 1484 2459 illius
1544 2405 1689 2460 situs
1745 2412 1801 2460 et

124 2488 394 2562 qualitas
426 2488 637 2561 paucis
696 2489 892 2545 verbis
949 2491 1295 2564 repetenda.
1324 2495 1421 2548 Est
1450 2493 1641 2565 patria
1695 2510 1800 2565 per

129 2577 344 2634 omnia
374 2580 721 2644 montuosa,
750 2583 806 2634 et
827 2579 1004 2634 etiam
1039 2597 1145 2652 per
1197 2579 1331 2636 loca
1375 2580 1632 2636 horridis
1672 2599 1798 2637 sco-

124 2666 290 2740 pulis
323 2666 478 2722 adeo
506 2665 686 2736 edita,
710 2671 774 2723 ut
805 2670 965 2723 visus
992 2668 1318 2725 altitudinis
1370 2670 1641 2726 vastitate
1698 2671 1799 2726 vix

126 2760 316 2828 queat
344 2755 695 2812 exsaturari.
724 2756 838 2813 Sed
863 2756 1013 2813 inter
1051 2758 1178 2813 hzec
1208 2757 1290 2813 ibi
1321 2758 1466 2814 forte
1525 2759 1798 2831 planities

125 2843 411 2912 occurrit,
471 2844 712 2914 frugum
767 2846 1157 2918 proventibus
1215 2847 1367 2903 adeo
1408 2848 1686 2916 fecunda,
1735 2853 1800 2904 ut

124 2933 375 3006 pinguis
407 2933 633 2990 Cereris
660 2935 998 3008 Bacchique
1028 2936 1238 3010 optimi
1259 2936 1424 2992 nulla
1455 2942 1609 2993 terra
1652 2937 1801 2994 fera-

127 3021 256 3078 cior
275 3020 428 3077 mihi
459 3020 640 3077 fuisse
671 3021 988 3080 videretur.
1026 3027 1186 3080 Hanc
1231 3023 1312 3080 illi
1368 3024 1798 3094 ingenuitatem

128 3125 204 3166 ex
235 3126 308 3166 eo
340 3109 629 3166 accidisse
659 3113 875 3184 opinor
903 3112 1065 3185 quod
1119 3113 1191 3168 sit
1221 3113 1313 3168 his
1342 3115 1559 3169 nostris
1605 3116 1797 3185 regio-

128 3199 312 3255 nibus
344 3199 578 3269 editior,
609 3206 666 3256 et
694 3200 828 3256 ideo
849 3201 1085 3257 hiberni
1131 3201 1367 3272 frigoris
1424 3203 1797 3260 immanitate

125 3289 397 3359 rigidior,
427 3289 621 3362 sitque
656 3290 763 3345 soli
800 3290 1065 3358 vicinior,
1102 3296 1305 3364 utpote
1339 3293 1418 3347 ad
1474 3294 1797 3349 australem

126 3379 380 3451 plagam
411 3379 546 3448 sita,
575 3384 631 3435 et
679 3379 812 3436 ideo
862 3380 1070 3436 aestivo
1124 3380 1354 3437 fervore
1413 3382 1681 3440 calidior.
1735 3387 1796 3438 In

127 3473 330 3524 testate
354 3468 651 3539 videlicet,
682 3475 926 3542 propter
973 3469 1334 3526 vicinitatem
1364 3471 1526 3537 solis,
1556 3472 1797 3528 torrenti

127 3557 326 3614 calore
356 3557 538 3613 nimis
568 3563 877 3614 exaestuat.
904 3564 966 3614 ln
997 3559 1192 3615 hieme
1215 3577 1358 3616 vero
1391 3567 1636 3634 propter
1667 3561 1796 3617 alti-

128 3647 401 3703 tudinem
425 3652 593 3702 terrze
640 3647 840 3703 nimiis
888 3647 1210 3719 frigoribus
1269 3650 1439 3720 riget,
1483 3651 1633 3706 sicut
1688 3651 1794 3706 ubi

126 3740 345 3792 Auster
371 3735 754 3792 liberioribus
786 3738 1038 3793 habenis
1096 3743 1326 3807 regnat.
1383 3739 1563 3810 Igitur
1621 3757 1797 3814 repu-

128 3825 389 3897 gnantiis
419 3825 671 3882 diversae
701 3832 934 3883 naturae
960 3834 1187 3900 quanto
1229 3829 1423 3899 magis
1475 3829 1647 3885 tellus
1696 3830 1796 3886 illa

125 3920 396 3988 urgetur,
428 3921 595 3972 tanto
626 3917 822 3988 magis
856 3919 1209 3990 excoquitur
1240 3919 1449 3974 vitium
1483 3924 1663 3991 atque
1696 3936 1796 3975 ex-

127 4006 309 4062 sudat
336 4005 561 4062 inutilis
587 4006 825 4063 humor.
852 4011 934 4063 Ac
962 4024 1069 4080 per
1097 4009 1213 4064 hoc
1242 4008 1399 4065 facta
1436 4013 1524 4065 est
1560 4009 1798 4065 laetioris

126 4095 536 4168 dulciorisque
565 4097 850 4165 germinis
879 4101 1038 4152 terra
1069 4098 1340 4167 genitrix.
1395 4098 1504 4155 Sed
1539 4098 1702 4170 quia,
1736 4104 1801 4155 ut

125 4184 413 4252 diximus,
445 4185 744 4242 montium
776 4186 1285 4260 scopulorumque
1317 4187 1799 4243 dissimilitudine

126 4279 388 4331 anostro
422 4274 550 4330 solo
577 4275 897 4348 discrepat,
922 4275 1058 4332 ideo
1089 4277 1336 4346 contigit
1366 4282 1429 4334 ut
1483 4278 1800 4350 prmnomi-

125 4364 251 4419 nati
280 4363 490 4436 oppidi
521 4368 836 4431 structura,
860 4381 1041 4437 super
1064 4365 1572 4422 excellentissima:
1628 4366 1798 4439 rupis

127 4451 425 4508 soliditate
455 4452 730 4520 fundata,
763 4469 870 4526 per
892 4453 1224 4526 spatiosum
1247 4456 1398 4510 aeris
1421 4455 1598 4510 inane
1620 4455 1798 4525 longe

126 4540 483 4598 eminentior
510 4546 810 4612 exsurgat.
840 4545 1018 4598 Porro
1058 4543 1506 4616 oppidanorum
1562 4544 1796 4599 mansio

126 4630 199 4686 de
239 4634 409 4702 parte
432 4629 532 4687 illa
560 4630 814 4686 habetur
863 4648 998 4704 quae
1030 4631 1266 4705 planior
1295 4632 1796 4705 habitabiliorque

125 4719 382 4775 videtur.

198 4806 435 4864 Habens
466 4825 667 4865 arcem
690 4813 950 4866 erectam
981 4809 1269 4866 mediocri
1319 4810 1472 4876 loco,
1522 4809 1600 4864 ad
1630 4809 1795 4866 illam

127 4896 400 4953 videlicet
428 4897 676 4970 plagam
698 4916 833 4972 quae
864 4899 1069 4956 altiore
1101 4898 1291 4954 ruitur
1331 4898 1679 4972 przeeipitio.
1715 4903 1794 4956 De

126 5001 250 5057 qua
279 4977 459 5042 etiam
482 4991 652 5058 parte
709 4987 770 5042 in
831 5003 1073 5043 summo
1131 4987 1309 5042 turris
1363 4985 1581 5042 solario
1638 4987 1794 5043 heri-

125 5073 196 5128 lis
225 5090 468 5130 camera
496 5080 641 5142 erat,
675 5075 779 5131 ubi
823 5079 948 5149 ipse
1001 5077 1177 5130 heros
1227 5092 1367 5130 cum
1397 5074 1793 5132 familiaribus

129 5162 373 5234 sopitus,
400 5163 710 5236 placidum
733 5165 1021 5238 carpebat
1046 5168 1282 5237 pectore
1314 5180 1620 5220 somnum.
1682 5167 1792 5220 Ex-

131 5254 217 5307 tra
252 5268 442 5325 quam
489 5270 796 5310 cameram
847 5254 908 5310 in
957 5253 1172 5310 eodem
1221 5253 1439 5310 solario
1493 5254 1567 5309 de
1625 5258 1792 5328 parte

126 5338 355 5413 reliquii
377 5340 710 5414 municipii,
743 5342 1039 5415 captivus,
1085 5358 1268 5414 quem
1323 5341 1464 5402 dixi.
1499 5342 1793 5415 pondero-

128 5443 194 5485 sa.
218 5428 374 5486 mole
404 5429 544 5486 ferri
576 5431 851 5486 cruribus
880 5431 1160 5501 innexus,
1193 5431 1372 5488 trium
1441 5432 1791 5488 vernaculo-

125 5531 256 5575 rum
283 5520 561 5576 custodia
585 5521 960 5577 servabatur.
993 5520 1136 5576 Huic
1168 5527 1377 5578 sancta
1419 5521 1585 5578 Fides
1632 5521 1787 5592 jam-

126 5605 354 5666 dudum
383 5611 460 5666 ad
495 5627 556 5666 se
587 5610 920 5684 querelosis
947 5610 1198 5667 vocibus
1232 5612 1613 5682 exelamanti,
1635 5611 1789 5682 jam-

125 5713 236 5772 que
263 5716 422 5774 pene
449 5700 817 5774 desperanti,
846 5701 1052 5774 sopitis
1080 5702 1456 5770 custodibus,
1490 5700 1787 5774 corporali

125 5789 316 5861 specie
373 5789 801 5862 conspicabilis
841 5790 1140 5863 apparuit.
1197 5793 1334 5856 Quae
1383 5807 1522 5846 cum
1579 5795 1789 5862 rogata

1920 533 2328 605 responderet,
2355 531 2625 604 protinus
2666 528 2946 585 instantia
3005 544 3250 600 precum
3304 527 3460 584 illius
3519 546 3582 584 se

1921 639 2051 678 esse
2080 622 2388 689 fatigatam
2418 619 2654 690 adjecit,
2684 618 2804 674 imo
2833 617 3012 672 etiam
3043 617 3274 672 diutino
3320 617 3580 674 clamore

1919 715 2188 767 coactam
2217 729 2229 777 ;
2265 727 2298 765 a
2332 713 2449 764 Deo
2485 714 2682 764 tamen
2715 706 2962 762 missam
3006 711 3068 761 ut
3119 722 3259 761 cum
3308 706 3581 762 absolvat

1918 800 2171 856 venisse.
2233 802 2426 864 Quare
2478 797 2672 866 igitur,
2725 795 2937 868 inquit,
2967 794 3182 865 longas
3237 809 3440 850 moras
3487 794 3579 850 in-

1918 889 2149 945 uectis?
2205 891 2524 959 Perrumpe
2581 901 2687 958 per
2725 883 2990 939 medium
3048 899 3420 950 camerae,ac
3473 898 3580 955 per

1917 996 2189 1034 summas
2220 978 2395 1033 turris
2419 977 2707 1031 fenestras
2766 973 3020 1030 elabere.
3077 979 3090 1022 ἰ
3103 977 3344 1045 ‘umque
3375 971 3453 1028 ad
3482 990 3580 1028 vo-

1917 1087 2045 1124 cem
2078 1067 2373 1123 monentis
2417 1070 2649 1136 reptare
2708 1063 3008 1136 erupisset,
3041 1063 3330 1132 evigilans
3383 1063 3578 1117 senior

1917 1159 2072 1214 male
2107 1157 2408 1222 sollicitus,
2469 1154 2602 1209 ferri
2663 1153 2966 1208 tinnicntis
3021 1151 3276 1207 advertit
3323 1156 3574 1207 motum.

1918 1249 2057 1304 Dein
2092 1247 2359 1301 excitatae.
2389 1243 2788 1311 eubicularim,
2821 1247 2886 1296 ut
2921 1241 3118 1297 tardos
3155 1244 3330 1311 cogat
3382 1245 3577 1296 custo.

1914 1339 2041 1407 des,
2076 1336 2292 1391 minaci
2318 1334 2622 1390 actoritate
2646 1333 2835 1404 jubet.
2868 1331 3039 1397 Quod
3071 1347 3208 1387 cum
3251 1330 3352 1386 illa
3381 1330 3574 1404 perfe-

1915 1427 2107 1491 cisset,
2152 1426 2356 1480 clauso
2385 1422 2616 1488 ostiolo,
2644 1422 2703 1477 in
2750 1420 3030 1476 conclave
3063 1436 3123 1474 se
3171 1419 3407 1492 recepit.
3444 1423 3575 1475 Post

1915 1517 2143 1588 aliquot
2170 1515 2454 1570 horarum
2488 1528 2829 1582 excursum,
2862 1526 2998 1565 ecce
3030 1509 3103 1564 de
3145 1510 3375 1579 integro
3439 1524 3573 1564 san-

1915 1611 2004 1661 eta
2038 1605 2202 1660 Fides
2238 1619 2539 1676 apparens
2569 1602 2842 1656 hortatur
2897 1599 3204 1655 hominem
3229 1603 3293 1654 ut
3317 1614 3442 1654 rem
3466 1613 3570 1668 ag-

1914 1695 2233 1764 grediatur.
2270 1693 2437 1758 Quod
2467 1709 2604 1747 cum
2649 1690 2742 1746 ille
2794 1688 2991 1744 statim
3041 1687 3282 1757 faciens,
3339 1691 3571 1760 reperto

1915 1785 2066 1839 ostio
2098 1784 2324 1846 clauso,
2357 1783 2416 1836 in
2457 1781 2677 1835 lectum
2711 1795 2901 1834 vacuo
2954 1782 3171 1832 conatu
3220 1776 3567 1846 regreditur.

1915 1879 2137 1929 Hui-sus
2171 1887 2413 1944 quoque
2454 1870 2671 1936 senior,
2701 1869 2890 1924 ferrea
2949 1866 3252 1922 collisione
3302 1881 3572 1938 experre-

1913 1969 2063 2029 ctus,
2109 1961 2503 2034 pedisequam
2563 1963 2626 2013 ut
2678 1957 2839 2030 prius
2896 1956 3136 2010 remisit.
3175 1955 3272 2011 Illa
3325 1959 3569 2028 peracto

1914 2054 2076 2108 herili
2111 2055 2408 2124 przeeepto
2462 2063 2754 2119 regressa,
2811 2047 3028 2100 ostium
3072 2043 3280 2099 cubilis
3310 2062 3415 2116 per
3476 2060 3569 2100 v0-

1911 2143 2200 2196 luntatem
2232 2141 2327 2195 Dei
2360 2142 2636 2210 apertum
2659 2135 2902 2191 dimisit.
2938 2138 3074 2189 Post.
3107 2135 3254 2201 haec,
3287 2133 3570 2188 omnibus

1911 2230 2099 2284 multo
2127 2226 2382 2297 graviori
2416 2242 2629 2298 sopore
2661 2223 2986 2296 oppressis,
3010 2239 3143 2277 ecce
3173 2226 3382 2278 sancta
3403 2220 3571 2277 Fides

1913 2319 2080 2374 tertio
2138 2316 2539 2384 manifestata,
2601 2314 2811 2369 durius
2869 2312 3251 2384 severiusque
3310 2311 3568 2367 hominis

1911 2407 2107 2475 arguit
2147 2404 2478 2476 ignaviam.
2535 2407 2804 2476 Cumque
2854 2401 3353 2474 impedimentum
3440 2401 3570 2456 ostii

1910 2498 2213 2566 objiceret,
2243 2511 2495 2566 seseque
2520 2495 2648 2565 jam
2678 2493 2768 2548 bis
2809 2492 3089 2547 delusum
3133 2507 3317 2563 quam
3371 2491 3570 2562 gravi-

1910 2591 1995 2641 ter
2027 2587 2200 2640 fcrret
2231 2603 2242 2639 :
2282 2607 2306 2630 ‹‹
2343 2583 2492 2650 Noli,
2517 2581 2711 2654 inquit
2734 2581 2853 2652 illa,
2887 2579 3185 2651 dubitare,
3214 2581 3356 2652 quia
3390 2581 3566 2635 habe-

1909 2675 1999 2730 bis
2024 2674 2294 2747 pervium
2320 2672 2446 2740 iter,
2477 2675 2533 2726 et
2556 2672 2710 2726 Deus
2742 2667 3147 2740 adjuvabitte.
3183 2689 3214 2721 ι
3275 2668 3369 2724 Ille
3426 2685 3568 2726 vero

1909 2763 2220 2819 conlidens
2245 2761 2306 2816 in
2334 2760 2605 2822 Domino,
2667 2774 2873 2828 gressu
2929 2773 3052 2830 quo
3105 2761 3339 2830 poterat
3389 2759 3571 2832 etrapit

1908 2859 2137 2909 motare
2165 2867 2245 2907 se.
2277 2853 2342 2906 Et
2362 2850 2443 2905 sic
2475 2849 2716 2905 tandem
2758 2865 2896 2903 eum
2954 2863 3177 2918 magna
3224 2846 3568 2904 difficultate

1909 2945 2216 3016 penetrato
2239 2939 2439 3006 cubili,
2469 2938 2546 2994 ad
2577 2938 2740 3010 ipsas
2772 2937 3058 2993 fenestras
3091 2936 3366 3003 substitit,
3389 2953 3567 2992 casus

1911 3031 2283 3087 altitudinem
2313 3029 2692 3084 vehementer
2721 3042 3145 3099 expavescens.
3173 3029 3334 3082 Tunc
3361 3030 3570 3082 sancta

1837 3149 1877 3202 ρ
1911 3120 2077 3176 Fides
2144 3119 2342 3175 adhuc
2381 3116 2640 3173 labantis
2676 3116 2861 3171 animi
2910 3115 3221 3171 hominem
3262 3114 3566 3180 comitata,

1908 3214 1964 3266 et
1991 3208 2172 3282 quasi
2208 3207 2366 3263 viam
2393 3205 2732 3262 affectando
2775 3204 3142 3278 praecedens,
3210 3203 3378 3260 illum
3433 3203 3569 3260 viri-

1907 3299 2038 3355 liter
2069 3297 2367 3354 exhortari
2417 3295 2644 3368 C(Bpit:
2698 3319 2724 3343 ‹‹
2772 3300 2916 3364 Age,
2964 3293 3264 3367 inquiens,
3321 3293 3570 3349 fiducia-

1908 3389 2037 3445 liter
2068 3407 2080 3456 ;
2113 3404 2235 3443 non
2269 3386 2385 3442 alio
2425 3386 2609 3441 modo
2636 3385 2764 3456 jam
2791 3384 3041 3440 evadere
3072 3383 3312 3456 poteris.
3365 3381 3573 3439 Simili-

1908 3483 1994 3535 ter
2025 3477 2167 3533 olim
2196 3475 2546 3532 lsraelitieus
2573 3473 2855 3546 populus,
2890 3472 2949 3528 in
2999 3473 3285 3528 ultionem
3335 3472 3570 3528 sceleris

1909 3568 2074 3623 urbis
2105 3565 2332 3628 Gabaa.
2370 3564 2591 3619 tribum
2644 3562 2956 3632 Benjamin
3016 3561 3351 3630 debellans,
3413 3565 3574 3617 ante-

1907 3673 2094 3730 quam
2159 3654 2532 3726 triumphum
2586 3651 2959 3722 obtinuisset,
3011 3650 3216 3706 divino
3287 3654 3570 3706 monente

1906 3744 2170 3808 oraculo,
2205 3759 2395 3814 usque
2423 3742 2500 3797 ad
2532 3741 2752 3796 trinum
2780 3744 3062 3795 conatum
3089 3738 3398 3795 laborasse
3430 3737 3571 3808 legi-

1907 3841 2059 3892 tur.»
2092 3833 2179 3889 Ad
2206 3838 2563 3898 extremum,
2596 3830 2689 3885 ille
2717 3829 2776 3885 in
2817 3828 3145 3884 miserabili
3200 3831 3428 3901 positus
3484 3827 3571 3883 di-

1907 3921 2205 3990 scrimine,
2239 3922 2551 3992 assumpta
2577 3917 2852 3985 audacia,
2906 3933 2975 3972 ac
3027 3916 3220 3990 posito
3271 3915 3450 3972 corde
3507 3915 3569 3972 in

1903 4011 2191 4087 periculo,
2220 4009 2404 4084 pedes
2434 4008 2698 4084 primum
2723 4024 2828 4081 per
2859 4007 3146 4063 fenestras
3176 4004 3449 4061 emitteus
3488 4006 3570 4061 fo-

1904 4119 2026 4168 ras,
2060 4118 2121 4157 se
2153 4105 2341 4157 totum
2377 4103 2548 4156 vasto
2607 4098 2790 4154 credit
2847 4096 3218 4170 praecipitio:
3272 4096 3377 4151 sed
3421 4111 3573 4152 nun-

1905 4207 2092 4263 quam
2123 4189 2362 4246 mollius
2389 4188 2754 4260 suaviusque
2787 4203 2896 4242 sua
2921 4185 3167 4258 pensilis
3198 4184 3409 4258 pluma
3443 4186 3574 4242 Sar-

1906 4275 2281 4347 danapalum
2315 4273 2479 4342 fovit,
2511 4289 2698 4346 quam
2728 4273 2888 4327 hunc
2917 4269 3240 4328 durissima
3270 4285 3448 4342 rupes
3475 4286 3572 4325 ex-

1907 4364 2079 4438 cepit.
2106 4364 2268 4419 Adeo
2294 4363 2500 4419 divina
2522 4362 2911 4433 subportante
2939 4361 3170 4424 virtute,
3206 4363 3287 4423 nt,
3319 4359 3412 4413 cui
3460 4374 3569 4413 na-

1906 4458 2039 4509 tura
2065 4457 2390 4524 negaverat
2419 4451 2566 4521 alas,
2595 4451 2689 4506 hic
2721 4450 2898 4523 plane
2931 4449 3150 4518 volare,
3184 4463 3305 4502 non
3355 4445 3566 4502 cadere

1906 4541 2222 4598 videretur.
2283 4543 2412 4606 Quo
2457 4538 2751 4596 miraculo
2801 4539 2991 4593 factus
3048 4536 3332 4606 securior,
3388 4535 3564 4590 etiam

1905 4631 2095 4685 multo
2117 4629 2520 4701 profundioris
2549 4627 2853 4701 praecipitii
2914 4627 3130 4682 saltum
3182 4625 3403 4680 audere
3441 4640 3566 4680 non

1905 4718 2218 4774 dubitavit.
2251 4721 2398 4774 Nam
2431 4717 2505 4772 de
2564 4717 2818 4772 summis
2863 4714 3126 4788 scopulis
3175 4731 3355 4786 super
3407 4730 3562 4786 quos

1905 4825 2011 4864 arx
2053 4807 2420 4862 innitebatur
2451 4822 2631 4880 super
2658 4805 2964 4861 inferiores
2995 4820 3193 4872 ruens,
3224 4804 3298 4858 ad
3320 4803 3568 4859 certissi-

1904 4913 2074 4952 mum
2107 4901 2275 4952 terrea
2303 4895 2500 4952 solum
2546 4895 2714 4951 tertio
2747 4894 2898 4950 saltu
2945 4893 3292 4967 perlabitur.
3354 4893 3564 4950 Mirum

1903 4985 2065 5040 dictu
2096 4990 2152 5041 et
2184 4984 2437 5040 terribile
2461 4983 2690 5051 auditu,
2716 4999 2839 5056 quo
2876 4999 3029 5039 ausu
3077 4998 3248 5037 mens
3293 4982 3563 5037 humana

1903 5078 2135 5130 tantum
2165 5073 2412 5148 periculi
2431 5071 2714 5130 invadere
2741 5087 3012 5144 unquam
3029 5070 3286 5145 potuerit
3311 5070 3322 5125 !
3351 5086 3494 5126 nam
3509 5076 3566 5126 et

1900 5165 2028 5237 ipse
2061 5164 2198 5220 talia
2224 5163 2551 5231 narrando,
2596 5164 2802 5232 fateor,
2857 5162 3042 5218 nimio
3099 5161 3343 5217 horrore
3401 5165 3559 5218 totus

1902 5255 2316 5311 contremisco.
2352 5254 2465 5312 Sed
2491 5253 2594 5328 qui
2619 5258 2890 5309 sanctam
2924 5269 3098 5308 suam
3121 5251 3310 5308 voluit
3338 5251 3560 5323 glorifi-

1902 5361 2036 5400 care
2065 5345 2164 5400 tali
2203 5344 2516 5413 miraculo,
2570 5342 2734 5399 dedit
2790 5343 2929 5398 huic
2978 5337 3098 5398 non
3150 5342 3355 5398 terreri
3393 5346 3559 5398 tanto

1898 5435 2247 5508 praecipitio,
2280 5434 2340 5490 in
2370 5450 2512 5507 quo,
2554 5433 2689 5488 licet
2742 5431 2890 5488 nihil
2944 5431 3205 5489 laesionis
3252 5431 3556 5504 receperit,

1899 5524 2160 5597 crepitus
2195 5530 2394 5580 tamen
2427 5528 2812 5579 contusarum
2870 5522 3193 5578 bodiarum
3247 5522 3306 5577 in
3360 5522 3558 5594 primo

1897 5613 2144 5686 quidem
2169 5613 2322 5668 saltu
2345 5629 2534 5684 usque
2566 5611 2644 5667 ad
2675 5628 2850 5668 aures
2879 5611 3228 5668 dormientis
3267 5611 3555 5684 pervenit.

1897 5704 1976 5756 De
2002 5717 2124 5774 qua
2151 5718 2214 5756 re
2246 5700 2416 5756 miles
2447 5700 2921 5773 expergefactus,
2951 5701 3136 5757 nimio
3180 5700 3376 5755 furore
3430 5715 3557 5753 suc-

1900 5806 2138 5859 census,
2171 5789 2354 5846 servis
2383 5790 2505 5846 suis
2536 5805 2663 5846 rem
2716 5791 3099 5864 praenuntiat,
3155 5805 3287 5844 reos
3331 5787 3552 5859 culpat,
