3952 6402
120 307 232 361 149

117 447 254 485 suae
286 430 520 485 libidini
579 437 990 504 Opportunum
1034 453 1045 488 :

114 520 231 585 dit,
269 525 327 575 et
385 520 684 592 reliquum
737 522 1030 577 honorem
1086 525 1166 579 sic
1234 526 1488 594 fecisset,
1523 531 1577 581 et
1620 525 1798 580 etiam

115 608 304 677 tilias,
361 626 517 680 quas
557 610 894 670 liaimundo
949 619 1280 684 pepererat,
1315 615 1392 668 ab
1423 620 1672 687 paterno
1704 613 1802 667 be-

118 699 367 762 neficio,
437 716 596 753 ezeea
655 699 934 771 cupidine
995 703 1245 774 perdita,
1302 704 1638 764 alienasset,
1690 702 1800 757 nisi

117 787 385 859 quidam
443 789 803 856 cognomine
867 791 1213 847 Excafridus
1271 796 1456 860 llugo,
1519 793 1800 864 antiquus

119 877 363 948 priefati
396 877 716 933 Haimundi
749 879 999 949 amicus,
1028 897 1138 952 pro
1171 882 1386 954 puellis
1433 899 1558 937 sese
1582 886 1800 938 mater-

122 966 223 1020 nis
256 965 488 1035 injuriis
542 966 918 1036 objectasset,
972 974 1172 1041 atque,
1213 987 1288 1025 ne
1341 971 1486 1044 ipsze
1518 971 1799 1027 indotatze

121 1054 208 1109 ad
240 1055 640 1123 ignominiam
663 1056 1092 1127 redigerentur,
1127 1060 1472 1116 auctoritate
1511 1061 1602 1114 sui
1632 1059 1802 1114 indu-

125 1143 400 1214 striaque
436 1145 613 1199 totius
664 1146 908 1200 honoris
958 1147 1248 1211 medium,
1282 1153 1494 1220 praeter
1538 1155 1799 1204 castrum

124 1233 414 1290 subsidiis
442 1238 688 1288 auctum
734 1240 1112 1305 recuperaret
1140 1253 1207 1290 ac
1241 1238 1513 1292 retineret
1544 1255 1554 1290 :
1591 1253 1698 1291 nec
1725 1237 1799 1290 de

123 1322 485 1377 maritandis
519 1323 848 1392 virginibus
877 1324 1057 1391 longa
1087 1331 1212 1380 erat
1244 1326 1631 1395 ambiguitas,
1661 1343 1800 1381 cum

121 1418 447 1483 utramque
481 1429 834 1479 germanam
863 1413 982 1468 suis
1007 1415 1205 1469 liberis
1234 1417 1459 1470 nubere
1478 1415 1796 1470 consensit.

120 1500 504 1555 ltaimundus
537 1518 678 1556 vero
733 1508 820 1569 (ut
851 1503 924 1556 ad
971 1504 1281 1575 superiora
1312 1505 1579 1569 redeam)
1612 1520 1798 1560 unam

117 1589 515 1659 disjectarum
547 1591 807 1646 trabium
859 1592 1129 1648 similiter
1172 1594 1509 1665 amplexus,
1549 1609 1670 1648 non
1721 1592 1799 1647 ad

123 1679 330 1749 Italiae,
365 1680 469 1734 sed
517 1681 723 1735 Africae
751 1687 950 1754 partes
1005 1682 1217 1754 pulsus
1249 1687 1354 1751 est,
1389 1685 1610 1738 sanctz-e
1646 1680 1797 1738 Fidis

1232 313 1359 367 Llll.
1410 316 1496 368 DE
1538 309 1912 368 MIRACULIS
1948 310 2232 366 SANCTJE
2277 315 2472 369 FIDIS.

1104 435 1199 490 cui
1225 441 1281 491 et
1329 437 1640 493 castellum
1693 436 1796 489 de—
1829 437 1874 488 Α
1912 432 2051 487 bere
2083 441 2411 506 creperunt,
2461 436 2798 507 stt-piusque
2844 434 2902 488 in
2933 432 3193 505 pericula
3216 433 3452 487 ducere.
3485 431 3571 486 Ad

3476 315 3573 364 150

1910 527 2305 593 postremum,
2366 542 2401 579 a
2457 523 2768 581 Saracenis
2821 522 3111 577 Cordubae
3165 520 3320 586 victi,
3372 520 3575 592 ipsum

1909 628 2115 666 rursus
2147 613 2494 668 amiserunt.
2553 616 2626 668 At
2682 612 2783 667 ubi
2834 617 2890 667 et
2921 611 3011 666 isti
3040 611 3399 666 acerrimum
3429 615 3574 665 stre-

1911 717 2221 774 nuumque
2270 703 2514 758 militem
2569 701 2821 756 diversis
2854 700 3130 773 periculis
3164 699 3385 771 experti
3418 703 3573 766 sunt,

1912 791 2135 860 ingenti
2162 793 2359 848 laetitia
2391 793 2733 864 gaudioque
2760 796 2924 846 tanto
2956 790 3137 845 milite
3161 789 3577 858 congratulan-

1917 885 2028 948 tur,
2062 882 2345 937 nimirum
2378 882 2600 954 quibus
2631 881 2835 936 omnia
2882 897 2953 934 ex
2985 885 3122 934 voto
3152 895 3262 934 nec
3304 893 3576 951 unquam

1914 971 2220 1026 incassum
2259 972 2373 1026 hoc
2424 971 2584 1026 socio
2639 968 3084 1037 contingebant.
3140 969 3349 1023 Verum
3398 966 3576 1022 subiti

1913 1061 2117 1128 gaudii
2145 1061 2462 1116 indiscreta
2501 1059 2696 1124 elatio,
2751 1058 2928 1113 subiti
2979 1056 3283 1112 infortunii
3332 1056 3578 1111 interru-

1913 1151 2112 1221 ptione
2140 1150 2437 1206 interdum
2466 1150 2788 1220 castigatur
2818 1167 2830 1215 ;
2877 1165 3021 1204 nam
3045 1147 3270 1219 praedio
3303 1146 3579 1201 commis-

1913 1258 1978 1294 so
2007 1241 2155 1296 inter
2187 1259 2248 1294 se
2281 1247 2335 1294 et
2370 1240 2652 1304 Alabitas,
2682 1239 2930 1293 victores
2951 1243 3111 1293 tanto
3138 1237 3319 1292 milite
3345 1252 3576 1291 reman-

1911 1335 2114 1385 serunt
2145 1330 2354 1385 orbati.
2388 1333 2690 1384 Postremo
2720 1328 2940 1382 bellum
2975 1327 3081 1382 fuit
3111 1327 3201 1381 his
3231 1343 3368 1381 cum
3394 1327 3574 1381 Sauc-

1911 1420 2080 1474 cione
2127 1421 2339 1474 comite
2391 1419 2465 1474 de
2498 1418 2781 1484 tiastcllis,
2812 1418 2939 1473 viro
2981 1416 3394 1490 potentissimo
3420 1415 3573 1471 mili-

1909 1508 2125 1579 tiaeque
2156 1508 2549 1580 peritissimo;
2584 1523 2619 1562 a
2647 1522 2768 1579 quo
2792 1505 2999 1562 Christi
3031 1504 3251 1560 auxilio
3282 1503 3568 1575 superati,

1908 1614 2029 1652 non
2063 1598 2244 1653 modo
2277 1597 2701 1664 Raimundum,
2734 1596 2836 1650 sed
2869 1595 3045 1650 etiam
3077 1610 3385 1650 enormem
3417 1592 3572 1648 Chri-

1909 1688 2237 1743 stianorum
2273 1687 2674 1759 captivitatem
2728 1685 3076 1740 amiserunt.
3137 1683 3248 1739 Sed
3281 1684 3407 1737 haec
3438 1681 3570 1738 bar-

120 1769 420 1823 auxilium
449 1769 818 1826 incessanter
873 1771 1183 1838 invocans,
1244 1789 1353 1827 nec
1388 1789 1659 1852 unquam
1692 1788 1797 1827 no-
1827 1785 1866 1854 β
1906 1776 2054 1833 bara
2085 1778 2350 1846 gentium
2405 1775 2701 1832 vocabula
2731 1791 2852 1830 non
2901 1774 2983 1829 sic
3026 1774 3103 1829 ab
3146 1772 3406 1846 antiquis
3459 1771 3576 1827 usi-

119 1875 265 1914 men
297 1874 426 1928 ejus
457 1859 536 1914 ab
558 1875 658 1914 ore
687 1860 980 1930 rejiciens.
1007 1865 1070 1916 Et
1094 1862 1223 1931 jam
1282 1863 1449 1918 tertia
1481 1862 1580 1918 lux
1614 1863 1797 1916 ﬂuxe~

119 1953 215 2002 rat
245 1963 318 2002 ex
350 1964 473 2020 quo
515 1964 625 2003 nec
670 1939 978 2005 hominem
1025 1957 1503 2021 necatonstrum
1533 1950 1794 2019 vidisset,

119 2028 485 2092 ita'marinis
539 2037 1118 2094 debacchationil.)us
1174 2039 1461 2094 attonitus
1507 2040 1797 2112 stupefac-

120 2131 367 2197 tusque,
402 2131 465 2181 ut
494 2133 705 2192 praeter
753 2128 1088 2183 naturalem
1136 2129 1400 2184 tutandae
1449 2129 1581 2184 Vith
1613 2128 1798 2183 inten-

123 2215 372 2278 tionem,
425 2215 614 2270 brutis
673 2216 853 2271 etiam
913 2217 1275 2272 animalibus
1332 2218 1596 2285 insitam,
1652 2217 1795 2272 nihil

120 2319 375 2375 prorsus
401 2303 530 2372 jam
556 2311 791 2375 saperet
819 2323 830 2371 ;
867 2321 1006 2360 eum
1037 2321 1171 2360 ecce
1221 2305 1295 2360 de
1326 2305 1657 2378 improviso
1692 2305 1796 2360 ob-

123 2396 253 2450 vias
281 2396 492 2451 habuit
521 2397 853 2467 piratarum
885 2398 1242 2469 phalanges,
1277 2398 1350 2452 de
1381 2398 1679 2454 Turlanda
1705 2413 1796 2452 re-

121 2487 304 2555 gione
337 2487 668 2556 venientes,
697 2503 1061 2556 sagenarum
1092 2488 1443 2542 bellicarum
1477 2488 1688 2557 classe,
1724 2493 1798 2543 te-

121 2576 216 2643 lis,
249 2575 520 2648 spieulis,
555 2576 780 2648 clypeis
807 2581 862 2631 et
893 2577 1077 2631 armis
1131 2577 1797 2649 multipliciterinstruc-

121 2671 217 2720 tas
256 2685 268 2732 ;
301 2671 376 2731 et,
406 2666 535 2735 jam
587 2666 821 2721 dudum
875 2666 1145 2738 praedam
1202 2667 1482 2734 sitientes,
1540 2667 1669 2739 ipso
1702 2667 1796 2721 die

117 2757 347 2825 jactata
383 2761 541 2810 sorte
572 2755 925 2810 invenerant
977 2772 1103 2810 sese
1159 2756 1355 2811 statim
1405 2757 1675 2828 praedam
1715 2755 1798 2811 in-

117 2850 426 2900 venturos.
489 2849 692 2916 ltaque
737 2849 1038 2917 repertum
1087 2845 1396 2900 hominem
1431 2851 1796 2918 captumque

120 2934 444 2990 barbarico
475 2933 713 2990 fremitu
757 2934 1300 3007 circumstrepunt:
1351 2951 1539 3004 genus
1600 2936 1800 2990 condi—

127 3024 474 3095 tionemque
535 3023 920 3093 interrogant.
1007 3026 1083 3077 De
1135 3025 1374 3080 fortuna
1422 3029 1623 3080 autem
1675 3042 1798 3081 non

1909 1870 2029 1922 tata
2050 1867 2236 1922 fuisse
2267 1865 2543 1921 videntur
2578 1884 2588 1920 :
2623 1881 2884 1937 quorum
2939 1862 3228 1919 industria
3254 1878 3361 1935 per
3391 1860 3571 1930 negli-

1908 1956 2168 2024 gentiam
2202 1955 2457 2024 ignavize
2490 1953 2847 2027 posteritatis
2879 1956 3182 2025 pereunte,
3213 1951 3392 2008 etiam
3434 1967 3572 2018 gen-

1909 2047 2056 2104 tium
2087 2047 2514 2118 plerarumque
2556 2043 2804 2100 nomina
2855 2047 2957 2098 aut
2988 2042 3224 2114 penitus
3269 2040 3570 2096 oblivione

1907 2137 2121 2201 deleta,
2162 2140 2265 2190 aut
2318 2133 2593 2189 barbarie
2648 2133 2958 2202 ingruente
3017 2135 3415 2186 transmutata
3469 2129 3571 2184 ha-

1907 2226 2140 2282 bentur.
2177 2225 2355 2295 lgitur
2387 2223 2635 2280 Sanccio
2666 2239 2866 2278 comes
2897 2238 3034 2276 cum
3062 2220 3387 2293 accepisset
3410 2219 3572 2274 hunc

1907 2333 2028 2372 non
2054 2316 2248 2371 solum
2295 2314 2695 2370 Christianum
2730 2329 2878 2378 esse,
2908 2311 3011 2366 sed
3058 2311 3235 2366 etiam
3266 2309 3570 2365 nobilitate

1907 2407 2138 2476 generis
2167 2405 2408 2478 pollere,
2437 2404 2686 2459 miratus
2745 2403 3011 2457 fortunas
3069 2400 3243 2467 illius,
3274 2399 3570 2472 quibusli-

1905 2496 2004 2550 bet
2035 2495 2208 2549 donis
2240 2498 2708 2560 remuneratum,
2764 2491 3031 2546 libertate
3064 2489 3242 2544 etiam
3273 2505 3410 2543 cum
3438 2487 3570 2542 reli-

1906 2580 2040 2652 quis
2073 2577 2416 2634 Christianis
2446 2575 2711 2631 donavit.
2741 2575 2852 2631 Sed
2885 2579 3212 2645 antequam
3242 2571 3572 2627 discederet

1906 2672 1985 2726 ab
2024 2686 2113 2736 eo,
2150 2674 2358 2724 sancta
2393 2667 2558 2723 Fides
2602 2667 2652 2720 ei
2684 2665 2998 2720 dormienti
3023 2663 3304 2736 apparuit
3336 2682 3347 2718 :
3384 2682 3414 2714 ‹
3448 2665 3568 2731 Ego

1908 2777 2062 2830 sum,
2109 2758 2410 2830 inquiens,
2468 2760 2673 2810 sancta
2714 2755 2904 2821 Fides,
2955 2754 3128 2824 cujus
3171 2768 3392 2808 nomen
3423 2767 3574 2806 nau-

1909 2849 2112 2919 fragus
2183 2852 2303 2902 tam
2351 2848 2690 2900 constanter
2729 2841 3032 2900 invocasti.
3092 2841 3250 2896 Vade
3300 2857 3569 2909 securus,

1909 2937 2052 3009 quia
2092 2937 2384 2992 amissum
2441 2935 2733 2992 honorem
2786 2931 3186 3004 recuperabis.
3225 2954 3250 2979 ››
3311 2929 3574 2986 Surrexit

1910 3043 2051 3097 ergo
2083 3031 2261 3100 atque
2315 3025 2376 3082 in
2415 3024 2671 3097 patriam
2717 3021 2904 3083 rediit,
2961 3025 3276 3093 castroque
3307 3036 3415 3076 suo
3443 3020 3572 3090 jam

123 3113 454 3186 quisquam
506 3113 884 3182 movebatur,
945 3114 1168 3185 quippe
1228 3131 1366 3170 cum
1423 3114 1591 3170 illum
1622 3115 1799 3187 plane
1829 3140 1870 3196 ρ
1911 3116 2348 3190 propinquans,
2405 3114 2608 3170 audito
2652 3113 2818 3186 quod
2885 3112 3107 3182 conjux
3155 3111 3251 3168 alii
3305 3110 3576 3184 nupserit

129 3203 493 3271 naufragum
526 3207 850 3258 cernerent.
894 3207 965 3258 At
1014 3203 1108 3258 ille
1140 3203 1458 3260 insolentia
1484 3204 1797 3271 ﬂuctuum,

129 3299 190 3349 ut
221 3293 368 3362 dixi,
395 3293 486 3348 sui
516 3293 759 3358 oblitus,
784 3293 1141 3365 penitusque
1160 3294 1352 3361 rigore
1375 3294 1651 3349 membra
1677 3310 1801 3349 cor-

125 3390 355 3455 reptus,
387 3383 480 3438 vix
517 3400 578 3438 se
605 3384 915 3438 hominem
939 3399 1066 3438 esse
1097 3383 1546 3451 recordabatur,
1573 3384 1798 3439 nedum

123 3474 204 3529 ad
231 3472 518 3544 inquisita
549 3473 717 3528 daret
747 3489 1108 3545 responsum
1130 3491 1142 3541 ;
1164 3490 1303 3528 cum
1334 3475 1660 3545 prtesertim
1689 3489 1799 3529 nec

123 3564 401 3632 linguam
435 3579 667 3632 eorum,
723 3579 830 3617 nec
883 3579 1081 3618 mores
1112 3579 1320 3618 eorum
1353 3563 1681 3635 aliquando
1707 3563 1798 3618 di-

122 3654 401 3719 dicerat;
453 3657 663 3726 postea
718 3669 860 3708 vero
919 3657 1160 3724 peracto
1209 3669 1391 3707 cursu
1421 3653 1483 3708 in
1541 3653 1799 3724 patriam

122 3741 354 3797 reversi
384 3745 542 3796 sunt.
591 3741 816 3804 Quibus
843 3741 1056 3796 iterum
1090 3740 1616 3809 interrogantibus,
1671 3741 1799 3810 jam

123 3831 262 3886 cibo
296 3831 535 3902 otioque
567 3831 884 3903 paululum
922 3834 1240 3897 recreatus,
1277 3829 1678 3885 Christianum
1738 3847 1800 3884 se

121 3921 476 3993 respondit:
531 3921 716 3975 decus
772 3937 913 3975 vero
947 3919 1202 3989 generis,
1244 3918 1800 3992 professionemque

123 4012 304 4068 ofﬁcii
334 4028 576 4083 prorsus
600 4012 935 4080 abnegans,
970 4011 1297 4082 agricolam
1325 4027 1385 4066 se
1413 4010 1599 4065 fuisse
1629 4027 1799 4066 men-

125 4102 266 4157 titus
300 4104 405 4155 est.
442 4101 625 4168 Unde,
662 4101 770 4155 sibi
799 4100 942 4156 dato
982 4100 1042 4155 in
1085 4100 1370 4156 manibus
1406 4100 1676 4164 fossorio,
1711 4100 1798 4156 fo-

123 4193 265 4247 dere
295 4190 346 4246 ei
374 4191 813 4263 imposuerunt.
841 4190 1014 4256 Quod
1041 4207 1178 4246 cum
1206 4206 1328 4263 prae
1358 4190 1543 4246 nimia
1592 4189 1803 4246 libera-

123 4282 273 4338 lium
307 4296 600 4337 manuum
634 4280 1026 4336 teneritudine
1084 4280 1392 4353 ignotique
1437 4279 1664 4336 laboris
1696 4279 1801 4336 im-

126 4371 413 4444 patientia
455 4371 654 4428 minus
705 4370 957 4443 pleniter
1007 4370 1372 4444 perfecisset,
1422 4371 1625 4443 ipsum
1671 4371 1801 4442 jam

1910 3206 2144 3273 marito,
2171 3205 2285 3261 illic
2316 3204 2627 3261 manifeste
2659 3218 2949 3276 apparere
3004 3201 3232 3272 metuit,
3288 3205 3466 3272 atque
3495 3198 3574 3254 ob

1909 3298 1968 3353 id
2001 3298 2154 3353 intra
2183 3295 2581 3352 domesticum
2605 3293 2886 3367 pauperis
2941 3297 3191 3362 tegetem
3224 3289 3576 3364 aliquandiu

1908 3389 2098 3454 latuit,
2129 3392 2486 3461 exspectans
2511 3385 2657 3457 quid
2687 3401 2794 3457 per
2814 3383 3248 3456 providentiam
3280 3381 3379 3437 Dei
3410 3381 3484 3437 de
3514 3396 3575 3436 se

1913 3477 2181 3533 futurum
2249 3480 2394 3545 erat,
2445 3473 2663 3546 partim
2713 3471 3009 3544 peregrini
3067 3470 3297 3538 habitu,
3358 3470 3576 3542 partim

1910 3571 2080 3622 {etate
2113 3565 2501 3619 deformatus.
2538 3566 2684 3617 Nam
2717 3560 2826 3616 tria
2870 3575 3170 3615 annorum
3203 3559 3389 3615 lustra
3419 3558 3578 3614 abie-

1909 3659 2043 3712 rant
2069 3670 2139 3709 ex
2171 3669 2291 3725 quo
2346 3669 2382 3708 a
2434 3651 2626 3722 patria
2676 3648 3073 3713 exsulaverat,
3121 3651 3362 3719 propter
3409 3645 3576 3717 quod

1910 3744 2089 3800 etiam
2118 3743 2319 3815 ipsum
2351 3740 2506 3795 ultra
2537 3738 2866 3793 rediturum
2899 3752 3026 3791 esse
3071 3735 3284 3796 omnis
3321 3751 3457 3807 spes
3488 3735 3574 3790 in-

1913 3835 2166 3891 terierat.
2190 3835 2413 3887 Tamen
2443 3845 2584 3885 cum
2605 3843 2726 3884 una
2773 3827 3006 3882 dierum
3032 3825 3313 3898 quaedam
3345 3824 3579 3880 mulier-

1912 3924 2066 3987 cula,
2100 3923 2229 3993 ejus
2261 3920 2403 3976 olim
2435 3917 2792 3984 concubina,
2826 3917 2882 3971 in
2916 3914 3330 3988 superfusione
3378 3913 3577 3970 balnei

1911 4015 1964 4070 ei
2012 4029 2157 4068 casu
2228 4011 2680 4082 obsequeretur,
2713 4008 2788 4063 ad
2846 4011 3022 4062 notas
3091 4005 3237 4062 nudi
3309 4004 3576 4076 corporis

1912 4104 2042 4178 ipsa
2098 4102 2298 4176 ipsum
2351 4112 2790 4169 recognoscens
2833 4113 2846 4150 :
2909 4118 2934 4143 ‹‹
2982 4097 3144 4150 Tunc
3199 4109 3283 4162 es,
3342 4090 3440 4156 ait,
3482 4088 3577 4144 ille

1912 4191 2309 4260 Baimundus,
2389 4189 2495 4262 qui
2579 4187 2835 4255 dudum,
2911 4183 3387 4255 Hierosolymam
3456 4185 3578 4235 ten-

1912 4283 2086 4353 dens,
2140 4295 2380 4352 asquore
2448 4294 2680 4334 mersus
2749 4273 3088 4331 credebaris
3118 4274 3146 4328 ?
3200 4290 3230 4324 »
3289 4273 3417 4336 Quo
3471 4283 3575 4323 ne-

1911 4377 2110 4442 gante,
2159 4370 2257 4428 illa
2289 4368 2545 4439 adjecit:
2596 4369 2798 4434 «Hoc,
2848 4364 3148 4436 inquiens,
3204 4375 3412 4418 verum
3466 4361 3572 4424 est,

124 4461 307 4533 impie
333 4464 582 4516 tractare
610 4460 935 4533 flagrisque
966 4460 1300 4516 inhumane
1343 4460 1573 4515 caedere
1599 4459 1800 4516 adorsi
1831 4500 1873 4554 Β
1910 4478 2020 4518 nec
2078 4476 2175 4516 me
2229 4464 2396 4516 tuam
2453 4455 2836 4530 praesentiam
2897 4453 3086 4508 celare
3139 4449 3378 4524 poteris,
3434 4461 3574 4502 cum

126 4555 284 4606 sunt.
315 4553 395 4605 lta
429 4551 677 4606 demum
708 4551 929 4605 invitus
957 4555 1318 4622 coactusque
1346 4549 1610 4622 seipsum
1661 4565 1801 4621 ape-

125 4641 216 4708 rit,
271 4640 539 4712 nihilque
599 4647 806 4712 praeter
854 4640 1079 4696 militiae
1127 4644 1283 4694 artes
1342 4656 1402 4694 se
1449 4639 1593 4694 olim
1642 4655 1803 4694 exer-

127 4729 317 4784 cuisse
349 4729 655 4800 professus
710 4732 819 4784 est.
856 4731 933 4783 De
987 4743 1199 4800 quare
1254 4727 1411 4783 facto
1458 4727 1612 4782 illico
1664 4742 1798 4782 exa-

126 4818 307 4886 mine,
339 4834 648 4873 armorum
694 4817 1122 4890 peritissimum
1177 4815 1608 4888 experiuntur;
1668 4816 1793 4888 qui,

125 4914 338 4982 praeter
367 4909 855 4979 caeteramJiujus
889 4908 1029 4963 artis
1071 4905 1452 4972 industriam,
1481 4906 1560 4962 ita
1583 4922 1648 4962 se
1679 4906 1794 4962 sub

126 5014 296 5054 arma
345 4997 621 5068 colligere
677 4998 1009 5072 clypeoque
1071 4999 1380 5068 protegere
1450 4995 1797 5066 perhibetur

126 5089 453 5158 ingeniose,
485 5093 547 5144 ut
576 5088 687 5144 abs
717 5088 984 5162 quolibet
1012 5085 1249 5142 difﬁcile
1272 5087 1460 5158 possit
1483 5084 1794 5140 feririJam

125 5194 266 5248 ergo
305 5177 473 5236 illum
527 5178 586 5234 in
638 5179 912 5234 ordinem
966 5177 1283 5232 militarem
1341 5175 1790 5243 constituentes,

127 5267 343 5340 saepius
385 5268 447 5322 in
510 5267 990 5340 expeditionibus
1042 5266 1290 5322 ducunt.
1348 5270 1410 5322 ln
1471 5281 1594 5337 quo
1651 5281 1791 5322 cum

125 5357 429 5426 egregiam
469 5357 664 5412 laudis
719 5357 971 5428 gloriam
1025 5355 1191 5412 brevi
1243 5355 1618 5425 obtinuisset,
1659 5354 1791 5425 jam

125 5447 182 5502 in
205 5448 640 5518 provectiorem
696 5447 942 5503 honoris
981 5447 1236 5516 gradum
1277 5449 1652 5520 promovent.
1704 5449 1791 5500 ln-

124 5543 282 5593 terea
313 5555 454 5593 vero
494 5538 644 5593 inter
671 5539 780 5594 hos
810 5541 989 5609 atque
1015 5537 1373 5594 Barbarinos
1404 5542 1536 5593 aeto
1559 5535 1786 5609 prmlio,

128 5627 431 5683 Barbarini
485 5628 822 5700 superiores
863 5617 1291 5696 ltaimundum,
1347 5626 1570 5683 caeteris
1610 5625 1788 5681 inter-

125 5718 290 5774 fectis
323 5717 1009 5790 sparsisque,dupliciter
1029 5718 1332 5788 captivum
1363 5715 1789 5787 abigunt.l)ein

125 5809 476 5880 inquisitum
526 5812 582 5864 et
609 5808 723 5881 ipsi
773 5823 1018 5879 quoque
1055 5807 1484 5864 honorabiliter
1508 5823 1648 5862 eum
1677 5807 1784 5862 ha-

1909 4566 2032 4623 qua
2055 4549 2196 4604 olim
2229 4543 2602 4603 consuevisti.
2637 4565 2664 4592 »
2691 4542 2955 4613 Denique
2975 4538 3334 4602 clanculum,
3369 4539 3426 4591 et
3449 4549 3573 4606 quo

1908 4639 2100 4712 potuit
2120 4635 2407 4693 occultius
2437 4631 2733 4689 festinavit
2763 4631 2841 4686 ad
2867 4629 3177 4686 dominam
3209 4625 3574 4693 castri,nun-

1908 4730 2060 4786 tians
2126 4726 2386 4782 invisum
2461 4737 2787 4778 rumorem.
2841 4723 2924 4774 lta
2982 4718 3246 4790 primum
3295 4732 3401 4788 per
3461 4712 3571 4769 vile

1906 4821 2171 4873 scortum
2197 4813 2492 4869 adventus
2513 4810 2669 4867 illius
2721 4807 2979 4866 emersit.
3040 4806 3142 4862 Illa
3170 4803 3403 4860 reducis
3459 4795 3572 4858 viri

1903 4903 2269 4981 postliminio
2296 4904 2699 4968 consternata,
2754 4898 2935 4971 coepit
2963 4901 3263 4953 maturare
3319 4896 3571 4966 quanto-

1905 4997 2030 5054 cius
2061 5011 2185 5069 qua
2204 4993 2303 5050 via
2334 4992 2447 5050 sibi
2478 4994 2732 5048 mortem
2785 4987 3080 5056 occultam
3119 5002 3189 5041 ac
3245 4984 3370 5039 sine
3422 4983 3570 5040 infa-

1903 5087 2026 5143 mia
2054 5084 2363 5142 inveniret.
2401 5085 2474 5139 At
2501 5098 2643 5137 vero
2673 5081 2823 5136 dum
2848 5094 3031 5134 causa
3050 5075 3189 5132 lethi
3230 5073 3568 5143 excogitan-

1901 5177 1981 5232 do
2000 5175 2289 5241 differtur,
2322 5189 2433 5229 nec
2465 5171 2543 5227 ad
2569 5170 2629 5226 id
2657 5168 2894 5225 sceleris
2933 5155 3394 5240 opportunitatis
3425 5162 3565 5220 satis

1901 5265 2114 5321 efﬁcax
2143 5261 2454 5336 reperitur,
2486 5259 2793 5317 voluntate
2826 5256 3048 5312 scilicet
3076 5258 3132 5310 et
3179 5253 3418 5310 fortuna
3447 5252 3565 5308 dis-

1901 5352 2309 5418 cordantibus,
2343 5348 2689 5407 admonitus
2723 5347 2781 5402 in
2815 5345 3062 5413 somnis,
3095 5343 3276 5400 cessit
3299 5342 3565 5415 periculo

1898 5445 2154 5516 vitasque
2210 5443 2611 5498 tutamentum
2655 5435 2946 5509 qmesivit.
2998 5435 3169 5501 Quod
3227 5432 3409 5506 paulo
3438 5431 3565 5506 ipse

1902 5538 2035 5591 ante
2069 5531 2319 5601 fecisset,
2352 5529 2464 5586 nisi
2493 5531 2698 5584 sancta
2741 5526 2906 5582 Fides
2954 5524 3032 5581 ad
3087 5541 3268 5580 suum
3299 5525 3565 5579 castrum

1899 5641 2036 5680 eum
2068 5621 2428 5678 nominatim
2460 5618 2661 5674 venire
2688 5617 2982 5688 jussisset.
3019 5615 3133 5673 Sed
3159 5615 3337 5671 credo
3358 5612 3564 5668 divino

1898 5718 2049 5780 nutu
2074 5713 2154 5769 ita
2185 5727 2313 5768 esse
2356 5709 2597 5776 factum,
2632 5711 2695 5765 ut
2725 5705 3040 5782 perfidiam
3073 5704 3345 5776 conjugis
3393 5701 3473 5759 ad
3502 5700 3564 5757 1i-

1900 5804 2155 5880 quidam
2193 5799 2685 5876 deprehenderet.
2742 5801 2812 5856 Ut
2865 5813 3006 5868 ergo
3061 5793 3350 5868 comperit
3391 5793 3561 5849 tilias
