4584 6396
740 332 832 382 131

1827 330 2177 384 BERNARDI
2221 323 2671 382 SCHOLASTICI
2715 322 3065 378 ANDEGAV.

4078 318 4169 369 152

738 468 882 506 suas
910 451 1070 507 claro
1101 453 1480 508 matrimonio
1522 452 1811 525 nupsisse,
1841 468 2193 521 generorum
2225 449 2389 522 petiit
2414 451 2460 503 Α
2502 446 2652 502 inter
2680 446 2962 502 humeros
2993 443 3417 501 violentissime
3445 442 3736 499 revineire
3767 440 3928 497 fecit.
3959 439 4169 511 Sicque

740 540 1090 611 genitorem,
1142 557 1317 595 casus
1371 546 1592 607 narrat,
1639 541 1839 595 uxoris
1890 557 2111 595 noxam
2150 537 2386 606 detegit.

743 632 939 693 Porro,
987 632 1152 697 llugo
1226 629 1566 684 Excafridus
1610 629 1874 683 fidelium
1940 628 2391 699 amicorumque

740 717 981 781 auxilio,
1014 717 1359 783 liberorum,
1413 734 1755 773 socerorum
1786 718 2223 790 antiquumque
2250 714 2393 770 ami-

742 823 879 861 cum
913 805 1105 878 (pulso
1137 822 1277 861 mox
1308 806 1498 877 rivali)
1531 807 1588 861 in
1618 807 1908 862 honorem
1944 805 2207 861 restituit.
2242 808 2393 859 PI‘IB-

742 901 899 950 terea
954 896 1256 949 decretum
1316 901 1402 951 est
1458 896 1541 950 uti
1606 896 1925 965 conjugem
1965 895 2253 968 recipiat;
2312 894 2396 949 sic

742 980 898 1035 enim
933 998 1104 1053 posse
1125 982 1432 1052 tierijuxta
1457 984 1756 1052 majorum
1787 984 2070 1049 instituta,
2096 999 2204 1037 nec
2235 998 2398 1055 pror-

737 1082 848 1122 sus
878 1069 1062 1124 ullum
1095 1086 1228 1123 esse
1251 1070 1544 1125 dedecus:
1599 1087 1740 1126 nam
1768 1071 1860 1127 ille
1891 1072 1993 1143 qui
2034 1072 2190 1127 hanc
2220 1070 2401 1126 habe-

745 1157 868 1221 bat,
903 1158 1078 1212 simul
1105 1175 1172 1213 ac
1206 1159 1444 1214 vidisset
1484 1176 1802 1215 L‘Ulnmllne
1836 1159 2253 1230 sibijudicium
2308 1159 2398 1213 in-

744 1246 1045 1309 cumbere,
1080 1252 1334 1301 cesserat
1360 1248 1520 1316 justo
1566 1253 1866 1320 rectoque,
1895 1248 2153 1304 alienum
2181 1248 2278 1317 jus
2303 1247 2400 1302 de-

743 1350 933 1388 serere
964 1340 1223 1406 paratus.
1253 1335 1408 1390 Alter
1436 1340 1633 1391 tamen
1659 1353 1767 1409 pro
1795 1343 1934 1392 nota
1963 1337 2277 1392 homicidae
2300 1353 2401 1391 vo-

744 1422 1004 1485 luntatis,
1042 1424 1233 1494 ipsam
1267 1424 1343 1478 ab
1370 1425 1572 1479 animo
1603 1427 1847 1499 respuit,
1876 1443 2119 1498 prorsus
2142 1426 2234 1481 cui
2264 1442 2398 1498 pra-

744 1529 815 1565 va
843 1513 1204 1567 conscientia
1234 1514 1431 1582 majus
1466 1514 1681 1570 vulnus
1735 1516 2023 1571 intulisset
2046 1533 2228 1589 quam
2271 1532 2398 1571 cor-

746 1617 943 1672 porem
976 1602 1255 1656 castitatis
1290 1603 1543 1659 violatio.
1580 1606 1645 1659 Ut
1673 1610 1869 1659 autem
1902 1605 1961 1659 in
1994 1605 2401 1677 superioribus

746 1689 953 1760 paucis
985 1690 1319 1762 suppleam,
1354 1691 1583 1747 addunt
1613 1693 1790 1748 etiam
1821 1693 1984 1748 illum
2019 1710 2053 1748 a
2084 1694 2290 1765 primis
2310 1694 2398 1767 pi-

2500 536 2705 592 subter
2732 536 2981 591 ascellas
3003 533 3420 607 regyrantibus
3448 531 3863 609 ligaminibus,
3899 533 4168 585 ventrem

2499 625 2696 681 crudis
2714 626 2886 681 nodis
2904 622 3212 690 coarctari,
3241 623 3395 678 adeo
3419 626 3482 677 ut
3504 621 3691 694 ipsius
3717 619 4017 677 inauditae
4041 635 4170 673 con-

2500 713 2770 770 nexionis
2795 713 2979 769 modo
3010 712 3091 767 sic
3135 712 3314 767 miser
3344 710 3699 766 constrictus
3744 708 4167 769 suﬂ‘ocaretur,

2502 808 2567 859 ut
2596 802 2888 858 anhelitus
2921 800 3123 871 gracili
3154 799 3453 872 spiraculo
3483 799 3574 855 vix
3608 798 3720 854 sibi
3749 797 4068 853 sufficeret
4096 797 4169 851 vi-

2503 896 2582 947 ta.
2607 892 2707 945 Cui
2736 892 2813 946 ita
2843 890 2903 945 in
2958 889 3219 945 solitario
3273 887 3544 945 conclavi
3574 887 3783 943 clauso
3837 885 4171 941 duodecim

2503 981 2806 1036 lanceatos
2838 979 3016 1045 viros,
3050 994 3203 1051 quos
3230 993 3399 1051 teque
3439 993 3679 1033 vesana:
3709 976 3936 1032 mentis
3969 991 4172 1048 exper-

2506 1076 2599 1126 tus
2628 1074 2770 1139 erat,
2798 1070 3085 1125 instanter
3110 1072 3303 1123 astare
3337 1066 3525 1138 jubet.
3575 1066 3685 1132 Qui
3726 1066 3771 1121 si
3805 1065 4093 1121 viderent
4114 1064 4172 1120 il-

2504 1158 2631 1214 lum
2659 1158 2858 1213 divina
2890 1156 3036 1212 solvi
3066 1157 3298 1223 virtute,
3352 1156 3528 1225 illico,
3579 1171 3653 1211 ne
3698 1155 3877 1210 vivus
3908 1153 4172 1209 evasisse

2507 1247 2872 1318 gloriaretur,
2896 1262 3107 1302 omnes
3133 1261 3255 1302 uno
3310 1245 3425 1302 ictu
3455 1244 3674 1319 pariter
3714 1243 4173 1300 transverbera—

2506 1342 2634 1393 tum
2663 1337 3105 1392 obtruncarent.
3140 1339 3211 1391 At
3250 1340 3385 1409 post
3425 1335 3734 1391 modicum
3784 1333 4173 1390 intervallum

2506 1427 2600 1483 ille
2632 1425 2951 1482 miserabili
3005 1425 3277 1481 addictus
3309 1425 3605 1495 angustia,
3655 1425 3885 1490 sitiens,
3936 1422 4174 1478 difﬁcile

2507 1516 2704 1571 verbis
2730 1515 2793 1570 id
2823 1515 3150 1588 exprimere
3179 1515 3391 1588 potuit,
3422 1518 3590 1570 tanta
3645 1513 4039 1569 vinculorum
4070 1514 4175 1568 du-

2508 1605 2638 1660 ritia
2666 1603 2979 1672 organales
3009 1602 3192 1659 ﬁbras
3222 1603 3785 1659 obstruxerat.'l‘unc
3813 1617 4009 1668 unus,
4028 1619 4175 1674 quos

2508 1694 2649 1763 dixi,
2692 1690 3007 1748 satellitum
3033 1690 3214 1766 petita
3265 1709 3424 1765 aqua
3468 1708 3605 1747 cum
3664 1689 4044 1764 deprimeret
4065 1686 4173 1743 illa-

724 1778 886 1832 “ratis
916 1778 1217 1850 potionem
1271 1781 1470 1835 herba:
1521 1787 1817 1853 potentem
1872 1782 2289 1855 assumpsisse,
2347 1787 2404 1839 et
2429 1795 2471 1852 Β
2508 1787 2756 1855 queatos
2783 1782 2894 1844 sub
2926 1786 3157 1852 gutture
3189 1781 3439 1851 cubitos,
3466 1786 3531 1837 ut
3560 1781 3763 1837 laxato
3792 1784 4014 1835 mento
4039 1779 4175 1833 hau-

746 1870 824 1922 ita
849 1869 1098 1933 magicis
1145 1872 1714 1942 prmcantationibus
1748 1878 1990 1939 tactam,
2032 1880 2091 1928 ut
2125 1875 2306 1929 semel
2328 1891 2399 1930 ex

748 1973 817 2011 ca
850 1957 1120 2012 bibentes
1153 1958 1302 2013 adeo
1344 1960 1535 2014 letbca
1575 1961 1867 2017 oblivione
1922 1962 2291 2033 hebetentur,
2339 1970 2402 2020 ut

748 2062 857 2099 nee
887 2062 1074 2111 genus
1114 2046 1266 2101 ultra
1320 2064 1426 2102 nec
1480 2049 1731 2104 domum
1760 2052 2101 2106 meminisse
2149 2053 2396 2125 possint.

751 2136 888 2189 Dein
917 2150 1177 2206 superna
1231 2136 1343 2191 sibi
1376 2138 2040 2195 miseratione'sanctain
2076 2142 2271 2197 Fidem
2303 2159 2402 2216 ap-

748 2223 1118 2294 paruisse,ct
1144 2240 1179 2279 a
1204 2230 1443 2297 stupore
1476 2227 1629 2281 illius
1652 2228 1849 2283 oblivii
1882 2230 2190 2297 excitasse,
2225 2237 2401 2304 atque

748 2312 808 2365 in
841 2317 1102 2367 mentem
1159 2330 1489 2382 revocasse,
1532 2321 1588 2371 et
1630 2322 1826 2372 tamen
1861 2324 1997 2390 post
2044 2319 2143 2374 illa
2174 2336 2398 2376 memo-

746 2402 898 2456 riam
927 2401 1210 2456 habuisse
1235 2403 1552 2459 tardiorcm
1585 2423 1597 2460 :
1631 2406 1984 2479 disponente
2016 2410 2131 2464 Deo
2164 2410 2397 2473 scilicet,

748 2493 829 2551 ut,
864 2488 1122 2560 antiquze
1144 2492 1529 2562 correptionis
1565 2494 1820 2561 vestigiis
1849 2495 2045 2551 adhuc
2086 2497 2399 2554 testiﬁcan-

747 2577 923 2645 tibus,
981 2579 1355 2650 perpendam
1399 2581 1491 2636 alii
1525 2582 1763 2654 quantis
1809 2583 1881 2639 de
1914 2583 2085 2639 malis
2123 2601 2259 2642 eum
2288 2590 2399 2643 Do-

746 2665 945 2720 minus
974 2666 1311 2723 absolverit.

1378 2760 1603 2815 CAPUT
1639 2764 1770 2818 XIV.

746 2845 830 2898 De
862 2846 1180 2913 peregrino
1207 2853 1381 2914 capio
1406 2854 1458 2902 et
1501 2851 1824 2920 vinculam,
1852 2855 2157 2927 subitoque
2181 2859 2402 2913 sanctae

1212 2936 1380 2990 Fidis
1408 2940 1640 2993 auxilio
1671 2940 1939 2999 liberate.

816 3020 1110 3087 Peregrini
1134 3022 1406 3093 quidam,
1446 3026 1873 3084 [.emovicensis
1903 3032 2045 3103 pagi
2084 3033 2399 3105 indigenae,

747 3107 1034 3209 abeuntes
1065 3109 1144 3209 ad
1172 3112 1473 3209 ‘Sapctam
1508 3114 1732 3209 fidem,
1762 3120 2116 3177 transierant
2164 3129 2404 3196 propter
2433 3155 2472 3209 ρ

747 3195 1056 3285 castellum
1089 3198 1334 3269 Oeballi,
1365 3203 1529 3272 quod
1573 3204 1785 3261 dicitur
1830 3212 2097 3266 Torenna
2128 3229 2140 3267 :
2171 3195 2401 3285 quibus

748 3283 895 3337 forte
926 3283 1033 3339 fuit
1065 3285 1280 3341 obvius
1327 3290 1571 3360 quidam
1632 3293 1900 3363 ejusdem
1954 3299 2156 3371 oppidi
2204 3283 2400 3357 inuni-

747 3387 908 3442 ceps,
937 3388 1143 3428 eorum
1177 3375 1472 3445 inimicus,
1508 3383 1747 3438 nomine
1771 3385 2091 3443 Gosbertus
2122 3390 2400 3456 ;clcricus

745 3460 988 3531 quidem
1023 3461 1149 3517 solo
1178 3468 1551 3534 cognomine,
1587 3472 1691 3526 sed
1718 3479 1851 3529 actu
1883 3480 2144 3533 terrenus
2182 3481 2349 3536 miles
2385 3501 2398 3545 ;

744 3549 846 3619 qui
880 3550 1076 3605 statim
1108 3552 1346 3610 inventa
1368 3573 1570 3621 causa,
1595 3561 1821 3626 redegit
1850 3581 2058 3621 omnes
2097 3568 2154 3623 in
2183 3570 2401 3641 captio-

742 3641 1192 3730 nem._Domnus
1224 3643 1498 3699 Oebalius
1532 3648 1674 3704 forte
1697 3651 1943 3722 abierat,
1977 3656 2147 3726 cujus
2179 3660 2397 3730 conjux

742 3730 878 3819 tunc
908 3727 1039 3796 (sed
1067 3745 1209 3784 mox
1240 3746 1346 3802 per
1382 3734 1700 3793 divortium
1760 3740 1837 3795 ab
1892 3743 2102 3800 eodem
2145 3727 2398 3819 deserta)

740 3813 967 3870 domna
988 3817 1244 3885 Beatrix,
1290 3821 1404 3877 hoc
1436 3825 1639 3881 audito
1664 3831 1914 3887 mandat
1943 3834 2108 3890 militi
2148 3840 2231 3904 ut,
2267 3838 2315 3893 si
2339 3813 2399 3894 se

740 3918 1013 3974 unquam
1042 3906 1184 3960 velit
1232 3909 1451 3966 habere
1500 3913 1873 3984 benevotam,
1910 3924 2160 3980 Romcos
2200 3924 2396 3984 statim

743 3990 905 4046 abire
939 3994 1117 4059 sinat,
1174 4011 1283 4053 nec
1333 4016 1574 4071 prorsus
1606 4006 1781 4062 unius
1828 4006 1988 4067 horae
2028 4015 2219 4086 spatio
2244 4017 2398 4075 intra

744 4085 911 4150 septa
943 4083 1252 4156 municipii
1282 4086 1540 4146 detineat
1595 4101 1851 4153 coactos.
1885 4100 1955 4156 At
1983 4083 2076 4158 ille
2123 4120 2243 4160 non
2291 4123 2397 4162 au-

742 4165 985 4267 densex
1011 4174 1134 4267 toto
1159 4173 1417 4232 dominae
1473 4183 1769 4240 mandatis
1808 4191 2098 4247 contraire
2132 4205 2144 4246 :
2205 4214 2229 4241 α
2262 4194 2397 4267 Hos,

741 4254 955 4360 inquit,
979 4260 1367 4360 prouimperio
1396 4266 1656 4327 dominae
1682 4273 1997 4350 dimittam,
2030 4285 2254 4338 retento
2284 4254 2397 4341 hoc

736 4520 883 4617 verit
911 4538 1035 4579 non
1059 4525 1509 4599 impetraturam
1524 4539 1689 4608 quod
1712 4542 1888 4599 etiam
1912 4560 2019 4617 pro
2037 4555 2243 4606 sancta
2260 4520 2394 4609 l‘ide

736 4614 929 4709 certus
961 4629 1093 4669 sum
1121 4632 1432 4691 nunquam
1476 4642 1571 4682 me
1620 4614 1938 4691 facturum:
1977 4659 2002 4683 η
2028 4640 2093 4694 Et
2150 4639 2249 4709 ita,
2305 4642 2394 4699 di-

734 4706 951 4801 missis.
1005 4706 1250 4800 caeteris,
1312 4710 1477 4768 illum
1529 4732 1719 4775 unum
1777 4721 1946 4792 jubet
2002 4706 2395 4801 compedibus

732 4791 1080 4887 constringi,
1140 4810 1293 4887 quos
1348 4802 1570 4860 rustica
1618 4791 1827 4877 lingua
1877 4810 2091 4869 bodias
2143 4791 2390 4887 .voeat;

729 4880 1189 4973 quorumﬂelavi,
1224 4888 1492 4944 martello
1538 4892 1762 4951 duriter
1807 4898 2005 4956 obtusi
2035 4905 2135 4972 {ut
2162 4880 2398 4964 inextri;

728 4962 1066 5069 cabilisnilla
1093 4968 1259 5069 ﬁeret
1306 4980 1622 5045 connexio,
1653 4984 1809 5041 ultro
1840 4962 2215 5064 franglintur,
2249 4962 2393 5069 ipsis

727 5054 1254 5150 etiamfrustratim
1285 5068 1682 5139 compedibus
1740 5054 2177 5150 conquassatis.
2201 5054 2391 5142 ,Deni-

723 5154 841 5237 que
861 5142 1058 5237 alteris
1084 5153 1477 5237 compedibus
1498 5165 1710 5219 mutuo
1736 5142 1930 5237 petitis
1952 5169 2155 5229 itidem
2188 5180 2388 5233 actum

861 5232 937 5287 De
972 5235 1188 5334 tertiis.
1231 5257 1473 5316 quoque
1512 5231 1756 5313 eadem-
1769 5255 2004 5325 jactura
2059 5261 2290 5334 accidit,

724 5319 939 5427 ius
972 5322 1062 5427 Ut“
1091 5325 1535 5427 video,_sancta
1590 5319 1941 5415 Fides'(nisi
1990 5354 2124 5405 astu
2180 5319 2385 5427 caveoj

723 5419 934 5500 meum
960 5410 1106 5466 mihi
1159 5414 1467 5479 inimicum
1493 5426 1552 5481 vi
1602 5410 1829 5490 auferet
1861 5452 1875 5490 :
1906 5451 2116 5494 verum
2148 5410 2386 5500 annitar

718 5506 831 5596 ego
858 5494 937 5550 uti
966 5512 1059 5554 res
1084 5517 1258 5596 secus
1289 5522 1476 5596 quam
1524 5522 1798 5578 autumat
1842 5526 2031 5596 possit
2057 5530 2310 5588 evenire.
2350 5556 2379 5584 »

714 5583 876 5677 Tunc
904 5600 1044 5641 vero
1065 5591 1239 5646 arctis
1268 5594 1629 5661 chordarum
1672 5583 2082 5671 voluminibus
2138 5617 2374 5677 lacertis

2511 1876 2668 1926 stum
2696 1872 2783 1927 ori
2814 1873 2942 1942 ejus
2976 1876 3179 1944 aptare
3209 1876 3432 1944 posset,
3457 1870 3557 1926 illa
3582 1869 3892 1926 nodorum
3926 1866 4175 1923 difficul-

2513 1964 2599 2014 tas
2634 1977 2758 2014 sese
2785 1959 3037 2015 absolvit
3068 1959 3240 2027 atro,
3275 1960 3421 2032 ipsis
3470 1964 3703 2014 tantum
3731 1956 4041 2013 resticulis
4072 1957 4174 2010 lue-

2508 2049 2773 2104 rentibus
2799 2049 3057 2104 brachiis
3103 2049 3514 2122 ipsisquibus
3568 2049 3808 2103 fuerant
3860 2047 4173 2120 appositae.

2513 2142 2639 2210 ipse
2672 2154 2828 2209 vero,
2881 2137 3137 2193 sentiens
3197 2154 3257 2192 sc
3312 2137 3593 2193 divinitus
3654 2136 3960 2199 solutum,
4011 2135 4177 2206 ccrpit

2509 2225 2665 2282 illinc
2697 2231 3094 2300 prestrenuus
3141 2226 3420 2295 effugere.
3457 2228 3525 2283 At
3568 2222 3647 2282 illi
3691 2223 3903 2281 statim
3940 2241 4017 2280 ex
4044 2239 4179 2297 prae-

2512 2321 2681 2389 cepto
2712 2315 2956 2371 senioris
2986 2315 3184 2389 ipsum
3217 2314 3607 2371 mucronibus
3650 2314 3863 2370 adorsi
3904 2313 4181 2368 confode-

2511 2421 2593 2474 re,
2627 2408 2789 2461 tanta
2819 2405 3101 2460 continuo
3145 2404 3358 2460 divinm
3403 2404 3629 2460 virtutis
3685 2403 3743 2459 vi
3790 2402 4079 2458 obstricti
4131 2403 4178 2456 in

2511 2494 2641 2549 loco
2663 2496 2908 2561 lucscre,
2937 2499 3001 2549 ut
3026 2510 3137 2550 nec
3167 2494 3393 2550 moveri
3417 2493 3661 2567 quidem
3689 2495 4044 2566 quisquam
4097 2508 4178 2547 eo-

2509 2600 2644 2639 rum
2672 2588 2891 2657 posset,
2911 2599 3018 2639 nec
3049 2584 3284 2659 penitus
3313 2583 3495 2640 verba
3525 2582 3604 2639 ad
3631 2581 4009 2638 alterutrum
4032 2582 4176 2637 dare.

2515 2673 2724 2746 Sicque
2752 2678 2993 2747 repente
3043 2672 3291 2743 angelus
3324 2672 3553 2728 Domini
3587 2671 3932 2727 coarctavit
3976 2687 4103 2741 eos,
4134 2678 4180 2724 ut

2512 2779 2579 2819 ac
2621 2761 2667 2819 si
2724 2762 2959 2836 lapidea
3014 2760 3294 2819 simulcra
3339 2760 3677 2819 immobiles
3724 2768 4179 2835 permanerent.

2515 2856 2674 2908 Unus
2723 2850 3158 2919 tantummodo,
3208 2852 3356 2909 inter
3398 2851 3811 2908 suffocationis
3874 2849 4181 2923 angustias

2512 2942 2785 3016 obscenae
2806 2941 3225 3013 interjectionis
3254 2943 3408 2999 dans
3433 2941 3755 3011 mugitum,
3786 2957 3949 2997 cum
3985 2941 4181 3011 grandi

2512 3032 2855 3088 difﬁcultate
2912 3032 2970 3087 in
3016 3033 3171 3089 hanc
3215 3048 3425 3088 vocem
3478 3031 3716 3104 erupit:
3782 3053 3813 3080 «
3854 3032 3999 3087 Vah
4036 3032 4181 3101 tjam

2512 3123 2720 3195 pergit.
2748 3146 2771 3171 υ
2802 3124 3045 3191 Caetera,
3074 3122 3229 3177 fixus
3254 3121 3658 3193 immotusque
3681 3121 3911 3176 tandiu
3944 3121 4181 3193 perstitit

2510 3212 2711 3285 quoad
2736 3211 2829 3267 ille
2863 3211 3090 3268 alterad
3119 3212 3407 3267 domnam
3455 3210 3785 3267 Beatricem
3842 3211 4179 3277 transfugit.

2512 3300 2612 3372 [ut]
2665 3316 2792 3355 sese
2852 3295 2909 3356 in
2966 3296 3107 3371 fuga
3136 3296 3438 3373 reciperet.
3470 3295 3571 3355 Cui
3618 3295 3717 3355 illa
3747 3297 3815 3356 in
3851 3300 4180 3356 crastinum

2509 3390 2690 3445 duces
2716 3389 3030 3460 delegavit,
3057 3389 3330 3463 quandiu
3358 3389 3508 3445 fines
3532 3389 3759 3445 castelli
3802 3389 4005 3459 longe
4032 3406 4181 3445 exce-

2508 3480 2690 3547 deret,
2725 3483 3035 3552 tutumque
3062 3480 3169 3535 iter
3218 3484 3524 3552 carperet;
3557 3479 3648 3535 cui
3675 3485 3809 3535 erat
3839 3481 4067 3535 Petrus
4096 3496 4181 3534 γοα

2510 3568 2814 3623 cabulum.
2850 3568 3112 3640 Denique
3163 3585 3300 3624 cum
3351 3568 3525 3624 sociis
3569 3567 3647 3623 ad
3689 3570 3993 3625 Conchas
4026 3569 4179 3625 attin-

2508 3670 2672 3723 gens,
2701 3660 2755 3711 et
2784 3673 2893 3730 pro
2946 3656 3317 3714 absolutione
3359 3674 3468 3714 sua
3496 3664 3690 3728 grates
3720 3658 3883 3714 inibi
3941 3660 4179 3715 Domino

2506 3742 2870 3816 persolvens,
2898 3752 3033 3819 post
3064 3745 3201 3803 inde
3244 3745 3412 3803 lZPtUS
3462 3747 3649 3803 estad
3682 3748 3953 3821 propria
4006 3765 4179 3805 rever-

2508 3848 2627 3903 sus,
2659 3830 3042 3903 ligamtnihus
3080 3834 3294 3892 relictis
3348 3832 3407 3893 in
3449 3833 3866 3893 testimonium
3942 3839 4178 3895 virtutis.

2505 3939 2640 3996 quin
2670 3924 3033 3981 remansisse
3061 3925 3182 3982 dixi
3227 3924 3377 3983 laxis
3432 3926 3607 3983 nodis
3638 3928 3992 4000 pendentia
4062 3929 4179 3983 bra-

2507 4009 2673 4065 chiis.
2709 4012 2881 4066 Anno
2912 4011 3030 4066 fere
3058 4016 3113 4067 et
3162 4012 3412 4067 dimidio
3434 4017 3573 4085 post
3595 4012 3953 4069 secundum
3990 4030 4031 4069 a
4055 4016 4181 4067 (⁷ου-

2507 4098 2631 4153 chis
2663 4100 3083 4170 reversionem,
3131 4101 3344 4157 accidit
3372 4101 3515 4157 mihi
3550 4106 3711 4157 certo
3737 4104 4006 4173 negotio
4030 4104 4179 4159 dom~

2505 4184 2565 4242 ni
2612 4186 2879 4244 Willelmi
2911 4187 3285 4245 Ptctavorum
3328 4189 3560 4245 comitis
3602 4190 3771 4245 adire
3809 4191 4091 4255 curiam,
4135 4193 4177 4245 in

2505 4291 2628 4348 qua
2653 4293 2789 4333 cum
2820 4276 3108 4335 domnam
3136 4280 3461 4335 Beatricem
3490 4278 3760 4348 viderim,
3792 4295 3835 4335 a
3898 4281 4177 4337 Ricarede

2506 4364 2683 4422 fratre
2707 4383 2818 4423 suo
2858 4369 3430 4440 Rothomagensium
3479 4368 3695 4424 comite
3727 4368 3851 4425 illic
3907 4372 4176 4426 missam.

2506 4455 2780 4511 ardenter
2804 4457 2932 4525 ejus
2959 4456 3324 4530 colloquium
3376 4474 3720 4528 aggressus,
3760 4458 3937 4515 illico
3973 4460 4178 4515 I‘ECOtti-

2504 4548 2628 4600 tare
2660 4547 2811 4619 coepi
2839 4563 3017 4620 super
3041 4547 3155 4603 hoc
3204 4547 3533 4604 miraculo:
3587 4548 3764 4618 cujus
3810 4549 4041 4615 verba,
4094 4565 4176 4622 per

2504 4638 2709 4692 omnia
2729 4637 3167 4693 monachorum
3197 4638 3717 4694 Concliacensium
3749 4638 4019 4712 [verbis]
4063 4656 4177 4695 con-

2504 4725 2833 4793 eordantia,
2866 4742 2993 4781 esse
3050 4730 3328 4800 poterant
3356 4726 3670 4801 probabile
3717 4735 4174 4796 argumentum.

2504 4814 2550 4868 si
2580 4815 2715 4886 quis
2743 4815 3040 4873 dubitaret
3092 4816 3151 4872 in
3211 4815 3339 4872 aliis
3387 4816 3568 4872 etiam
3627 4815 3779 4871 mihi
3841 4816 3929 4872 ab
3965 4817 4174 4873 eisdem

2500 4906 2771 4962 narratis.

3138 4997 3367 5053 CAPUT
3403 4999 3510 5053 XV.

2856 5087 2941 5142 De
2971 5086 3415 5143 adolescentulo
3440 5086 3826 5142 resuscitato.

2571 5175 2668 5230 His
2693 5190 2834 5245 ergo
2876 5175 2957 5231 ita
2997 5175 3289 5231 hactenus
3336 5174 3513 5230 veluti
3542 5174 3620 5229 ad
3669 5172 3795 5229 alia
3838 5174 4172 5231 fesﬁnande

2495 5263 2793 5319 succincte
2809 5262 3326 5336 praelibatis,aliud
3347 5278 3502 5335 pene
3519 5260 3885 5318 incredibile
3912 5264 4173 5319 occurrit.

2494 5354 2681 5420 quod,
2734 5368 2809 5408 ne
2841 5352 3073 5409 silentio
3111 5358 3336 5427 pereat,
3378 5350 3692 5407 vivacibus
3742 5352 4173 5409 commendari

2494 5441 2836 5498 studuimus
2869 5442 3190 5499 schedulis.
3223 5440 3653 5499 Ultraclusanse
3682 5440 3887 5510 vulgo
3918 5442 4176 5497 dicuntur

2490 5536 2712 5604 partes,
2736 5530 2843 5586 ubi
2882 5531 3007 5587 duo
3059 5530 3366 5602 conjugali
3414 5529 3636 5585 {cedere
3679 5530 3936 5593 sociati,
3974 5531 4171 5599 absque

2490 5619 2764 5675 sobolnm
2797 5619 3163 5676 fecunditate
3222 5618 3447 5675 diutius
3482 5624 3861 5675 manserunt
3924 5619 4171 5676 steriles:

2488 5708 2768 5779 quiinitio
2789 5708 3040 5764 consilio
3062 5709 3145 5765 ad
3181 5712 3402 5764 sanctae
3428 5706 3682 5777 virginis
3694 5709 4170 5781 propitiatorinm

2482 5797 2862 5861 accedentes,
2886 5813 3029 5869 mox
3048 5804 3115 5859 ut
3136 5795 3396 5873 peractis
3415 5796 3572 5852 votis
3595 5796 3802 5855 redux
3834 5804 4172 5872 pel-egerimI
