3952 6424
140 318 246 372 133

1218 323 1348 378 LIB.
1395 323 1485 377 DE
1538 319 1912 377 MIRACULIS
1973 319 2268 377 SANCT/E
2322 325 2520 379 FlDlS.

3476 326 3576 379 184

119 441 260 510 iter,
297 439 504 498 divina
543 441 758 514 pietate
791 443 1098 500 muliebris
1150 445 1506 502 fecundatur
1548 449 1748 501 venter
1783 462 1794 510 ;
1838 445 1884 497 A
1913 449 2187 500 nostrum
2218 445 2502 503 relatores
2529 463 2795 519 persaepe
2819 446 3186 514 exstiterunt,
3214 462 3574 519 quorumre-

125 530 344 603 sicque
365 531 427 586 in
458 534 701 603 partum
744 533 1064 603 resolutus,
1122 536 1454 590 masculam
1515 535 1576 590 in
1605 535 1799 589 lucem

122 620 347 676 effudit
372 621 628 693 prolem.
665 622 774 687 Qui
812 623 973 678 filius
1003 624 1112 680 tria
1142 626 1284 695 fere,
1346 630 1410 681 ut
1455 625 1801 698 putabatur,

123 709 326 765 lustra
356 725 592 780 gerens,
631 711 836 768 invida
866 717 1055 769 morte
1086 714 1464 788 anticipatur,
1517 719 1693 786 atque
1725 713 1802 768 ad

123 803 474 855 extremum
497 799 630 855 vitae
685 802 1077 858 mcerentibus
1124 804 1475 876 parentibus
1522 803 1798 870 sortitur;

123 888 238 960 qui
270 892 336 944 ut
365 888 630 944 defuncti
655 889 779 946 nati
810 891 1035 947 exitum
1066 892 1362 960 viderunt,
1407 898 1681 948 sanctam
1714 892 1801 947 Fi-

124 976 280 1032 dem
305 977 486 1033 variis
535 983 715 1050 atque
773 979 1103 1036 innumeris
1163 982 1421 1054 querelis
1479 982 1798 1049 lacessunt,

122 1082 393 1139 eamque
425 1067 537 1122 sibi
570 1067 861 1124 amissum
889 1069 1110 1141 pignus
1145 1072 1393 1126 reddere
1442 1070 1796 1143 deposcunt:

128 1178 156 1203 ‹‹
189 1155 373 1223 Quid,
405 1155 680 1228 inquam,
711 1156 868 1212 illius
898 1158 1080 1226 dono,
1115 1175 1150 1214 ο
1182 1164 1388 1215 sancta
1435 1165 1491 1215 et
1542 1159 1802 1229 gloriosa

125 1243 412 1312 Domina,
445 1260 558 1300 nos
588 1245 919 1302 exhilarare
958 1248 1220 1319 voluisti,
1252 1266 1405 1321 quos
1433 1249 1507 1304 de
1534 1249 1662 1318 ejus
1687 1249 1800 1304 im-

123 1338 375 1389 matura
408 1339 566 1389 sorte
595 1335 958 1407 ,praescieras
1013 1337 1342 1393 maestiores
1390 1338 1558 1394 fieri!
1610 1341 1802 1393 Tuum

123 1421 244 1477 fuit
263 1423 432 1494 quod
459 1438 598 1479 eum
623 1423 753 1494 jam
783 1424 1083 1497 desperati
1140 1427 1486 1496 habuimus,
1519 1444 1627 1500 pro
1671 1428 1800 1499 ejus

121 1510 576 1584 impetratione,
610 1517 714 1569 tua
741 1519 948 1569 sancta
968 1514 1180 1570 limina
1210 1516 1627 1588 expetivimus,
1664 1521 1799 1573 ante

123 1605 232 1658 tua
260 1605 661 1660 monumenta
686 1603 1038 1676 corporibus
1055 1605 1223 1660 humi
1254 1607 1559 1678 prostrati,
1581 1607 1637 1662 in
1665 1608 1794 1678 ejus

122 1691 418 1763 petitione
450 1691 722 1748 exaudiri
752 1693 1101 1762 meruimus,
1145 1700 1540 1768 optatumque
1571 1696 1792 1752 diutius

121 1785 344 1836 votum
374 1796 482 1854 per
510 1785 584 1850 te,
614 1797 650 1837 ο
679 1781 857 1838 beata
897 1787 1108 1852 mater,
1140 1785 1340 1857 adepti
1382 1803 1613 1841 sumus.
1641 1786 1794 1852 Quid
1833 1799 1870 1850 Β

121 1869 376 1942 profuit,
401 1886 438 1925 ο
469 1870 647 1926 beata
674 1876 730 1926 et
760 1871 1019 1942 gloriosa
1070 1878 1279 1938 mater,
1313 1875 1490 1931 nobis
1541 1877 1796 1948 quaesita

121 1959 424 2028 nancisci,
459 1961 510 2014 si
541 1960 968 2016 detrimentum
1019 1962 1359 2018 amissionis
1423 1980 1586 2019 nunc
1635 1965 1797 2034 cogi—

121 2065 270 2104 mur
299 2049 578 2122 perpeti?
604 2050 828 2106 Adesto
854 2067 1015 2106 nunc
1048 2051 1240 2108 solida
1262 2053 1498 2124 pietate,
1531 2070 1566 2109 ο
1599 2055 1798 2109 Chris-

120 2137 166 2194 ti
195 2137 372 2207 virgo
402 2137 741 2209 benedicta,
803 2139 1197 2212 sobolemque
1237 2141 1412 2197 nobis
1443 2143 1682 2198 restitue
1713 2159 1799 2198 re-

122 2227 426 2295 divivam,
460 2245 646 2301 quam
676 2227 922 2300 quidem
972 2246 1080 2302 per
1145 2234 1198 2286 te
1258 2232 1660 2304 suscepimus,
1695 2237 1798 2290 tua

125 2316 325 2388 gratia
378 2322 585 2374 nostra
638 2318 999 2375 fecundante
1090 2319 1338 2375 viscera.
1402 2321 1796 2377 Nihilominus

124 2406 384 2479 quidem
410 2407 586 2463 nobis
618 2407 884 2464 ablatam
919 2414 1087 2480 potes
1137 2409 1406 2479 reddere,
1435 2427 1622 2483 quam
1673 2428 1798 2467 om-

123 2496 277 2551 nino
306 2497 470 2567 [non]
501 2501 730 2565 natam,
764 2503 1022 2568 negante
1051 2497 1285 2554 dudum
1318 2500 1798 2573 [Domino],prte-

123 2584 367 2640 valuisti
400 2585 748 2641 concedere.
785 2590 847 2642 ln
880 2594 1131 2659 utroque
1170 2587 1279 2642 ﬁes
1338 2590 1795 2661 omnipotentis-

107 2673 306 2741 .sima,
340 2672 400 2728 in
427 2677 682 2746 utroque
709 2675 1052 2744 agnosceris
1100 2681 1330 2747 martyr
1357 2676 1791 2734 efﬁcacissima.

125 2761 230 2818 His
259 2765 315 2818 et
345 2762 563 2818 talibus
593 2764 1060 2836 quampluribus
1092 2770 1380 2837 utrosque
1406 2771 1684 2839 parentes
1717 2767 1798 2823 ad

127 2851 400 2908 defuncti
425 2851 526 2908 ﬁlii
555 2853 836 2908 feretrum
864 2853 1322 2910 irremediabilis
1381 2856 1647 2912 torrebat
1673 2857 1798 2927 [do-

125 2941 264 3012 lor],
293 2941 694 3014 exanimeque
716 2959 933 3015 corpus
985 2944 1297 3016 amplexos
1353 2946 1633 3013 gravibus
1664 2963 1794 3001 sus-

125 3030 424 3103 piriorum
455 3031 816 3102 singultibus
846 3031 1156 3102 fatigabat.
1191 3035 1459 3106 Cumque
1471 3035 1600 3105 jam
1622 3035 1796 3106 baju-

125 3119 163 3174 li
194 3119 580 3192 sandapilam
613 3121 962 3193 arriperent,
990 3127 1052 3176 ut
1096 3121 1174 3176 ad
1196 3122 1509 3178 ecclesiam
1543 3125 1796 3180 human-
1824 3155 1863 3210 ρ

127 3209 187 3264 di
214 3224 406 3264 causa
435 3208 753 3277 deferrent,
772 3215 1052 3282 parentes
1076 3211 1567 3270 lamentabilibus
1598 3214 1793 3269 modis

128 3303 404 3354 sanctam
439 3299 639 3355 Fidem
688 3300 1083 3371 proclamant,
1141 3307 1198 3357 et
1255 3306 1318 3357 ut
1365 3303 1449 3358 eis
1501 3304 1792 3361 amissum

125 3388 361 3444 donum
390 3404 598 3444 rursus
632 3389 899 3445 restituat
921 3390 1086 3445 miris
1106 3391 1430 3447 ululatibus
1449 3393 1790 3451 obsecrant.

126 3477 357 3543 Quibus
387 3477 468 3533 ita
489 3477 568 3533 ad
599 3479 820 3534 {ethera
847 3495 1038 3552 usque
1077 3479 1356 3536 funereos
1389 3482 1684 3537 clamores
1710 3484 1792 3538 fe-

122 3567 416 3636 rentibus,
447 3583 583 3622 ecce
613 3567 786 3640 quasi
815 3567 889 3623 de
917 3569 1084 3637 gravi
1113 3585 1329 3625 somno
1361 3571 1599 3625 rediens
1651 3571 1794 3627 ado-

122 3654 356 3711 lescens
385 3654 502 3724 ille,
533 3660 717 3727 caput
746 3672 781 3711 a
811 3656 1023 3712 feretro
1080 3657 1281 3724 erexit,
1327 3657 1664 3730 faciemque
1697 3676 1790 3714 su-

122 3743 295 3799 dario
320 3744 452 3814 jam
467 3743 824 3816 adopertam
854 3745 1222 3813 concutiens,
1251 3745 1620 3801 adstantium
1652 3751 1791 3802 stre-

121 3833 321 3906 pitum
341 3832 549 3888 mirari
579 3833 776 3906 cmpit.
811 3837 999 3899 Quem
1030 3840 1241 3902 mater,
1267 3835 1547 3891 irremota
1576 3835 1790 3893 feretro

121 3921 507 3990 incumbens,
547 3939 692 3979 mox
713 3928 779 3979 ut
806 3924 1088 3980 vitalibus
1114 3924 1276 3980 auris
1335 3924 1630 3980 fruentem
1662 3943 1792 3997 per-

123 4012 330 4083 sensit,
358 4029 613 4086 propere
645 4013 872 4070 vultum
932 4029 1270 4086 manusque
1319 4015 1604 4082 resolvit;
1662 4032 1789 4072 ver-

124 4102 332 4175 sisque
362 4103 580 4172 modis,
612 4119 736 4176 prae
766 4103 954 4158 nimio
980 4103 1203 4173 gaudio
1230 4103 1468 4159 fletibus
1495 4121 1601 4160 ora
1633 4106 1787 4175 riga-

120 4192 224 4247 vit.
262 4194 391 4258 Quo
419 4191 550 4248 viso
580 4193 778 4248 omnis
809 4198 1016 4248 astans
1064 4197 1251 4248 coetus
1303 4193 1566 4262 diriguit,
1596 4195 1788 4250 calor-

126 4297 246 4354 que
277 4282 554 4337 omnium
586 4299 730 4338 ossa
780 4283 1143 4354 relinquens,
1204 4283 1491 4338 ineffabili
1547 4288 1789 4357 stupore

123 4375 434 4426 cernentes
462 4371 796 4443 perterruit.
834 4372 1097 4444 Denique
1149 4389 1290 4428 eum
1334 4388 1370 4427 a
1413 4373 1623 4428 mortis
1675 4378 1788 4429 ter-

125 4475 270 4533 pore
296 4460 630 4516 resolutum
675 4461 971 4532 genitores
1012 4462 1141 4532 ejus
1172 4462 1510 4534 percontari
1543 4463 1789 4519 studue-

123 4553 266 4605 runt
287 4549 336 4604 si
365 4548 515 4605 forte
574 4550 876 4623 corporeis
927 4550 1216 4606 membris
1269 4555 1484 4606 exutus
1517 4551 1679 4606 aliud
1710 4553 1789 4607 ad

127 4654 384 4708 regnum
407 4639 727 4695 duceretur
760 4658 773 4707 ;
806 4656 905 4707 an,
934 4639 996 4694 in
1023 4640 1246 4695 exstasi
1277 4640 1493 4696 mentis
1533 4641 1787 4713 positus,

125 4727 322 4784 adhuc
355 4727 516 4784 vitali
546 4728 740 4784 calore
780 4728 1069 4784 membris
1098 4728 1398 4800 collapsus
1420 4729 1786 4799 fungeretur.

129 4817 238 4882 Qui
267 4833 412 4873 mox
444 4834 505 4874 se
537 4817 616 4873 ab
645 4819 759 4873 hoc
785 4818 1294 4890 praesentiszeculo
1322 4835 1568 4890 prorsus
1598 4834 1794 4889 egres-

129 4924 281 4974 sum,
311 4912 368 4963 et
389 4907 468 4962 ad
498 4906 816 4962 tenebrosa
841 4907 976 4962 loca
1005 4906 1332 4961 deductum
1368 4924 1379 4973 ;
1427 4907 1588 4961 unde
1615 4923 1789 4962 sanc-

128 5003 185 5053 ta
217 4998 384 5054 Fides
415 5013 557 5053 cum
576 4997 635 5052 vi
667 4997 904 5066 exemit,
944 5000 1000 5052 et
1057 4995 1136 5051 ad
1187 4996 1556 5051 resumenda
1608 4996 1790 5067 hujus

131 5087 268 5142 solis
288 5085 621 5158 spiramina
651 5086 889 5141 refudit.
926 5088 1010 5152 Et,
1045 5089 1110 5140 ut
1136 5085 1539 5140 credibiliores
1571 5085 1632 5140 in
1662 5089 1791 5140 tan-

129 5176 166 5230 ti
193 5175 466 5231 miraculi
496 5174 782 5231 relatione
814 5174 1048 5246 utrique
1073 5178 1353 5246 parentes
1377 5173 1606 5243 fierent,
1650 5190 1791 5230 eum

129 5265 391 5320 Virbium
419 5265 496 5320 ad
528 5270 750 5320 sanctae
808 5263 959 5320 Fidis
1013 5262 1327 5319 oraculum
1384 5262 1788 5331 adduxerunt,

130 5359 392 5426 testeque
433 5358 555 5410 tota
608 5354 845 5424 vicinia,
894 5352 1070 5408 nobis
1127 5352 1484 5426 mirantibus
1543 5369 1612 5408 ac
1667 5369 1789 5425 prae

127 5443 347 5514 gaudio
377 5443 617 5499 ﬂetibus
648 5461 755 5500 ora
798 5441 1205 5512 madentibus,
1257 5443 1539 5498 eumdem
1582 5443 1791 5498 relato-

126 5549 248 5588 rem
268 5548 398 5588 esse
425 5531 712 5589 fecerunt.

752 5625 976 5678 CAPUT
1032 5623 1141 5677 XVI
1152 5666 1164 5676 .

126 5713 209 5767 De
233 5727 298 5767 eo
325 5714 432 5783 qui
457 5713 615 5782 ﬁlios
640 5728 797 5775 suos,
832 5713 1053 5768 virtute
1079 5717 1302 5767 sanetae
1359 5713 1527 5767 Fidis
1572 5713 1785 5779 fretus,

475 5818 592 5873 per
621 5804 817 5873 ignem
859 5803 1122 5858 transire
1141 5801 1426 5870 faciebat.

198 5895 385 5963 Hujus
416 5893 498 5950 rei
532 5894 705 5965 cujus
736 5892 1145 5949 narrationem
1177 5891 1564 5961 aggredimur
1615 5890 1784 5947 multi

1911 530 2233 589 lationibus
2285 541 2348 590 ut
2377 536 2590 591 divinis
2621 537 2878 592 oraculis
2910 537 3228 592 credimus.
3287 541 3346 592 ln
3375 540 3571 594 Petra-

1912 623 2126 690 goricis
2171 625 2443 697 partibus
2491 631 2753 682 castrum
2811 627 3272 695 Montagrerium
3304 627 3573 698 perhibe-

1908 711 2075 782 bant,
2106 713 2210 768 ubi
2237 730 2420 785 eques
2451 715 2724 787 quidam,
2756 716 3000 771 nomine
3034 715 3246 780 Helias,
3266 716 3571 772 nobilitate

1908 799 2138 869 pollens
2178 801 2454 870 degebat,
2487 803 2592 875 qui
2624 803 2751 858 sine
2787 803 3068 858 sobolum
3102 803 3294 871 gratia
3348 817 3573 857 connu-

1907 887 2007 943 bia
2034 888 2196 944 irrita
2227 895 2404 962 atque
2438 891 2673 961 ingrata
2718 892 2997 948 ducebat.
3053 891 3162 957 Qui
3216 891 3462 947 tandem
3494 890 3572 945 ad

1910 982 2130 1033 sanctae
2160 980 2443 1051 martyris
2474 997 2806 1052 properans
2836 981 3066 1049 limina,
3127 984 3332 1053 optata
3362 980 3572 1050 conju-

1910 1065 2060 1133 galis
2094 1067 2242 1121 uteri
2273 1069 2490 1125 meruit
2522 1069 2785 1141 recipere
2838 1070 3090 1124 semina.
3138 1071 3202 1123 Et
3233 1069 3389 1124 hanc
3417 1069 3574 1139 (pro-

1909 1154 2045 1225 lem)
2076 1155 2220 1209 bino
2243 1172 2491 1212 munere
2518 1158 2762 1228 contigit
2794 1157 3100 1214 accidisse.
3147 1159 3306 1223 Quos
3351 1172 3572 1229 pueros

1911 1237 2074 1301 tanto
2105 1245 2327 1301 amoris
2379 1246 2685 1318 privilegio
2742 1247 3050 1316 diligebat,
3109 1250 3173 1302 ut
3225 1247 3404 1302 etiam
3447 1261 3571 1302 non

1911 1351 2051 1389 suos
2080 1335 2184 1390 sed
2212 1340 2432 1390 sanctae
2466 1336 2616 1391 Fidis
2638 1336 2790 1391 filios
2838 1337 3201 1410 appellabat.
3239 1339 3304 1391 Et
3341 1341 3403 1392 ut
3430 1335 3569 1390 inde

1910 1425 2386 1496 experimentum
2420 1425 2605 1492 daret,
2637 1443 2840 1482 coram
2877 1427 3213 1482 astantibus
3257 1431 3312 1481 et
3341 1425 3567 1481 instan-

1912 1517 1997 1568 ter
2028 1513 2512 1585 prohibentibus,
2542 1515 2742 1570 media
2794 1516 2856 1570 in
2908 1517 3039 1586 ejus
3092 1514 3274 1587 phala
3313 1528 3570 1569 accenso

1910 1620 2077 1673 rogo,
2110 1603 2288 1658 nudis
2315 1605 2588 1659 cruribus
2619 1621 2688 1660 ac
2711 1605 2965 1677 pedibus
2991 1621 3096 1677 per
3141 1604 3372 1660 medios
3399 1602 3570 1658 ﬂam-

1911 1709 2150 1748 marum
2174 1693 2387 1762 globos
2418 1695 2669 1749 transire
2691 1694 2947 1750 faciebat
2980 1712 2991 1748 :
3052 1694 3217 1765 quod
3256 1697 3314 1749 et
3368 1692 3567 1763 (mira-

1909 1782 2025 1836 bile
2057 1783 2192 1837 visu
2231 1783 2268 1840 Ξ)
2296 1783 2466 1854 pueri
2488 1783 2613 1838 sine
2640 1783 2843 1855 aliqua
2863 1783 3123 1839 incendii
3152 1783 3392 1838 laesione
3423 1781 3567 1837 cita-

1908 1875 1967 1925 to
2002 1871 2153 1926 saltu
2181 1871 2428 1943 implere
2461 1871 2840 1928 festinabant.
2893 1877 3119 1928 Interea
3169 1888 3312 1927 vero
3366 1874 3567 1926 mente

1909 1961 2061 2016 sedit
2092 1965 2155 2017 ut
2185 1961 2430 2016 eosdem
2453 1978 2670 2033 pueros
2713 1962 2957 2018 deberet
2996 1963 3294 2018 adducere
3345 1966 3566 2016 sanctae

1904 2051 2175 2122 martyri,
2225 2051 2405 2106 veluti
2479 2067 2687 2107 eorum
2773 2052 3064 2124 spirituali
3117 2052 3402 2120 genitrici.
3452 2050 3566 2107 Sed

1905 2140 2047 2212 quia
2076 2141 2321 2196 horrida
2350 2142 2542 2196 hiems
2574 2141 2826 2197 flumina
2848 2147 3064 2198 cuncta
3091 2158 3126 2198 a
3149 2141 3443 2198 littoribus
3469 2157 3566 2196 ex-

1904 2229 2157 2302 pulerat,
2215 2229 2644 2303 immensisque
2700 2231 3154 2304 tempestatibus
3202 2230 3431 2302 passim
3463 2229 3566 2284 de-

1906 2320 2209 2386 sreviebat,
2240 2320 2454 2376 mulier
2484 2325 2539 2376 et
2565 2321 2760 2376 caeteri
2787 2322 2916 2391 ejus
2959 2321 3284 2376 familiares
3310 2319 3474 2375 aliud
3507 2318 3567 2372 in

1905 2414 2143 2481 tempus
2176 2410 2609 2466 reservandum
2665 2426 3027 2482 persuasum
3075 2410 3262 2466 ibant.
3299 2411 3568 2474 Quorum

1903 2499 2176 2553 omnium
2195 2499 2588 2555 hortamentis
2610 2499 2848 2572 penitus
2865 2500 3168 2568 resistens,
3187 2499 3568 2572 propositum

1903 2587 2010 2642 iter
2038 2604 2099 2642 se
2131 2587 2570 2643 celebraturum
2597 2588 2924 2653 asserebat,
2967 2588 3253 2660 nulloque
3298 2591 3460 2644 metu
3479 2586 3567 2641 in-

1904 2677 2167 2747 gruentis
2199 2682 2568 2750 tempestatis
2621 2694 2683 2734 se
2727 2678 3056 2732 desiturum
3110 2677 3366 2733 dicebat.
3411 2676 3562 2740 Quin

1904 2766 2082 2821 etiam
2116 2765 2511 2838 praesentibus
2554 2766 2756 2838 pueris
2793 2771 3014 2821 sanctae
3070 2765 3351 2836 martyris
3396 2764 3566 2819 nulla

1903 2870 1964 2910 se
1990 2855 2307 2923 naufragia
2330 2855 2535 2910 timere
2574 2854 2946 2927 perhibebat,
3002 2854 3108 2909 sed
3146 2869 3356 2909 eorum
3385 2853 3567 2908 comi-

1902 2948 2029 2999 tatu
2058 2944 2274 2999 fretum
2293 2959 2480 3015 parva
2511 2943 2680 2999 lintre
2704 2943 3070 3016 procellosas
3117 2941 3419 3012 gurgitum
3448 2941 3566 2997 ela-

1904 3033 2094 3087 tiones
2118 3031 2489 3087 sulcaturum
2522 3048 2585 3086 se
2613 3031 2970 3104 spondebat.
3006 3030 3178 3095 Quod
3219 3034 3275 3086 et
3313 3029 3392 3085 ad
3423 3030 3564 3084 effe-

1903 3126 2064 3177 ctum
2079 3138 2270 3193 usque
2294 3121 2650 3192 perducens,
2673 3126 2893 3176 sanetae
2910 3119 3157 3188 virginis
3175 3119 3320 3175 adiit
3334 3119 3562 3185 limina,

1902 3227 2246 3283 puerosque
2276 3211 2432 3267 votis
2479 3211 2777 3280 obligans,
2837 3209 3025 3265 multa
3078 3209 3153 3265 de
3204 3209 3286 3264 eis
3343 3213 3563 3264 sanctae

1902 3300 2382 3369 congregationis
2436 3304 2654 3355 nostrae
2712 3299 2994 3354 fratribus
3043 3299 3340 3354 recensuit
3389 3297 3564 3353 valde

1901 3389 2308 3450 admiranda:
2370 3389 2746 3462 peractisque
2792 3387 3133 3443 orationum
3183 3386 3566 3442 solemnitati-

1901 3477 2038 3547 bus,
2071 3477 2243 3533 lmtus
2283 3483 2340 3533 et
2367 3477 2687 3533 incolumis
2712 3476 2883 3532 rediit
2905 3476 2983 3530 ad
3010 3475 3274 3548 propria.

2527 3567 2751 3621 CAPUT
2797 3568 2950 3620 XVII.

1897 3659 1985 3712 De
2008 3659 2180 3712 oculo
2203 3659 2343 3727 equi
2365 3672 2474 3726 per
2500 3658 2777 3712 virtutem
2805 3661 3030 3710 sancta
3058 3655 3229 3709 Fidis
3260 3654 3558 3709 restituto.

1969 3745 2290 3801 Arvernico
2341 3746 2400 3800 in
2437 3760 2596 3817 pago
2668 3742 3014 3799 Murmontis
3059 3747 3322 3797 castrum
3377 3741 3562 3808 vulgo

1898 3841 2302 3906 nuncupatur,
2333 3836 2392 3890 in
2420 3851 2543 3906 quo
2567 3834 2737 3889 miles
2781 3833 3054 3905 quidam,
3097 3847 3322 3904 equum
3354 3830 3560 3900 magni

1897 3924 2068 3999 pretii
2120 3925 2372 3990 habens,
2429 3924 2504 3979 de
2557 3939 2723 3979 more
2775 3921 3070 3991 sanguine
3118 3920 3351 3988 minuit,
3375 3935 3560 3992 quem

1896 4019 2037 4087 post
2065 4012 2684 4086 phlebotomationem
2711 4013 2787 4068 ad
2849 4012 3058 4085 palum
3109 4010 3438 4084 quemdam
3469 4025 3563 4065 ca-

1896 4105 2087 4177 pistro
2114 4104 2403 4173 religavit.
2450 4106 2579 4168 Quo
2596 4103 2658 4158 in
2687 4103 2826 4176 palo
2859 4103 2936 4158 ad
2967 4118 3063 4157 res
3099 4100 3562 4173 suspendendas

1898 4194 2078 4250 sudes
2109 4195 2466 4250 acutissima
2495 4192 2940 4265 prominebant,
3000 4207 3153 4264 quas
3185 4190 3300 4262 ipsi
3331 4205 3563 4245 ramus-

1897 4282 2013 4337 culi
2039 4282 2304 4354 praecisae
2338 4282 2568 4337 arboris
2597 4280 2738 4337 olim
2781 4283 3218 4336 concesserant.
3270 4278 3358 4332 Ad
3387 4278 3560 4346 cujus

1898 4371 2156 4445 stipitem
2187 4369 2510 4443 praedictus
2539 4386 2730 4442 equus
2769 4369 3062 4435 adnexus,
3087 4368 3236 4423 dum
3292 4364 3561 4421 instabili

1900 4465 2067 4515 motu
2099 4460 2672 4526 circumvagaretur,
2706 4458 2895 4526 ejecto
2917 4456 3092 4512 altius
3124 4455 3316 4527 capite
3345 4453 3559 4508 sudem

1898 4548 2164 4613 offendit,
2190 4564 2325 4619 quae
2359 4547 2525 4614 gravi
2558 4547 2675 4601 ictu
2706 4545 3016 4600 confestim
3048 4544 3102 4599 ei
3125 4543 3369 4598 oculum
3400 4541 3559 4597 radi-

1898 4638 2048 4693 citus
2073 4636 2285 4690 evellit.
2321 4635 2494 4698 Quod
2537 4634 2758 4689 factum
2806 4633 3128 4704 przedictus
3182 4631 3354 4686 miles
3403 4646 3560 4699 aegre

1898 4727 2111 4792 ferens,
2145 4723 2388 4780 oculum
2439 4723 2520 4778 ad
2543 4721 2930 4777 mandibulas
2981 4737 3173 4794 usque
3202 4719 3561 4792 pendudum

1898 4817 1958 4870 in
1985 4813 2228 4886 proprio
2248 4812 2542 4868 foramine
2599 4810 2872 4876 restituit,
2917 4826 3010 4880 ac,
3065 4809 3394 4865 multorum
3451 4807 3560 4862 ibi—

1901 4906 2043 4960 dem
2076 4902 2449 4959 adstantium
2488 4899 3024 4971 cohortationibus,
3067 4903 3288 4955 sanctaa
3313 4897 3561 4969 martyri

1900 4993 2022 5051 Fidi
2083 4993 2380 5048 luminare
2431 4991 2509 5046 ad
2555 4989 2826 5061 ejusdem
2854 4990 2994 5061 equi
3041 4989 3251 5044 caudas
3307 4985 3563 5056 longitu-

1899 5083 2102 5139 dinem
2127 5081 2309 5147 vovit,
2333 5081 2660 5152 lumenque
2691 5079 2976 5133 effossum
3029 5077 3240 5132 institis
3284 5075 3560 5145 alligans,

1900 5175 1977 5230 ad
2005 5174 2320 5248 proprium
2349 5171 2654 5227 stabulum
2678 5172 2923 5224 maestus
2951 5166 3204 5222 reduxit.
3242 5169 3377 5222 Erat
3392 5181 3563 5221 nam-

1900 5281 2017 5338 que
2045 5280 2239 5336 equus
2278 5261 2372 5317 ille
2407 5268 2462 5317 et
2510 5259 2820 5316 velocitate
2851 5257 3344 5330 incomparabilis
3393 5260 3453 5311 et
3500 5255 3561 5310 in

1900 5352 2067 5409 omni
2098 5351 2398 5408 caballina
2424 5349 2765 5405 strenuitate
2795 5346 3148 5419 probabilis.
3205 5347 3417 5419 Sicque
3449 5346 3565 5402 fae-

1900 5447 2027 5498 tum
2068 5449 2156 5496 est
2180 5445 2246 5496 ut
2271 5445 2491 5496 sancta:
2528 5438 2678 5494 Fidis
2705 5436 3149 5492 medicantibus
3172 5437 3396 5493 meritis
3426 5436 3560 5509 piis,

1896 5535 2138 5605 postera
2165 5531 2259 5586 die
2291 5546 2482 5601 equus
2513 5527 2607 5582 ille
2627 5526 3044 5582 itaincolumis
3075 5528 3405 5594 invenitur,
3427 5543 3496 5581 ac
3514 5525 3564 5581 si

1897 5637 2212 5692 nunquam
2240 5618 2360 5673 ullo
2391 5617 2606 5672 morbo
2639 5616 2876 5685 gravari
2907 5615 3224 5672 videretur.
3253 5617 3433 5687 Cujus
3450 5615 3564 5670 vir-

1898 5711 2122 5767 tutibus
2153 5708 2511 5782 praeclarum
2542 5692 2902 5782 miraculum
2957 5706 3146 5762 isdem
3203 5706 3370 5762 miles
3427 5710 3563 5760 ante

1897 5805 2118 5858 sanctae
2155 5777 2446 5870 .martyris
2485 5777 2939 5865 retulit,cun’ctis
2986 5796 3338 5862 astantibus,
3371 5797 3566 5848 orato-

1894 5891 2071 5946 rium.
