4584 6380
784 286 887 338 155

1389 412 1611 465 CAPUT
1659 414 1836 466 XVIII.

1234 481 1321 533 De
1344 488 1577 536 mortuo
1608 486 1975 539 resuscitato.

857 568 1110 635 (Contigit
1138 569 1487 639 quemdam,
1516 572 1757 625 nomine
1800 572 2161 639 llunaldum,
2196 574 2434 628 Tolosa-

781 656 874 712 nis
904 657 963 711 in
995 657 1263 728 partibus
1290 665 1507 712 sanetae
1538 660 1814 730 martyris
1854 661 2275 716 admirandum
2306 679 2437 733 pro-

782 745 1072 800 meruisse
1102 745 1483 812 beneficium,
1512 747 1763 819 visuqua
1788 754 1844 804 et
1891 766 2070 821 opere
2124 751 2433 821 inopinam

781 834 1035 905 experiri
1061 835 1189 904 ejus
1247 835 1755 903 magniﬁcentiam
1810 838 2109 894 virtutum.
2170 840 2435 895 Habebat

782 922 945 977 enim
981 922 1192 992 ﬁlium,
1233 939 1415 995 quem
1444 924 1517 980 de
1548 942 1713 981 more
1742 927 1902 982 misit
1959 928 2039 983 ad
2095 933 2433 984 armentum

781 1010 1101 1083 inpascuis
1132 1013 1513 1069 servandum.
1565 1014 1777 1085 Atille,
1810 1016 2093 1087 pastorali
2126 1034 2269 1072 cura
2308 1034 2432 1071 sus-

782 1104 974 1171 cepta,
1006 1100 1101 1154 die
1131 1101 1423 1172 quadam,
1457 1108 1733 1171 surgente
1760 1105 2014 1175 hespero
2032 1112 2302 1160 armenta
2332 1106 2432 1159 do—

782 1206 953 1244 mum
990 1189 1304 1260 reducens,
1337 1206 1441 1261 per
1471 1193 1870 1259 negligentem
1903 1196 2191 1250 incuriam
2218 1196 2430 1250 bovem

782 1293 973 1333 unum
998 1278 1147 1332 inter
1170 1279 1383 1333 frutcta
1413 1281 1653 1349 dimisit,
1689 1282 1950 1353 reliquos
1982 1301 2120 1338 vero
2177 1285 2431 1339 bostaris

779 1367 1148 1438 praesepibus
1196 1368 1464 1425 inseruit.
1508 1374 1764 1426 Cernetis
1824 1373 2001 1437 igitur
2056 1391 2246 1429 vacuo
2299 1374 2431 1429 loco

778 1470 969 1509 unum
1000 1455 1209 1509 abesse
1259 1456 1505 1519 animal,
1564 1476 1791 1530 pascua
1848 1478 1952 1532 per
2010 1462 2211 1517 furvas
2246 1463 2431 1517 noctis

779 1542 1053 1597 tenebras
1077 1544 1379 1609 solivagus
1409 1548 1655 1617 repetiit.
1693 1550 1805 1604 Sed
1850 1568 2072 1612 magna
2104 1558 2269 1622 parte
2298 1568 2433 1607 noc-

780 1632 850 1687 tis
880 1631 1177 1701 illiusjam
1210 1634 1433 1705 elapsa,
1469 1653 1642 1691 casso
1673 1637 1875 1694 labore
1904 1642 2280 1711 (pueritandi.
2309 1642 2431 1696 sine

777 1720 932 1775 bove
968 1721 1143 1777 tristis
1176 1740 1243 1777 ac
1283 1741 1542 1780 mtrrens
1564 1727 1751 1782 rediit.
1780 1729 1931 1793 Quid
1966 1735 2183 1796 ageret,
2214 1747 2337 1802 quo
2370 1748 2431 1786 se

776 1814 1042 1877 verteret,
1072 1812 1236 1867 nulla
1266 1814 1317 1868 ei
1342 1815 1567 1870 ratione
1596 1822 1771 1887 patet:
1797 1817 2245 1889 improbissima
2272 1821 2430 1874 enim

777 1900 961 1972 patris
991 1902 1293 1957 severitate
1311 1906 1675 1976 perterritus,
1706 1924 1776 1961 eo
1810 1909 2026 1963 sciente
2060 1914 2277 1964 tectum
2310 1927 2431 1964 non

777 1988 961 2044 audet
985 1990 1205 2060 subire,
1234 2008 1427 2064 neque
1459 1994 1605 2064 quid
1638 1996 1687 2050 ei
1719 1996 1997 2051 acciderit
2028 1998 2321 2053 ullatenus
2346 1999 2431 2053 in-

776 2077 1283 2134 timare.Tantimi
1314 2098 1453 2136 vero
1506 2084 1711 2154 sopitis
1764 2085 2065 2151 omnibus,
2126 2087 2340 2140 lectulo
2373 2104 2432 2141 se

777 2167 1026 2223 contulit
1053 2168 1376 2225 clanculus.
1415 2172 1523 2226 Ubi
1551 2190 1686 2227 cum
1722 2174 1994 2229 membra
2026 2176 2232 2229 amissi
2264 2176 2433 2230 bovis

777 2254 1060 2323 indagine
1083 2257 1414 2313 admodum
1447 2260 1679 2316 defessa
1734 2263 2003 2332 jactaret,
2061 2264 2213 2318 illico
2274 2269 2431 2318 tanto

778 2344 984 2400 dolore
1012 2347 1344 2418 corripitur,
1368 2354 1431 2404 ut
1462 2366 1613 2421 pene
1661 2352 1825 2406 omni
1878 2353 2108 2407 ossium
2140 2371 2430 2424 compage

780 2433 1072 2489 resolutus
1102 2436 1454 2492 crederetur.
1489 2442 1616 2504 Quo
1646 2440 1849 2494 dolore
1878 2442 2127 2495 nimium
2177 2443 2429 2496 invales-

778 2528 965 2593 cente,
997 2529 1052 2579 et
1077 2530 1243 2580 motu
1272 2531 1509 2582 artuum
1542 2528 1869 2598 t'raudatur,
1895 2536 1949 2585 et
1970 2532 2213 2586 rationis
2234 2531 2428 2586 cilicio

775 2612 1059 2683 privatur.
1094 2616 1257 2669 Mane
1290 2621 1489 2671 autem
1522 2618 1698 2688 tacto,
1747 2626 1809 2674 ut
1866 2637 2004 2675 eum
2052 2626 2219 2691 pater
2266 2625 2428 2675 tanto

774 2702 1080 2773 conspexit
1131 2711 1469 2777 correptum
1544 2708 1853 2778 languore,
1914 2710 2187 2781 deposito
2234 2713 2426 2765 furore

772 2808 913 2846 mox
956 2809 1135 2865 super
1163 2794 1572 2851 imminentem
1621 2800 1742 2853 nati
1781 2800 2080 2855 interitum
2125 2800 2425 2854 ﬂebilibus

771 2882 946 2953 coepit
968 2883 1286 2951 gemitibus
1315 2885 1536 2953 dolere,
1571 2904 1658 2949 ac,
1685 2888 1831 2943 dum
1859 2890 2006 2944 vasti
2030 2891 2425 2957 singultorum

770 2975 1111 3040 quateretur
1141 2972 1376 3040 ictibus,
1410 2981 1634 3030 sanctae
1668 2977 1819 3031 Fidis
1849 2978 2217 3033 salutiferam
2246 2996 2423 3051 Opem

771 3058 1009 3127 magnis
1035 3059 1315 3131 implorat
1333 3061 1719 3133 clamoribus,
1745 3070 1806 3119 ut
1834 3068 2099 3137 pristina:
2121 3068 2425 3123 incolumi-

772 3146 873 3201 tati
903 3147 1033 3217 ejus
1064 3149 1401 3206 restituatur
1430 3152 1602 3208 ﬁlius.
1641 3156 1713 3209 At
1740 3155 1831 3209 ille
1862 3160 1980 3210 toto
2032 3174 2278 3228 corpore
2309 3176 2423 3213 ma-
2457 3146 2479 3177 ¹·

772 3249 925 3289 nens
956 3235 1305 3307 immobilis,
1339 3257 1579 3296 summo
1596 3242 1887 3299 duntaxat
1914 3245 1975 3299 in
2006 3251 2241 3317 pectore
2270 3248 2423 3301 vide-

772 3323 951 3379 batur
969 3325 1021 3380 ei
1051 3326 1215 3381 calor
1237 3328 1448 3399 vitalis,
1498 3336 1678 3403 atque
1738 3333 1834 3388 tali
1882 3334 1942 3389 in
1975 3339 2212 3407 stupore
2240 3354 2421 3392 mem-

772 3411 1019 3467 brorum
1036 3414 1162 3468 dies
1178 3417 1402 3486 peregit
1423 3434 1662 3489 novem,
1683 3421 1981 3476 exstinctis
2003 3423 2257 3477 lucernis
2287 3441 2425 3479 ocu-

772 3499 985 3556 lorum.
1022 3504 1257 3559 Decimo
1280 3512 1480 3561 autem
1512 3508 1625 3573 die,
1650 3526 1786 3579 quae
1817 3512 2121 3566 Dominica
2154 3514 2421 3569 habeba-

774 3592 882 3659 tur,
927 3595 989 3646 ut
1014 3592 1289 3649 viderunt
1315 3596 1575 3666 pupulas
1601 3598 1900 3653 luminum
1954 3601 2014 3655 in
2064 3608 2252 3657 morte
2284 3620 2420 3657 eon-

771 3677 1160 3747 tabescentes,
1195 3683 1512 3756 gelidoque
1544 3687 1760 3742 sudore
1824 3693 2073 3744 trontem
2134 3708 2203 3745 ae
2236 3710 2420 3759 genas

768 3772 1057 3839 rorantes,
1086 3773 1362 3842 apposita
1390 3773 1541 3829 laevo
1572 3775 1736 3830 lateri
1793 3793 1979 3833 manu
2028 3779 2173 3833 nihil
2224 3782 2419 3835 vivum

770 3854 943 3911 salire
985 3859 1267 3929 sentiunt,
1318 3862 1421 3916 sed
1465 3864 1669 3919 omnia
1723 3870 1942 3921 interno
2000 3870 2197 3939 sopori
2220 3870 2421 3925 dedita

770 3944 1233 4003 evidentissimis
1284 3950 1466 4019 signis
1497 3960 1846 4021 agnoscunt.
1883 3957 2034 4021 Quid
2058 3958 2230 4029 plura
2261 3960 2286 4014 ?
2322 3964 2422 4014 Fu-

770 4048 886 4088 nus
916 4041 1152 4107 parant,
1180 4039 1572 4114 exanimeque
1600 4044 1855 4100 cadaver
1877 4047 2201 4119 sandapilie
2236 4049 2422 4121 impo-

772 4121 949 4177 situm
983 4124 1350 4183 ululantibus
1380 4128 1653 4187 lamentis
1678 4133 1997 4191 celebrant.
2034 4137 2143 4191 Sed
2177 4154 2312 4193 eum
2338 4138 2422 4193 lu-

771 4228 837 4267 ce
867 4215 1130 4271 crastina
1155 4218 1233 4272 ad
1258 4218 1560 4276 defossum
1592 4223 1909 4294 sepulturte
1942 4226 2070 4294 ejus
2096 4225 2295 4281 locum
2328 4245 2420 4283 ve-

768 4301 1026 4373 heretur,
1053 4310 1219 4377 pater
1247 4308 1606 4380 impatientis
1638 4312 1861 4367 amoris
1889 4314 2123 4379 affectu,
2146 4317 2419 4372 exstincti

769 4390 1031 4459 gelidum
1054 4396 1175 4450 nati
1204 4413 1420 4469 corpus
1433 4399 1830 4471 amplexatur,
1850 4402 2172 4475 oculosque
2201 4422 2269 4460 ac
2290 4406 2416 4460 vul-

768 4483 893 4536 tum
921 4498 1163 4539 omnem
1191 4486 1731 4559 irriguislaerymis
1785 4492 2157 4561 humectans,
2217 4494 2416 4549 locum
2454 4478 2492 4532 θ

766 4586 1008 4627 omnem
1034 4575 1253 4629 amaris
1284 4576 1488 4648 implet
1509 4578 1891 4635 clamoribus.
1936 4585 2085 4637 [nter
2140 4600 2293 4654 quos
2328 4585 2414 4639 in-

766 4661 1044 4717 solabiles
1076 4665 1351 4736 gemitus,
1403 4668 1623 4722 crebris
1681 4669 1930 4724 vocibus
1990 4679 2260 4727 sanctam
2318 4676 2415 4729 Dei

762 4755 1086 4821 martyrem
1104 4754 1305 4809 Fidem
1322 4756 1557 4824 clamat,
1606 4774 1673 4812 ac
1690 4758 2039 4829 lacrymosis
2059 4762 2415 4819 obsecratio-

762 4839 941 4895 nibus
962 4843 1353 4901 utsibiﬁlium
1398 4846 1609 4903 reddat
1647 4852 1731 4903 ter
1752 4853 1808 4903 et
1845 4855 2054 4921 quater
2086 4852 2415 4922 ingeminat

760 4928 967 4985 dicens
994 4948 1007 4986 :

760 5056 789 5082 «
812 5036 986 5105 Virgo
1015 5038 1203 5107 Fides,
1231 5039 1448 5096 dilecta
1473 5042 1613 5109 Deo,
1642 5042 1743 5098 lux
1775 5044 1997 5115 inclyta
2030 5049 2265 5116 mundi,

832 5125 1133 5182 Auxilium
1154 5128 1386 5184 miseris
1415 5146 1550 5201 quae
1591 5130 1706 5186 cita
1729 5131 1877 5188 ferre
1909 5134 2084 5203 soles,

763 5212 1056 5283 Supplicis
1084 5218 1301 5272 exaudi
1327 5224 1554 5290 martyr
1592 5221 1967 5277 sanctissima
2005 5240 2233 5294 vocem,

833 5304 1145 5374 Quamque
1170 5312 1360 5377 potes,
1393 5325 1597 5379 posco,
1626 5310 1791 5365 defer
1812 5328 1990 5383 opem
2031 5314 2266 5369 misero.

758 5392 994 5445 Munere
1025 5406 1202 5446 nemo
1228 5398 1348 5463 tuo,
1379 5397 1542 5466 petiit
1573 5398 1621 5452 si
1651 5398 1799 5454 forte
1825 5405 2089 5467 coactus,

829 5478 1107 5534 Discessit
1135 5494 1381 5547 vacuus,
1411 5488 1463 5539 te
1485 5486 1793 5556 retinente,
1827 5504 2065 5543 manus.

764 5566 954 5621 Credo
969 5569 1237 5638 quidem,
1260 5586 1452 5641 neque
1468 5590 1625 5629 vana
1638 5576 1805 5643 fides,
1828 5584 1878 5632 te
1892 5595 2066 5649 posse
2088 5581 2251 5650 quod
2268 5587 2408 5652 opto

831 5656 1069 5711 C(elitus
1091 5674 1127 5712 a
1151 5659 1398 5715 Domino
1428 5667 1826 5733 promeruisse
1858 5673 1980 5723 tuo.

762 5743 981 5798 Unicus
1009 5761 1144 5801 ecce
1170 5747 1318 5803 mihi
1340 5754 1538 5818 natus,
1571 5768 1706 5808 mea
1744 5755 1870 5811 sola
1896 5756 2189 5828 voluptas,

1855 289 2131 344 BERNAR
2141 289 2203 343 Dl
2255 288 2700 346 SCHOLASTICI
2759 296 2851 348 ΑΝ
2861 295 3111 349 DEGAV.
4096 299 4173 349 156

2460 416 2507 468 Α
2616 414 2857 481 Occidit,
2888 432 3007 470 una
3036 416 3150 471 mei
3178 432 3313 488 spes
3334 422 3389 471 et
3411 432 3584 471 amor
3612 417 3850 485 generis
3880 436 3894 483 ;

2542 518 2667 579 Quo
2699 522 2981 587 pereunte
3007 519 3210 583 modo,
3244 519 3386 573 mihi
3422 523 3633 575 caetera
3664 520 3786 576 vita
3817 523 4105 591 superstes

2614 616 2914 669 Protrahet
2947 616 3209 683 ingratas
3246 616 3361 669 fine
3396 618 3659 672 carendo
3688 634 3913 673 moras.

2544 717 2653 771 Sed
2690 716 2758 785 si,
2793 718 2953 787 virgo
2988 718 3105 788 Dei,
3130 720 3488 773 miscrorum
3512 721 3828 792 questibus
3861 720 3990 774 ullis

2614 814 2899 888 Flecteris,
2924 820 2978 871 et
3005 816 3287 889 lacrymis
3314 817 3563 872 vinceris
3598 818 3838 887 irriguis
3871 838 3882 887 ;

2540 919 2771 972 Munere
2805 919 3028 990 sopitos
3055 920 3176 975 nati
3208 937 3361 992 quos
3393 920 3694 976 cernimus
3726 926 3914 990 artus,

2610 1016 2696 1069 Ad
2730 1016 2989 1087 priscam
3022 1018 3227 1086 vitam,
3263 1022 3313 1074 te
3338 1034 3504 1087 rogo,
3539 1034 3700 1074 nunc
3732 1034 3965 1075 revoca.
4002 1046 4026 1065 ιι

2539 1120 2805 1189 (Eumque
2836 1120 2927 1173 his
2955 1125 3009 1174 et
3034 1121 3387 1189 hujusmodi
3413 1122 3883 1192 quamplurimis
3943 1120 4179 1193 querelis

2540 1222 2719 1275 super
2745 1207 3006 1262 defuncti
3034 1225 3252 1279 corpus
3301 1209 3665 1263 incumbens
3714 1215 3887 1281 pater
3911 1227 4050 1267 cum
4075 1226 4179 1263 ma-

2538 1296 2899 1363 gnoejutatu
2938 1302 3307 1366 quereretur.
3367 1314 3579 1352 omnes
3637 1298 3739 1369 qui
3800 1298 3879 1352 ad
3929 1298 4181 1352 ultimum

2537 1386 2955 1455 exsequiarum
2995 1386 3353 1457 obsequium
3380 1387 3650 1451 aderant,
3683 1388 3961 1442 deﬂentis
3997 1388 4181 1457 pietate

2538 1474 2703 1537 moti,
2768 1474 3002 1527 ﬂetibus
3062 1491 3169 1529 ora
3226 1476 3521 1541 rigabant,
3580 1492 3649 1531 ac
3708 1476 4183 1544 gloriosissimam

2539 1561 2829 1625 virginem
2864 1562 3062 1617 Fidem
3092 1562 3288 1617 mixtis
3317 1564 3602 1634 lacrvinis
3651 1565 3958 1637 precibus,
4018 1571 4079 1619 ut
4129 1565 4185 1618 ad

2540 1651 2983 1706 invocationem
3017 1653 3107 1706 sui
3162 1654 3349 1708 sancti
3406 1654 3667 1709 nominis
3722 1654 3991 1727 propitio
4048 1654 4187 1708 vultu

2473 1770 2510 1822 Β
2542 1741 2830 1812 respicere
2852 1742 3147 1807 dignetur,
3177 1744 3491 1798 unanimes
3508 1749 3779 1800 exorant.

2615 1840 2703 1893 Sie
2725 1856 2965 1910 quoque
2994 1841 3298 1906 continuo,
3327 1842 3428 1897 sed
3456 1847 3511 1897 el
3558 1850 3617 1909 (ο
3655 1843 3937 1898 mirabile
3980 1842 4137 1898 dictu
4163 1844 4173 1896 ἱ

2611 1932 2759 1982 Μοιέ
2793 1935 2933 1983 tetra
2964 1930 3083 1985 visa
3124 1937 3279 1986 retro
3308 1932 3580 2004 pra-dam
3630 1933 3892 2001 fugitiva
3954 1932 4187 2005 reliquit.

2614 2020 2998 2090 Evomuitque
3022 2037 3207 2075 vorax
3240 2022 3414 2076 avida
3445 2022 3519 2077 de
3544 2023 3714 2077 fauce
3755 2024 4073 2094 rapinam.

2612 2109 2877 2162 Protinus
2912 2114 3089 2179 atque
3118 2116 3297 2180 caput
3326 2110 3483 2165 lento
3511 2111 3826 2166 nutamine
3872 2111 4137 2173 functus,

2612 2199 2671 2248 In
2703 2201 2901 2265 partes
2924 2202 3137 2259 versat,
3174 2198 3401 2263 gelidas
3433 2198 3729 2254 recalente
3762 2199 4078 2254 medullas

2614 2284 2829 2338 Fomitc
2862 2284 3098 2339 vivitico
3131 2304 3142 2340 :
3180 2286 3497 2358 subitoque
3528 2304 3635 2358 per
3664 2288 3877 2357 algida
3934 2289 4193 2343 membra

2612 2374 2858 2444 Spiritus
2892 2374 3123 2427 infusus
3163 2380 3348 2430 totum
3377 2377 3481 2432 dat
3514 2377 3709 2431 vivere
3741 2394 4009 2450 corpus,

2612 2464 3231 2533 Erigiturquejacens,
3256 2466 3613 2536 trepidantia
3671 2466 3920 2523 lumina
3976 2468 4194 2522 Vixdum

2608 2552 2906 2607 Attollens.
2940 2556 3010 2607 At
3040 2570 3178 2607 mox
3202 2559 3352 2609 totos
3385 2554 3561 2609 simul
3592 2556 3763 2622 erigit
3788 2561 3993 2621 artus,

2612 2645 2674 2695 Et
2707 2643 2859 2695 stetit
2873 2642 2931 2695 in
2950 2644 3206 2713 propriis
3230 2644 3641 2700 membrorum
3659 2646 3966 2702 machina
3984 2647 4197 2719 plantis.

2611 2730 2747 2784 Inde
2779 2731 3031 2785 domum
3064 2733 3269 2803 repetit
3292 2733 3497 2787 divino
3520 2735 3753 2790 tramite
3778 2736 4012 2806 patris.

2538 2825 2665 2884 Quo
2700 2821 2825 2873 viso
2856 2821 3071 2888 (‘llllt'll,
3096 2822 3156 2875 in
3189 2823 3514 2887 gratiarum
3547 2824 3855 2878 actionem
3886 2825 4079 2885 versi.
4110 2842 4195 2895 pr:

2538 2910 2756 2971 gaudio
2791 2910 2933 2963 tanti
2964 2911 3235 2965 miraculi
3265 2911 3561 2981 lacrymas
3624 2912 3923 2979 fundunt,
3975 2921 4196 2969 saneta»

2534 3014 2651 3068 que
2684 2998 2927 3061 virginis
2950 3016 3018 3053 ac
3047 3000 3327 3069 martyris
3356 3001 3509 3054 Fidis
3553 3001 3839 3057 virtutem
3876 3003 4197 3070 gloriﬁcan-

2537 3092 2640 3153 tes,
2668 3087 2817 3141 votis
2849 3094 2903 3141 et
2934 3088 3286 3142 muneribus
3315 3107 3441 3144 sese
3473 3107 3543 3145 ac
3592 3107 3737 3145 suos
3792 3092 3847 3146 ei
3919 3094 4195 3165 supplice

2484 3160 2494 3175 ’
2533 3177 2845 3231 devovent.
2879 3177 3089 3248 Sicque
3130 3178 3208 3232 ab
3247 3180 3523 3243 ecclesia,
3555 3181 3755 3236 Sancti
3818 3183 4100 3247 Georgii,
4132 3183 4190 3236 ul-

2534 3266 2822 3319 humandi
2847 3266 3084 3334 juvenis
3115 3267 3303 3334 gratia
3335 3273 3638 3337 venerant,
3672 3271 3951 3333 regressi
3986 3272 4067 3326 ad
4093 3288 4195 3342 pre-

2534 3356 2682 3425 pria,
2715 3361 2883 3425 pater
2914 3357 3215 3426 posthumi
3250 3357 3350 3410 tilii
3378 3374 3447 3411 ac
3482 3357 3693 3429 reliqui
3726 3360 4193 3415 contubernalis

2531 3444 2793 3511 diligenti
2821 3446 3228 3515 persecutione
3268 3446 3362 3500 die
3387 3447 3656 3518 quadam
3686 3448 3770 3503 ab
3811 3465 3896 3504 eo
3934 3450 4195 3505 sciscitar.

2532 3534 2903 3599 studuerunt,
2924 3535 3069 3605 quid
3098 3536 3209 3590 sibi
3237 3536 3437 3590 visum
3464 3538 3655 3592 fuerat
3680 3537 3799 3592 illis
3836 3555 4084 3595 novem
4116 3542 4198 3593 die

2532 3623 2643 3676 bus
2666 3623 2884 3694 quibus
2908 3624 2965 3677 in
2998 3640 3245 3679 excessu
3276 3625 3491 3680 animae
3528 3627 3765 3697 positus
3817 3630 4022 3699 quasi
4071 3646 4194 3683 mor-

2535 3714 2967 3780 tuusjacuerat,
3002 3729 3069 3767 ac
3091 3713 3401 3785 quomodo
3434 3713 3525 3768 vel
3586 3716 3765 3784 cujus
3829 3718 4103 3783 auxilio,
4148 3718 4193 3770 δέ

2530 3801 2935 3871 sepeliendum
2966 3803 3351 3873 postmodum
3381 3802 3633 3871 delatus,
3664 3805 3745 3859 ad
3776 3806 4017 3862 vitales
4051 3824 4196 3862 aurs;

2530 3891 2803 3945 redierat.
2838 3891 3027 3945 Atille
3051 3892 3248 3947 adhuc
3290 3892 3647 3964 trepidantia
3677 3899 3952 3965 pectora
3990 3914 4185 3966 gerens

2529 3978 2605 4032 ab
2631 3980 2753 4033 imo
2788 3980 2992 4051 spiritu
3025 3980 3207 4048 longa
3262 3982 3518 4053 suspiria
3544 3981 3804 4053 ducens,
3844 3988 3939 4040 sic
3977 4002 4195 4058 perconr

2531 4068 2787 4122 tantibus
2846 4074 3109 4124 actutum
3166 4072 3530 4142 respondere
3578 4088 3846 4127 exorsus
3903 4081 4009 4131 est
4054 4094 4125 4129 ευ
4159 4077 4196 4127 ι·

2528 4162 2738 4213 (τειλῑθιέι
2767 4175 2926 4213 nunc
2956 4160 3033 4214 ad
3056 4176 3318 4231 pI‘tBSBDS
3350 4161 3579 4216 silentio
3608 4168 4191 4237 prretereanturqc:

2526 4248 2671 4303 mihi
2704 4251 2819 4303 tine
2866 4250 2979 4304 sub
3037 4256 3301 4305 extremo
3340 4252 3717 4320 contigerint,
3778 4256 4141 4311 certissimo
4167 4270 4198 4307 ri

2526 4338 2650 4391 sine
2684 4338 2857 4392 ullius
2884 4339 3150 4393 falsitatis
3182 4340 3471 4407 ambiguo
3524 4341 3691 4396 brevi
3744 4346 4066 4416 expedire
4110 4360 4189 4399 ne:

2524 4428 2817 4482 differam.
2854 4429 3162 4500 (Iorporeis
3192 4429 3440 4483 vinculis
3464 4430 3709 4501 spiritus
3738 4450 3938 4489 meus
3996 4436 4195 4490 reseis

2526 4522 2640 4579 tus,
2676 4518 2983 4570 teterrimis
3011 4518 3383 4587 quibusdam
3413 4519 3703 4574 ministris
3740 4524 4056 4589 traditur,
4087 4542 4189 4595 quw

2524 4622 2655 4659 rum
2687 4607 3093 4661 (crudelissimo
3115 4608 3334 4662 ducatu
3357 4609 3431 4664 ad
3463 4610 3695 4664 hiatum
3733 4627 3966 4684 usque
4032 4622 4197 4667 Vaéilr

2524 4695 2653 4748 simi
2679 4696 2981 4766 pl‘weipitii
3014 4698 3394 4768 protrahitur.
3444 4703 3503 4752 In
3531 4699 3622 4766 euj
3636 4715 3706 4752 us
3740 4700 4095 4758 horridam
4124 4720 4195 4753 ve-

2519 4785 2790 4847 raginem
2822 4784 2966 4838 dum
2992 4785 3201 4854 jactari
3240 4786 3625 4841 inenarrabili
3682 4796 3867 4845 metu
3932 4792 4201 4848 formida-

2518 4889 2644 4927 rem
2676 4873 2945 4944 (eloquar
2971 4890 3046 4929 an
3080 4875 3286 4930 sileam
3316 4878 3385 4946 1"),
3419 4892 3554 4931 ecce
3594 4877 3682 4931 vir
3715 4879 4201 4951 splendidissm

2518 4962 2748 5017 decoris
2780 4963 3038 5030 advenit,
3073 4980 3256 5035 quem
3304 4965 3320 5033 (
3331 4969 3392 5020 ut
3430 4970 3641 5037 postea
3665 4967 3899 5041 didici)
3962 4972 4201 5045 pararis

2518 5051 2907 5121 pi‘mpositum
2939 5052 3121 5105 fuisse
3148 5052 3490 5108 Michaelem
3542 5055 4036 5127 archangelum
4072 5060 4201 5129 liqz:

2518 5139 2598 5193 do
2638 5140 2846 5210 patuit.
2897 5141 3076 5209 Cujus
3133 5141 3355 5212 placidi
3412 5142 3636 5198 itineris
3694 5145 4201 5215 gloriosisissirs-

2518 5228 2685 5291 virgo
2718 5229 2883 5281 Fides
2917 5246 3117 5284 comes
3147 5231 3325 5285 astitit
3357 5249 3369 5295 ;
3410 5248 3547 5302 quae
3579 5250 3775 5305 super
3818 5239 4001 5293 solis
4060 5242 4201 5308 julu‘L‘

2518 5317 2813 5370 emicabat
2843 5317 3156 5388 splendore
3208 5319 3485 5375 mirabili.
3536 5321 3642 5375 Hie
3689 5339 3860 5381 vero
3932 5328 4201 5383 caelatus

2516 5408 2889 5477 pra-positus,
2922 5414 2983 5462 ut
3012 5425 3177 5463 more
3208 5410 3556 5464 carniﬁcum
3572 5427 3680 5466 eos
3715 5416 3985 5486 quibus
4022 5419 4101 5473 ad
4126 5424 4191 5467 tr

2515 5495 2823 5565 quendam
2863 5497 3182 5567 deputatus
3242 5514 3405 5552 eram
3446 5504 3777 5572 conspexit
3846 5508 3925 5562 in
3984 5508 4189 5561 τεῶ-ξπ

2514 5600 2649 5637 mea
2676 5584 3181 5639 irremcdiabiliter
3212 5588 3401 5640 furere
3438 5606 3450 5653 ;
3486 5612 3512 5635 ‹‹
3547 5592 3733 5654 Quid,
3764 5595 4087 5669 inquam.
4117 5612 4185 5649 res

2513 5691 2544 5725 ‹
2583 5673 2778 5726 lorum
2809 5674 3081 5743 artitices,
3120 5676 3175 5729 in
3210 5677 3391 5745 hujus
3424 5677 3637 5734 tironis
3691 5688 4044 5743 tormenta
4080 5696 4177 5740 tan:

2516 5785 2541 5809 ιι
2584 5762 2879 5818 desaevitis
2909 5766 3255 5821 crudelitate
3285 5768 3312 5821 Ἰ
3356 5768 3513 5832 Quid
3543 5771 3849 5834 animam
3896 5795 3940 5835 a.
3994 5793 4175 5834 sum;
