3952 6424
153 325 248 380 157
1271 326 1397 381 LIB.
1444 323 1532 379 DE
1571 320 1944 378 MIHACULIS
1992 321 2276 376 SANCTE
2315 321 2516 401 FlDlS.
3487 329 3587 382 158

144 474 168 499 υ
215 451 336 507 Deo
365 455 629 507 creatam
678 450 980 523 perditum
1011 450 1106 506 itis
1146 451 1378 522 absque
1423 449 1542 505 ulla
1571 447 1812 502 misera-
1843 445 1891 500 Α
1927 443 2006 500 ad
2035 444 2325 501 exteriora
2345 450 2688 518 penetrans,
2712 446 2912 503 ferreis
2938 448 3239 519 repagulis
3270 449 3348 504 ita
3379 465 3415 504 a
3444 449 3585 505 foris

147 563 172 588 ‹‹
219 542 380 597 tione
405 542 433 596 ?
482 541 658 598 Sinite
685 541 813 610 jam
840 557 1000 595 nunc
1033 541 1110 596 ab
1143 542 1271 612 ejus
1317 540 1483 610 gravi
1510 536 1819 594 laceratio-

144 653 170 675 «
214 646 313 697 ne,
371 631 534 702 quia,
590 632 710 685 Deo
767 629 1163 701 permittente,
1210 646 1317 702 per
1369 627 1811 685 sanctissimam

141 739 168 764 ‹‹
211 717 510 787 virginem
533 718 690 773 hanc
717 717 923 772 Fidem
949 718 1195 790 proprio
1225 718 1574 774 refundetur
1601 717 1661 772 in
1689 732 1812 770 cor-

139 831 167 854 ι‹
213 824 381 880 pore,
416 825 451 864 a
481 811 675 864 vestra
722 813 925 881 erepta
973 813 1285 881 potestate.
1311 834 1337 858 ››
1387 809 1475 864 Ad
1517 809 1676 863 hanc
1704 824 1808 863 vo-

132 913 268 952 cem
297 899 534 954 tartarei
560 897 812 952 ministri
845 898 1200 955 intolerabili
1224 898 1541 954 formidine
1573 914 1809 970 correp-

134 985 196 1053 ti,
233 1002 453 1041 manus
487 1001 727 1058 semper
751 986 812 1041 in
846 987 1074 1042 malum
1105 1003 1331 1059 pronas
1360 987 1804 1056 continuerunt,

132 1073 599 1146 caelestibusque
627 1075 849 1130 nuntiis
900 1075 1141 1131 insolito
1185 1077 1394 1131 timore
1425 1075 1804 1132 tremebundi

131 1151 484 1234 paruerunt.
521 1167 634 1219 Nec
661 1179 853 1233 mora,
885 1164 1227 1220 felicissima
1258 1166 1426 1233 virgo
1457 1164 1627 1219 Fides
1659 1180 1802 1219 con-

131 1253 250 1307 cito
304 1253 531 1326 impetu
577 1254 806 1309 medios
859 1258 1150 1310 tortorum
1191 1271 1413 1310 cuneos
1459 1255 1644 1323 irruit,
1681 1254 1804 1308 ani-

131 1357 426 1413 mamque
457 1358 658 1397 meam
691 1341 768 1397 ab
815 1358 1024 1396 eorum
1058 1343 1339 1397 manibus
1379 1342 1666 1398 violenter
1695 1341 1801 1397 ab-

131 1429 378 1497 straxit;
404 1435 581 1503 atque
607 1429 689 1487 ita
715 1431 947 1503 corpori
975 1432 1162 1487 humo
1188 1431 1502 1501 tradendo,
1522 1431 1672 1487 sicut
1693 1447 1800 1486 no-

133 1517 267 1589 stis,
303 1519 652 1575 mirabiliter
682 1521 916 1576 refudit.
953 1525 1274 1594 Postquam
1301 1538 1442 1577 vero
1468 1522 1647 1592 hujus
1678 1537 1801 1576 non

128 1612 369 1665 tantum
398 1609 639 1665 visionis
666 1627 851 1683 quam
879 1611 1058 1667 etiam
1085 1612 1165 1667 rei
1190 1616 1368 1683 gestae
1392 1612 1652 1667 veritatis
1682 1616 1801 1667 tex-

127 1704 262 1755 tum
294 1699 389 1755 ille
419 1700 626 1756 ordine
676 1706 763 1757 est
802 1707 1175 1773 prosccutus,
1210 1707 1381 1774 pater
1410 1706 1465 1758 et
1489 1701 1663 1757 vicini
1694 1703 1802 1757 iter

126 1788 451 1845 instituunt
479 1788 554 1844 ad
586 1795 858 1847 sanctam
889 1791 1094 1846 Fidem
1127 1791 1346 1861 gratias
1378 1791 1683 1847 reddituri.
1713 1814 1739 1841 ››

775 1901 998 1954 CAPUT
1036 1902 1162 1955 XIX.

130 1987 220 2040 De
250 1986 611 2056 Itaz'mundo,
643 1988 749 2058 qui
772 2002 808 2043 a
839 1987 1215 2113 compedibus
1245 1994 1297 2044 et
1331 1995 1541 2044 catena
1569 1989 1800 2044 solutus

915 2075 971 2113 es
1006 2104 1018 2113 .

915 2075 1018 2115 θεῖ.

202 2149 360 2201 Pene
390 2145 528 2201 huic
560 2147 748 2202 simile
780 2148 980 2203 adhuc
1010 2154 1066 2205 et
1095 2148 1258 2204 aliud
1289 2149 1506 2205 calami
1530 2149 1802 2221 deposcit

128 2233 434 2302 ofﬁcium;
464 2237 628 2307 quod
658 2236 800 2309 quia
823 2237 1228 2309 prodigialiter
1253 2238 1549 2294 invenitur
1575 2243 1796 2306 actum,

127 2327 359 2378 aeterna
382 2324 677 2379 memoria
693 2326 1035 2380 censuimus
1059 2326 1506 2382 celebrandum.
1525 2327 1801 2382 Raimun-

127 2412 281 2467 dum
309 2427 418 2484 pro
465 2411 645 2484 impie
679 2414 858 2482 gestis
891 2415 1058 2470 multi
1091 2419 1357 2470 vestrum
1397 2419 1710 2482 noverunt,
1746 2419 1801 2470 et

130 2501 488 2571 genealogia
519 2502 662 2557 satis
689 2504 1085 2575 spectandum
1117 2508 1171 2560 et
1200 2505 1414 2560 terreni
1444 2506 1687 2561 honoris
1720 2505 1801 2560 fa-

132 2596 230 2647 stu
259 2592 608 2648 subnixum.
644 2593 741 2648 Hic
773 2611 843 2648 ex
879 2599 1072 2650 castro
1104 2595 1269 2667 quod
1315 2598 1475 2650 Mons
1513 2598 1798 2650 Pensatus

130 2681 350 2738 dicitur
390 2682 681 2751 originem
731 2683 979 2752 ducens,
1014 2691 1244 2756 patrem
1289 2685 1501 2740 habuit
1546 2687 1796 2741 Bernar-

128 2771 304 2841 dum,
349 2772 621 2845 praedicti
675 2773 854 2828 castri
905 2774 1169 2844 primum
1219 2779 1274 2829 et
1322 2773 1676 2829 maximum.
1734 2777 1799 2830 Et

126 2860 273 2933 quia
292 2861 633 2917 Caturcensi
658 2861 791 2916 urbi
816 2862 1176 2931 continguus
1198 2868 1341 2932 erat,
1361 2863 1632 2933 ejusdem
1663 2863 1798 2918 civi-

124 2951 264 3006 tatis
308 2949 515 3006 litteris
547 2951 914 3006 imbuendus
946 2952 1197 3008 traditur
1229 2952 1551 3019 canonicis,
1585 2969 1793 3009 eorum

125 3039 475 3097 societatem
508 3040 818 3096 sortiturus
850 3043 1307 3098 succedentibus
1337 3044 1530 3098 annis.
1576 3046 1704 3109 Qua
1734 3045 1795 3099 in

1923 535 2460 605 constringebatur,
2492 541 2554 591 ut
2585 536 2750 592 nulla
2795 537 2871 603 vi,
2906 537 3020 591 nisi
3050 537 3428 593 mordacium
3461 554 3582 595 ser—

1921 640 2123 679 rarum
2151 625 2318 679 edaci
2349 625 2650 695 limatura,
2682 627 2934 682 reserari
2976 625 3063 681 fas
3108 631 3252 682 erat.
3288 630 3403 682 Has
3433 628 3586 684 inter

1917 728 2230 784 pressuras
2283 718 2479 770 tamen
2508 720 2714 771 sancta
2748 715 2918 770 Fides
2955 716 3084 786 ejus
3112 715 3189 772 ab
3211 733 3311 772 ore
3339 733 3462 772 non
3492 733 3584 772 re-

1918 803 2188 869 cedebat,
2224 820 2420 876 neque
2449 805 2629 859 unius
2675 805 2965 861 momenti
3003 805 3228 860 vietum
3261 821 3381 861 non
3413 806 3583 862 invo-

1916 897 2049 948 cato
2100 893 2480 964 praeterierat.
2517 894 2790 967 Quinque
2841 895 3019 963 igitur
3057 895 3584 953 hebdomadarum

1913 982 2172 1037 breviori
2198 982 2384 1038 lustro
2415 983 2476 1038 in
2497 984 2610 1039 hac
2638 990 2760 1040 tam
2783 983 3024 1054 lugubri
3047 984 3365 1041 acerbitate
3390 985 3580 1055 ﬁnito,

1913 1070 2039 1125 dies
2072 1070 2164 1125 ille
2197 1071 2404 1126 enituit
2433 1071 2558 1144 qui,
2587 1073 2667 1127 ob
2704 1072 2995 1128 Dominici
3026 1073 3313 1146 triumphi
3351 1091 3582 1130 memo-

1912 1161 2074 1229 riale,
2107 1179 2245 1218 cum
2274 1163 2617 1234 palmarum
2664 1181 2769 1219 seu
2799 1164 3015 1220 diversi
3063 1166 3294 1234 generis
3337 1165 3582 1221 ﬂorum‘

1913 1250 2095 1306 corda
2125 1251 2399 1306 omnium
2434 1257 2622 1307 totum
2653 1269 2760 1324 per
2781 1253 2990 1309 orbem
3012 1254 3299 1310 ineffabili
3319 1254 3580 1326 tripudio

1911 1339 2220 1396 exhilarat.
2255 1342 2436 1410 Cujus
2470 1341 2587 1396 diei
2623 1346 2745 1397 tam
2789 1359 3112 1398 commune
3145 1344 3436 1413 gaudium
3467 1343 3580 1398 dif-

1909 1428 2043 1484 fusa
2090 1445 2198 1501 per
2235 1430 2396 1484 orbis
2429 1430 2688 1498 climata,
2723 1431 2953 1487 nullam
2985 1433 3122 1488 huic
3154 1433 3468 1504 praebebat
3492 1449 3580 1488 re-

1909 1519 2090 1574 medii
2138 1519 2421 1576 ltetitiam.
2467 1523 2724 1576 Cernens
2773 1538 2915 1590 ergo
2961 1522 3372 1595 cunctipotens
3424 1525 3578 1578 Deus

1909 1608 2201 1664 immitem
2234 1609 2545 1665 saevissimi
2579 1610 2812 1666 tortoris
2841 1611 3111 1684 prtedieti
3144 1612 3410 1667 Gosberti
3441 1628 3576 1686 per-

1909 1697 2220 1764 vicaciam,
2255 1698 2641 1771 subsequenti
2671 1705 2844 1755 nocte
2901 1717 3008 1772 per
3054 1704 3279 1756 sanctae
3329 1700 3576 1769 virginis

1829 1808 1869 1861 Β
1909 1786 2399 1843 intercessionem
2431 1793 2620 1844 tactus
2652 1789 3081 1861 misericordia,
3127 1794 3192 1846 ut
3219 1805 3457 1862 semper
3488 1794 3575 1844 to-

1909 1878 2027 1929 tus'
2077 1880 2165 1931 est
2214 1877 2334 1933 vita
2394 1877 2722 1950 desperatis
2782 1878 2966 1933 facilis
3018 1879 3231 1951 pietas,
3289 1879 3576 1949 juvenem

1911 1965 2229 2036 splendore
2256 1966 2596 2022 admirabili
2629 1984 2952 2023 coruscum
2983 1968 3063 2023 illi
3094 1968 3334 2038 misero,
3360 1983 3575 2039 sopore

1907 2054 2145 2110 dolores
2198 2056 2470 2123 leniente,
2504 2057 2732 2112 caelitus
2765 2057 3006 2125 direxit;
3052 2057 3156 2130 qui
3187 2074 3324 2112 eum
3358 2057 3575 2112 talibus

1909 2144 2125 2200 affatur
2155 2147 2353 2202 verbis
2382 2165 2393 2201 ε
2454 2171 2478 2194 ‹‹
2510 2147 2805 2217 Vigilasne
2838 2163 2916 2202 an
2956 2163 3170 2219 sopore
3200 2146 3571 2220 deprimeris,

1908 2235 2329 2291 Raimunde?»
2381 2241 2452 2291 At
2483 2235 2596 2304 ille,
2635 2237 2788 2293 intra
2820 2237 3037 2292 somnii
3066 2236 3466 2302 dulcedinem,
3496 2235 3576 2291 ita

1906 2323 2222 2380 videbatur
2250 2325 2363 2380 sibi
2394 2326 2809 2398 respondisse:
2845 2350 2870 2374 ‹‹
2894 2326 3055 2393 Quis,
3076 2326 3348 2397 inquam,
3369 2341 3452 2394 es,
3471 2325 3576 2379 do-

1907 2414 2068 2468 mine
2091 2415 2118 2469 ?
2148 2437 2173 2462 η
2224 2414 2328 2471 Cui
2361 2415 2454 2470 ille
2487 2433 2498 2469 :
2546 2438 2572 2463 «
2599 2419 2716 2485 Ego
2747 2415 2840 2470 ille
2883 2432 3020 2470 sum
3054 2417 3415 2487 Stephanus,
3448 2413 3572 2486 qui,

1909 2502 2143 2557 dudum
2197 2519 2233 2558 a
2279 2504 2498 2559 Judaeis
2547 2505 2869 2576 lapidatus,
2913 2505 3129 2560 civium
3176 2519 3575 2578 supernorum

1906 2592 2212 2663 promerui
2239 2592 2412 2647 asciri
2453 2593 2740 2658 ccetibus;
2785 2595 2887 2665 qui
2918 2594 3052 2648 ideo
3083 2610 3217 2648 sum
3249 2593 3328 2648 ad
3358 2598 3410 2648 te
3438 2591 3574 2646 mis-

1908 2696 2033 2748 sus,
2083 2685 2146 2735 ut
2193 2680 2270 2735 ad
2315 2685 2585 2736 sanctam
2635 2682 2832 2736 Fidem
2879 2687 2933 2736 te
2981 2681 3202 2736 ducam
3242 2680 3571 2736 velocius.»

1905 2773 2090 2835 Quem
2121 2787 2259 2825 cum
2290 2771 2710 2842 interrogasset
2749 2771 2998 2827 ubinam
3046 2771 3370 2840 magniﬁca
3399 2770 3570 2840 virgo

1906 2864 2094 2914 esset:
2132 2881 2155 2907 ‹‹
2179 2862 2382 2928 Surge,
2417 2860 2610 2933 inquit
2635 2865 2864 2932 martyr
2884 2860 3244 2934 praecipuus,
3273 2861 3417 2934 quia
3443 2876 3568 2915 non

1904 2948 2231 3004 ludificaris
2264 2967 2300 3005 a
2333 2967 2568 3018 somno,
2593 2951 3149 3020 sed,incunctanter
3163 2966 3261 3005 me
3284 2965 3564 3021 sequens,

1859 3093 1866 3100 _
1905 3038 2134 3093 videbis
2165 3055 2299 3094 eam
2331 3040 2405 3094 de
2435 3056 2556 3111 qua
2587 3040 2665 3096 ad
2693 3044 2744 3095 te
2776 3041 3010 3113 loquor.
3037 3063 3063 3089 ››
3111 3041 3184 3095 At
3212 3039 3329 3103 ille,
3358 3043 3423 3094 ut
3455 3039 3567 3094 sibi

123 3129 467 3202 disciplina,
505 3129 601 3184 vix
633 3129 1202 3202 sanabiliepileptici
1229 3131 1424 3186 morbi
1449 3132 1793 3202 aegritudine
1831 3165 1871 3220 ρ
1904 3133 2148 3183 ostensa
2203 3129 2502 3184 suadebat
2552 3129 2725 3199 visio,
2767 3129 3084 3184 videbatur
3128 3129 3239 3184 sibi
3290 3133 3566 3184 sanctum

121 3233 231 3290 per
260 3217 580 3274 interlunia
644 3219 856 3274 misere
904 3219 1208 3287 laborans,
1243 3221 1418 3277 taedio
1464 3221 1642 3294 coepit
1681 3223 1791 3293 [eo]

122 3306 319 3377 magis
347 3307 698 3380 parentibus
729 3309 956 3377 haberi,
990 3311 1153 3381 quod
1207 3311 1267 3366 in
1320 3312 1430 3382 [eo]
1463 3311 1625 3366 nulla
1657 3329 1791 3384 spes

123 3398 289 3468 [erat]
341 3396 590 3466 genialis
622 3397 856 3452 indolis.
893 3401 1156 3455 Tandem
1195 3400 1479 3456 nimirum
1509 3401 1793 3473 opinatis-

119 3485 276 3541 simo
308 3485 594 3541 virtutum
629 3486 828 3542 favore
858 3492 1120 3556 coactus,
1148 3494 1364 3545 sanctae
1387 3490 1631 3560 virginis
1658 3507 1792 3562 pro-

116 3576 490 3649 pitiatorium
541 3577 925 3646 aggreditur;
983 3578 1158 3648 cujus
1213 3579 1571 3653 propitiante
1621 3580 1787 3636 beni-

120 3665 346 3736 gnitate
377 3669 594 3736 optatae
626 3665 828 3721 salutis
859 3667 1192 3723 remedium
1250 3673 1581 3735 assecutus,
1617 3686 1790 3726 sanc-

122 3759 194 3810 tae
221 3753 472 3810 medicae
504 3754 657 3810 Fidis
683 3754 997 3811 basilicam
1023 3758 1347 3828 quotannis
1373 3759 1630 3814 revisere
1664 3765 1792 3814 stu-

120 3843 345 3912 debat;
403 3844 625 3914 gratias
678 3861 787 3917 pro
838 3845 1115 3918 impenso
1173 3864 1420 3902 munere
1467 3848 1784 3904 relaturus.

123 3936 317 3999 Quem
349 3949 458 4004 pro
488 3933 610 3987 zelo
635 3933 981 4004 patrimonii
1024 3939 1302 4008 parentes
1347 3940 1526 4008 atque
1574 3937 1786 3993 afﬁnes

120 4021 473 4078 exsecrabili
527 4022 666 4077 odio
713 4022 1068 4079 insectantes
1119 4025 1240 4080 voti
1285 4030 1592 4098 compotes
1624 4044 1789 4099 cepe-

120 4117 280 4168 runt.
309 4113 565 4167 Tantum
613 4111 872 4184 denique
902 4113 1027 4169 viro
1074 4113 1503 4178 illustrissimo,
1545 4119 1788 4172 nomine

121 4199 430 4267 Gosberto,
465 4201 856 4268 tradiderunt,
891 4201 991 4274 qui
1032 4220 1142 4275 pro
1173 4203 1447 4274 irrogatis
1477 4210 1786 4261 contume-

117 4289 212 4345 liis
254 4288 604 4358 gravissime
649 4305 790 4344 eum
837 4289 1104 4347 habebat
1150 4293 1473 4349 infensum.
1526 4294 1791 4350 Aderant

119 4395 390 4451 namque
459 4377 820 4434 sanctissimi
894 4380 1020 4435 dies
1091 4382 1599 4451 Quadragesimae,
1660 4384 1784 4456 qui.

119 4486 261 4524 cum
330 4467 574 4537 frugalis
648 4468 1034 4539 parcimoniaa
1107 4471 1520 4527 observatione
1587 4477 1785 4528 mente

119 4557 403 4613 custoditi
466 4557 718 4627 sincera,
783 4574 1027 4612 omnem
1101 4559 1327 4614 elidunt
1382 4561 1516 4615 vitae
1582 4577 1786 4633 perpe-

120 4663 275 4702 ram.
323 4649 483 4711 Quos
519 4646 623 4701 iste
677 4646 827 4701 inter
871 4648 1236 4719 compedum
1279 4648 1630 4720 multiplicia
1679 4667 1786 4705 vo-

120 4737 353 4793 lumina
408 4736 574 4791 omni
625 4736 925 4793 eremitica
982 4738 1319 4793 austeritate
1386 4738 1611 4794 aridius
1673 4740 1785 4796 du-

122 4843 285 4897 cens,
347 4826 545 4899 potius
598 4826 864 4882 habebat
915 4827 1081 4882 oneri
1131 4843 1318 4899 quam
1374 4831 1790 4900 promerendae

122 4913 318 4973 saluti.
376 4913 556 4973 Cibus
602 4916 762 4971 enim
817 4915 974 4971 illius
1029 4918 1404 4988 vespertinus
1447 4917 1622 4988 panis
1663 4924 1789 4975 erat

123 5002 468 5060 muciditate
535 5003 843 5061 viriditatis
915 5003 1260 5076 squalidus;
1343 5005 1468 5076 qui,
1555 5011 1786 5062 remoto

121 5089 273 5150 alius
305 5092 485 5149 edulii
513 5094 900 5161 adminiculo,
933 5095 1052 5162 vix,
1086 5093 1266 5150 etiam
1297 5110 1457 5166 aqua
1482 5095 1645 5150 viam
1677 5111 1785 5168 pa-

118 5183 451 5247 tefaciente,
505 5182 689 5257 palati
732 5184 972 5240 valebat
1022 5185 1381 5256 pertransire
1425 5190 1679 5252 meatus,
1731 5192 1788 5242 et

119 5273 263 5346 quia
293 5289 405 5346 pro
435 5274 628 5329 etl'eris
670 5273 897 5329 viribus
941 5274 1053 5329 illis
1097 5274 1488 5330 intolerabilis
1528 5281 1671 5343 erat,
1705 5276 1786 5332 ita

119 5362 518 5435 compedibus
540 5367 595 5417 et
609 5362 940 5435 triplicibus
959 5362 1182 5419 catenis
1213 5363 1392 5419 veluti
1411 5363 1670 5420 Gaetulus
1691 5365 1785 5420 leo

118 5452 461 5525 implicatus
473 5452 733 5523 jacebat,
749 5469 945 5526 neque
963 5453 1179 5525 pedem
1208 5470 1403 5526 neque
1421 5471 1673 5511 manum
1694 5456 1784 5511 ul-

116 5541 174 5598 lo
205 5539 428 5598 adnisu
459 5540 726 5614 qualibet
753 5542 813 5598 in
846 5547 1012 5615 parte
1042 5548 1268 5599 vertere
1286 5545 1667 5616 praevalebat.
1703 5549 1784 5600 En

117 5633 298 5688 etiam
321 5633 451 5704 ipsa
483 5639 696 5687 catena
727 5633 977 5689 fortibus
1003 5634 1200 5690 hamis
1230 5635 1475 5707 intexta,
1509 5653 1643 5708 quae
1673 5652 1783 5691 nu-

117 5739 357 5779 meroso
380 5722 516 5777 sinu
542 5722 769 5778 circum
799 5739 974 5779 crura
999 5740 1068 5779 ac
1095 5728 1325 5779 torosos
1357 5724 1609 5781 lacertos
1635 5726 1782 5781 dure

116 5811 512 5882 vinciebatur,
538 5821 575 5869 a
599 5817 766 5882 tergo
797 5813 926 5883 ejus
955 5829 1061 5885 per
1089 5812 1362 5870 foramen
1390 5827 1587 5871 saxeae
1609 5815 1781 5871 turris

1902 3223 2227 3289 martyrem
2251 3218 2418 3290 sequi
2449 3219 2773 3291 praevium;
2809 3219 2913 3290 qui
2941 3235 3126 3291 supra
3151 3223 3398 3292 pontem
3423 3221 3567 3274 Con-

1900 3307 2209 3362 chacensis
2267 3306 2558 3363 Dordonis
2613 3325 2752 3363 eum
2807 3312 3091 3376 statuens,
3136 3309 3216 3364 ita
3264 3307 3564 3364 melliﬂuis

1899 3397 2280 3469 prosequitur
2301 3397 2578 3469 alloquiis
2605 3415 2616 3452 :
2648 3421 2675 3445 «
2700 3397 2914 3468 Dirige,
2935 3398 3210 3469 inquam,
3233 3414 3268 3453 o
3294 3397 3397 3459 ﬁli,
3421 3413 3564 3452 ocu-

1897 3485 2092 3540 lorum
2116 3486 2306 3541 aciem
2329 3503 2508 3558 super
2527 3486 2709 3556 hujus
2735 3485 2991 3541 nubiferi
3008 3485 3227 3541 montis
3251 3501 3560 3553 cacumen,

1898 3579 1956 3628 et
2015 3574 2283 3630 divinam
2351 3577 2579 3630 intuere
2635 3575 2982 3645 claritatem,
3044 3576 3216 3645 cujus
3280 3575 3564 3630 immensi

1900 3663 2237 3734 splendoris
2267 3664 2468 3719 media
2499 3663 2880 3720 sanctissima
2910 3664 3076 3732 virgo
3109 3663 3278 3718 Fides
3301 3679 3369 3718 ac
3402 3679 3561 3718 mar-

1899 3755 1993 3822 tyr
2018 3750 2286 3819 insignis,
2308 3751 2662 3820 angelorum
2686 3749 2840 3806 inter
2868 3767 3088 3806 manus
3117 3750 3402 3819 emicans,
3422 3751 3560 3824 quis

1898 3839 2021 3894 suis
2047 3840 2270 3894 meritis
2302 3839 2592 3895 debeatur
2612 3841 2826 3911 honor,
2855 3839 3298 3896 evidentissime
3316 3839 3557 3897 indicat.

1971 3929 2196 3994 Quibus
2223 3929 2316 3986 ille
2348 3929 2566 3986 auditis
2599 3931 2763 3986 laetus
2791 3930 2864 3985 de
2897 3947 3080 3986 sacrae
3102 3929 3350 4000 virginis
3381 3930 3560 3986 laude

1895 4018 2200 4091 praecelsa,
2233 4021 2438 4075 oculos
2485 4021 2545 4075 in
2576 4020 2804 4075 visione
2834 4019 3042 4090 vigiles
3086 4019 3144 4074 in
3174 4019 3429 4074 sublime
3459 4019 3565 4075 tol-

1895 4109 2042 4176 lens,
2069 4109 2214 4165 vidit
2242 4109 2486 4180 igneum
2519 4110 2768 4180 globum
2812 4109 3039 4180 ingenti
3069 4109 3301 4179 fulgore
3335 4110 3562 4166 mican-

1897 4203 2036 4265 tem,
2090 4200 2262 4270 cujus
2313 4200 2376 4254 in
2429 4200 2630 4255 medio
2685 4199 2959 4272 speciosa
3015 4200 3184 4270 virgo
3237 4216 3564 4255 coruscans

1897 4289 2234 4348 astantibus
2284 4288 2395 4344 sibi
2449 4289 2677 4359 angelis
2735 4289 3005 4345 dicebat:
3071 4292 3344 4344 «Locum
3394 4289 3564 4343 illum

1897 4397 2079 4454 quem
2111 4380 2346 4435 cernitis
2378 4379 2616 4434 ossibus
2649 4378 2967 4436 decoratur
2993 4379 3164 4447 meis,
3199 4378 3273 4433 de
3299 4393 3421 4451 quo
3451 4393 3561 4432 vos

1899 4487 2045 4540 rogo
2078 4473 2142 4524 ut
2183 4468 2392 4523 vestris
2448 4468 2850 4523 sanctiﬁcetur
2879 4468 3118 4523 dextris.
3147 4493 3171 4516 υ
3224 4469 3388 4523 Cives
3422 4482 3561 4522 vero

1898 4559 2168 4630 angelici,
2207 4559 2446 4613 monitis
2477 4559 2680 4613 animo
2709 4557 2915 4613 libenti
2956 4558 3399 4630 acquiescentes
3443 4557 3560 4611 vir-

1897 4650 2072 4720 ginis,
2123 4647 2361 4703 elevatis
2419 4647 2790 4718 przefulgidis
2845 4647 3066 4702 dextris
3125 4647 3366 4715 signum
3416 4647 3564 4703 dant

1855 4800 1866 4812 ,
1897 4737 2223 4795 adorandae
2255 4737 2466 4804 crucis,
2501 4737 2672 4806 cujus
2720 4736 3012 4805 signaculi
3044 4737 3251 4791 virtute
3293 4742 3561 4792 sacratus

1895 4825 2092 4883 omnis
2124 4825 2450 4881 sanctitatis
2476 4825 2664 4895 gratia
2689 4825 2967 4896 repletur.
3017 4827 3167 4879 Dum
3214 4825 3341 4880 haec
3384 4823 3563 4894 igitur

1896 4919 2233 4986 agerentur,
2289 4930 2425 4969 ecce
2481 4913 2678 4969 subito
2736 4913 3017 4969 nimbosa
3073 4913 3288 4983 caligo,
3346 4912 3424 4969 ab
3477 4914 3562 4986 ip-

1896 5006 2017 5061 sius
2064 5004 2260 5060 amnis
2308 5004 2430 5058 imo
2489 5002 2804 5058 nimbosus
2860 5003 3036 5058 turbo
3093 5001 3447 5073 ascendens,
3491 5002 3560 5058 il-

1892 5096 2020 5151 lum
2050 5110 2229 5167 super
2271 5098 2517 5167 pontem
2542 5097 2798 5150 stantem
2843 5092 3065 5148 nebula
3095 5093 3256 5162 texit,
3285 5109 3421 5165 qum
3454 5093 3559 5148 de-

1894 5187 2070 5242 ciduo
2099 5201 2231 5240 rore
2262 5185 2392 5255 ejus
2423 5183 2779 5239 indumenta
2808 5183 3140 5253 largissime
3169 5183 3555 5240 humectavit.

1895 5278 2022 5340 Qua
2054 5275 2278 5331 visione
2311 5276 2596 5331 attonitus
2657 5274 2888 5329 lumina
2933 5289 2969 5330 a
3009 5289 3225 5330 somno
3251 5275 3346 5330 vix
3385 5275 3562 5332 abru-

1892 5365 1996 5438 pit,
2030 5382 2099 5420 ac
2142 5381 2287 5420 mox
2315 5370 2511 5421 vestes
2561 5363 2845 5420 manibus
2880 5367 3275 5435 contrectans,
3311 5365 3462 5421 sicut
3498 5367 3560 5421 in

1893 5457 2026 5510 visu
2071 5459 2336 5510 senserat
2365 5456 2565 5511 defluo
2611 5454 2802 5509 imbre
2833 5455 3051 5527 reperit
3078 5455 3383 5512 humidas.
3419 5457 3559 5512 Inde

1893 5546 2051 5601 circa
2101 5563 2160 5600 se
2218 5545 2528 5617 palpando
2568 5560 2786 5599 manus
2835 5543 3082 5614 ducens,
3116 5546 3320 5602 omnia
3351 5546 3558 5601 vincu-

1891 5635 2089 5690 lorum
2131 5634 2438 5689 volumina
2488 5633 2779 5689 dissoluta
2831 5650 2866 5689 a
2921 5651 2981 5689 se
3025 5635 3226 5706 sensit,
3279 5634 3560 5690 ostiolum

1893 5725 2094 5796 etiam,
2127 5727 2298 5779 nocte
2328 5723 2474 5778 seris
2514 5739 2584 5779 ac
2616 5723 2880 5779 vectibus
2924 5725 3067 5779 satis
3098 5725 3418 5791 munitum,
3449 5739 3556 5795 pa-

1895 5818 2024 5871 tens
2055 5813 2292 5870 invenit.
2322 5817 2393 5869 At
2423 5813 2515 5869 ille
2545 5829 2755 5869 verum
2779 5813 2890 5869 sibi
2921 5827 3132 5870 orama
3155 5813 3335 5868 fuisse
3362 5819 3556 5867 osten-
