4584 6424
729 319 828 371 159

1820 319 2163 374 BERNARDI
2207 316 2657 377 SCHOLASTICI
2697 324 3048 380 ANDEGAV.
4082 311 4148 364 η

727 452 864 493 sum
890 435 1118 508 liquido
1143 451 1498 507 agnoscens,
1527 439 1808 495 continuo
1837 440 2042 511 (multa
2071 439 2230 496 enim
2251 439 2376 495 ani-
2405 450 2446 504 Α
2489 447 2776 516 pervenit,
2823 445 3074 503 orationi
3103 441 3376 502 incubuit
3422 456 3492 497 ac
3541 435 3803 512 supplici
3843 447 4172 492 murmure

728 542 830 582 mo
856 525 909 580 ei
939 541 1082 580 cura
1129 525 1362 581 exieudi
1401 544 1588 583 necne
1629 530 1992 601 recursabat)
2026 529 2378 585 obﬁrmatus
2485 550 2741 608 quaeque
2766 533 3098 604 excogitata
3113 529 3372 606 protulit.
3397 531 3526 596 Qua
3545 526 3969 600 expleta,post
4001 537 4174 578 sanc-

731 614 1006 681 audacia,
1037 630 1174 668 cum
1204 615 1492 687 praecipiti
1539 616 1799 687 evolutu,
1832 617 2152 673 custodum
2181 617 2380 672 muni-

729 703 898 759 mina
927 701 1196 771 transilit,
1217 703 1561 776 gradusque
1588 705 1886 761 scalarum
1911 705 2124 778 rapido
2155 704 2382 778 impetu

733 807 1054 864 superans;
1087 807 1194 863 per
1212 791 1445 846 medios
1474 793 1750 848 custodes
1771 793 1994 850 ibidem
2013 795 2280 866 jacentes
2305 793 2386 850 ad

733 881 984 938 exedras
1008 895 1197 952 usque
1223 881 1478 938 devenit.
1506 881 1610 937 Ubi
1642 883 1788 938 dum
1820 889 2024 939 astans
2044 884 2232 940 multa
2261 899 2387 940 cor-

733 970 807 1026 de
837 968 1023 1024 dubio
1048 968 1318 1038 agitaret,
1343 969 1584 1026 tandem
1613 971 1664 1025 ei
1694 972 1878 1028 menti
1909 973 2196 1028 succurrit
2221 973 2384 1045 quia,

733 1076 856 1133 prae
909 1057 1092 1114 nimio
1147 1059 1430 1130 pondere,
1479 1060 1856 1117 vinculorum
1899 1063 2387 1118 machinamenta

737 1147 815 1203 ad
842 1151 1059 1203 sanctae
1091 1146 1330 1217 virginis
1356 1147 1670 1204 baSilicam
1697 1151 1911 1205 vehere
1941 1151 2248 1224 nequibat,
2277 1149 2390 1206 sal-

737 1241 856 1292 tem
900 1234 1169 1290 tabulam
1209 1237 1562 1292 sacellorum
1605 1237 1688 1293 ibi
1732 1238 2095 1312 pendentem
2140 1240 2200 1295 in
2229 1239 2387 1295 testi-

736 1323 1010 1381 monium
1040 1339 1162 1378 suae
1197 1324 1496 1380 evasionis
1527 1326 1676 1382 ferre
1713 1327 1948 1384 debeat.
1998 1330 2127 1394 Qua
2161 1345 2390 1385 assum-

737 1419 860 1486 pta,
890 1428 1152 1479 murum,
1185 1429 1307 1484 qua
1347 1413 1522 1470 altius
1563 1415 1930 1486 insurgebat,
1962 1432 2230 1490 praeceps
2271 1416 2392 1472 elu-

737 1501 828 1568 sit,
861 1516 1191 1572 expersque
1217 1501 1495 1572 lzesionis,
1522 1503 1725 1573 fugam
1753 1506 1954 1560 nudus
1975 1506 2158 1578 pedes
2183 1520 2394 1578 prope—

737 1590 907 1646 ravit.
942 1589 1045 1646 Cui
1060 1589 1212 1645 inter
1229 1591 1650 1664 scrupulosum
1673 1593 1884 1650 callem
1901 1595 2156 1668 pedibus
2173 1593 2394 1650 labenti

739 1695 880 1735 mox
909 1678 1193 1750 quaedam
1223 1680 1488 1736 mulieris
1523 1682 1716 1738 forma
1746 1684 1926 1740 obvia
1956 1685 2080 1753 fuit,
2112 1701 2268 1758 quia,
2298 1701 2394 1740 ex-

2488 629 2561 680 tre
2587 624 2777 680 crucis
2807 623 2982 680 fronti
3009 623 3261 694 locoque
3284 618 3481 675 cordis
3501 615 4004 690 impressionem,
4033 627 4170 684 quae

2492 713 2602 769 sibi
2630 713 2781 769 inter
2809 717 3157 769 catenarum
3186 723 3498 783 pressurae
3527 721 3636 780 per
3665 707 3954 761 sanctam
3986 697 4171 766 virgi-

2491 819 2631 860 nem
2660 803 3007 860 mirabiliter
3035 805 3166 858 acta
3213 799 3468 868 fuerant,
3499 796 3728 854 cunctis
3758 792 3867 867 qui
3909 790 4172 848 aderant

2495 909 2600 950 ora
2627 893 2688 949 in
2716 892 2944 948 silentio
2973 889 3330 955 tenentibus,
3359 887 3462 943 ﬁlo
3491 885 3748 960 expedit.
3791 887 4012 956 Neque
4045 879 4172 935 haec

2495 998 2682 1056 parva
2727 981 2950 1038 audivit
3000 978 3307 1051 utriusque
3352 993 3528 1032 sexus
3570 979 3830 1039 caterva,
3865 969 3982 1026 sed
4013 969 4173 1038 ejus-

2494 1072 2633 1128 dem
2661 1070 2974 1127 memorati
3004 1066 3270 1124 Gosberti
3297 1065 3474 1133 ﬁlius,
3501 1063 3606 1138 qui
3634 1067 3778 1119 tunc
3825 1061 3990 1116 forte
4023 1057 4174 1114 inter

2496 1161 2928 1217 commilitones
2953 1173 3137 1215 causa
3156 1154 3440 1213 orationis
3461 1153 3686 1210 ibidem
3708 1151 3947 1215 aderat,
3973 1148 4173 1204 incre-

2497 1248 2661 1303 dibili
2687 1253 2927 1320 stupore
2959 1252 3114 1303 totus
3142 1245 3270 1300 visu
3314 1244 3376 1300 in
3414 1242 3614 1299 medio
3658 1238 3937 1310 diriguit,
3972 1235 4174 1292 admi-

2498 1351 2638 1391 rans
2677 1335 2930 1408 qualiter
2973 1351 3010 1390 a
3059 1339 3143 1390 tot
3191 1332 3570 1390 vinculorum
3600 1326 3993 1386 connexione
4030 1322 4175 1380 solvi

2497 1424 2705 1498 potuit,
2726 1440 2920 1497 neque
2937 1423 3153 1480 minori
3167 1421 3562 1479 admiratione
3576 1416 3895 1475 Goﬁ'redus
3917 1413 4050 1470 sub
4067 1413 4174 1468 hoc

2501 1518 2742 1585 aspectu
2768 1511 3102 1584 corripitur,
3134 1510 3305 1580 cujus
3326 1509 3539 1580 jocosa
3569 1505 3982 1562 scacchorum
4011 1500 4179 1556 tabu-

2501 1601 2558 1658 la
2589 1601 2796 1670 fuerat,
2823 1616 3009 1672 quam
3036 1599 3130 1654 ille
3167 1601 3434 1670 ereptam
3464 1593 3720 1669 propriis
3744 1591 3866 1648 illic
3900 1588 4178 1647 humeris

2503 1689 2561 1744 in
2589 1687 2990 1744 testimonium
3039 1691 3259 1742 sanctae
3290 1683 3502 1753 virgini
3533 1681 3856 1738 obtulerat.
3899 1676 4177 1737 Tandem

738 1768 946 1842 positis
975 1783 1012 1823 a
1041 1769 1290 1825 dextrali
1331 1770 1768 1841 calceamentis,
1795 1773 2017 1830 itaeum
2039 1774 2202 1846 prior
2231 1791 2396 1830 com-
2429 1802 2468 1855 Β
2506 1773 2708 1843 agnita
2730 1771 2940 1827 virtute
2970 1771 3194 1836 divina,
3214 1770 3273 1825 in
3302 1767 3556 1823 laudum
3582 1763 3895 1840 praeconia
3927 1776 4179 1817 conver-

739 1857 1013 1930 pellavit:
1047 1881 1068 1904 υ
1097 1861 1256 1913 Tunc
1283 1875 1364 1925 es,
1391 1860 1662 1931 inquam,
1690 1862 2058 1917 Raimundus
2080 1863 2396 1935 ille,quem
2431 1854 2458 1855 ﬂ
2505 1867 2728 1932 tuntur,
2762 1865 2980 1917 sanctae
3006 1859 3284 1932 martyris
3316 1856 3475 1912 Fidis
3519 1854 3929 1924 gloriﬁcantes
3973 1855 4180 1924 poten-

739 1946 923 2001 modo
943 1953 1150 2002 saneta
1181 1948 1350 2002 Fides
1376 1964 1412 2004 a
1443 1950 1846 2005 carceralibus
1868 1951 2120 2007 vinculis
2148 1952 2396 2008 solvit?»

742 2034 846 2089 Cui
875 2035 1025 2089 dum
1049 2035 1216 2090 illum
1244 2053 1305 2090 se
1336 2053 1462 2091 esse
1503 2038 1899 2106 confiteretur,
1936 2039 2253 2095 confestim
2284 2040 2398 2095 eal-

741 2125 1178 2180 ciamentorum
1199 2125 1307 2179 viae
1333 2126 1603 2182 solamen
1633 2127 1685 2182 ei
1715 2127 1942 2191 detulit,
1961 2128 2202 2184 dicens:
2233 2152 2258 2176 ‹‹
2280 2129 2395 2185 Tol-

741 2213 795 2269 le
824 2213 975 2278 htBC,
1001 2216 1058 2267 et
1082 2213 1439 2284 quantocius
1465 2215 1542 2269 ab
1570 2215 1661 2270 his
1683 2215 1916 2272 elabere
1938 2218 2226 2288 partibus,
2250 2218 2396 2272 dum

745 2301 850 2356 tibi
879 2299 1175 2355 evadendi
1205 2307 1366 2372 patet
1395 2302 1580 2358 locus.
1615 2327 1641 2352 ››
1671 2305 1849 2374 Cujus
1878 2305 2152 2361 beneficii
2179 2321 2398 2361 munus

745 2395 802 2446 et
831 2389 1137 2444 solaminis
1165 2391 1426 2446 monitus
1456 2393 1550 2448 ille
1586 2395 1861 2449 attentius
1889 2395 2290 2467 perpendens,
2317 2395 2400 2450 ni-

743 2477 828 2533 hil
880 2477 1044 2533 aliud
1091 2494 1227 2534 eam
1274 2479 1451 2535 fuisse
1502 2481 1769 2550 intelligit
1797 2500 1982 2556 quam
2021 2483 2400 2555 praesentiam

747 2570 967 2620 sanctae
995 2565 1256 2635 virginis.
1294 2567 1406 2622 Sed
1432 2568 1578 2624 dum
1608 2570 1732 2624 haec
1771 2576 1963 2625 mente
1995 2573 2398 2643 pertractaret,

747 2655 946 2709 subito
973 2670 1274 2727 nusquam
1304 2673 1669 2713 evanescens
1702 2660 2058 2732 comparuit.
2084 2663 2280 2714 'l‘antre
2311 2674 2400 2712 er-

751 2759 828 2812 go
875 2747 1141 2814 patronae
1190 2745 1702 2801 exhortationibus
1756 2748 2092 2814 roboratus,
2141 2752 2402 2819 coeptam

751 2833 982 2906 peragit
1007 2833 1235 2903 fugam,
1254 2850 1450 2906 neque
1481 2836 1560 2891 ab
1589 2835 2041 2908 insequentibus
2067 2835 2274 2906 attingi
2303 2851 2407 2908 po-

751 2927 881 2992 test,
908 2921 1052 2994 quia
1091 2939 1231 2978 eum
1262 2929 1467 2980 sancta
1519 2925 1688 2980 Fides
1733 2926 2027 2982 tuebatur.
2063 2926 2273 2997 Sicque
2300 2940 2407 2996 per

752 3011 982 3066 medios
1010 3010 1240 3066 invisus
1269 3029 1449 3067 ruens
1493 3014 1714 3083 hostes,
1748 3014 2100 3070 Caturcetim
2139 3013 2285 3070 adiit
2313 3029 2405 3068 ur-

751 3099 914 3168 bem,
947 3099 1051 3154 ubi
1095 3102 1516 3173 protomartyri
1550 3104 1869 3174 Stephano,
1909 3103 2084 3176 quasi
2131 3103 2237 3158 viae
2283 3118 2405 3156 suae

754 3188 994 3260 praevio,
1025 3188 1268 3270 meritas
1297 3191 1620 3262 rependere
1655 3191 1877 3247 studuit
1907 3197 2124 3262 grates.
2163 3195 2226 3247 Et
2263 3191 2406 3264 quia

753 3276 949 3346 longae
975 3277 1187 3332 inediae
1219 3295 1288 3333 ac
1318 3281 1474 3349 fugae
1505 3279 1928 3336 conﬁciebatur
1958 3281 2154 3352 taedio,
2187 3285 2404 3336 sanctae

757 3365 902 3431 Fidi,
948 3365 1027 3420 ob
1059 3367 1328 3438 praestitae
1362 3369 1471 3422 sibi
1499 3369 1702 3424 salutis
1726 3371 1997 3440 gratiam,
2016 3386 2202 3442 quam
2219 3369 2408 3442 potuit

760 3454 918 3510 misit
943 3455 1276 3511 candelam.
1312 3457 1574 3524 Denique
1603 3463 1774 3514 nocte
1821 3459 1922 3515 illa
1967 3459 2025 3514 in
2065 3475 2188 3531 qua
2216 3458 2408 3514 Domi-

757 3543 892 3598 nica
917 3545 1246 3614 proditione
1277 3551 1333 3601 et
1359 3553 1562 3603 nostra
1603 3547 1764 3604 salus
1803 3553 1859 3604 et
1904 3549 2246 3604 Judzeorum
2277 3564 2409 3620 pro-

758 3631 931 3687 cessit
973 3633 1263 3698 interitus,
1295 3633 1439 3690 dum
1479 3636 1822 3709 impositam
1869 3637 2179 3692 lectionem
2230 3652 2406 3692 mane

753 3719 1072 3789 legendam
1102 3723 1162 3777 in
1189 3724 1458 3779 vestiario
1507 3726 1694 3781 sancti
1740 3726 2020 3798 martyris
2052 3725 2405 3798 provideret,

759 3826 974 3864 somno
1021 3811 1300 3883 demitur,
1356 3818 1533 3885 atque
1591 3814 1814 3869 ibidem
1863 3815 2058 3886 quiete
2112 3814 2406 3887 pascitur:

759 3899 930 3968 cujus
960 3900 1156 3954 somni
1181 3901 1389 3956 nubilo
1421 3908 1626 3958 sancta
1656 3903 1846 3971 Fides,
1866 3909 2156 3976 tanquam
2183 3902 2410 3958 matuti-

759 4004 855 4043 me
906 3988 1141 4043 nebulae
1195 3989 1575 4062 interpollens
1629 3991 1736 4062 sol,
1786 3993 2090 4065 permista,
2139 3993 2220 4048 ita
2272 4008 2411 4046 eum

765 4078 1066 4145 subiratis,
1097 4084 1160 4134 ut
1185 4080 1528 4151 putabatur,
1560 4083 1688 4139 visa
1723 4089 1809 4138 est
1839 4099 2087 4150 arguere
2117 4082 2368 4154 eloquiis
2397 4101 2408 4136 :

765 4189 792 4215 ‹‹
825 4170 984 4222 Itane
1005 4167 1234 4224 desidia
1257 4172 1566 4242 torqueris,
1595 4177 1653 4226 ut
1680 4172 1879 4228 solitas
1910 4171 2055 4227 mihi
2086 4171 2413 4241 gratiarum

767 4255 1171 4312 solemnitates
1194 4259 1282 4313 his
1313 4265 1529 4316 sanctas
1561 4263 1798 4317 Pasehze
1829 4261 2042 4316 diebus
2070 4266 2205 4315 ante
2225 4275 2418 4315 sacra-

766 4343 922 4400 rium
951 4350 1188 4400 artuum
1229 4363 1501 4403 meorum
1548 4350 1885 4420 persolvere
1933 4349 2217 4404 desinas?
2265 4347 2418 4414 Quid

766 4434 1058 4489 moraris?
1092 4435 1273 4490 Disiee
1300 4453 1607 4492 morarum
1638 4437 1850 4504 nodos,
1885 4443 1942 4493 et
1973 4454 2110 4492 cum
2143 4436 2420 4492 scaccho—

764 4538 900 4578 rum
945 4523 1232 4591 tabulato,
1279 4531 1392 4581 ture
1437 4526 1708 4582 videlicet
1744 4503 2108 4582 liberationis
2153 4524 2417 4581 credibili
2452 4503 2494 4556 ι)

765 4613 1156 4684 monimento,
1189 4616 1670 4672 Conchacensem
1701 4615 1846 4672 calle
1875 4615 2135 4689 pedestri
2158 4613 2416 4670 velocius

767 4707 974 4775 expete
1003 4703 1227 4772 locum,
1258 4705 1675 4778 Paschalisque
1708 4706 1910 4775 gaudii
1951 4705 2032 4760 ibi
2071 4704 2306 4760 celebra
2337 4720 2422 4760 sa-

767 4797 1198 4847 cramentum.»
1231 4793 1415 4863 Hujus
1445 4794 1686 4849 visionis
1735 4793 1924 4863 gratia
1967 4793 2060 4848 ille
2091 4798 2416 4865 permotus,

769 4881 987 4936 somnii
1017 4881 1192 4937 taedia
1220 4882 1396 4954 rupit,
1421 4899 1490 4938 ac
1517 4882 1767 4938 Geraldo
1797 4882 2291 4952 Petragoricensis
2322 4883 2422 4936 Ec-

768 4970 959 5026 clesiae
990 4971 1104 5026 sub
1134 4971 1342 5043 primis
1376 4971 1624 5027 tirocinii
1673 4971 1952 5044 auspiciis
1978 4971 2284 5044 episcopo,
2317 4969 2422 5042 qui

768 5059 1072 5114 Tolosame
1104 5059 1267 5115 urbis
1292 5062 1516 5116 moenia
1545 5061 1690 5116 forte
1717 5060 2198 5131 aggrediebatur,
2223 5057 2425 5114 simul-

769 5165 886 5220 que
916 5149 1188 5218 ejusdem
1229 5149 1556 5205 Caturcinae
1608 5149 1771 5205 urbis
1817 5148 2060 5222 praesuli
2101 5146 2418 5214 Bernardo,

771 5254 908 5310 qure
950 5238 1063 5291 sibi
1093 5239 1384 5294 somnitus
1423 5239 1719 5312 imperata
1773 5238 2007 5294 fuerant
2035 5238 2267 5293 territus
2295 5235 2423 5292 inti-

772 5326 980 5383 mavit.
1011 5327 1120 5392 Qui
1151 5332 1213 5382 ut
1241 5335 1460 5384 sanctae
1492 5329 1648 5384 Fidis
1687 5327 1918 5384 monita
1961 5326 2298 5396 audierunt,
2325 5325 2422 5396 ju-

773 5418 920 5473 bent
959 5417 1136 5487 jussa
1173 5417 1338 5473 factis
1389 5419 1656 5492 implere,
1705 5435 1816 5475 nec
1863 5416 2132 5490 qualibet
2176 5416 2425 5471 interve-

775 5508 974 5564 niente
1000 5505 1280 5562 dilatione
1309 5507 1560 5565 differre.
1597 5509 1746 5575 Quid
1779 5508 1957 5578 igitur
1977 5507 2005 5561 ?
2036 5509 2162 5562 Uno
2193 5509 2424 5562 tantum

779 5601 1091 5651 contentus
1111 5596 1337 5652 famulo
1362 5597 1467 5653 iter
1491 5599 1756 5671 arripuit,
1789 5615 1859 5654 ac
1887 5597 2224 5668 imperiosae
2249 5595 2425 5665 virgi-

777 5687 872 5742 nis
916 5683 1206 5741 mandata
1247 5683 1502 5742 facessit.
1549 5687 1733 5760 C(epti
1771 5703 1909 5742 vero
1955 5685 2176 5741 itineris
2216 5685 2421 5752 victor,

778 5776 885 5833 ubi
915 5776 1202 5834 scacchea
1222 5774 1427 5832 tabula
1447 5782 1691 5832 onustas
1707 5775 1783 5832 ad
1811 5792 1963 5848 saepe
1979 5774 2204 5831 dictum
2223 5773 2424 5830 locum

1563 6408 1674 6416 ᾧ.
1781 6407 1838 6418 ⁸
1891 6407 1950 6416 Δ
2033 6409 2180 6418 ⁸-
2269 6409 2451 6420 ’⁸

2506 1951 2668 2013 tiam,
2700 1967 2736 2005 a
2770 1949 3018 2005 Domino
3063 1947 3174 2003 sibi
3223 1945 3406 2002 sacris
3437 1942 3814 2014 exigentibus
3846 1939 4094 1997 meritis
4127 1939 4176 1992 in

2505 2040 2670 2096 omni
2699 2038 3126 2095 miraculorum
3163 2035 3440 2093 facultate
3467 2033 3766 2090 collatam.

3141 2127 3365 2182 CAPUT
3411 2127 3514 2180 XX.

2991 2218 3079 2272 De
3104 2216 3266 2270 mulo
3296 2213 3666 2270 resuscitato.

2579 2311 2742 2363 Nunc
2772 2322 2910 2362 vero
2939 2304 3085 2378 quid
3131 2304 3192 2360 in
3226 2303 3429 2359 itinere
3462 2300 3651 2357 sancti
3677 2297 3830 2355 Petri
3870 2295 4180 2370 apostolo-

2507 2413 2642 2452 rum
2685 2395 2969 2469 principis
3014 2392 3306 2449 moderno
3345 2395 3612 2464 tempore
3661 2404 3770 2462 per
3815 2385 4180 2457 gloriosissi-

2510 2501 2675 2540 mam
2707 2484 2917 2540 Christi
2945 2481 3236 2540 famulam
3267 2478 3616 2536 mirabiliter
3637 2480 3877 2547 gestum
3911 2473 4016 2540 sit,
4044 2489 4182 2547 pau-

2511 2575 2592 2629 cis
2641 2573 2948 2629 absolvere
3000 2569 3349 2626 curabimus
3387 2573 3597 2623 vestrae
3629 2562 3973 2622 attentioni.
4011 2561 4179 2619 Italia

2512 2661 2570 2716 in
2601 2659 2869 2734 partibus
2899 2675 3035 2731 quae
3075 2655 3493 2722 Longobardia
3519 2655 3984 2724 nuneupantur,
4017 2648 4181 2706 miles

2511 2748 2762 2821 quidam
2791 2745 3093 2802 Rutbenici
3117 2743 3278 2818 pagi,
3311 2741 3630 2800 Garbertns
3659 2737 3936 2804 nomine,
3969 2752 4184 2811 praece-

2513 2837 2753 2894 dentem
2782 2835 3188 2892 Pictavenscm
3220 2848 3434 2902 genere
3465 2847 3533 2886 ac
3563 2826 3806 2886 militari
3829 2825 4186 2882 strenuitatr

2516 2927 2656 2982 satis
2704 2925 2988 2982 illustrem
3047 2921 3405 2995 assequitur,
3449 2935 3518 2976 ac
3561 2923 3701 2992 post
3742 2915 4187 2973 salutationum

2515 3019 2787 3070 mutuam
2825 3013 3080 3082 gratiam
3127 3011 3234 3067 iter
3263 3009 3598 3065 institutum
3627 3004 3917 3074 celebrat,
3951 3005 4098 3076 ejus
4127 3004 4188 3059 fa-

2515 3103 2832 3160 miliaritati
2886 3102 3165 3157 sociatus.
3209 3099 3319 3166 Qui
3372 3098 3446 3154 de
3476 3095 3678 3153 multis
3729 3094 3924 3150 simul
3972 3110 4185 3150 sermo

2515 3209 2655 3249 nem
2699 3191 2776 3248 ad
2827 3191 3082 3247 invicem
3132 3187 3520 3256 conferentes,
3551 3184 3798 3242 tandem
3847 3181 3940 3240 ad
3973 3190 4180 3240 sancta

2519 3280 2671 3336 Fidis
2725 3278 3030 3347 magnalia
3083 3281 3361 3333 conserta
3413 3272 3928 3330 sermocinatione
3994 3287 4182 3345 perve

2514 3370 2618 3436 nit,
2669 3368 2771 3424 ubi
2829 3384 2951 3424 non
2993 3383 3182 3440 parva
3248 3365 3380 3421 laus
3434 3379 3470 3422 a
3529 3361 3860 3419 Ruthenico
3930 3360 4073 3417 suis
4128 3367 4183 3416 at

2515 3457 2792 3514 tribuitur
2863 3455 3184 3512 miraculis.
3268 3453 3364 3510 llle
3447 3468 3589 3508 vero
3655 3449 4056 3506 Pictavensis
4125 3449 4184 3504 in-

2517 3547 2674 3617 genti
2737 3561 2876 3601 cum
2933 3543 3329 3600 admiratione
3389 3539 3800 3597 narrationem
3883 3537 4064 3594 illius
4109 3553 4183 3610 ap

2514 3634 2812 3710 plaudens
2841 3633 3076 3706 excipit.
3107 3632 3215 3689 Ubi
3243 3631 3321 3688 ad
3351 3628 3679 3702 hospitium
3727 3628 3790 3683 in
3817 3625 3970 3684 vico
4006 3630 4181 3685 Sanct.

2517 3723 2750 3780 Domini
2814 3726 3167 3796 perventum
3221 3724 3328 3790 est,
3376 3717 3737 3775 Pictavensis
3795 3716 4051 3788 mulus,
4108 3733 4181 3788 qu.

2519 3814 2570 3870 ei
2600 3813 2834 3869 charior
2863 3811 3218 3880 habebatur,
3267 3807 3626 3880 gravissimo
3673 3805 3905 3863 morbo
3965 3821 4182 3878 θοι-τερ

2519 3909 2676 3977 ptus,
2707 3903 2805 3958 vix
2833 3902 2910 3957 ad
2957 3901 3284 3957 crastinum
3313 3899 3474 3955 diem
3520 3897 3702 3953 vitam
3745 3898 4066 3969 pertraxit
4091 3911 4184 3950 me

2520 3994 2838 4051 ribnndus.
2873 3992 3190 4049 Garbertus
3220 4007 3381 4056 vero,
3405 3993 3634 4062 quanta
3659 3988 3718 4044 in
3749 3985 3997 4044 talibus
4027 4002 4172 4061 quon

2522 4085 2664 4140 dam
2696 4081 3058 4140 animalibus
3086 4085 3294 4137 sancta
3323 4079 3494 4134 Fides
3524 4082 3776 4151 operata
3806 4083 3909 4133 est
3953 4091 4183 4146 magna-

2523 4173 2601 4229 lia
2654 4189 2776 4228 non
2806 4172 3150 4240 immemor,
3196 4170 3522 4238 interrogat
3564 4166 3800 4224 socium
3845 4171 4076 4224 utrum
4112 4165 4183 4220 ali-

2525 4280 2709 4336 quam
2736 4262 3033 4318 medelam
3063 4260 3264 4317 fecerit
3303 4259 3382 4316 ad
3414 4257 3562 4315 muli
3589 4256 3774 4328 hujus
3807 4256 4182 4330 supplemen-

2525 4359 2672 4409 tum.
2707 4353 2812 4410 Cui
2855 4375 2880 4399 ‹‹
2904 4355 3294 4424 Nequaquam
3320 4373 3348 4399 »
3398 4345 3810 4421 respondenti,
3843 4362 4008 4402 mox
4057 4345 4182 4414 adje

2526 4443 2638 4498 cit:
2673 4464 2700 4491 ι(
2727 4440 3005 4514 Nunquid
3035 4439 3256 4496 audisti
3285 4455 3416 4512 quae
3448 4437 3553 4494 tibi
3573 4436 3647 4492 de
3679 4440 3907 4492 sancta
3939 4435 4092 4491 Fide
4115 4436 4183 4490 he-

2526 4532 2574 4588 ri
2605 4547 2712 4604 per
2742 4547 2835 4586 me
2857 4529 3128 4602 exposita
3153 4528 3340 4584 sunt?
3365 4528 3514 4584 Mitte
3544 4526 3598 4582 ei
3623 4525 3892 4581 devotus
3924 4540 4180 4581 aureum.

2527 4626 2584 4676 et
2611 4619 2809 4675 statim
2858 4623 3027 4674 tuum
3066 4615 3292 4672 animal
3335 4615 3586 4688 recipies
3629 4629 3881 4670 sanum.
3913 4637 3942 4663 »
3997 4619 4076 4669 At
4096 4613 4169 4668 ille

2526 4708 2674 4765 nihil
2722 4711 3053 4774 cunctatus,
3093 4705 3387 4761 bisantem
3442 4704 3516 4759 de
3563 4700 3886 4774 marsupio
3937 4701 4170 4775 protulit

2527 4813 2710 4870 quem
2758 4796 2811 4852 ei
2841 4795 2920 4850 ad
2948 4794 3340 4850 deferendum
3390 4791 3580 4850 sancti
3608 4789 3828 4859 virgini
3878 4789 4168 4846 concessi:

2531 4889 2745 4944 Sancta
2793 4899 2936 4940 vero
2979 4883 3150 4938 Fides
3199 4881 3278 4938 ad
3325 4881 3621 4952 majorem
3648 4877 3892 4935 virtutis
3925 4895 4065 4934 sum
4095 4877 4179 4947 gle

2527 4975 2679 5031 riam
2709 4987 2960 5029 manum
2977 4987 3314 5038 reservans,
3334 4967 3555 5025 viventi
3585 4967 3753 5024 mula
3776 4965 3940 5023 nihil
3963 4967 4178 5042 profuit.

2527 5078 2637 5118 nec
2662 5060 2996 5133 quidquam
3034 5057 3377 5114 valitudinis
3407 5053 3746 5128 impertivit.
3781 5053 3951 5120 Quid
3987 5055 4179 5128 plura?

2531 5151 2726 5220 Surgit
2755 5164 2993 5216 aurora,
3025 5152 3347 5220 monetque
3385 5149 3632 5202 cunctos
3675 5147 3742 5200 ut
3769 5149 4061 5217 emptam
4085 5156 4179 5216 pro

2529 5243 2821 5313 peravant
2874 5237 3058 5294 viam.
3111 5235 3438 5309 Exponitur
3483 5234 3688 5290 mulus
3746 5233 3893 5289 vitae
3952 5234 4174 5291 termin‘

2530 5330 2768 5384 functus
2799 5343 2836 5382 a
2883 5323 3142 5394 stabulo,
3174 5329 3231 5380 et
3258 5323 3437 5381 datur
3478 5321 3916 5379 tantummodo
3951 5322 4176 5396 pretim:

2530 5431 2640 5489 pro
2685 5413 2866 5470 corio.
2920 5417 3028 5468 Iter
3061 5411 3389 5486 corripiunt
3427 5409 3652 5480 maesti,
3701 5412 3760 5465 et
3806 5409 3925 5483 qui
3959 5423 4176 5467 aurem:

2531 5505 2662 5560 vita:
2716 5501 3042 5559 arrhaboni
3085 5500 3324 5574 recepit,
3372 5505 3430 5557 et
3474 5499 3576 5573 qui
3636 5497 3872 5554 amisso
3924 5498 4164 5557 animale

2538 5595 2832 5649 damnum
2853 5591 3180 5661 cogebatur
3199 5590 3341 5664 pati.
3358 5587 3721 5645 Ruthenicus
3742 5603 3899 5657 ergo
3927 5589 4014 5646 de
4037 5592 4176 5662 jacte

2534 5683 2694 5740 tione
2725 5682 3008 5738 virtutum
3040 5685 3258 5738 sancite
3303 5679 3460 5735 Fidis
3490 5675 3678 5734 nimio
3709 5676 3951 5736 rubore
3983 5682 4174 5737 anxius

2534 5787 2786 5829 aureum
2801 5771 2967 5844 quod
2987 5772 3300 5844 acceperat
3311 5768 3552 5826 volebat
3559 5765 3934 5827 verecunde
3945 5771 4174 5830 reddent».
