3952 6430
129 291 222 344 ,δι
1251 293 1376 346 LIB.
1421 294 1509 347 DE
1549 293 1922 352 MIRACULIS
1964 300 2248 360 SANCTE
2290 309 2485 366 FlDIS.

3473 335 3572 388 162

127 411 304 478 Quod
335 428 475 468 cum
513 412 857 469 tetendisset
913 413 1125 483 datori,
1176 431 1310 471 ecce
1359 421 1602 488 repente
1661 423 1798 515 post
1830 424 1876 476 Α
1906 421 2052 515 nihil
2086 433 2398 487 cunctatus
2425 437 2770 508 aggredere,
2805 447 2861 498 et
2888 450 2950 502 ut
2970 463 3108 504 cum
3129 453 3394 511 maxime
3426 460 3572 515 mal-

124 506 365 573 tergum
390 502 558 558 audit
579 503 840 559 sonitum
869 503 1390 577 subsequentium,
1416 511 1472 562 et
1503 507 1676 580 quasi
1707 509 1794 563 fu-

128 590 344 662 gientis
370 591 649 648 animalis
679 596 737 649 et
760 592 1042 663 agitantis
1065 595 1281 668 equitis
1311 596 1640 669 strepitum.
1678 597 1798 654 Sic-

127 697 249 754 que
277 679 512 736 vultum
539 681 602 736 in
631 686 794 752 terga
833 687 1203 755 retorquens,
1236 685 1521 758 prospicit
1561 686 1798 742 eminus

125 769 433 843 hospitem
462 771 696 828 mulum
725 772 1052 844 fugientem
1100 791 1282 829 cursu
1309 774 1678 845 fatigantem,
1724 781 1798 842 et,

127 863 196 914 ut
227 876 371 916 eum
403 862 958 933 comprehenderet,
1013 863 1202 919 multo
1233 865 1548 920 conamine
1576 866 1800 921 eniten~

128 952 274 1004 tem.
303 950 436 1016 Qui,
471 951 626 1021 [hoc]
659 951 811 1020 viso,
847 957 1118 1008 sanctam
1175 954 1374 1009 Fidem
1415 955 1676 1011 attonitis
1709 972 1804 1010 ex-

127 1037 356 1094 clamat
375 1039 648 1107 vocibus,
675 1056 1048 1113 aureumque
1091 1042 1300 1098 retinet
1345 1043 1510 1116 quod
1565 1043 1805 1099 volebat

123 1128 381 1186 reddere
409 1130 805 1186 verecundus.
840 1134 1093 1203 Recepto
1120 1132 1378 1204 denique
1409 1133 1595 1195 mulo,
1625 1134 1802 1189 inter-

124 1223 350 1289 rogant
376 1219 675 1292 hospitem
705 1220 962 1293 qualiter
1013 1226 1213 1278 actum
1243 1223 1421 1279 fuerit
1451 1223 1513 1278 in
1563 1240 1800 1296 repara-

129 1309 293 1365 tione
321 1309 619 1366 animalis.
652 1315 722 1365 At
750 1310 844 1366 ille
877 1310 1239 1369 admirando
1274 1313 1642 1381 exclamans,
1676 1315 1758 1369 ait
1785 1331 1796 1368 :

130 1422 158 1446 ‹‹
194 1400 238 1455 0
272 1415 383 1454 vos
416 1398 616 1455 felices
648 1400 871 1472 quibus
923 1405 1149 1457 tantam
1183 1403 1472 1472 virginem
1512 1404 1802 1474 contingit

126 1486 354 1543 habere
379 1492 722 1560 patronam,
775 1490 948 1560 cujus
1007 1491 1523 1563 omnipotentibus
1572 1493 1798 1548 meritis

125 1592 254 1632 non
289 1577 487 1632 solum
518 1577 691 1633 vobis
711 1578 873 1634 salus
898 1579 1172 1635 tribuitur
1203 1582 1564 1648 animarum,
1587 1599 1798 1639 verum

125 1663 315 1720 etiam
332 1681 559 1735 magna
578 1671 980 1739 procurantur
1012 1668 1412 1725 medicamina
1439 1671 1794 1743 corporum!

129 1757 265 1809 Haec
298 1760 508 1810 sancta
532 1755 704 1825 virgo
734 1755 794 1811 in
825 1772 1003 1828 opere
1030 1763 1086 1813 et
1114 1759 1321 1814 virtute
1352 1775 1475 1816 non
1507 1760 1642 1816 sinit
1670 1778 1799 1816 ves-
1829 1773 1870 1827 Β
1910 1765 2052 1836 quia
2083 1786 2206 1825 non
2249 1776 2560 1846 medentis,
2599 1784 2704 1838 sed
2759 1788 2955 1856 potius

126 1842 233 1898 tris
265 1843 685 1901 adminiculari
704 1845 1127 1917 incommodis,
1161 1848 1338 1904 etiam
1366 1849 1425 1904 in
1445 1850 1797 1906 animalium

127 1932 588 1988 resurrectione.
626 1936 743 1989 Hoc
772 1935 938 2006 quod
971 1935 1178 1991 videtis
1221 1937 1466 2009 animal,
1490 1939 1549 1993 in
1600 1939 1798 2011 platea

125 2021 493 2094 projectum,
525 2021 925 2095 dentibusque
955 2025 1186 2080 retectis
1218 2027 1382 2081 omni
1405 2028 1609 2083 anima
1639 2029 1801 2084 relic-

126 2117 282 2179 tum,
316 2111 469 2168 inter
494 2112 932 2168 decoriantium
961 2131 1178 2171 manus
1210 2116 1517 2187 animavit,
1542 2119 1798 2200 concito-

124 2217 248 2274 que
283 2201 438 2256 saltu
472 2218 507 2256 a
526 2201 653 2257 solo
694 2202 1049 2271 exturbavit,
1085 2222 1153 2260 ac
1183 2206 1261 2260 ita
1287 2222 1320 2261 a
1346 2207 1628 2263 manibus
1658 2224 1797 2263 nos-

126 2291 234 2345 tris
268 2290 566 2362 clapsum,
601 2291 810 2346 vestris
839 2292 1050 2348 usibus
1082 2301 1486 2366 praeparatum
1511 2298 1796 2352 reforma-

127 2379 233 2435 vit.
262 2402 291 2428 »
319 2381 449 2445 Quo
483 2379 688 2435 audito
720 2380 917 2436 omnis
957 2382 1413 2454 peregrinorum
1448 2390 1685 2442 caterva
1738 2387 1798 2442 in

126 2468 383 2524 laudum
415 2469 717 2540 praaconia
748 2470 962 2542 erupit,
991 2476 1303 2544 totumque
1335 2491 1536 2530 aerem
1563 2477 1796 2531 aemulis

126 2557 384 2614 vocibus
415 2563 690 2614 sanctam
722 2559 922 2615 Fidem
954 2561 1203 2617 reboare
1235 2564 1553 2636 compellit.
1577 2567 1797 2622 Deinde

129 2646 368 2702 reddito
414 2647 640 2719 hospiti
695 2649 942 2718 tergoris
971 2651 1160 2722 pretio
1220 2651 1458 2721 (scilicet
1483 2659 1797 2723 argenteos

129 2735 294 2798 octo)
346 2737 556 2788 sancta
609 2731 818 2788 limina
868 2734 1280 2806 apostolorum
1329 2736 1443 2792 laeti
1492 2744 1793 2811 expetunt,

134 2821 519 2894 regressique
587 2821 666 2877 ad
722 2823 968 2896 propria
1018 2823 1286 2879 vovitum
1344 2843 1596 2882 aureum
1658 2846 1795 2884 cum

136 2909 371 2980 ingenti
417 2910 746 2980 gratiarum
781 2912 1014 2969 actione
1053 2913 1429 2986 persolvunt.

765 2998 986 3053 CAPUT
1023 3000 1152 3053 XXI.

128 3081 216 3136 De
248 3080 439 3136 milite
470 3081 576 3151 qui
599 3080 672 3136 ab
698 3081 1117 3137 intestinorum
1150 3084 1514 3141 inordinatis
1542 3089 1796 3144 motibus

765 3171 1170 3241 fatigabatur.

202 3257 526 3314 Arvernico
558 3257 619 3314 in
644 3275 805 3332 pago
830 3259 1002 3314 miles
1032 3266 1157 3316 erat
1190 3266 1487 3332 strenuus,
1514 3265 1631 3333 cui,
1655 3265 1798 3322 insi-

131 3347 333 3405 diante
366 3348 711 3415 infortunio,
765 3348 1066 3417 interiora,
1101 3355 1319 3408 statum
1371 3370 1549 3409 suum
1574 3372 1682 3428 per
1709 3357 1799 3412 in-

131 3437 390 3493 terlunia
419 3438 771 3507 deserentia,
791 3456 928 3494 cum
956 3455 1182 3510 magno
1206 3440 1622 3501 intestinorum
1645 3463 1804 3502 mur-

132 3543 305 3583 mure
345 3526 405 3582 in
432 3527 699 3583 verenda
723 3545 916 3602 usque
939 3529 1338 3601 erumpebant
1366 3550 1378 3599 ;
1437 3534 1592 3589 unde
1612 3535 1800 3592 nimio

133 3633 393 3673 maerore
425 3617 706 3688 attristus,
740 3623 995 3674 mortem
1049 3635 1203 3691 saepe
1257 3621 1490 3690 orabat,
1540 3640 1616 3680 ne
1672 3626 1801 3681 hch

132 3711 439 3779 pateretur
467 3706 709 3763 diutius.
740 3710 878 3763 Post
922 3708 1180 3764 multum
1221 3725 1358 3766 vero
1409 3715 1669 3785 tempus,
1726 3717 1800 3772 de

131 3795 319 3851 milite
349 3795 536 3868 pedes
566 3795 777 3860 factus,
807 3793 1112 3853 consciam
1143 3798 1340 3854 morbi
1363 3816 1612 3858 uxorem
1653 3805 1800 3861 allo—

131 3885 340 3959 quitur
375 3903 387 3953 ;
422 3886 496 3958 [ει]
529 3886 700 3956 cujus
726 3887 973 3942 consilio
1006 3892 1211 3958 tectus,
1264 3895 1484 3946 sanctae
1518 3893 1669 3949 Fidis
1696 3895 1800 3951 de-

129 3974 349 4031 liberat
381 3977 783 4048 expetendum
810 3993 992 4049 super
1010 3977 1125 4033 hoc
1151 3978 1532 4037 beneficium.
1569 3985 1801 4041 Muliere

134 4063 467 4120 reluctante
489 4069 545 4120 et
575 4065 764 4122 multa
793 4065 1130 4136 objiciente,
1163 4067 1257 4122 ille
1307 4076 1664 4144 conceptam
1694 4091 1799 4147 pe-

131 4155 289 4226 ragit
317 4155 709 4224 voluntatem,
735 4173 803 4213 ac
855 4157 939 4213 ita
970 4164 1244 4215 sanctam
1297 4160 1442 4217 adiit
1487 4163 1796 4235 virginem.

133 4245 322 4315 Cujus
362 4249 499 4300 ante
551 4246 1020 4303 sacratissimum
1079 4264 1300 4321 corpus
1357 4249 1610 4308 devotus
1666 4271 1801 4326 pro-

131 4333 450 4400 cumbens,
492 4351 602 4407 pro
632 4352 753 4409 quo
784 4341 1048 4405 venerat,
1080 4355 1220 4394 cum
1249 4339 1532 4412 lacrymis
1583 4345 1801 4417 saepius

132 4423 487 4493 ingeminat,
518 4441 586 4480 ac
641 4443 751 4498 pro
802 4426 992 4483 salute
1048 4428 1377 4486 obtinenda
1408 4434 1802 4503 propensiora

134 4512 331 4568 fundit
351 4515 720 4586 precamina.
758 4517 1037 4589 Sequenti
1067 4535 1206 4575 vero
1261 4525 1434 4576 nocte
1472 4526 1608 4577 ante
1636 4539 1804 4579 sanc-

135 4607 263 4657 tum
293 4604 674 4660 mausoleum
705 4605 971 4678 virginis,
1029 4613 1163 4680 post
1215 4609 1556 4666 orationum
1610 4613 1807 4669 studia

134 4691 479 4766 depressus,
507 4694 670 4751 videt
709 4695 820 4751 sibi
850 4701 1123 4753 sanctam
1153 4704 1480 4771 martyrem
1508 4702 1802 4772 assistere,

135 4787 192 4838 et
217 4782 398 4855 quasi
422 4783 874 4842 subverecundo
907 4787 990 4858 (ut
1009 4803 1142 4843 mos
1168 4793 1256 4845 est
1283 4789 1636 4862 virginibus)
1667 4808 1805 4849 eum

136 4870 363 4944 alloqui
423 4888 699 4930 sermone
744 4892 756 4928 :
820 4897 846 4925 ‹‹
893 4877 1205 4932 Dormisne
1233 4877 1261 4932 ?
1316 4877 1587 4950 inquam.
1619 4899 1649 4931 ››
1695 4882 1806 4947 Qui

136 4977 276 5016 cum
308 4977 370 5017 se
396 4961 658 5020 dormire
689 4965 1114 5037 respondisset,
1149 4965 1325 5022 beata
1361 4967 1524 5036 virgo
1563 4969 1643 5025 ita
1664 4987 1803 5027 eum

136 5048 321 5105 fando
360 5052 779 5125 prosequitur:
815 5077 841 5104 «
870 5055 1033 5111 Scias
1067 5071 1184 5122 me,
1207 5055 1483 5128 inquam,
1515 5057 1804 5116 hactenus

133 5138 383 5198 minime
418 5139 604 5196 fuisse
662 5142 1101 5216 interpellatam
1150 5159 1260 5217 pro
1291 5145 1712 5216 hujuscemodi
1740 5166 1802 5205 re

136 5231 198 5282 ut
224 5228 339 5284 ista
366 5233 455 5284 est
481 5245 594 5302 pro
624 5247 748 5304 qua
769 5237 973 5289 nostra
1006 5233 1286 5289 sollicitas
1320 5233 1628 5306 suffragia,
1663 5254 1802 5294 cum

134 5333 206 5373 ex
222 5317 472 5374 diversis
500 5320 731 5376 morbis
763 5321 962 5379 valida
993 5322 1344 5379 contulerim
1393 5324 1643 5394 agridia.
1689 5328 1802 5383 Sed

134 5421 207 5462 ne
235 5407 487 5462 omnino
517 5408 656 5464 hinc
685 5409 1062 5467 inconsultus
1110 5413 1312 5484 abeas,
1363 5430 1494 5487 quae
1525 5414 1629 5470 tibi
1659 5415 1804 5472 ﬁent

135 5493 472 5552 salubriora
501 5497 712 5568 paucis
740 5499 1047 5580 advertere
1077 5503 1414 5575 expediam.
1445 5503 1604 5558 Nosti
1634 5503 1802 5560 illum

132 5583 235 5655 qui
275 5595 444 5640 tuam
483 5584 690 5642 incolit
745 5588 1048 5658 viciniam,
1086 5591 1324 5647 fabrum
1380 5592 1798 5648 ferrarium?»

133 5673 241 5736 Qui
266 5688 409 5730 cum
442 5673 560 5730 sibi
584 5677 829 5733 nomine
850 5683 905 5735 et
922 5678 1068 5735 facie
1092 5679 1245 5736 bene
1269 5685 1479 5738 notum
1509 5697 1638 5739 esse
1667 5682 1804 5739 sub-

133 5757 452 5832 intulisset,
492 5780 705 5823 rursus
735 5768 947 5824 eadem
977 5768 1184 5840 virgo:
1234 5791 1263 5824 ‹‹
1301 5770 1494 5839 Illum,
1526 5771 1800 5844 inquam,

1906 509 2020 581 leo,
2054 529 2126 570 ex
2157 533 2281 588 quo
2314 523 2578 580 candens
2641 545 2845 586 massa
2875 551 2910 590 a
2949 535 3191 596 fornace
3248 543 3404 602 facta
3437 565 3575 603 con-

1909 603 2197 673 tunditur,
2230 608 2464 666 adnixis
2495 613 2720 671 viribus
2759 636 2907 691 roga
2937 642 3118 698 super
3141 629 3304 688 illam
3335 636 3570 706 passio-

1907 705 2048 747 nem
2080 692 2139 748 in
2161 695 2377 755 incude
2406 703 2686 772 positam,
2743 709 2849 765 tibi
2894 714 3326 777 validissimum
3386 725 3572 783 ictum

1907 778 2148 851 injiciat,
2183 787 2349 857 quod
2381 791 2643 850 celeriter
2669 798 2922 858 salutem
2969 805 3068 861 tibi
3100 810 3361 869 conferet

1910 872 2052 926 tam.
2085 894 2108 920 ››
2143 874 2237 930 His
2266 876 2360 934 ille
2387 882 2603 951 verbis,
2639 889 2932 947 cachinno
2966 894 3304 969 simillimis,
3331 909 3572 978 stupore

1911 957 2090 1016 simul
2110 967 2165 1018 et
2191 965 2588 1029 admiratione
2616 981 3029 1053 praemonitus,
3085 1005 3301 1047 somno
3328 957 3572 1052 abrlum-

1909 1048 2087 1143 pitur,
2120 1057 2176 1107 et
2205 1056 2349 1127 quid
2384 1059 2494 1115 sibi
2528 1064 2656 1119 talis
2690 1068 2834 1124 visio
2867 1048 3147 1132 velit'alto
3178 1048 3571 1143 corde

1909 1136 2152 1196 diutius.
2187 1146 2450 1205 Tandem
2482 1167 2621 1209 vero
2647 1155 2900 1215 domum
2933 1179 3260 1235 regressus,
3290 1172 3571 1232 obfirma-

1912 1230 1970 1282 to
1992 1227 2051 1284 in
2084 1238 2339 1292 mortem
2370 1245 2626 1310 pectore,
2660 1245 2901 1306 fabrum
2931 1257 3307 1332 praedictum,
3331 1266 3570 1322 nemine

1913 1320 2170 1388 conscio,
2208 1328 2570 1401 aggreditur,
2606 1339 2662 1389 et
2717 1353 2848 1409 quae
2879 1341 2992 1397 sibi
3022 1360 3128 1415 per
3178 1356 3452 1409 sanctam
3483 1356 3570 1410 Fi-

1909 1404 2049 1462 dem
2074 1409 2366 1484 imperata
2395 1417 2631 1477 fuerant
2680 1423 2915 1484 intimat
2977 1437 3279 1492 secretius.
3343 1442 3570 1505 Quibus

1908 1493 2002 1551 ille
2035 1500 2272 1570 auditis,
2305 1508 2426 1561 toto
2485 1511 2663 1568 corde
2695 1516 3028 1590 collabitur,
3070 1541 3265 1597 neque
3298 1547 3358 1583 se
3412 1532 3568 1588 hanc

1909 1587 2351 1656 phantasticam
2377 1596 2846 1662 ludiﬁcationem
2892 1611 3020 1679 jam
3047 1620 3320 1672 acturum
3338 1620 3568 1692 jureju-

1909 1677 2101 1734 rando
2127 1685 2454 1742 attestatur.
2492 1713 2515 1738 ‹‹
2545 1694 2746 1758 Crede,
2776 1696 3048 1771 inquam,
3083 1705 3248 1775 mihi,
3301 1709 3564 1778 domine,

2981 1790 3342 1852 luditicantis
3385 1801 3569 1858 verba

1908 1853 2035 1910 haec
2064 1865 2219 1926 sunt,
2248 1879 2507 1934 quorum
2537 1873 2762 1929 monita
2793 1876 2840 1930 si
2863 1880 3138 1937 credulus
3160 1891 3443 1961 prosequi
3474 1909 3568 1948 vo-

3160 1942 3180 1956 ι
3317 1942 3325 1943 ί
3351 1942 3377 1961 ⁷1
3395 1942 3443 1945 “““
3488 1942 3494 1946 ’
3517 1942 3541 1948 ⁷

1907 1942 2108 2015 lueris,
2152 1953 2358 2007 mortis
2390 1959 2503 2011 tuae
2534 1976 2672 2015 reus
2723 1967 2892 2033 argui
2924 1972 3161 2039 poteris.
3209 1979 3328 2046 Ego
3369 1984 3566 2038 tamen

1910 2047 2300 2108 nequaquam
2332 2042 2512 2114 hujus
2547 2049 2809 2107 criminis
2849 2071 2949 2110 ero
2999 2066 3208 2117 auctor
3239 2069 3357 2120 tam
3392 2072 3571 2140 pessi-

1909 2122 2025 2188 mi;
2051 2127 2187 2180 novi
2217 2130 2376 2186 enim
2406 2138 2616 2205 procul
2670 2143 2958 2213 ambiguo
2986 2160 3339 2218 praesentem
3386 2163 3436 2212 te
3477 2160 3568 2214 in-

1909 2226 2145 2269 currere
2174 2224 2429 2275 mortem
2462 2241 2532 2278 ex
2560 2226 2694 2282 hoc.
2725 2249 2753 2280 ‹‹
2788 2235 2893 2288 Cui
2916 2242 2978 2290 ut
3009 2248 3330 2298 excusatus
3359 2247 3566 2318 abiret,

1908 2299 2098 2356 multa
2128 2307 2504 2378 conjectanti,
2535 2317 2801 2374 etmulta
2829 2328 3343 2404 metuparentem,
3374 2334 3421 2388 si
3444 2353 3569 2391 ver-

3011 2385 3030 2398 A
3292 2385 3343 2404 "I
3377 2385 3421 2388 "
3459 2385 3536 2391 ’ν’

1907 2385 2048 2442 bere
2073 2407 2184 2446 suo
2210 2395 2395 2452 vitam
2424 2416 2560 2456 cum
2592 2403 2795 2462 dolore
2827 2410 3038 2480 ﬁniret,
3071 2415 3133 2471 in
3180 2418 3392 2477 faciem
3416 2425 3568 2495 obji-

3027 2476 3034 2480 .
3378 2476 3390 2477 κ
3427 2476 3538 2495 -ηυ-

1909 2476 2102 2548 cienti,
2136 2499 2277 2538 mox
2305 2502 2488 2559 eques
2520 2492 2601 2548 illi
2623 2493 2804 2552 ﬁdem
2837 2499 2977 2556 facit
3023 2505 3169 2561 nihil
3207 2509 3425 2568 horum
3458 2517 3568 2572 sibi

1909 2568 2323 2629 eveniendum.
2375 2579 2526 2642 Quid
2554 2582 2728 2653 plura
2757 2587 2784 2641 ?
2817 2590 3169 2651 Sternuntur
3197 2615 3378 2673 super
3405 2604 3569 2662 incu-

1908 2654 2049 2710 dem
2098 2660 2444 2728 genitalium
2469 2670 2702 2736 turgida
2731 2675 3013 2744 palearia,
3058 2687 3237 2756 atque
3261 2654 3570 2751 citi—estre-

1909 2762 2078 2802 mum
2105 2747 2290 2806 ictum
2344 2767 2759 2828 praeparantur
2809 2768 3088 2827 morbida
3129 2779 3408 2837 verenda.
3454 2786 3569 2841 Sed

1908 2851 2050 2890 mox
2082 2843 2144 2893 ut
2171 2840 2445 2898 adductis
2478 2846 2710 2906 lacertis
2759 2855 3063 2915 sublatum
3110 2863 3172 2918 in
3202 2881 3341 2924 aera
3381 2875 3569 2932 cernit

1908 2922 2273 2984 immensum
2305 2933 2502 2989 mallei
2531 2940 2789 3008 pondus,
2823 2943 3157 3006 incredibili
3189 2971 3410 3024 pavore
3430 2978 3564 3018 con-

1910 3028 2139 3082 cussus,
2161 3023 2314 3075 retro
2345 3025 2660 3096 resupinus
2691 3029 2930 3103 labitur,
2958 3053 3027 3092 ac
3086 3023 3246 3098 velut
3275 3050 3567 3107 exanimis

1830 3127 1869 3183 C
1913 3103 2042 3158 solo
2065 3122 2202 3160 cum
2233 3111 2397 3176 gravi
2429 3112 2661 3183 fragore
2700 3122 3114 3182 membrorum
3165 3136 3566 3206 resupinatur.

1913 3192 2041 3256 Qua
2071 3192 2131 3248 in
2146 3198 2432 3270 praecipiti
2463 3204 2657 3270 ruina,
2691 3209 2960 3268 mirabile
3000 3214 3198 3274 dictu!
3255 3226 3569 3286 confestim

1910 3283 2107 3338 omnis
2145 3285 2247 3341 illa
2275 3287 2691 3352 intestinorum
2713 3299 2975 3358 ebullitio
2995 3305 3077 3361 ita
3105 3307 3350 3369 interius
3380 3333 3574 3374 resor-

1908 3370 2102 3439 betur,
2137 3380 2201 3430 ut
2222 3393 2537 3452 nunquam
2571 3385 2811 3444 ulterius
2833 3391 2892 3446 in
2926 3393 3046 3450 vita
3072 3414 3181 3454 sua
3204 3400 3345 3458 foris
3379 3423 3573 3464 erum-

1909 3477 2050 3534 pere
2081 3465 2394 3524 videretur.
2437 3471 2526 3528 Sic
2561 3474 2654 3531 ille
2695 3494 2805 3533 nec
2836 3486 3096 3542 cauterio
3129 3489 3401 3563 adustus,
3461 3514 3572 3554 nec

1912 3551 2089 3607 ullius
2123 3556 2370 3613 antidoti
2392 3564 2690 3632 amystide
2727 3575 2986 3639 curatus,
3019 3574 3336 3635 incolumis
3363 3587 3570 3658 evasit,

1913 3648 2132 3699 sanctae
2155 3646 2334 3716 Fidis,
2369 3655 2431 3705 ut
2455 3651 2536 3707 ita
2574 3654 2794 3724 dicam,
2823 3659 3023 3735 ludus,
3057 3669 3222 3723 omni
3243 3675 3572 3742 posteritati

1913 3747 2052 3786 cum
2109 3733 2413 3793 alacritate
2472 3741 2613 3796 satis
2673 3733 3100 3808 admirandum
3160 3733 3572 3829 spectaculum

1911 3821 2194 3878 facturus.
2232 3825 2322 3881 Sic
2345 3827 2443 3883 illa
2474 3833 2815 3901 ponderosa
2845 3837 3134 3899 allevatur
3183 3849 3435 3920 sarcina,
3487 3855 3572 3912 sic

1912 3911 2065 3968 dura
2085 3915 2427 3986 reprimitur
2457 3918 2805 3989 ignominia.
2840 3929 2929 3984 Sic
2961 3948 3070 4003 pro
3100 3937 3376 3995 terribilis
3411 3960 3571 3999 mor-

1913 4000 1984 4055 tis
2007 4002 2270 4073 horrore,
2322 4008 2398 4063 ad
2428 4009 2669 4067 laudem
2711 4019 2767 4070 et
2811 4000 3061 4086 gloriam
3095 4033 3313 4083 sanctae
3346 4038 3571 4105 marty-

1912 4090 2012 4160 ris,
2044 4091 2362 4152 ineffabilis
2392 4101 2594 4168 gaudii
2622 4112 2864 4162 curatus
2915 4112 3291 4182 perfunditur
3318 4090 3574 4178 immen-

1916 4181 2102 4238 sitate.
2140 4185 2281 4249 Quae
2315 4203 2406 4242 res
2436 4205 2510 4245 ne
2543 4192 2826 4265 cuiquam
2878 4181 3127 4258 ridiculo
3186 4206 3393 4264 similis
3421 4211 3576 4269 facta

1913 4269 2208 4343 videatur,
2241 4290 2310 4330 ac
2338 4293 2444 4348 per
2474 4279 2588 4336 hoc
2619 4283 2794 4339 nobis
2816 4288 3070 4347 eonﬁcta
3089 4302 3425 4366 respuatur,
3453 4317 3576 4356 non

1916 4360 2250 4418 absurdum
2282 4365 2581 4439 ducimus,
2614 4373 2978 4432 Rodbertum
3001 4384 3426 4454 (Zantojolcnsis
3452 4406 3577 4445 mo-

1840 4483 1883 4536 D
1917 4451 2162 4506 nasterii
2203 4453 2510 4525 abbatem,
2565 4460 2760 4517 virum
2809 4470 3138 4525 reverenda
3193 4475 3404 4530 canitie
3435 4478 3576 4533 satis

1917 4539 2262 4612 honestum,
2291 4544 2352 4598 in
2398 4546 2713 4618 publicum
2745 4553 3072 4626 advocare;
3104 4561 3275 4631 cujus
3311 4566 3574 4622 testimo-

1918 4629 2019 4685 nio
2040 4631 2154 4686 hoc
2184 4632 2359 4688 nobis
2392 4637 2840 4696 manifestatum
2884 4650 2971 4700 est
3023 4649 3188 4718 quod
3240 4653 3570 4725 referimus,

1918 4719 2061 4790 quia
2089 4719 2184 4776 ille
2216 4721 2319 4794 qui
2347 4739 2567 4796 passus
2589 4733 2674 4782 est
2702 4729 2878 4801 longe
2908 4737 3396 4805 positus,nostris
3417 4719 3574 4815 post;

1919 4809 2169 4864 modum
2200 4827 2322 4867 non
2354 4814 2632 4885 apparuit
2657 4817 2982 4877 obtutibus.
3011 4823 3166 4880 Illius
3197 4843 3338 4898 ergo
3369 4809 3447 4887 ab
3473 4849 3574 4889 ore

1916 4899 2256 4970 didicimus,
2284 4901 2388 4974 qui
2419 4919 2538 4958 non
2594 4904 2797 4979 inepta
2853 4910 3214 4981 adulatione,
3255 4933 3378 4973 non
3435 4922 3575 4979 ficta

1916 4989 2263 5046 scurrilitate
2285 5008 2459 5047 aures
2485 4995 2691 5068 populi
2740 4998 2964 5070 palpat,
2999 5003 3102 5057 sed
3133 5005 3372 5062 veritate
3399 5011 3573 5081 quid-

1914 5079 2061 5151 quid
2092 5095 2192 5133 ore
2213 5081 2437 5151 profert
2462 5086 2864 5142 commendat.
2895 5090 3157 5162 Denique
3189 5093 3330 5149 side
3363 5079 3464 5153 tali
3489 5116 3574 5155 re-

1915 5168 2100 5224 latore
2127 5168 2456 5240 dubitatur,
2490 5174 2563 5229 de
2593 5174 2898 5232 beneficiis
2921 5179 3021 5234 Dei
3051 5180 3356 5242 dilfiditur.

2541 5267 2762 5320 CAPUT
2800 5269 2950 5324 XXII.

1911 5350 1997 5404 De
2027 5350 2287 5428 quadam
2312 5358 2593 5428 matrona
2636 5370 2765 5425 qua:
2806 5365 3018 5415 contra
3047 5371 3320 5422 sanctam
3368 5371 3572 5428 Fidem

2209 5423 2385 5490 impie
2414 5439 2616 5494 agens,
2645 5423 3010 5486 mirabiliter
3040 5434 3285 5493 interiit.

1985 5509 2432 5568 Caturcensium
2458 5514 2516 5568 in
2531 5515 2800 5586 partibus
2825 5535 2919 5574 res
2946 5523 3096 5578 mira
3119 5527 3575 5602 contigit,quam

1912 5597 2054 5668 quia
2087 5600 2496 5671 cunctipotens
2549 5608 2699 5660 Deus
2762 5625 2870 5680 pro
2917 5627 3120 5668 amore
3153 5616 3396 5684 virginis
3452 5637 3573 5674 suae

1911 5690 2290 5743 monstruose
2321 5692 2556 5762 operari
2585 5693 2786 5762 voluit,
2819 5697 2958 5756 huic
3004 5702 3256 5774 dignum
3299 5707 3577 5765 ducimus

1911 5773 2413 5848 interponendum
2443 5779 2697 5841 lectioni.
2718 5790 2778 5842 ln
2807 5773 3092 5860 praedicto
3119 5811 3258 5851 vero
3289 5796 3574 5854 territorio
