4584 6370
767 177 865 230 163

1741 176 1796 232 S.
1840 175 2238 232 FULBERTUS
2276 175 2752 235 CARNOTENSIS
2789 175 3188 234 EPISCOPUS.
4073 177 4166 232 164

762 301 1042 352 matrona
1066 295 1348 369 quaedam
1378 301 1506 353 erat
1551 297 1790 369 nobilis,
1823 315 1957 371 quae
1983 302 2086 354 aut
2121 299 2264 372 quia
2291 315 2418 356 mu-
2453 302 2500 358 Α
2530 303 2650 356 toto
2705 316 2952 373 corpore
2996 299 3304 368 emarcuit,
3363 315 3433 358 ac
3471 299 3764 356 horriﬁcis
3819 297 4170 356 stridoribus

760 385 974 441 lierum
997 399 1187 456 genus
1243 401 1480 458 semper
1535 401 1781 442 avarum
1827 386 2060 457 legitur,
2101 390 2204 442 aut
2259 391 2411 442 certe

761 473 1060 530 diabolico
1089 473 1390 541 instinctu,
1423 478 1639 530 terram
1671 478 1889 530 sanctae
1927 475 2203 548 martyris
2253 475 2412 544 agris

762 561 884 618 suis
909 562 1170 618 vicinam
1190 561 1581 620 immoderate
1635 563 1992 637 concupivit,
2051 568 2410 637 arantesque

761 651 1195 707 monachorum
1221 650 1516 707 bubulcos
1539 651 1810 725 plurimis
1835 653 2078 709 affectos
2105 658 2410 708 contume-

759 740 851 796 liis
880 756 916 796 a
932 739 1244 812 jugeribus
1271 740 1511 813 expulit.
1543 741 1817 814 Sequenti
1873 759 2012 798 vero
2041 742 2136 798 die
2167 743 2408 816 prOprio

758 845 1000 886 vomere
1030 845 1100 885 ea
1123 829 1337 900 jugera
1389 845 1588 886 secare
1629 830 1780 900 fecit,
1815 847 2058 904 suaeque
2089 831 2295 887 ditioni
2338 847 2410 887 ea

759 918 1081 990 subjugare
1123 920 1521 994 praesumpsit.
1576 925 1764 993 Atque
1811 920 1892 977 ita
1934 920 2154 977 caalesti
2200 921 2407 976 virtute

759 1014 959 1066 actum
989 1013 1183 1079 estut,
1202 1009 1348 1065 dum
1379 1009 1477 1065 illa
1499 1026 1534 1066 a
1563 1010 1684 1066 suis
1704 1011 1970 1066 terminis
1997 1027 2209 1081 agrum
2239 1010 2406 1067 illum

757 1098 1386 1170 denormarejuberet,
1417 1099 1746 1174 acriterque
1787 1099 2099 1174 insisteret,
2140 1104 2407 1158 actutum

757 1294 2864 1327 Μ

2521 388 2786 458 garriens
2805 389 3098 446 infelicem
3129 389 3396 460 spiritum
3423 405 3564 445 orco
3585 388 3832 444 dimisit.
3859 389 4042 460 Cujus
4074 391 4172 443 ter-

2518 477 2670 534 ribili
2701 477 2860 535 exitu
2889 483 3153 535 aratores
3203 477 3376 534 valde
3424 477 3700 548 exterriti,
3726 477 3937 534 relicto
3982 481 4171 534 aratro

2519 565 2814 636 fugerunt,
2843 583 2912 622 ac
2938 567 2998 622 in
3026 583 3260 622 sommo
3302 565 3513 622 habitu
3551 565 3652 622 vix
3697 565 4015 639 palpantes
4070 565 4171 620 do-

2517 655 2682 710 mino
2713 673 2821 712 suo
2847 672 2974 712 rem
3004 660 3200 712 actam
3221 654 3564 711 retulerunt.
3597 658 3669 710 At
3694 655 3790 710 ille
3819 670 4082 710 moerens
4103 653 4171 709 de

2517 743 2780 799 mulieris
2809 743 3064 814 interitu,
3091 760 3201 816 pro
3246 743 3536 799 cadavere
3585 743 3766 816 misit,
3807 742 4172 816 allatumque

2516 835 2684 889 teme
2706 833 3127 899 condidit.Qua
3147 832 3246 889 tali
3272 831 3455 889 modo
3474 832 3785 900 exstincta,
3815 835 3976 888 terra
4006 849 4172 888 sane-

2517 927 2588 978 ta:
2619 923 2898 994 martyris
2932 926 3054 978 tuta
3080 921 3157 978 ab
3187 921 3472 978 omnibus
3522 921 3832 991 remansit,
3860 925 3920 978 et
3943 921 4005 978 in
4056 939 4172 978 mo-

2516 1011 2848 1067 nachorum
2879 1016 3086 1084 postea
3106 1009 3327 1067 ditione
3347 1009 3554 1082 jacuit.

2865 1309 3088 1324 -ι

2059 1478 2253 1528 ANNO
2301 1478 2558 1528 DOMINI
2607 1477 2865 1527 MXXIX.

1215 1661 2214 1810 SANCTUS
2383 1661 3725 1810 FULBEBTUS

2001 1920 2476 1976 CARNOTENSIS
2519 1919 2907 1976 EPISCOPUS.

1407 2101 1842 2189 NOTITIA
1927 2101 2514 2190 llISTORICA
2595 2095 2724 2188 ET
2803 2101 3505 2188 LITTEBARIA.

1942 2282 2204 2352 (Oudin.,
2237 2282 2459 2351 Script.
2489 2283 2714 2338 Eccles.
2749 2285 2816 2347 ll,
2843 2286 2968 2338 519.

825 2616 880 2671 S.
913 2613 1220 2670 Fulbertus
1254 2615 1632 2670 Carnotensis
1656 2615 2000 2689 episcopus,
2026 2616 2157 2672 vitae
2190 2616 2400 2672 sancti-
2439 2621 2478 2672 Β
2507 2620 2712 2686 Deum,
2741 2617 2802 2672 in
2833 2615 2924 2672 his
2953 2633 3086 2689 quae
3114 2615 3466 2685 ingeruntur
3488 2616 3808 2685 molestiis,
3841 2618 4178 2674 consolatio

751 2703 953 2759 monia
981 2706 1036 2759 et
1063 2703 1392 2758 eruditione
1419 2721 1530 2760 sua
1579 2709 1748 2760 aetate
1806 2705 2196 2772 clarissimus,
2251 2705 2403 2761 Guil-

747 2791 907 2848 lelmi
929 2791 1262 2864 Aquitanici
1291 2792 1460 2847 ducis
1482 2792 1704 2862 favore,
1736 2793 1999 2866 primum
2022 2794 2400 2850 Pictaviensis

750 2882 1022 2938 Ecclesia?
1057 2884 1111 2939 S.
1137 2881 1340 2937 Hilarii
1365 2883 1768 2937 thesaurarius
1784 2882 1998 2951 factus,
2017 2889 2081 2940 ut
2108 2885 2402 2954 fragmen-

747 2976 876 3026 tum
932 2970 1196 3026 Historiaa
1247 2969 1612 3043 Aquitanicae
1660 2971 1852 3026 refert.
1907 2971 2190 3044 Idemque
2237 2973 2398 3043 leges

748 3059 913 3132 apud
955 3059 1321 3114 Ademarum
1371 3059 1782 3115 Cabanensem
1821 3059 1881 3115 in
1915 3061 2222 3118 Chronico.
2257 3061 2402 3116 Insi-

747 3149 880 3220 gnis
909 3148 1032 3204 vita
1060 3153 1117 3204 et
1137 3147 1490 3218 eruditione,
1509 3147 1874 3222 lucernaque
1897 3149 2115 3204 ardens
2145 3167 2180 3207 a
2209 3151 2400 3206 Domi-

747 3256 827 3295 no
853 3238 1122 3294 Ecclesia:
1154 3237 1468 3294 Gallicanae
1526 3237 1888 3294 candelabro
1921 3255 2230 3308 accensus,
2289 3245 2398 3297 Ro-

745 3327 896 3383 herti
935 3327 1090 3395 regis
1144 3325 1644 3394 Christianissimi,
1695 3327 1788 3382 cui
1833 3327 2204 3397 gratissimus
2253 3335 2397 3401 erat,

747 3416 1112 3484 auctoritate,
1147 3415 1524 3471 Carnotensis
1575 3415 1893 3488 episcopus
1921 3421 2056 3490 post
2082 3418 2398 3474 Rodolfum

746 3511 978 3562 creatus
1008 3510 1117 3576 est,
1152 3521 1188 3560 a
1229 3505 1548 3560 Lictberico
1586 3505 2034 3578 archiepiscopo
2085 3512 2140 3562 et
2187 3513 2400 3564 metro-

741 3595 1010 3668 politano
1040 3599 1448 3662 consecratus,
1501 3595 2020 3666 quemadmodum
2075 3595 2201 3669 ipse
2261 3598 2396 3653 Ful-

739 3683 942 3740 bertus
968 3683 1228 3742 afﬁrmat
1255 3682 1505 3756 epistola
1528 3687 1616 3754 23,
1641 3685 1720 3739 ad
1749 3683 2029 3740 eumdem
2064 3703 2076 3740 :
2102 3708 2130 3735 «
2153 3686 2397 3744 Multum

742 3775 964 3830 amoris
988 3779 1168 3846 atque
1193 3773 1510 3839 ﬁdelitatis,
1541 3773 1666 3840 tibi,
1685 3777 1870 3842 Pater,
1905 3791 1999 3830 me
2021 3775 2238 3831 debere
2257 3795 2395 3832 ceu-

744 3881 868 3935 seo,
901 3881 1008 3936 per
1037 3865 1210 3934 cujus
1241 3878 1492 3917 manum
1538 3861 2012 3918 benedictionem
2055 3869 2110 3920 et
2160 3882 2394 3922 sacram

2511 2710 2566 2760 ct
2595 2705 2904 2778 respiratio
2927 2704 3193 2760 funditus
3221 2705 3504 2778 pendent.
3535 2728 3562 2754 ››
3589 2707 3779 2762 Suam
3806 2723 3963 2763 vero
3994 2707 4184 2763 humi-

2509 2793 2733 2850 litatem
2757 2794 2966 2850 astruit
2995 2793 3086 2848 his
3115 2793 3333 2862 verbis,
3363 2793 3618 2867 epistola
3640 2798 3709 2852 68
3741 2795 3826 2852 ad
3867 2796 4188 2852 Odilonem

2511 2884 2792 2939 abbatem
2820 2883 3269 2939 Cluniacensem
3300 2899 3312 2937 :
3347 2907 3373 2932 α
3409 2883 3601 2953 Decet,
3629 2889 3829 2956 pater,
3863 2891 3936 2940 ut
3961 2889 4029 2940 tu
4052 2902 4188 2957 quo-

2509 2989 2626 3046 que
2655 2973 2911 3028 vicissim
2943 2988 3040 3027 me
3068 2976 3236 3028 tuum
3267 2971 3573 3028 servulum
3600 2973 3677 3030 de
3697 2978 3753 3029 te
3784 2974 4187 3046 pendentem,

2511 3065 2683 3132 teque
2714 3077 2834 3116 non
2865 3061 2988 3116 sine
3020 3076 3245 3126 magna
3269 3060 3492 3115 ﬁducia
3516 3064 4189 3133 respectantem,sacris

2508 3149 3030 3204 intercessionibus
3069 3149 3142 3202 ad
3146 3149 3336 3219 juves.
3363 3152 3508 3204 Sum
3528 3149 3690 3206 enim
3709 3150 3902 3207 valde
3941 3152 4186 3208 misera-

2507 3237 2641 3293 bilis
2671 3239 2877 3305 homo,
2910 3237 3014 3310 qui
3036 3253 3174 3293 cum
3203 3237 3283 3293 ad
3312 3238 3624 3310 propriam
3645 3254 3772 3295 non
3807 3239 4185 3296 sufﬁcerem.

2508 3327 2586 3382 ad
2614 3327 2919 3400 publicam
2963 3343 3171 3384 curam
3235 3328 3436 3384 nescio
3479 3343 3602 3402 qua
3655 3345 3767 3399 seu
3809 3330 4072 3386 ratione
4100 3347 4186 3385 seu

2510 3417 2832 3473 temeritate
2861 3415 3186 3490 perductus
3219 3433 3376 3472 sum.
3420 3435 3450 3469 iv
3509 3419 3746 3483 Quanta
3777 3435 3942 3476 vero
3989 3421 4184 3475 amici-

2506 3505 2587 3560 tia
2642 3505 2792 3560 inter
2839 3505 3039 3577 ipsum
3091 3509 3148 3561 et
3195 3503 3510 3561 Odilonem
3561 3504 3944 3579 praedictum
4001 3507 4183 3572 fuerit,

2503 3592 2678 3649 docet
2733 3594 3066 3648 monachus
3113 3592 3432 3666 Sylviniaci
3483 3593 3612 3649 haec
3651 3593 3947 3650 scribens
3981 3595 4050 3652 in
4077 3595 4183 3649 Vita

2507 3681 2818 3738 0dilonis:
2864 3705 2889 3729 ‹‹
2922 3685 3038 3737 Hoc
3093 3680 3337 3736 nomine
3391 3682 3791 3753 (Archangeli
3847 3685 4182 3741 inermiin-

2506 3773 2658 3832 rum)
2691 3771 2975 3826 censebat
3004 3787 3143 3826 eum
3191 3770 3624 3844 appellandum
3656 3771 3717 3826 in
3765 3772 3904 3828 suis
3969 3790 4185 3830 sermo»

2503 3861 2682 3916 nibus
2712 3865 2767 3915 et
2796 3860 3076 3933 epistolis.
3107 3859 3418 3916 Fulbertus
3471 3859 3565 3916 ille
3599 3860 3712 3916 sibi
3762 3863 4183 3934 praecordialis

743 3954 1087 4009 unctionem
1115 3951 1336 4023 accepi.
1361 3970 1390 4002 ιι
1419 3955 1466 4006 ls
1488 3953 2114 4026 autem,episcopalcm
2139 3956 2396 4024 gradum
2437 3973 2477 4026 ρ
2505 3950 2754 4017 amicus,
2780 3950 3154 4006 Carnotensis
3186 3949 3527 4023 episcopus,
3558 3950 3620 4006 in
3674 3952 4021 4010 sanctitate
4079 3954 4184 4010 lau-

745 4044 1090 4110 assccutus;
1117 4039 1412 4095 libertates
1444 4039 1866 4096 ecclesiasticas
1887 4040 2121 4110 egregie
2175 4045 2395 4096 tutatus

745 4135 850 4199 est,
879 4136 944 4186 ut
963 4129 1190 4204 passim
1219 4129 1395 4185 variis
1452 4129 1712 4201 epistolis
1745 4129 2055 4199 signiﬁcat,
2107 4145 2260 4201 quas
2317 4131 2394 4186 ad

743 4220 1054 4294 pontifices
1098 4219 1416 4284 maximos,
1448 4234 1617 4287 reges
1663 4222 1720 4275 et
1771 4218 2084 4291 episcopos
2143 4219 2391 4290 scripsit,

741 4326 999 4384 quarum
1046 4308 1349 4365 nonnullae
1407 4311 1640 4363 exstant
1691 4307 1770 4361 ad
1811 4309 2180 4364 Franconem
2239 4309 2395 4364 Pari-

742 4399 1003 4454 siensem
1030 4396 1366 4470 praesulem,
1397 4397 1484 4451 De
1530 4396 1909 4464 extirpandas
1939 4412 1969 4450 ρ
2014 4413 2196 4452 manu
2233 4399 2391 4454 laica

742 4490 1050 4558 beneﬁciis.
1076 4490 1141 4542 Et
1163 4485 1326 4558 apud
1353 4487 1644 4540 Joannem
1665 4485 1870 4558 pontiﬁ
1881 4501 2009 4540 cem
2069 4487 2390 4543 Maximum

739 4579 994 4649 graviter
1023 4575 1406 4648 conqueritur
1435 4575 1509 4629 de
1563 4574 1817 4630 Rodulfo
1878 4575 2110 4642 comite,
2162 4575 2390 4647 jurium

739 4667 1007 4723 Ecclesiae
1029 4681 1150 4721 sure
1182 4680 1498 4736 pervasore
1522 4663 1828 4733 sacrilego,
1851 4663 2141 4720 auxilium
2157 4671 2393 4738 aposto-

737 4757 917 4814 licum
941 4755 1300 4829 implorans:
1317 4754 1578 4825 Magum,
1597 4753 1806 4826 inquit,
1828 4754 2150 4809 Fulbertus
2167 4762 2220 4810 et
2239 4771 2392 4824 pra?-

737 4847 920 4903 clara:
960 4843 1244 4900 Ecclesice
1271 4843 1533 4912 pusillus
1572 4843 1898 4912 episcopus.
1942 4841 2385 4914 Episcopatum,

735 4939 799 4991 ut
823 4932 1315 5001 diximus,favore
1340 4931 1576 4987 Roberti
1595 4930 1948 5000 regis,cujus
1969 4935 2167 5002 partes
2181 4937 2390 4988 contra

735 5023 1141 5080 Constantiam
1153 5021 1424 5092 reginam
1442 5021 1698 5091 graviter
1711 5024 1966 5076 sectatus
1987 5020 2386 5093 est,adeptum

735 5113 915 5170 fuisse
943 5116 1190 5186 apparet
1209 5128 1284 5167 ex
1312 5109 1565 5184 epistola
1595 5111 1672 5167 ad
1695 5109 1996 5181 eumdem,
2023 5127 2146 5183 qua
2184 5111 2258 5166 de
2281 5114 2387 5167 Go-

735 5203 947 5259 defridi
971 5201 1331 5258 vicecomitis
1354 5201 1627 5256 violentia
1653 5200 1942 5256 adversus
1965 5203 2387 5256 Carnotensem

735 5291 1057 5348 Ecclesiam
1082 5291 1162 5348 sic
1191 5296 1554 5364 conquestus
1583 5295 1671 5346 est
1703 5309 1715 5346 :
1749 5312 1776 5339 «
1801 5290 2078 5345 Pietatem
2119 5295 2379 5346 vestram

737 5398 875 5437 cum
906 5387 1030 5437 tum
1059 5381 1200 5437 ﬂetu
1229 5379 1427 5434 cordis
1464 5385 1519 5434 et
1548 5379 1763 5436 mentis
1788 5395 1984 5450 genua
2015 5378 2153 5435 ﬂexi
2181 5395 2384 5451 preca-

736 5467 1215 5537 mur,succurrite
1233 5471 1452 5520 sanctae
1467 5467 1562 5522 Dei
1585 5467 1833 5523 Genitris
1851 5465 2244 5536 Ecclesiae,cui
2265 5482 2375 5522 nos

735 5557 939 5615 tideles
967 5559 1192 5613 vestros
1213 5558 1507 5625 quantum
1530 5572 1878 5628 possumus,
1917 5556 2052 5611 licet
2078 5556 2376 5626 indignos,

735 5662 994 5718 praeesse
1003 5643 1266 5700 voluistis
1287 5659 1301 5710 ;
1329 5657 1584 5713 quorum
1605 5662 1642 5702 ει
1667 5646 1832 5703 vobis
1845 5647 2226 5704 solummodo
2243 5651 2383 5719 post

2504 4040 2742 4104 dabilis,
2769 4039 2830 4095 in
2861 4040 3153 4112 sapientia
3181 4039 3494 4108 mirabilis,
3513 4041 3574 4096 in
3605 4039 3784 4113 cujus
3814 4049 4035 4100 morte
4077 4051 4185 4098 stu.

2504 4130 2671 4185 dium
2698 4129 3088 4202 philosophiae
3129 4129 3192 4185 in
3249 4129 3501 4186 Francia
3521 4129 3712 4202 periit,
3748 4137 3807 4187 et
3867 4132 4084 4202 gloria
4114 4150 4185 4188 sa-

2504 4219 2811 4274 cerdotum
2836 4235 2990 4292 pene
3033 4219 3272 4275 decidit.
3319 4241 3344 4268 ››
3413 4219 3587 4285 Quod
3633 4225 3842 4277 autem
3911 4223 4183 4280 nonnull;

2503 4324 2641 4364 eum
2681 4308 2916 4364 Roberti
2961 4309 3118 4378 regis
3167 4308 3346 4364 fuisse
3392 4307 3828 4366 cancellarium
3890 4313 4182 4370 scribunt.

2502 4397 2872 4470 probationis
2897 4397 2958 4452 in
2987 4398 3350 4454 documento
3397 4398 3757 4464 destituitur,
3787 4418 3948 4458 cum
3983 4421 4182 4458 revera

2500 4487 2698 4558 potius
2752 4486 3142 4542 cancellarius
3184 4491 3417 4542 tantum
3457 4489 3848 4545 Carnotensis
3907 4492 4181 4548 Ecclesia-

2501 4576 2691 4632 fuerit.
2721 4579 2898 4632 Porro
2949 4593 3088 4632 cum
3121 4592 3282 4632 anno
3313 4581 3448 4633 1020
3478 4577 3624 4633 urbs
3653 4583 3710 4633 et
3742 4578 4022 4638 basilica
4055 4599 4181 4638 cou-

2497 4664 2874 4737 ﬂagrassent,
2927 4666 3325 4722 fundamenta
3383 4665 3644 4723 ecclesiae
3697 4668 3804 4723 Dei
3871 4672 4181 4728 Gemtricis

2499 4753 2808 4810 Fulbertus
2827 4753 2988 4824 jecit,
3037 4753 3436 4827 eamdemque
3480 4753 3635 4810 miro
3663 4752 3926 4827 lapideo
3961 4759 4179 4815 fornice

2498 4848 2554 4898 et
2585 4842 2856 4900 tabulatu
2894 4843 3172 4916 perfecit;
3234 4859 3357 4916 quo
3404 4843 3652 4916 quidem
3705 4843 3954 4916 insigni
4013 4863 4178 4922 opere

2495 4932 2866 5004 praecipuam
2897 4932 3056 5006 apud
3089 4936 3362 5004 posteros
3387 4931 3652 4988 nominis
3685 4933 3784 4988 sui
3803 4937 4180 5010 propagavit

2497 5019 2746 5091 famam,
2758 5021 3044 5094 pecunias
3062 5019 3481 5094 suppeditante
3504 5020 3812 5095 imprimis
3843 5026 4180 5098 Anglorum

2495 5124 2652 5178 rege.
2687 5111 2806 5164 Hoc
2827 5108 3114 5165 discimus
3153 5125 3228 5165 ex
3273 5107 3574 5168 Willelmo
3625 5109 4178 5172 Malmesburiensi.

2493 5197 2576 5253 lib
2602 5213 2639 5251 ιι
2671 5199 2748 5254 De
2780 5198 2960 5268 gestis
2984 5197 3335 5269 Anglorum,
3369 5197 3460 5254 his
3496 5198 3695 5256 verbis
3729 5219 3743 5257 :
3796 5223 3834 5256 ‹
3867 5205 4012 5260 Rex
4041 5208 4180 5262 Cnu-

2423 5323 2465 5377 D
2495 5292 2552 5343 to
2583 5287 2662 5343 ad
2685 5288 3114 5344 transmarinas
3145 5287 3439 5344 Ecclesias
3454 5288 3750 5362 pecunias
3774 5293 4181 5358 mittensmn-

2489 5375 2650 5432 xime
2674 5378 2998 5432 Carnotum
3018 5377 3248 5445 ditavit,
3263 5376 3366 5434 ubi
3397 5382 3538 5434 tunc
3557 5377 3829 5438 ﬂorebat
3859 5382 4177 5440 Fulbertus

2491 5467 2832 5540 episcopus,
2863 5467 2924 5522 in
2964 5466 3271 5523 sanctitate
3299 5471 3354 5522 et
3386 5465 3788 5541 philosophia
3822 5472 4175 5530 nominatis-

2492 5555 2700 5611 simus.
2732 5555 3010 5622 Quiinter
3037 5560 3251 5612 cratera
3273 5555 3584 5611 industriae
3616 5573 3747 5614 suae
3781 5561 4172 5621 documenta.

2491 5646 2762 5704 Ecclesiae
2791 5646 3053 5704 dominae
3075 5650 3294 5704 nostrae
3323 5650 3543 5705 sancta
3573 5649 3812 5724 latim,
3845 5655 4169 5736 ergme
4207 5663 4210 5736 λ
