3952 6386
467 261 560 314 lit
1441 254 1496 309 S.
1543 250 1940 309 FULBERTUS
1981 247 2463 306 CARNOTENSIS
2503 247 2900 306 EPISCOPUS.

3813 250 3921 304 l7!

457 379 646 456 .Sigon
674 379 772 451 (3),
805 376 909 452 qui
937 376 1054 450 prit
1082 376 1208 432 soin
1241 376 1316 433 de
1347 393 1440 432 ses
1470 375 1828 432 funerailles.
1864 373 1977 447 11y
2024 375 2114 430 est
2151 379 2198 430 Α
2231 376 2426 428 entrer
2473 371 2630 428 dans
2681 371 2768 427 les
2811 369 3045 427 litanies
3071 369 3180 425 des
3237 371 3426 427 saints
3482 369 3559 427 de
3605 385 3724 428 son
3777 369 3922 428 dio-

463 472 735 542 marque,
749 466 980 540 qu’ilgo
989 466 1449 537 uvernal’eglise
1465 466 1540 522 de
1561 467 1834 523 Chartres
1850 465 2121 536 vingt-un

463 576 573 616 ans
603 562 660 615 et
685 557 865 614 demi.
902 560 979 613 De
1007 573 1103 612 ces
1134 556 1224 612 six
1251 557 1407 612 mois
1435 572 1804 629 prenons-en
1850 555 2011 610 deux
2066 557 2124 610 et

460 647 629 718 vingt
649 648 818 718 jours
846 661 1002 718 pour
1031 644 1276 725 remplir
1297 645 1531 700 l’année
1577 648 1731 714 I007,
1773 649 1808 700 a
1865 641 2121 716 laquelle

462 737 549 792 fut
578 735 847 792 ordonné
868 733 921 790 le
945 734 1100 791 saint
1119 735 1367 807 échue,
1397 731 1437 789 il
1465 738 1686 789 restera
1717 733 1991 802 vingt-un
2009 746 2120 788 ans

463 825 604 881 trois
623 824 776 880 mois
805 829 862 880 et
886 823 985 879 (lix
1005 823 1195 894 jours,
1228 821 1332 895 qui
1358 823 1542 894 joints
1564 826 1778 890 81007,
1809 837 1962 878 nous
1980 835 2120 878 con-

461 915 703 970 duiront
729 930 807 970 au
836 912 1092 968 dixit-me
1123 911 1335 968 d’avril
1360 916 1516 969 1029.
1549 913 1696 969 C'est
1725 912 1883 968 done
1915 916 1950 967 εὶ
1972 915 2118 967 cette

461 1001 742 1059 année—la
768 1001 912 1075 qu’il
942 1001 1069 1058 faut
1096 1005 1408 1074 rapporter
1436 1000 1495 1057 la
1536 1005 1696 1056 mort
1737 1001 1812 1056 de
1862 997 2115 1056 Fulbert.

460 1095 619 1148 Nous
649 1094 1020 1146 soumettons
1049 1088 1372 1145 volontiers
1403 1094 1548 1146 cette
1579 1088 1916 1145 discussion
1953 1088 2120 1145 chro-

456 1179 1110 1252 nologique,quinous
1138 1193 1175 1234 a
1203 1193 1358 1251 paru
1407 1179 1760 1247 nécessairc,
1814 1193 1894 1235 au
1945 1179 2118 1250 juge-

456 1273 622 1325 ment
650 1269 732 1324 du
761 1267 997 1324 dcrnier
1021 1266 1514 1340 supplementeur
1542 1267 1616 1324 de
1647 1267 1870 1336 Moréri,
1924 1267 2030 1341 qui
2083 1283 2120 1324 a

457 1358 628 1413 mehe
659 1357 733 1412 (18
763 1356 822 1412 la
853 1360 1222 1429 transporter
1252 1361 1288 1412 a
1317 1357 1550 1412 l‘annee
1581 1357 1957 1430 précédente.

529 1446 764 1504 Fulbert
785 1446 874 1502 fut
901 1449 1131 1502 enterre
1170 1445 1326 1503 dans
1351 1445 1574 1517 l’église
1613 1446 1688 1502 de
1728 1445 2006 1519 l'abbaye
2042 1442 2117 1502 de

457 1537 813 1604 Saint-l’ere,
845 1538 927 1592 ou
951 1535 1254 1608 plusieurs
1283 1535 1358 1592 de
1413 1552 1507 1591 ses
1551 1535 2007 1608 prédécesseurs
2063 1541 2120 1593 et

455 1629 652 1682 autres
682 1625 902 1698 prelats
931 1625 1173 1681 avaient
1196 1627 1285 1680 éte
1315 1624 1455 1696 deja
1478 1624 1760 1680 inhumés
1789 1626 1975 1696 (FULB.
2025 1641 2114 1694 ep.

450 1731 550 1786 pr.
583 1731 644 1788 p.
676 1719 729 1771 2.
763 1719 793 1771 3
830 1733 844 1783 ;
881 1717 1052 1771 ΕΔΜ..
1086 1713 1232 1771 Chr.
1279 1715 1400 1772 Vel.
1429 1718 1468 1770 t.
1503 1717 1570 1784 ll,
1623 1729 1684 1786 p.
1732 1717 1858 1786 486,
1917 1713 1976 1786 ι.)
2030 1716 2120 1771 0n
2157 1735 2198 1788 Β

454 1805 654 1876 erigea
706 1820 781 1860 en
837 1821 907 1860 sa
961 1803 1251 1861 memoire
1280 1804 1440 1860 dcux
1475 1803 1784 1876 epitaphes
1820 1803 2014 1860 :l’une
2045 1818 2120 1858 en

453 1910 653 1968 prose,
684 1893 786 1966 qui
815 1898 907 1949 est
929 1892 1122 1966 plutOt
1162 1909 1246 1949 un
1299 1893 1468 1962 éloge
1526 1892 1747 1962 abrége
1791 1909 1948 1966 pour
2000 1895 2119 1949 etre

453 1984 650 2041 insere
679 1983 832 2041 dans
857 1983 944 2040 les
979 1982 1346 2052 nécrologes,
1377 1987 1435 2038 et
1463 1981 1670 2038 l'autre
1701 1997 1775 2038 en
1809 2000 1958 2040 vers.

985 2079 1252 2130 ἐριτΑΡιιε
1292 2090 1357 2129 EN
1397 2090 1590 2130 PROSE.

453 2169 634 2223 Anno
665 2165 740 2222 ab
770 2165 1192 2221 incarnatione
1245 2164 1490 2219 Domini
1527 2164 1891 2235 MXXVIII,
1945 2179 2002 2218 III
2027 2162 2119 2218 Id.

529 2256 755 2325 April.,
792 2253 938 2310 obiit
965 2253 1218 2310 dilectus
1273 2254 1392 2308 Deo
1449 2257 1503 2308 et
1549 2253 1886 2308 hominibus
1937 2253 2126 2310 Pater

527 2350 728 2402 noster
757 2343 1112 2401 veneranda:
1139 2342 1437 2398 memoria:
1473 2341 1818 2409 Fulbertus,
1850 2357 1961 2398 sua
1988 2347 2126 2397 tem-

521 2441 752 2507 pestate
779 2433 1128 2504 pontiﬁcum
1160 2432 1358 2498 decus,
1396 2431 1506 2488 lure
1539 2433 1849 2501 praeclara
1900 2431 2125 2488 mundo

529 2543 567 2584 a
599 2528 719 2582 Deo
751 2524 898 2581 data
915 2535 1252 2593 pauperum
1272 2521 1697 2592 substcntator,
1721 2521 2122 2578 desolatorum

528 2614 892 2682 consolator,
917 2611 1276 2682 praedonum
1304 2616 1358 2666 et
1401 2612 1706 2667 latronum
1758 2612 2123 2680 refrenator,

530 2703 625 2759 vir
649 2702 1164 2774 eloquentissimus
1194 2705 1246 2756 et
1278 2701 1754 2770 sapientissimus
1787 2705 1909 2756 tam
1939 2701 2002 2755 in
2032 2699 2124 2755 di-

529 2793 680 2848 vinis
707 2807 883 2864 quam
912 2791 971 2846 in
1007 2790 1348 2846 liberalium
1377 2790 1602 2846 artium
1646 2789 1837 2844 libris.
1883 2790 1998 2856 Qui
2045 2789 2127 2845 ad

532 2881 1033 2938 restaurationem
1059 2880 1258 2936 sancti
1286 2879 1495 2948 templi
1513 2893 1641 2934 sure
1657 2878 1941 2945 diceresis,
1967 2879 2127 2950 quod

533 2973 657 3039 ipse
703 2975 835 3038 post
861 2968 1202 3024 incendium
1230 2982 1266 3022 a
1292 2968 1710 3038 fundamentis
1762 2968 2128 3037 resedi/icore

2273 466 2383 518 888.

2230 479 2383 518 8888.

2303 552 2408 606 Les
2438 553 2681 606 auteurs
2711 549 2795 605 du
2825 547 2999 604 818818
3053 547 3128 604 de
3183 547 3438 617 Fulbert,
3493 554 3550 605 et
3595 565 3752 606 ceux
3803 549 3922 605 des

2229 639 2519 708 suivants,
2553 643 2688 696 sont
2716 638 2910 712 pleins
2943 638 3204 709 d’eloges
3229 637 3403 712 qu’ils
3432 638 3704 696 donnent
3763 642 3919 708 éga-

2227 727 2453 785 lement
2479 733 2515 784 o.
2545 727 2605 784 la
2627 727 2874 783 sainteté
2895 726 2970 782 de
3003 743 3069 782 sa
3096 727 3188 782 vie
3219 730 3276 783 et
3305 730 3340 782 a
3373 743 3442 784 sa
3485 727 3762 784 doctrine
3819 727 3919 783 lu-

2227 813 2523 883 mineuse,
2556 817 2592 868 a
2642 828 2753 868 son
2800 811 3098 867 eminente
3144 815 3315 866 vertu
3365 814 3423 868 et
3472 815 3508 867 ὁ.
3566 828 3633 869 sa
3669 811 3917 884 grande

2227 896 2545 953 eruditiori.
2581 897 2621 952 Il
2643 896 2822 952 serait
2850 900 2982 968 trop
3003 895 3166 966 long,
3187 899 3244 950 et
3264 897 3552 968 peut-étre
3573 911 3916 969 ennuycux

2227 985 2302 1041 de
2326 985 2410 1042 les
2431 990 2744 1059 rapporter
2771 985 2864 1041 ici.
2896 985 3035 1040 L’on
3095 1001 3170 1040 en
3214 990 3358 1058 peut
3393 985 3522 1040 voir
3573 985 3914 1058 quelques-

2227 1092 2342 1132 uns
2399 1081 2434 1130 ἐι
2487 1075 2546 1132 la
2603 1078 2714 1131 tete
2771 1075 2880 1131 des
2933 1073 3188 1130 editions
3220 1075 3294 1130 de
3332 1092 3426 1131 ses
3455 1090 3784 1146 ouvrages,
3831 1077 3916 1130 ou

2223 1164 2346 1221 l’on
2373 1165 2510 1220 n’en
2539 1181 2577 1221 a
2606 1163 2776 1238 copie
2805 1164 3028 1238 qu’une
3059 1163 3268 1234 partie.
3315 1167 3389 1220 Ce
3418 1164 3524 1236 qui
3582 1163 3919 1222 contribua

2226 1271 2443 1310 encore
2473 1254 2794 1326 beaucoup
2823 1257 2860 1310 a
2889 1253 3105 1310 rendre
3136 1253 3365 1310 celebre
3396 1253 3448 1309 le
3478 1270 3624 1311 nom
3654 1253 3733 1310 de
3775 1253 3918 1310 Ful-

2223 1344 2377 1415 bert,
2401 1344 2489 1401 fut
2516 1344 2569 1400 le
2601 1343 2797 1415 grand
2818 1343 3072 1400 nombre
3099 1343 3173 1400 de
3198 1343 3478 1417 disciples
3505 1343 3649 1417 qu'il
3697 1342 3914 1400 forma

2225 1451 2347 1492 aux
2376 1433 2574 1490 lettres
2601 1438 2658 1490 et
2689 1438 2724 1490 ὲ.
2750 1433 2808 1491 la
2837 1433 3011 1507 piété.
3042 1433 3085 1490 ll
3114 1434 3216 1506 n’y
3263 1437 3362 1491 eut
3419 1437 3600 1506 gnere
3651 1432 3912 1504 d'eglise

2225 1541 2301 1581 en
2333 1527 2574 1593 France,
2607 1523 2710 1596 qui
2734 1523 3041 1580 n’eussent
3071 1523 3402 1597 quelqu'un
3426 1523 3501 1579 de
3533 1540 3628 1580 ses
3677 1523 3910 1578 eleves.

2226 1614 2300 1670 lls
2331 1630 2393 1669 se
2423 1613 2810 1687 répandirent
2834 1615 3033 1670 meme
3064 1629 3139 1670 en
3163 1613 3323 1670 Italic
3351 1617 3407 1670 et
3427 1629 3500 1670 en
3522 1612 3910 1683 Allemagne,

2227 1705 2308 1760 ou
2338 1703 2410 1759 ils
2438 1706 2742 1776 porterent
2765 1703 2824 1760 la
2852 1701 3121 1760 doctrine
3142 1703 3218 1759 de
3266 1703 3396 1759 leur
3449 1705 3682 1759 maitre.
3735 1705 3912 1758 Nous

2227 1807 2417 1848 avons
2437 1791 2542 1848 fait
2569 1790 2810 1848 ailleurs
2841 1791 3298 1848 l’énumération
3329 1791 3436 1848 des
3467 1790 3603 1865 plus
3638 1805 3909 1848 connus.

2228 1881 2271 1938 ll
2299 1899 2340 1954 y
2371 1881 2499 1938 faut
2527 1881 2762 1952 ajouter
2792 1881 3014 1938 Gerard
3044 1884 3210 1948 (Mu.
3237 1881 3338 1952 ib.,
3384 1886 3424 1938 t.
3486 1881 3598 1954 I1I.,
3656 1897 3720 1954 p.
3772 1884 3910 1946 371,

2227 1983 2288 2023 n.
2345 1966 2420 2038 9),
2479 1965 2692 2038 depuis
2754 1965 2910 2022 abbé
2963 1965 3038 2022 de
3089 1965 3602 2035 Saint-Vandrille,
3655 1981 3742 2021 un
3795 1963 3911 2019 des

2229 2055 2454 2127 grands
2483 2059 2829 2112 ornements
2861 2054 2936 2111 de
2960 2054 3176 2112 l’ordre
3207 2055 3592 2128 monastique
3649 2070 3729 2110 en
3793 2069 3913 2109 son

2231 2143 2427 2213 siecle,
2461 2147 2518 2200 et
2543 2143 2826 2212 Bernard,
2859 2145 3070 2200 maitre
3099 2143 3323 2200 d’ecole
3353 2143 3642 2212 d’Angers
3679 2143 3826 2214 (An.
3869 2147 3910 2198 t.

2231 2236 2318 2304 IV,
2376 2248 2518 2304 app.
2569 2249 2632 2306 p.
2691 2237 2816 2302 763,
2879 2233 2951 2303 I),
2993 2231 3097 2305 qui
3127 2231 3306 2289 dedia
3336 2236 3372 2288 ὲ,
3403 2248 3514 2288 son
3543 2234 3764 2289 maitre
3795 2248 3913 2288 son

2230 2322 2373 2379 ecrit
2399 2338 2503 2377 sur
2531 2321 2618 2378 les
2643 2320 2921 2378 miracles
2943 2320 3019 2377 de
3065 2321 3256 2378 sainte
3308 2320 3405 2377 Foi
3447 2337 3592 2377 avec
3648 2337 3716 2378 ce
3773 2321 3913 2376 titre

2231 2411 2500 2482 glorieux
2523 2415 2560 2467 a
2589 2427 2656 2467 sa
2683 2411 2972 2467 memoire
3006 2430 3019 2467 :
3052 2412 3444 2468 Sanctissimo
3482 2417 3662 2482 atque
3715 2411 3916 2467 homi-

2231 2517 2376 2558 num
2407 2501 2745 2558 doctissimo
2766 2501 3052 2557 Fulberto
3085 2500 3424 2557 Carnoteno
3444 2501 3738 2570 episcopo.
3762 2500 3915 2555 L’on

2231 2607 2305 2647 ne
2338 2594 2482 2664 peut
2505 2589 2708 2647 mieux
2737 2589 2882 2646 faire
2913 2591 3308 2663 comprendre
3364 2590 3450 2646 les
3506 2589 3733 2662 grands
3785 2605 3913 2646 ser-

2231 2681 2391 2738 vices
2420 2696 2538 2754 que
2568 2678 2805 2736 Fulbert
2833 2679 3028 2735 rendit
3053 2679 3168 2736 ala
3191 2683 3413 2736 France
3429 2694 3504 2735 en
3531 2677 3908 2754 particulier,

2233 2774 2359 2827 tant
2382 2785 2494 2844 par
2516 2785 2583 2825 sa
2607 2768 2875 2825 doctrine
2905 2785 3024 2842 que
3057 2785 3165 2842 par
3191 2768 3509 2826 l'honneur
3531 2767 3676 2842 qu'il
3716 2766 3787 2824 ﬁt
3827 2783 3913 2824 au

2232 2858 2550 2914 sacerdoce
2609 2857 2684 2913 de
2727 2857 3139 2925 Jésus—Christ,
3198 2858 3381 2930 qu'en
3436 2860 3798 2930 rapportant
3849 2855 3908 2912 la

2233 2945 2452 3017 pensee
2479 2943 2624 2998 d’un
2655 2946 2867 2999 auteur
2889 2941 3368 3014 comtemporain
3401 2943 3552 3014 (Act.
3588 2946 3626 2998 t.
3659 2943 3805 3011 VIII,
3845 2958 3904 3015 p.

535 3028 816 3128 cleperat,
849 3057 1062 3113 bonam
1091 3028 1322 3126 partem
1357 3057 1500 3113 auri
1526 3057 1623 3111 sui
1643 3064 1698 3112 et
1746 3028 1989 3127 argenti
2041 3073 2129 3114 re-
2167 3093 2206 3144 η
2237 3038 2456 3144 686"";
2484 3032 2714 3144 “1),;qu
2752 3048 2826 3088 ne
2848 3030 3087 3144 ίδίίιΡίξδ
3113 3030 3398 3144 Ἧξίίξδξλίίθ
3427 3031 3503 3088 de
3685 3028 3910 3144 (Ιηζίῇξδ

547 3119 722 3220 tul-uit
753 3119 814 3206 et.
857 3119 1194 3216 disciplinis
1214 3163 1285 3203 ac
1339 3147 1650 3216 sapientia
1705 3119 1895 3204 radiis
1950 3149 2126 3204 illum
2167 3119 2206 3146 Η
2235 3121 2496 3220 Πιολξί,ἀ⁰
2521 3127 2614 3220 ἒίῖί
2637 3120 3601 3220 ῘιίῖηἶωθξὶάξξξίνέωθΓὲωθΨῖῘῗ
3625 3123 3686 3176 la
3714 3119 3910 3220 Ph?“

545 3239 742 3295 locum
797 3237 1168 3293 illuminavit
1218 3241 1272 3292 ct
1326 3237 1558 3292 clen'cis
1589 3237 1710 3292 suis
1755 3239 1950 3295 multa
1977 3238 2130 3295 bona

531 3328 698 3398 fecit.

996 3413 1264 3468 Epirum:
1284 3427 1354 3466 BN
1397 3427 1558 3468 vens.

537 3497 718 3565 Quem
753 3497 864 3554 tibi
891 3497 1176 3553 Carnotis
1206 3497 1491 3553 concessit
1517 3496 1657 3566 fons
1685 3496 1986 3570 bonitatis,

604 3588 908 3644 Doctrina:
929 3586 1185 3656 [luvium
1216 3586 1478 3656 duplicis
1527 3588 1852 3658 egregium.

532 3680 892 3748 Pontiﬁcum
914 3677 1102 3742 sidus,
1122 3677 1450 3733 Fulbertus
1468 3677 1746 3748 fulgidus
1785 3683 1926 3735 actu

617 3769 797 3824 Vestis
811 3767 1204 3836 pauperibus,
1231 3766 1418 3822 victus
1451 3771 1502 3820 ct
1525 3767 1820 3822 assiduus.

534 3857 859 3912 Inclausus
880 3858 1046 3923 jacet
1066 3854 1184 3923 hic,
1211 3856 1412 3924 factus
1434 3857 1507 3912 de
1543 3857 1794 3925 pulvere
1819 3857 2043 3926 pulvis,

606 3943 684 3998 Et
715 3944 1110 4012 praestolatur
1137 3957 1384 4014 surgere
1408 3960 1540 4000 cum
1569 3945 1837 4015 reliquis.

547 4033 847 4088 Virtutum
886 4032 1104 4102 cultor,
1134 4033 1413 4088 vitiorum
1461 4034 1876 4104 mortiﬁcator,

607 4117 968 4172 Auxitiante
992 4121 1128 4188 Deo,
1157 4119 1445 4186 praestitit
1472 4133 1509 4173 a
1528 4133 1737 4188 puero.

536 4202 640 4257 Bis
665 4201 846 4257 denos
871 4216 1080 4269 annos,
1113 4206 1292 4272 atque
1322 4217 1505 4257 unum
1549 4203 2000 4274 dimidiumque,

617 4292 793 4361 Virgo
823 4291 1045 4360 Maria,
1082 4295 1198 4346 tua?
1223 4292 1474 4361 praefuit
1502 4292 1785 4348 Ecclesia:

534 4377 922 4447 lngressurus
952 4380 1082 4432 erat
1130 4376 1389 4432 Phcebus
1429 4381 1568 4444 post
1618 4377 1849 4434 lumina
1905 4383 2126 4447 septem

612 4465 898 4534 Taurum,
927 4480 1061 4520 cum
1090 4471 1360 4520 ma’stum
1387 4465 1648 4520 deseruit
1676 4466 1987 4536 populum.

531 4571 812 4645 Jusqu’ici
842 4570 1064 4640 l'église
1095 4572 1169 4628 de
1195 4571 1468 4629 Chartres
1496 4573 1596 4628 n’a
1623 4572 1877 4629 decerné
1926 4587 2128 4630 aucun

461 4661 614 4720 culte
632 4661 834 4736 public
857 4663 893 4717 ii
919 4676 985 4717 88
1011 4660 1186 4734 pieux
1213 4662 1462 4734 éveque,
1491 4661 1823 4734 quoiqu’on
1851 4661 1981 4718 dise
2007 4678 2126 4735 que

461 4770 529 4808 sa
555 4752 798 4808 saintete
825 4766 862 4807 a
890 4753 980 4808 ote
1011 4753 1250 4807 attestee
1287 4753 1465 4822 apres
1495 4765 1564 4807 sa
1619 4755 1778 4807 mort
1827 4767 1940 4824 par
1990 4750 2125 4824 plu-

461 4842 651 4898 sicurs
676 4839 947 4896 miracles
966 4840 1140 4912 (TRIT.
1177 4839 1341 4896 Chor
1375 4841 1513 4895 Hir.
1539 4840 1617 4896 ib.
1652 4856 1710 4913 p.
1750 4845 1846 4898 I59
1881 4858 1895 4909 ;
1954 4844 2122 4898 BOLL.

472 4933 485 4983 I
524 4943 676 5001 apr.,
709 4944 768 5000 p.
799 4931 903 4984 856
937 4946 950 4995 ;
982 4931 1126 4984 MAI).
1158 4929 1294 4984 Act.
1329 4931 1370 4984 t.
1405 4930 1543 4995 VIII,
1573 4943 1664 5001 pr.
1703 4947 1716 4996 ;
1752 4932 1883 4984 LAB.
1937 4931 2019 4986 ib.
2081 4934 2122 4986 t.

465 5021 529 5081 II,
561 5033 622 5090 p.
654 5021 801 5089 730).
836 5016 1073 5072 Bucelin
1103 5016 1260 5073 dans
1291 5031 1402 5072 son
1433 5017 1738 5088 Menologe
1773 5018 1828 5074 le
1883 5018 2125 5092 qualiﬁe

461 5108 537 5163 de
568 5107 1000 5164 bienheureux.
1025 5106 1227 5163 Grand
1257 5106 1511 5162 nombre
1545 5105 1806 5164 d'autres
1837 5109 2129 5165 ecrivains

461 5191 782 5248 modernes
812 5191 896 5247 lui
950 5191 1223 5247 donnent
1269 5189 1778 5249 inditl'eremment
1826 5192 1878 5249 Ie
1931 5195 2127 5250 meme

462 5281 612 5348 titre,
644 5297 726 5338 ou
754 5281 908 5338 celui
937 5279 1012 5337 de
1039 5279 1213 5337 saint.
1249 5279 1402 5336 C’est
1426 5294 1504 5336 en
1533 5285 1681 5336 cette
1731 5281 1954 5354 qualite
2007 5299 2128 5356 que

466 5370 708 5427 M.(Icla
739 5369 1156 5442 llochcpozay,
1185 5369 1414 5442 éveque
1453 5367 1528 5425 de
1577 5369 1836 5439 Poitiers,
1893 5371 1970 5430 l’a
2025 5372 2128 5430 fait

538 5521 614 5641 (δὲ
638 5522 712 5576 Cc
741 5517 942 5596 Sigon,
963 5519 1464 5576 successivement
1485 5519 1844 5594 scolastique
1867 5527 1922 5578 et
1947 5522 2128 5580 chan-

538 5604 551 5641 ξ
577 5605 600 5641 ς
621 5606 650 5641 c
683 5584 904 5641 l'i‘ngllsc
927 5588 1000 5641 (le
1031 5591 1322 5641 Chartres-
1343 5591 1491 5641 (lant
1510 5609 1584 5641 nn
1621 5609 1657 5641 Α
1683 5593 1820 5641 dbia
1847 5611 1918 5641 mi
1952 5610 2127 5641 nam-

467 5584 553 5663 tre
577 5584 904 5663 dc_1‘i-gli_sc
927 5588 1000 5663 (18
1031 5591 1322 5663 Chartres,
1343 5591 1491 5647 «lout
1510 5609 1586 5647 on
1621 5609 1657 5648 a
1683 5584 1820 5663 luga
1847 5611 1922 5649 eu
1952 5610 2127 5649 occa-

469 5658 599 5730 sion
628 5659 702 5714 de
720 5657 1230 5730 parlerplusieurs
1263 5657 1394 5724 fcis,
1423 5680 1497 5718 en
1525 5669 1612 5718 est
1637 5657 1852 5720 encorc
1883 5667 2126 5730 qualilié

2238 3211 2449 3286 sophic
2481 3216 2538 3268 et
2572 3211 2631 3268 la
2661 3211 2844 3283 gloire
2875 3210 2950 3266 de
2973 3209 3325 3284 l’épiscopat
3370 3209 3735 3267 semblerent
3787 3211 3903 3267 etre

2237 3301 2530 3360 ensevelis
2561 3318 2706 3358 avec
2734 3300 2820 3358 lui
2859 3299 3014 3357 dans
3038 3300 3092 3356 le
3119 3300 3421 3358 tombeau.

2775 3413 2802 3476 ἑ
2830 3412 2894 3464 11.
2929 3439 2998 3448 -
3026 3408 3128 3465 Ses
3150 3409 3348 3465 e'crits.

2312 3499 2584 3572 Quoique
2613 3496 2846 3567 l'Eglise
2875 3497 3019 3553 n’ait
3044 3513 3154 3570 pas
3175 3497 3370 3554 insere
3402 3496 3558 3554 dans
3595 3512 3693 3552 ses
3725 3495 3902 3552 fustes

2237 3589 2293 3648 18
2317 3605 2462 3646 nom
2493 3588 2568 3644 de
2596 3587 2850 3657 Fulbert,
2886 3603 2966 3644 on
2994 3589 3094 3645 n'a
3121 3603 3234 3660 pas
3257 3586 3437 3644 laissé
3463 3586 3539 3643 de
3586 3585 3639 3643 le
3691 3590 3903 3643 mettre

2238 3695 2318 3735 au
2346 3694 2499 3748 rang
2527 3678 2602 3734 de
2630 3694 2725 3733 ses
2756 3679 2931 3734 Peres
2963 3681 3020 3734 et
3047 3676 3122 3733 de
3154 3693 3249 3734 ses
3274 3677 3572 3734 docteurs.
3622 3675 3776 3734 C’est
3821 3690 3903 3731 un

2237 3769 2368 3825 titre
2419 3783 2539 3841 quo
2596 3767 2680 3824 lui
2729 3772 2835 3824 ont
2889 3767 3096 3824 merite
3141 3767 3228 3824 les
3288 3766 3678 3842 productions
3731 3765 3808 3823 de
3839 3782 3904 3822 sa

2235 3858 2462 3930 plume.
2497 3858 2609 3913 Des
2643 3861 2799 3926 I585,
2826 3856 3037 3930 Papire
3066 3855 3120 3913 le
3148 3859 3385 3914 Masson
3436 3872 3512 3913 en
3559 3856 3770 3913 donna
3825 3871 3904 3912 au

2236 3947 2439 4020 public
2469 3963 2552 4003 un
2579 3947 2797 4004 recueil
2825 3947 2978 4020 (Bib.
3012 3946 3176 4003 card.
3211 3946 3286 4003 de
3334 3947 3448 4016 11.),
3506 3945 3612 4019 qui
3652 3945 3744 4004 fut
3797 3946 3905 4001 im-

2235 4033 2428 4105 prime
2481 4037 2518 4089 8
2568 4032 2731 4089 Paris
2781 4033 2924 4088 chez
2979 4034 3198 4104 Dupre,
3251 4047 3326 4088 en
3375 4047 3460 4088 un
3497 4031 3642 4104 petit
3664 4030 3904 4088 volume

2234 4121 2401 4177 in-8°.
2429 4121 2570 4178 Mais
2601 4138 2668 4178 ce
2687 4121 2908 4178 recueil
2932 4137 3008 4178 ne
3037 4122 3296 4178 contient
3323 4122 3548 4195 qu’une
3573 4120 3762 4195 partie
3797 4121 3903 4176 des

2235 4210 2433 4268 lettres
2461 4210 2536 4268 de
2565 4216 2735 4268 notre
2767 4211 2978 4285 prélat.
3009 4219 3102 4269 Au
3129 4211 3280 4268 bout
3303 4213 3378 4268 de
3407 4211 3739 4282 vingt-trois
3766 4227 3900 4280 ans,

2236 4301 2604 4358 c’est-a-dire
2636 4317 2711 4358 en
2746 4305 2906 4371 1608,
2959 4300 3202 4358 Charles
3229 4301 3304 4358 de
3357 4300 3608 4373 Villiers,
3657 4300 3904 4357 docteur

2239 4389 2314 4446 de
2339 4389 2399 4447 1a
2419 4389 2637 4446 faculte
2667 4389 2742 4446 de
2769 4389 3064 4460 theologia
3089 4390 3165 4447 de
3221 4391 3404 4460 Paris,
3459 4406 3536 4447 en
3580 4389 3790 4464 publia
3827 4405 3902 4446 en

2242 4481 2441 4536 meme
2492 4479 2736 4537 volume
2785 4495 2866 4541 un
2913 4485 3080 4537 autre
3130 4481 3452 4554 beaucoup
3497 4480 3633 4554 plus
3682 4479 3898 4554 ample,

2235 4570 2342 4643 qui
2369 4575 2549 4644 parut
2579 4569 2741 4627 aussi
2766 4574 2804 4627 a
2833 4569 2996 4626 Paris
3052 4571 3195 4628 chez
3250 4571 3512 4628 Thomas
3548 4570 3753 4626 Blaise.
3801 4573 3899 4628 Cet

2235 4659 2466 4718 editeur
2490 4676 2532 4734 y
2557 4675 2596 4716 a
2624 4660 2730 4717 fait
2757 4665 2954 4717 entrer
2985 4664 3112 4718 tout
3135 4676 3201 4718 ce
3231 4677 3350 4734 que
3400 4661 3488 4717 les
3545 4660 3899 4716 manuscrits

2235 4749 2321 4806 du
2349 4751 2574 4822 college
2612 4751 2687 4808 de
2715 4755 2974 4808 Navarre
2997 4756 3055 4809 et
3081 4751 3158 4808 de
3187 4755 3307 4810 MM.
3336 4755 3516 4808 Petau
3545 4755 3603 4807 et
3629 4749 3682 4806 le
3723 4752 3898 4806 Fevre

2234 4839 2317 4894 lui
2373 4840 2610 4896 avaient
2657 4839 2854 4897 fourni
2886 4840 2993 4896 des
3035 4857 3335 4912 ouvrages
3382 4841 3457 4898 de
3513 4839 3760 4897 Fulbert.
3818 4843 3897 4896 De

2233 4932 2383 4984 cette
2445 4929 2667 4986 edition
2731 4929 2926 5002 pleine
3002 4929 3078 4986 de
3146 4930 3357 4992 tantes,
3435 4932 3690 4986 souvent
3735 4942 3896 4984 assez

2239 5020 2583 5090 grossieres,
2614 5035 2694 5075 on
2722 5019 2808 5074 les
2859 5033 2897 5076 a
2952 5020 3058 5076 fait
3109 5035 3318 5092 passer
3382 5019 3536 5076 dans
3579 5018 3664 5074 les
3709 5017 3896 5073 diver-

2239 5124 2334 5162 ses
2382 5108 2820 5180 Bibliotheques
2843 5108 2950 5164 des
2980 5112 3172 5177 Peres,
3199 5109 3275 5166 de
3305 5109 3588 5181 Cologne,
3638 5107 3712 5164 de
3739 5109 3894 5164 Paris

2238 5201 2294 5252 et
2321 5195 2398 5252 de
2430 5199 2594 5268 Lyon
2626 5197 2810 5267 (Bibl.
2840 5198 2966 5254 PP.
2999 5201 3038 5255 t.
3080 5201 3264 5268 XVIII,
3317 5213 3379 5272 p.
3437 5203 3457 5255 I
3524 5198 3634 5271 55).
3684 5198 3892 5271 Depuis

2237 5301 2336 5341 ces
2388 5284 2688 5342 demieres
2741 5285 3016 5357 editions,
3071 5301 3151 5345 on
3195 5305 3234 5346 a
3281 5291 3564 5346 recouvré
3611 5287 3892 5362 quelques

2237 5379 2436 5431 autres
2465 5375 2638 5432 ecrits
2669 5376 2744 5434 de
2773 5381 2942 5434 notre
2969 5383 3201 5446 auteur,
3261 5373 3512 5454 desque]
3561 5395 3717 5436 nous
3762 5396 3888 5436 ren-

2239 5523 2655 5609 ‘demSaumur,
2710 5527 2819 5609 qui
2869 5527 3070 5600 ajoute
3114 5529 3260 5609 qu’il
3289 5527 3548 5609 no_ta_les
3577 5532 3800 5609 repons
3814 5529 3886 5609 (18

2238 5593 2449 5673 1_‘o_ffic_e
2481 5597 2556 5673 de
2587 5593 2652 5652 ce
2671 5593 2846 5673 salut,
2875 5593 3192 5671 cbmposbs
3216 5617 3326 5673 par
3350 5593 3664 5668 Rainauld,
3690 5603 3885 5656 maitre

2235 5667 2458 5745 d'ecole
2487 5667 3166 5739 d’Angcrs(MAur._Am.
3213 5667 3370 5729 Coll.
3423 5678 3464 5728 t.
3520 5674 3582 5730 S.
3635 5685 3694 5745 p.
3741 5677 3882 5740 II2I,

469 5681 599 5712 swu
628 5681 702 5714 ue
722 5681 1230 5730 pul'u:1'pluSIcu1‘s
1263 5681 1394 5724 101$,
1423 5681 1497 5718 en
1525 5681 1612 5718 est
1637 5681 1852 5720 encorc
1930 5681 2126 5720 uanue
2235 5681 2275 5720 (ι
2297 5681 2444 5722 8881(

469 5727 666 5800 doyen
697 5745 808 5802 par
838 5728 1158 5786 I'historien
1184 5730 1258 5786 de
1285 5733 1562 5806 l'abbaye
1585 5735 1658 5790 de
1707 5681 2136 5793 Saint-(i‘lorcnt
2242 5753 2303 5793 n.
2331 5741 2444 5809 48).
