4584 6440
71 57 139 65 ῤ’
548 63 611 69 -ο
660 63 723 72 ν’
768 63 780 69 <
1006 69 1039 73 —
1097 67 1104 72 <
1322 67 1424 76 44-
1512 72 1595 79 ..κ
1656 75 1724 81 κγ-
1862 79 1881 83 δ

2552 53 4014 93 ι’·
4043 54 4058 67 ¹

71 290 143 343 185
1155 293 1403 350 OPERA.
1432 324 1501 334 —
1540 295 1858 352 EDITORIS
1896 297 2300 357 ADMONITIO.
3333 315 3434 370 186

67 410 160 467 dice
186 403 251 462 ad
277 419 599 466 sermones
630 412 686 467 S.
719 413 1031 482 Augustini
1060 415 1122 471 in
1154 416 1410 474 editione
1436 418 1680 475 Benedi-
1714 425 1757 477 A
1792 421 2391 480 Sammarthanorum
2446 424 2630 482 Gallia
2661 425 2989 485 Christiana
3023 432 3167 486 tom.
3198 435 3265 504 II,
3291 449 3433 506 pag.

70 504 244 556 ciorum
269 497 439 550 tomo
463 500 531 567 V,
561 514 759 556 sermo
788 505 912 557 208.
1784 512 1887 564 483
1920 527 2085 583 seqq.

1858 599 2030 655 Liber
2057 601 2129 656 de
2154 606 2544 660 sacramentis
2559 605 2906 674 devotionis,
2933 622 3118 679 quem
3146 610 3312 665 Ivoni
3340 610 3439 667 tri-

1782 686 1977 744 buunt
2006 689 2122 745 alii.
2143 691 2561 765 Combeﬁsius,
2594 710 2665 750 ex
2704 694 2853 750 Petri
2881 696 3157 754 Damiani
3188 701 3439 757 auctori-

1783 780 1922 846 tate,
1946 778 2122 834 refert
2143 779 2219 835 ad
2247 781 2609 839 Fulbertum.

1856 866 2129 923 Labbeus
2180 869 2242 923 in
2293 870 2662 928 Bibliotheca
2730 888 2887 929 nova
2940 891 3109 946 mss.,
3149 892 3290 949 pag.
3345 883 3435 935 58.

1783 972 1934 1010 mss.
1964 957 2244 1013 Vaticano
2265 960 2651 1016 commendat
2690 961 2950 1018 Fulberti
2979 965 3066 1020 De
3094 967 3435 1036 virtutibus,

1782 1047 1838 1098 et
1864 1044 2198 1100 Sententias
2226 1049 2611 1118 antiquorum
2641 1050 2952 1106 desummo
2981 1051 3436 1126 bono,rhythmo

1782 1132 2101 1203 trochaico,
2158 1150 2268 1189 nec
2298 1152 2419 1191 non
2475 1153 2677 1192 versus
2735 1138 2807 1194 de
2830 1154 2997 1208 pace.
3044 1144 3215 1197 Notat
3255 1142 3436 1200 etiam

117 1215 408 1280 Tractatus,
442 1213 569 1271 sive
596 1231 788 1273 sermo
835 1217 897 1273 in
926 1222 1120 1277 Actor.
1175 1238 1275 1289 xu,
1311 1226 1454 1293 1-11,
1482 1222 1673 1279 editus
1782 1220 2056 1276 Fulberto
2088 1223 2265 1278 tribui
2284 1240 2486 1281 versus
2515 1228 2602 1281 De
2655 1227 2813 1282 libra
2868 1234 2922 1282 et
2950 1231 3226 1298 partibus
3282 1234 3433 1303 ejus,

69 1322 94 1360 ει
113 1300 360 1357 Casimiro
388 1302 629 1359 Oudino
657 1304 716 1361 in
748 1308 1053 1380 opusculis
1083 1309 1265 1365 sacris
1280 1315 1546 1367 veterum
1574 1312 1674 1368 ali-
1780 1326 1933 1382 quos
1975 1311 2176 1367 nescio
2225 1329 2303 1367 an
2330 1313 2447 1369 sint
2497 1314 2653 1381 editi,
2688 1332 2892 1371 versus
2922 1322 3123 1373 autem
3138 1321 3226 1377 De
3253 1322 3436 1378 uncia

66 1397 174 1468 quot
198 1388 380 1446 Galliae
414 1395 473 1447 et
520 1392 703 1463 Belgii
732 1395 1107 1467 scriptorum,
1136 1399 1407 1468 Lugduni
1432 1384 1675 1457 ﬁatavo—
1780 1404 1832 1454 et
1858 1400 2133 1468 partibus
2166 1403 2312 1471 ejus,
2361 1406 2415 1457 et
2439 1404 2525 1458 De
2551 1405 2836 1472 scrupulo
2875 1411 2930 1460 et
2975 1408 3256 1475 partibus
3283 1412 3431 1480 ejus,

66 1496 165 1536 rum
188 1479 320 1570 1792-,
354 1480 439 1545 8°,
464 1481 778 1551 prmmissa
800 1483 929 1553 ejus
958 1484 1127 1540 icone
1145 1502 1257 1541 aere
1274 1486 1593 1560 descripta,
1617 1493 1673 1544 et
1779 1489 1941 1544 dedit
1987 1490 2230 1546 Carolus
2278 1492 2351 1547 de
2409 1492 2626 1548 Villiers
2656 1494 2810 1549 notis
2841 1495 2919 1551 ad
2959 1496 3212 1554 Fulberti
3255 1499 3428 1570 epist.

64 1563 364 1639 compendio
409 1566 576 1632 Vitae,
608 1574 673 1625 ut
702 1573 865 1625 tomo
892 1572 937 1625 II
962 1575 1039 1627 De
1066 1573 1451 1646 scriptoribus
1484 1576 1669 1632 eccle-
1784 1583 1899 1633 113.
1926 1582 2068 1634 tom.
2096 1583 2253 1636 XVIII
2306 1581 2679 1638 Bibliothecm
2720 1586 2958 1639 Patrum
2997 1585 3134 1642 edit.
3200 1563 3433 1658 Lugdu-

65 1653 278 1723 siasticis,
306 1668 457 1726 pag,
492 1660 596 1712 519
646 1674 794 1731 seq.,
827 1664 883 1715 et
918 1661 1095 1733 quale
1143 1667 1331 1719 exstat
1378 1665 1557 1721 etiam
1609 1666 1671 1722 in
1778 1668 1999 1738 nensis,
2032 1684 2171 1741 pag.
2205 1674 2291 1725 55.

125 642 230 696 Vita
252 638 309 693 S.
338 639 632 699 Autberti
656 643 790 716 (l3),
838 646 1285 704 Cameracensis
1329 654 1386 705 et
1439 650 1677 708 Atreba-

70 730 206 789 tensis
232 727 523 801 episcopi,
574 732 739 805 apud
797 735 1035 792 Surium
1079 741 1138 793 I3
1192 739 1525 809 Decembr.,
1571 740 1676 796 sed

68 820 245 879 mutila.
290 822 599 887 Integram
651 822 767 893 legi
820 824 881 880 in
920 843 1066 882 mss.
1128 827 1432 884 codicibus
1509 835 1675 886 nota-

68 915 170 969 runt
214 910 659 967 Sammarthani
745 919 907 970 tomo
958 920 977 971 l
1036 917 1232 973 Galliae
1310 919 1672 987 Christianae,

68 1015 169 1075 pag.
227 1000 344 1067 233,
417 1002 477 1053 et
527 1000 756 1057 Μίνωας
817 1003 896 1059 ad
972 1005 1201 1061 Henrici
1267 1007 1672 1064 Gandavensis

70 1106 166 1161 cap.
196 1091 234 1142 I.

114 1779 561 1869 {13)I3alxde‘rilcus
599 1783 660 1867 in
712 1785 1006 1869 Chronico
1046 1790 1467 1869 Cameracensi
1497 1791 1600 1869 lib,
1628 1808 1666 1869 ξ,
1778 1794 1851 1869 de
1884 1794 2106 1869 V_ita_S.
2130 1794 2691 1869 A_utb_erti,jubente
2712 1797 2953 1869 domino
2986 1801 3253 1869 episcopo
3282 1800 3429 1856 Ger-

65 1852 159 1942 φρ.
177 1852 458 1942 ’πλριιοιί
476 1856 530 1908 si
549 1857 681 1925 quis
692 1858 885 1942 'l‘at'i'us
908 1859 1003 1942 (de
1029 1852 1666 1942 Autberto)scire_desi-'
1777 1864 1987 1929 hardo,
2016 1865 2353 1942 itt§07:ip8il,_
2384 1852 2559 1936 legat.
2595 1852 3273 1942 Gerhardusepisco—p—us
3291 1852 3431 1928 vCa-

62 1924 209 1993 derat,
234 1924 451 1979 librum
474 1924 651 1996 quem
676 1924 1020 1999 Fulbertus,
1050 1931 1258 1986 doctor
1277 1924 1663 2004 clarissimus,
1775 1924 2134 1989 meracensis
2165 1924 2271 1990 fuit
2300 1924 2378 1991 ab
2409 1924 2569 1992 anno
2604 1943 2737 1993 1012
2769 1939 2845 1995 ad
2880 1924 3036 1996 1049.

652 2059 2580 2335 mmm

411 2378 1427 2503 CARNHTENSIS
1542 2383 2257 2507 ECCLESI/E
2359 2387 3008 2510 EPISCOPI

1348 2569 2091 2713 OPERA

1110 2771 1269 2835 QUAE
1308 2773 1628 2830 REPERIRI
1666 2775 2076 2831 POTUERUNT
2122 2776 2339 2831 OMNIA

58 2896 131 2956 Er
151 2916 241 2956 ms.
275 2893 746 2983 cod._bz_'bl_zbth.
788 2913 915 2983 reg.
973 2894 1182 2983 colleg.
1242 2895 1561 2983 Nagarrg,
1600 2908 1663 2983 _et
1686 2897 2172 2983 .clarissimorum
2214 2900 2479 2983 virorum
2650 2899 2897 2983 Petavii
2941 2911 3132 2983 senat.
3190 2922 3317 2983 reg.
3369 2914 3428 2964 et

270 2976 348 3037 Ν.
392 2974 657 3053 Fabri;
684 2974 882 3034 studeo
913 2985 969 3034 et
1001 2975 1301 3036 industria
1336 2976 1550 3037 Caroli
1573 2977 1643 3037 de
1686 2976 1942 3049 Villicrs,
1977 2978 2202 3039 doctor.
2247 2979 2501 3057 theolog.
2539 2979 2922 3040 Parisiensis.
2958 2981 3142 3042 edita.

67 2054 502 2068 ___.___._—

57 3107 156 3173 (Sub
176 3107 276 3163 hoc
294 3106 462 3164 titulo
491 3106 564 3162 in
590 3106 951 3163 Bibliotheca
975 3109 1214 3163 Patrum
1246 3108 1410 3189 [tom.
1465 3109 1622 3189 XVIII
1654 3108 1811 3189 init.)
1824 3112 2105 3189 prostant
2155 3110 2393 3189 nonnisi
2422 3127 2719 3167 sermones
2751 3111 3024 3181 Fulberti,
3083 3115 3347 3182 epistola
3373 3122 3431 3174 et

1176 3181 1483 3247 carmina;
1519 3180 1635 3235 alia
1664 3195 1735 3235 ex
1760 3180 1889 3235 aliis
1915 3180 2256 3251 addemus.)

981 3370 1507 3457 EPISTOLA
1608 3372 2447 3460 NUNCUPATOBIA

94 3517 216 3574 ΚΒ..
245 3517 301 3573 in
332 3517 577 3572 Christo
612 3514 783 3571 Patri.
816 3517 879 3569 D.
909 3516 977 3570 D.
1012 3513 1282 3586 Philippo
1315 3518 1597 3581 Humum,
1632 3515 1915 3588 episcopo
1966 3517 2331 3585 Carnotensi,
2362 3516 2609 3573 Carolus
2650 3534 2714 3572 DE
2736 3520 3018 3587 VILLIRRS,
3048 3518 3210 3576 doct.
3266 3522 3429 3578 theo-

51 3606 128 3676 Iog.
157 3605 487 3662 Purisiensis
523 3607 589 3662 S.
615 3606 676 3659 P.
712 3606 777 3659 Ι).

0 3716 1 3733 ι
92 3695 164 3749 Εη
180 3695 492 3751 Fulbertus
521 3699 754 3761 noster,
789 3692 1272 3748 reverendissime
1291 3694 1536 3761 prwsul,
1571 3694 1807 3749 tandem
1839 3708 1869 3748 e
1902 3694 2131 3748 tumulo
2169 3693 2464 3749 excitatus
2522 3694 2585 3748 in
2609 3694 2790 3749 solem
2837 3695 3064 3763 prodit,
3098 3711 3271 3765 quem
3317 3712 3427 3752 nec

52 3782 200 3838 bruma
224 3783 399 3851 iners,
429 3798 544 3838 nec
582 3785 847 3837 vetustas
879 3795 1079 3835 rerum
1107 3781 1283 3849 edax,
1327 3780 1633 3837 absumere
1653 3784 1871 3849 potuit.
1906 3783 2037 3837 Non
2060 3796 2223 3836 secus
2253 3796 2392 3850 ergo
2418 3786 2482 3835 ut
2517 3781 2757 3836 Plinius
2792 3782 2857 3838 C.
2888 3783 3129 3837 zElium
3166 3783 3423 3839 Tubero-

51 3887 135 3925 nem
157 3873 409 3940 fructum
434 3871 842 3940 praefectura,
876 3884 913 3925 a
944 3884 1088 3938 rogo
1115 3870 1373 3923 relatum
1401 3869 1563 3924 domi
1582 3871 1768 3938 fuisse
1793 3877 2004 3925 narrat
2035 3869 2157 3924 (lib.
2190 3885 2270 3923 νη
2295 3870 2477 3936 Hist.,
2527 3886 2578 3924 c.
2630 3871 2741 3940 52),
2770 3872 2854 3925 sic
2883 3886 2912 3926 e
2938 3871 3188 3939 pulvere
3220 3876 3274 3926 et
3304 3873 3423 3927 situ

52 3964 312 4016 extractum
336 3958 653 4031 quidquid
682 3958 757 4014 de
785 3972 848 4014 eo
876 3964 1121 4013 auctore
1147 3973 1266 4012 non
1323 3958 1595 4013 exstabat
1627 3959 1707 4013 ad
1729 3960 1968 4027 prelum
2008 3964 2343 4014 revocatur.
2385 3959 2570 4013 Nacti
2607 3959 2896 4028 siquidem
2947 3962 3425 4029 manuscriptum

52 4062 97 4099 ea:
115 4048 433 4105 bibliotheca
467 4048 717 4117 colligii
744 4047 967 4117 regalis
995 4047 1311 4112 Navarrae,
1336 4047 1399 4101 in
1427 4062 1542 4116 quo
1571 4049 1762 4102 multa
1794 4052 2083 4102 vetustate
2112 4062 2304 4102 exaesa
2321 4048 2514 4116 ferme
2542 4048 2920 4114 videbantur,
2954 4048 3077 4103 haec
3100 4049 3429 4104 describen-

52 4134 101 4187 da
116 4138 444 4204 curavimus,
476 4142 814 4206 nostroque
843 4134 1048 4189 labore
1071 4135 1327 4189 assecuti
1348 4150 1570 4202 sumus,
1605 4139 1670 4188 ut
1710 4139 1831 4190 tam
1856 4136 2221 4202 praeclarum
2244 4135 2485 4189 virtutis
2517 4136 2717 4190 lumen
2748 4136 2856 4190 sub
2905 4135 3099 4191 modio
3138 4152 3258 4192 non
3280 4137 3428 4192 deli-

52 4229 195 4278 tacut.
224 4226 346 4280 Hoc
366 4241 564 4280 unum
601 4228 805 4279 tamen
848 4223 1085 4277 silentio
1115 4238 1235 4277 non
1280 4223 1601 4290 involvam,
1630 4238 1721 4277 me
1749 4237 1785 4277 a
1813 4223 2149 4277 doctissimo
2179 4223 2425 4278 Petavio
2463 4228 2736 4279 senatore
2762 4224 2926 4294 regio
2970 4225 3323 4294 aequissimo,
3373 4230 3429 4280 et

51 4309 235 4367 .Yimlao
248 4314 447 4369 Fabro
474 4314 616 4368 viro
650 4312 985 4367 clarissimo
1016 4314 1207 4381 (quem
1238 4312 1416 4365 totius
1443 4312 1823 4381 antiquitatis
1840 4312 2381 4380 promumcondum
2412 4326 2548 4367 vere
2580 4312 2856 4379 dixerim)
2884 4313 3157 4382 quaedam
3184 4328 3258 4369 ea:
3278 4313 3428 4382 ipso-

51 4414 138 4453 rum
158 4400 512 4458 blbliothecis
543 4401 870 4469 desumpta
895 4400 1034 4454 huic
1072 4400 1309 4454 auctori
1336 4400 1670 4467 inseruisse,
1704 4415 1836 4470 qua?
1868 4401 1929 4455 in
1960 4405 2163 4455 nostro
2192 4415 2295 4456 ms.
2331 4416 2450 4455 non
2478 4400 2814 4456 exstabant.
2847 4402 2995 4456 Haec
3027 4401 3254 4457 duobus
3279 4402 3425 4456 viris

50 4490 455 4552 prclarissim-is
488 4487 827 4546 tribuenda
849 4489 981 4543 laus
1012 4492 1115 4555 est,
1148 4488 1253 4557 qui
1276 4492 1343 4541 ut
1366 4487 1689 4542 Fulbertus
1711 4488 1773 4541 in
1808 4489 1997 4543 lucem
2015 4489 2272 4556 prodeat
2302 4488 2644 4556 effecerunt.
2673 4489 2797 4543 Nec
2820 4503 3032 4543 verear
3071 4490 3155 4543 ad
3177 4490 3424 4545 illorum

52 4578 266 4642 majorem
296 4578 886 4634 commendationem
916 4575 1024 4631 hoc
1048 4575 1289 4645 addere,
1318 4574 1479 4645 quod
1502 4576 1574 4630 de
1601 4575 1825 4630 Phidia
1856 4591 2080 4630 summo
2129 4577 2433 4643 sculptore
2462 4576 2747 4643 refertur.
2775 4576 2892 4630 Hic
2933 4575 3038 4630 ubi
3061 4577 3318 4631 Piswum
3347 4579 3424 4633 si-

54 4664 315 4721 mulacrum
344 4667 726 4737 fabricasset
748 4680 825 4721 ex
845 4664 1033 4731 ebore,
1059 4666 1251 4720 oleum
1284 4663 1516 4733 e/fundi
1533 4665 1716 4732 jussit
1743 4665 1904 4719 circa
1936 4664 2136 4733 pedes,
2167 4678 2366 4718 coram
2394 4665 2523 4731 ipsa
2553 4667 2774 4729 statua,
2800 4669 2865 4718 ut
2894 4664 3065 4719 illam
3110 4665 3420 4720 immorta-

57 4751 127 4805 lem
143 4755 383 4811 redderet
418 4758 731 4823 (EPIPHAN.
758 4752 862 4808 lib.
896 4768 954 4819 ιι,
987 4759 1199 4808 contra
1223 4752 1390 4819 ham,
1420 4768 1553 4824 cap.
1586 4752 1695 4822 64).
1722 4752 1824 4807 Sic
1848 4753 2035 4807 Deum
2084 4752 2369 4820 optimum
2410 4751 2760 4819 maximum,
2808 4750 2982 4805 credo
3030 4751 3157 4807 oleo
3207 4755 3424 4822 gratiae

56 4853 133 4891 sua:
154 4842 277 4898 duos
301 4845 437 4899 illos
470 4843 858 4900 clarissimos
889 4843 1045 4897 viros
1075 4842 1315 4911 mjungi
1343 4842 1617 4907 voluisse,
1664 4848 1727 4895 ut
1764 4842 1955 4909 ipsum
1984 4842 2317 4909 episcopum
2356 4839 2808 4894 immortalitate
2828 4839 3142 4894 donarent.
3173 4840 3342 4906 Quod
3368 4843 3425 4896 si

58 4942 112 4980 me
131 4930 193 4984 ad
216 4932 361 4988 hanc
385 4934 749 4988 societatem
769 4931 979 5001 gloria:
1004 4930 1319 4985 admittere
1349 4930 1512 4995 velis,
1544 4929 2026 4985 reverendissime
2048 4928 2293 4996 praesul,
2320 4927 2558 4982 nullum
2578 4928 2893 4995 praemium
2920 4928 3198 4996 suspicio,
3231 4929 3325 4984 vel
3353 4930 3418 4983 in

61 5012 167 5071 bonis
188 5036 438 5092 numero,
470 5020 650 5093 quod
685 5019 767 5073 ad
794 5033 874 5073 aes
905 5024 1076 5073 exeat
1096 5020 1313 5087 majus.
1347 5019 1423 5072 Et
1442 5033 1585 5073 sane
1616 5018 1772 5072 tanti
1790 5018 1953 5086 facio
1984 5016 2363 5086 antiquitatis
2404 5017 2637 5084 Patres,
2674 5021 2737 5070 ut
2768 5015 2921 5070 nihil
2950 5030 3025 5071 ex
3051 5017 3121 5070 iis
3149 5016 3420 5085 deperire

63 5106 192 5162 velim.
227 5109 381 5167 Unde
409 5107 730 5181 quidquid
753 5122 828 5162 ex
848 5108 1096 5177 antiquo
1117 5107 1225 5161 illo
1250 5108 1436 5161 Patre
1463 5107 1677 5174 reperi,
1696 5107 1757 5160 in
1789 5121 1974 5160 unum
1998 5105 2279 5173 congessi.
2311 5105 2724 5202 Hunc‘igitur,
2749 5104 3237 5202 venerendissime
3262 5119 3421 5202 pr?-

3 5200 9 5233 δ
60 5193 134 5259 sui,
150 5210 244 5251 non
260 5214 415 5269 quan
446 5200 778 5269 eleganter
806 5210 1023 5266 quaeso,
1046 5196 1149 5251 sed
1176 5210 1354 5266 quam
1381 5196 1477 5264 pie
1508 5196 1792 5265 loquatur
1843 5195 2057 5263 cogita.
2110 5194 2345 5248 Etenim
2396 5194 2450 5247 si
2471 5193 2645 5247 illum
2692 5193 2869 5248 semel
2899 5193 3164 5248 audieris
3210 5192 3423 5248 tandiu

65 5277 236 5340 latuisse
255 5286 492 5344 dolebis.
519 5285 781 5355 Legisti,
806 5283 1175 5355 credo,quod
1203 5300 1335 5339 cum
1368 5285 1478 5338 Pio
1507 5284 1576 5337 ῙῙ
1592 5298 1817 5337 summo
1832 5282 2111 5351 pontiﬁci
2126 5283 2469 5336 nuntiatum
2487 5281 2701 5349 fuisset
2725 5281 3101 5336 Tarvisinum
3128 5296 3421 5338 summum

63 5373 299 5431 titantem
327 5390 509 5445 agere
538 5373 846 5440 animum,
866 5376 919 5426 et
934 5373 1069 5440 jam
1099 5372 1395 5427 inclusam
1411 5371 1763 5440 praecordiis
1785 5376 2029 5425 mortem
2056 5376 2272 5437 tenere,
2298 5371 2662 5425 exclamasse
2693 5385 2705 5422 :
2738 5369 3000 5424 Moritur
3029 5384 3169 5440 ergo
3198 5370 3423 5439 praesul

66 5460 305 5530 Perfectus,
338 5466 436 5519 cui
464 5464 751 5531 reliquos
789 5460 1008 5515 similes
1064 5474 1185 5515 esse
1212 5459 1536 5528 oportebat.
1574 5459 1642 5529 (Α
1672 5461 1878 5523 Ριεοι.,
1907 5457 1967 5512 in
1997 5457 2180 5525 Hist.)
2210 5456 2308 5512 Sic
2337 5472 2470 5511 cum
2507 5456 2718 5510 tandiu
2768 5456 3123 5512 Fulbertum
3182 5458 3424 5514 latuisse

71 5547 227 5614 audies,
253 5551 644 5620 exclamabis,
680 5553 743 5603 et
769 5552 938 5602 tanta
969 5554 1297 5617 temporum
1328 5551 1478 5603 serie
1505 5548 1671 5602 illius
1697 5546 2037 5602 memoriam
2070 5545 2341 5600 obrutam
2384 5544 2569 5612 fuisse
2593 5558 2754 5613 (egre
2789 5545 2965 5613 feres.
2994 5545 3133 5612 Quis
3175 5546 3328 5602 enim
3359 5560 3422 5601 eo

74 5634 128 5685 vel
148 5652 337 5696 morum
356 5641 676 5710 probitate
702 5636 935 5691 clarior
964 5640 991 5692 ?
1024 5636 1163 5703 Quis
1188 5638 1249 5691 in
1282 5637 1567 5705 religione
1592 5634 1887 5690 catholica
1899 5632 2302 5702 propaganda
2323 5630 2634 5685 ardentior
2664 5633 2692 5684 ?
2713 5632 2810 5686 Ita
2840 5638 2904 5686 ut
2936 5633 3163 5687 cultum
3177 5634 3420 5701 pietatis

18 5782 25 5807 λ
77 5732 159 5776 cum
178 5726 305 5784 lacte
325 5729 582 5785 nutricis
618 5725 939 5783 exsuxisse
969 5725 1245 5782 videatur
1269 5725 1510 5796 (Suum,
1541 5726 1627 5780 De
1678 5724 1848 5780 beata
1869 5723 2035 5792 vita).
2080 5722 2290 5777 Verum
2339 5719 2460 5776 scio
2490 5733 2709 5789 magno
2741 5720 3041 5789 impendio
3066 5726 3411 5789 temporum,
