  <div class='ocr_page' id='page_1' title='image "/cluster/home/n/w/nwhite01/storage/ocr_20150623/140-141/uc1.31175018559917/669.png"; bbox 0 0 3952 6382; ppageno 0'>
   <div class='ocr_carea' id='block_1_1' title="bbox 343 215 1964 279">
    <p class='ocr_par' dir='ltr' id='par_1_1' title="bbox 343 215 1964 279">
     <span class='ocr_line' id='line_1_1' title="bbox 343 215 1964 279; baseline 0.004 -11"><span class='ocrx_word' id='word_1_1' title='bbox 343 215 443 275; x_wconf 74' lang='grc' dir='ltr'><em>18Ἱ</em></span> <span class='ocrx_word' id='word_1_2' title='bbox 1382 218 1440 273; x_wconf 91' lang='lat' dir='ltr'><em>S.</em></span> <span class='ocrx_word' id='word_1_3' title='bbox 1480 217 1821 279; x_wconf 81' lang='lat' dir='ltr'><em>FULBERTI</em></span> <span class='ocrx_word' id='word_1_4' title='bbox 1864 217 1964 275; x_wconf 79' lang='lat' dir='ltr'><em>CA]</em></span> 
     </span>
    </p>
   </div>
   <div class='ocr_carea' id='block_1_2' title="bbox 2179 215 3806 279">
    <p class='ocr_par' dir='ltr' id='par_1_2' title="bbox 2179 216 3806 279">
     <span class='ocr_line' id='line_1_2' title="bbox 2179 216 3806 279; baseline 0.004 -6"><span class='ocrx_word' id='word_1_5' title='bbox 2179 216 2344 274; x_wconf 68' lang='lat' dir='ltr'><strong>INSIS</strong></span> <span class='ocrx_word' id='word_1_6' title='bbox 2384 217 2719 275; x_wconf 85' lang='lat' dir='ltr'><em>EPISCOPI.</em></span> <span class='ocrx_word' id='word_1_7' title='bbox 3674 224 3778 279; x_wconf 69' lang='grc' dir='ltr'><em>ιιι</em></span> <span class='ocrx_word' id='word_1_8' title='bbox 3801 250 3806 255; x_wconf 90' lang='grc'><strong>·</strong></span> 
     </span>
    </p>
   </div>
   <div class='ocr_carea' id='block_1_3' title="bbox 338 338 3783 411">
    <p class='ocr_par' dir='ltr' id='par_1_3' title="bbox 338 338 3783 411">
     <span class='ocr_line' id='line_1_3' title="bbox 338 338 3783 411; baseline 0.003 -18"><span class='ocrx_word' id='word_1_9' title='bbox 338 351 562 408; x_wconf 86' lang='lat' dir='ltr'><em>magna</em></span> <span class='ocrx_word' id='word_1_10' title='bbox 591 338 934 396; x_wconf 88' lang='lat' dir='ltr'><em>alienarum</em></span> <span class='ocrx_word' id='word_1_11' title='bbox 957 340 1198 396; x_wconf 90' lang='lat' dir='ltr'><em>aurium</em></span> <span class='ocrx_word' id='word_1_12' title='bbox 1229 341 1499 399; x_wconf 81' lang='lat' dir='ltr'><em>molestia</em></span> <span class='ocrx_word' id='word_1_13' title='bbox 1521 342 1930 399; x_wconf 77' lang='lat' dir='ltr'><em>laudationem</em></span> <span class='ocrx_word' id='word_1_14' title='bbox 1961 342 2119 398; x_wconf 85' lang='lat' dir='ltr'><em>hanc</em></span> <span class='ocrx_word' id='word_1_15' title='bbox 2141 347 2435 399; x_wconf 81' lang='lat' dir='ltr'><em>constare.</em></span> <span class='ocrx_word' id='word_1_16' title='bbox 2472 342 2520 398; x_wconf 92' lang='lat'><em>0</em></span> <span class='ocrx_word' id='word_1_17' title='bbox 2542 343 2835 400; x_wconf 78' lang='lat' dir='ltr'><em>hominem</em></span> <span class='ocrx_word' id='word_1_18' title='bbox 2870 343 3201 399; x_wconf 76' lang='lat' dir='ltr'><em>litteratum</em></span> <span class='ocrx_word' id='word_1_19' title='bbox 3235 360 3248 411; x_wconf 91' lang='lat'><strong>;</strong></span> <span class='ocrx_word' id='word_1_20' title='bbox 3282 343 3385 399; x_wconf 90' lang='lat' dir='ltr'><em>sed</em></span> <span class='ocrx_word' id='word_1_21' title='bbox 3409 349 3612 401; x_wconf 79' lang='lat' dir='ltr'><em>noster</em></span> <span class='ocrx_word' id='word_1_22' title='bbox 3636 345 3783 403; x_wconf 61' lang='lat' dir='ltr'><em>Puto</em></span> 
     </span>
    </p>
   </div>
   <div class='ocr_carea' id='block_1_4' title="bbox 342 424 3781 505">
    <p class='ocr_par' dir='ltr' id='par_1_4' title="bbox 342 424 3781 505">
     <span class='ocr_line' id='line_1_4' title="bbox 342 424 3781 505; baseline 0.003 -25"><span class='ocrx_word' id='word_1_23' title='bbox 342 424 540 481; x_wconf 89' lang='lat' dir='ltr'><em>bertus</em></span> <span class='ocrx_word' id='word_1_24' title='bbox 571 426 681 482; x_wconf 89' lang='lat' dir='ltr'><em>hoc</em></span> <span class='ocrx_word' id='word_1_25' title='bbox 707 428 884 483; x_wconf 78' lang='lat' dir='ltr'><em>titulo</em></span> <span class='ocrx_word' id='word_1_26' title='bbox 915 430 1228 485; x_wconf 73' lang='lat' dir='ltr'><em>rusticiore</em></span> <span class='ocrx_word' id='word_1_27' title='bbox 1260 437 1569 486; x_wconf 89' lang='lat' dir='ltr'><em>contentus</em></span> <span class='ocrx_word' id='word_1_28' title='bbox 1601 432 1734 498; x_wconf 88' lang='lat' dir='ltr'><em>erit,</em></span> <span class='ocrx_word' id='word_1_29' title='bbox 1768 431 1822 486; x_wconf 91' lang='lat' dir='ltr'><em>si</em></span> <span class='ocrx_word' id='word_1_30' title='bbox 1848 448 1880 486; x_wconf 95' lang='lat' dir='ltr'><em>o</em></span> <span class='ocrx_word' id='word_1_31' title='bbox 1911 432 2105 487; x_wconf 88' lang='lat' dir='ltr'><em>virum</em></span> <span class='ocrx_word' id='word_1_32' title='bbox 2154 432 2368 487; x_wconf 85' lang='lat' dir='ltr'><em>bonum</em></span> <span class='ocrx_word' id='word_1_33' title='bbox 2398 432 2644 488; x_wconf 73' lang='lat' dir='ltr'><em>dixeris.</em></span> <span class='ocrx_word' id='word_1_34' title='bbox 2694 434 2990 502; x_wconf 76' lang='lat' dir='ltr'><em>Effectum</em></span> <span class='ocrx_word' id='word_1_35' title='bbox 3040 436 3124 487; x_wconf 90' lang='lat' dir='ltr'><em>est</em></span> <span class='ocrx_word' id='word_1_36' title='bbox 3146 432 3319 487; x_wconf 87' lang='lat' dir='ltr'><em>modo</em></span> <span class='ocrx_word' id='word_1_37' title='bbox 3342 439 3405 487; x_wconf 92' lang='lat' dir='ltr'><em>ut</em></span> <span class='ocrx_word' id='word_1_38' title='bbox 3430 434 3781 505; x_wconf 84' lang='lat' dir='ltr'><em>diligentius</em></span> 
     </span>
    </p>
   </div>
   <div class='ocr_carea' id='block_1_5' title="bbox 341 514 3785 591">
    <p class='ocr_par' dir='ltr' id='par_1_5' title="bbox 341 514 3785 591">
     <span class='ocr_line' id='line_1_5' title="bbox 341 514 3785 591; baseline 0.003 -22"><span class='ocrx_word' id='word_1_39' title='bbox 341 514 532 570; x_wconf 81' lang='lat' dir='ltr'><em>sciant</em></span> <span class='ocrx_word' id='word_1_40' title='bbox 556 515 721 586; x_wconf 88' lang='lat' dir='ltr'><em>loqui</em></span> <span class='ocrx_word' id='word_1_41' title='bbox 742 516 1022 584; x_wconf 82' lang='lat' dir='ltr'><em>homines,</em></span> <span class='ocrx_word' id='word_1_42' title='bbox 1050 533 1230 587; x_wconf 91' lang='lat' dir='ltr'><em>quam</em></span> <span class='ocrx_word' id='word_1_43' title='bbox 1257 520 1470 575; x_wconf 86' lang='lat' dir='ltr'><em>vivere.</em></span> <span class='ocrx_word' id='word_1_44' title='bbox 1498 520 1580 575; x_wconf 90' lang='lat' dir='ltr'><em>At</em></span> <span class='ocrx_word' id='word_1_45' title='bbox 1603 525 1865 589; x_wconf 88' lang='lat' dir='ltr'><em>tempore</em></span> <span class='ocrx_word' id='word_1_46' title='bbox 1881 520 2159 576; x_wconf 88' lang='lat' dir='ltr'><em>Fulberti</em></span> <span class='ocrx_word' id='word_1_47' title='bbox 2188 521 2272 576; x_wconf 87' lang='lat' dir='ltr'><em>vis</em></span> <span class='ocrx_word' id='word_1_48' title='bbox 2303 536 2455 576; x_wconf 83' lang='lat' dir='ltr'><em>scire</em></span> <span class='ocrx_word' id='word_1_49' title='bbox 2484 521 2629 591; x_wconf 89' lang='lat' dir='ltr'><em>quid</em></span> <span class='ocrx_word' id='word_1_50' title='bbox 2653 521 2929 576; x_wconf 89' lang='lat' dir='ltr'><em>liberalia</em></span> <span class='ocrx_word' id='word_1_51' title='bbox 2952 522 3153 577; x_wconf 81' lang='lat' dir='ltr'><em>studia</em></span> <span class='ocrx_word' id='word_1_52' title='bbox 3186 522 3574 591; x_wconf 83' lang='lat' dir='ltr'><em>conferebant</em></span> <span class='ocrx_word' id='word_1_53' title='bbox 3602 527 3629 578; x_wconf 68' lang='grc' dir='ltr'><strong><em>Ρ</em></strong></span> <span class='ocrx_word' id='word_1_54' title='bbox 3682 523 3785 580; x_wconf 83' lang='lat' dir='ltr'><em>Ad</em></span> 
     </span>
    </p>
   </div>
   <div class='ocr_carea' id='block_1_6' title="bbox 342 602 3780 679">
    <p class='ocr_par' dir='ltr' id='par_1_6' title="bbox 342 602 3780 679">
     <span class='ocr_line' id='line_1_6' title="bbox 342 602 3780 679; baseline 0.004 -23"><span class='ocrx_word' id='word_1_55' title='bbox 342 606 571 658; x_wconf 72' lang='lat' dir='ltr'><em>(eterna</em></span> <span class='ocrx_word' id='word_1_56' title='bbox 602 602 777 670; x_wconf 88' lang='lat' dir='ltr'><em>nihil,</em></span> <span class='ocrx_word' id='word_1_57' title='bbox 806 605 887 660; x_wconf 89' lang='lat' dir='ltr'><em>ad</em></span> <span class='ocrx_word' id='word_1_58' title='bbox 914 606 1193 662; x_wconf 85' lang='lat' dir='ltr'><em>virtutem</em></span> <span class='ocrx_word' id='word_1_59' title='bbox 1216 608 1493 663; x_wconf 90' lang='lat' dir='ltr'><em>multum.</em></span> <span class='ocrx_word' id='word_1_60' title='bbox 1527 608 1730 678; x_wconf 81' lang='lat' dir='ltr'><em>Hujus</em></span> <span class='ocrx_word' id='word_1_61' title='bbox 1762 609 1953 678; x_wconf 74' lang='lat' dir='ltr'><em>igitur</em></span> <span class='ocrx_word' id='word_1_62' title='bbox 1981 608 2209 676; x_wconf 89' lang='lat' dir='ltr'><em>scripta</em></span> <span class='ocrx_word' id='word_1_63' title='bbox 2238 609 2373 664; x_wconf 89' lang='lat' dir='ltr'><em>licet</em></span> <span class='ocrx_word' id='word_1_64' title='bbox 2398 610 2458 663; x_wconf 90' lang='lat' dir='ltr'><em>in</em></span> <span class='ocrx_word' id='word_1_65' title='bbox 2486 610 2693 664; x_wconf 89' lang='lat' dir='ltr'><em>multis</em></span> <span class='ocrx_word' id='word_1_66' title='bbox 2719 610 2973 665; x_wconf 85' lang='lat' dir='ltr'><em>obscura</em></span> <span class='ocrx_word' id='word_1_67' title='bbox 3002 609 3343 679; x_wconf 81' lang='lat' dir='ltr'><em>videantur,</em></span> <span class='ocrx_word' id='word_1_68' title='bbox 3364 615 3560 667; x_wconf 90' lang='lat' dir='ltr'><em>tamen</em></span> <span class='ocrx_word' id='word_1_69' title='bbox 3583 614 3780 668; x_wconf 87' lang='lat' dir='ltr'><em>nescio</em></span> 
     </span>
    </p>
   </div>
   <div class='ocr_carea' id='block_1_7' title="bbox 341 689 3775 771">
    <p class='ocr_par' dir='ltr' id='par_1_7' title="bbox 341 689 3775 771">
     <span class='ocr_line' id='line_1_7' title="bbox 341 689 3775 771; baseline 0.004 -28"><span class='ocrx_word' id='word_1_70' title='bbox 341 689 488 759; x_wconf 80' lang='lat' dir='ltr'><em>quid</em></span> <span class='ocrx_word' id='word_1_71' title='bbox 506 691 568 744; x_wconf 90' lang='lat' dir='ltr'><em>in</em></span> <span class='ocrx_word' id='word_1_72' title='bbox 592 690 683 746; x_wconf 87' lang='lat' dir='ltr'><em>his</em></span> <span class='ocrx_word' id='word_1_73' title='bbox 711 692 950 747; x_wconf 86' lang='lat' dir='ltr'><em>latentis</em></span> <span class='ocrx_word' id='word_1_74' title='bbox 973 694 1213 763; x_wconf 86' lang='lat' dir='ltr'><em>pietatis</em></span> <span class='ocrx_word' id='word_1_75' title='bbox 1244 694 1687 764; x_wconf 79' lang='lat' dir='ltr'><em>deprehendere</em></span> <span class='ocrx_word' id='word_1_76' title='bbox 1717 696 1935 752; x_wconf 85' lang='lat' dir='ltr'><em>licebit.</em></span> <span class='ocrx_word' id='word_1_77' title='bbox 1961 696 2043 752; x_wconf 88' lang='lat' dir='ltr'><em>Et</em></span> <span class='ocrx_word' id='word_1_78' title='bbox 2088 697 2140 751; x_wconf 88' lang='lat' dir='ltr'><em>si</em></span> <span class='ocrx_word' id='word_1_79' title='bbox 2168 711 2301 751; x_wconf 85' lang='lat' dir='ltr'><em>cum</em></span> <span class='ocrx_word' id='word_1_80' title='bbox 2331 697 2513 752; x_wconf 89' lang='lat' dir='ltr'><em>Ivone</em></span> <span class='ocrx_word' id='word_1_81' title='bbox 2536 697 2897 753; x_wconf 85' lang='lat' dir='ltr'><em>Carnotensi</em></span> <span class='ocrx_word' id='word_1_82' title='bbox 2924 697 3085 752; x_wconf 89' lang='lat' dir='ltr'><em>hunc</em></span> <span class='ocrx_word' id='word_1_83' title='bbox 3113 702 3414 753; x_wconf 84' lang='lat' dir='ltr'><em>auctorem</em></span> <span class='ocrx_word' id='word_1_84' title='bbox 3443 714 3775 771; x_wconf 90' lang='lat' dir='ltr'><em>compares,</em></span> 
     </span>
    </p>
   </div>
   <div class='ocr_carea' id='block_1_8' title="bbox 342 778 3781 856">
    <p class='ocr_par' dir='ltr' id='par_1_8' title="bbox 342 778 3781 856">
     <span class='ocr_line' id='line_1_8' title="bbox 342 778 3781 856; baseline 0.003 -24"><span class='ocrx_word' id='word_1_85' title='bbox 342 778 460 833; x_wconf 86' lang='lat' dir='ltr'><em>scio</em></span> <span class='ocrx_word' id='word_1_86' title='bbox 491 780 589 834; x_wconf 89' lang='lat' dir='ltr'><em>cui</em></span> <span class='ocrx_word' id='word_1_87' title='bbox 607 782 877 849; x_wconf 88' lang='lat' dir='ltr'><em>palmam</em></span> <span class='ocrx_word' id='word_1_88' title='bbox 892 783 1259 851; x_wconf 71' lang='lat' dir='ltr'><em>pratuleris.</em></span> <span class='ocrx_word' id='word_1_89' title='bbox 1285 784 1359 839; x_wconf 90' lang='lat' dir='ltr'><em>In</em></span> <span class='ocrx_word' id='word_1_90' title='bbox 1381 784 1490 839; x_wconf 91' lang='lat' dir='ltr'><em>illo</em></span> <span class='ocrx_word' id='word_1_91' title='bbox 1528 783 1819 855; x_wconf 83' lang='lat' dir='ltr'><em>siquidem</em></span> <span class='ocrx_word' id='word_1_92' title='bbox 1869 785 2208 855; x_wconf 86' lang='lat' dir='ltr'><em>eloquentia</em></span> <span class='ocrx_word' id='word_1_93' title='bbox 2259 785 2322 839; x_wconf 90' lang='lat' dir='ltr'><em>in</em></span> <span class='ocrx_word' id='word_1_94' title='bbox 2353 785 2464 840; x_wconf 90' lang='lat' dir='ltr'><em>isto</em></span> <span class='ocrx_word' id='word_1_95' title='bbox 2503 787 2631 841; x_wconf 89' lang='lat' dir='ltr'><em>sola</em></span> <span class='ocrx_word' id='word_1_96' title='bbox 2658 787 2849 855; x_wconf 87' lang='lat' dir='ltr'><em>pietas</em></span> <span class='ocrx_word' id='word_1_97' title='bbox 2902 787 3075 856; x_wconf 84' lang='lat' dir='ltr'><em>viget.</em></span> <span class='ocrx_word' id='word_1_98' title='bbox 3130 785 3229 839; x_wconf 81' lang='lat' dir='ltr'><em>Ad</em></span> <span class='ocrx_word' id='word_1_99' title='bbox 3270 791 3601 843; x_wconf 75' lang='lat' dir='ltr'><em>extremum</em></span> <span class='ocrx_word' id='word_1_100' title='bbox 3631 788 3781 844; x_wconf 89' lang='lat' dir='ltr'><em>duos</em></span> 
     </span>
    </p>
   </div>
   <div class='ocr_carea' id='block_1_9' title="bbox 344 866 3781 946">
    <p class='ocr_par' dir='ltr' id='par_1_9' title="bbox 344 866 3781 946">
     <span class='ocr_line' id='line_1_9' title="bbox 344 866 3781 946; baseline 0.003 -25"><span class='ocrx_word' id='word_1_101' title='bbox 344 866 478 922; x_wconf 91' lang='lat' dir='ltr'><em>illos</em></span> <span class='ocrx_word' id='word_1_102' title='bbox 499 868 818 939; x_wconf 79' lang='lat' dir='ltr'><em>episcopos,</em></span> <span class='ocrx_word' id='word_1_103' title='bbox 851 870 1047 927; x_wconf 89' lang='lat' dir='ltr'><em>dicam</em></span> <span class='ocrx_word' id='word_1_104' title='bbox 1079 871 1388 940; x_wconf 84' lang='lat' dir='ltr'><em>audacter,</em></span> <span class='ocrx_word' id='word_1_105' title='bbox 1421 872 1575 928; x_wconf 90' lang='lat' dir='ltr'><em>duas</em></span> <span class='ocrx_word' id='word_1_106' title='bbox 1596 872 1737 928; x_wconf 90' lang='lat' dir='ltr'><em>illas</em></span> <span class='ocrx_word' id='word_1_107' title='bbox 1768 873 2027 943; x_wconf 86' lang='lat' dir='ltr'><em>aquilas.</em></span> <span class='ocrx_word' id='word_1_108' title='bbox 2051 870 2460 946; x_wconf 79' lang='grc' dir='ltr'><em>ἀεροποροῡντας</em></span> <span class='ocrx_word' id='word_1_109' title='bbox 2494 888 2628 930; x_wconf 93' lang='lat' dir='ltr'><em>vere</em></span> <span class='ocrx_word' id='word_1_110' title='bbox 2649 888 2769 930; x_wconf 90' lang='lat' dir='ltr'><em>esse</em></span> <span class='ocrx_word' id='word_1_111' title='bbox 2797 889 2833 929; x_wconf 92' lang='lat' dir='ltr'><em>a</em></span> <span class='ocrx_word' id='word_1_112' title='bbox 2858 875 3004 929; x_wconf 87' lang='lat' dir='ltr'><em>Jove</em></span> <span class='ocrx_word' id='word_1_113' title='bbox 3032 874 3348 945; x_wconf 89' lang='lat' dir='ltr'><em>immissas,</em></span> <span class='ocrx_word' id='word_1_114' title='bbox 3381 881 3447 930; x_wconf 91' lang='lat' dir='ltr'><em>ut</em></span> <span class='ocrx_word' id='word_1_115' title='bbox 3492 875 3781 944; x_wconf 82' lang='lat' dir='ltr'><em>fabulan-</em></span> 
     </span>
    </p>
   </div>
   <div class='ocr_carea' id='block_1_10' title="bbox 343 958 3782 1034">
    <p class='ocr_par' dir='ltr' id='par_1_10' title="bbox 343 958 3782 1034">
     <span class='ocr_line' id='line_1_10' title="bbox 343 958 3782 1034; baseline 0.003 -25"><span class='ocrx_word' id='word_1_116' title='bbox 343 960 446 1010; x_wconf 89' lang='lat' dir='ltr'><em>tur</em></span> <span class='ocrx_word' id='word_1_117' title='bbox 469 962 659 1025; x_wconf 75' lang='lat' dir='ltr'><em>poetce</em></span> <span class='ocrx_word' id='word_1_118' title='bbox 689 958 918 1027; x_wconf 80' lang='lat' dir='ltr'><em>(CLAL&#39;D.</em></span> <span class='ocrx_word' id='word_1_119' title='bbox 950 960 1192 1029; x_wconf 63' lang='lat' dir='ltr'><em>pra/“at.</em></span> <span class='ocrx_word' id='word_1_120' title='bbox 1211 976 1433 1031; x_wconf 87' lang='lat' dir='ltr'><em>paneg.</em></span> <span class='ocrx_word' id='word_1_121' title='bbox 1466 961 1539 1017; x_wconf 90' lang='lat' dir='ltr'><em>de</em></span> <span class='ocrx_word' id='word_1_122' title='bbox 1571 961 1903 1017; x_wconf 88' lang='lat' dir='ltr'><em>Consulatu</em></span> <span class='ocrx_word' id='word_1_123' title='bbox 1931 962 2193 1032; x_wconf 77' lang='lat' dir='ltr'><em>Manlii),</em></span> <span class='ocrx_word' id='word_1_124' title='bbox 2227 963 2291 1017; x_wconf 89' lang='lat' dir='ltr'><em>in</em></span> <span class='ocrx_word' id='word_1_125' title='bbox 2323 962 2480 1018; x_wconf 89' lang='lat' dir='ltr'><em>hanc</em></span> <span class='ocrx_word' id='word_1_126' title='bbox 2509 962 2713 1018; x_wconf 80' lang='lat' dir='ltr'><em>urbem</em></span> <span class='ocrx_word' id='word_1_127' title='bbox 2770 964 3196 1019; x_wconf 87' lang='lat' dir='ltr'><em>Carnotensem</em></span> <span class='ocrx_word' id='word_1_128' title='bbox 3228 968 3516 1034; x_wconf 83' lang='lat' dir='ltr'><em>tanquam</em></span> <span class='ocrx_word' id='word_1_129' title='bbox 3558 966 3618 1019; x_wconf 88' lang='lat' dir='ltr'><em>in</em></span> <span class='ocrx_word' id='word_1_130' title='bbox 3652 980 3782 1020; x_wconf 88' lang='lat' dir='ltr'><em>um-</em></span> 
     </span>
    </p>
   </div>
   <div class='ocr_carea' id='block_1_11' title="bbox 345 1043 3782 1125">
    <p class='ocr_par' dir='ltr' id='par_1_11' title="bbox 345 1043 3782 1125">
     <span class='ocr_line' id='line_1_11' title="bbox 345 1043 3782 1125; baseline 0.003 -27"><span class='ocrx_word' id='word_1_131' title='bbox 345 1043 581 1100; x_wconf 86' lang='lat' dir='ltr'><em>bilicum</em></span> <span class='ocrx_word' id='word_1_132' title='bbox 615 1048 849 1102; x_wconf 69' lang='lat' dir='ltr'><em>Gallia.</em></span> <span class='ocrx_word' id='word_1_133' title='bbox 881 1048 1037 1104; x_wconf 87' lang='lat' dir='ltr'><em>Nam</em></span> <span class='ocrx_word' id='word_1_134' title='bbox 1066 1049 1127 1103; x_wconf 90' lang='lat' dir='ltr'><em>in</em></span> <span class='ocrx_word' id='word_1_135' title='bbox 1166 1050 1356 1105; x_wconf 86' lang='lat' dir='ltr'><em>medio</em></span> <span class='ocrx_word' id='word_1_136' title='bbox 1408 1050 1621 1106; x_wconf 76' lang='lat' dir='ltr'><em>Gallia</em></span> <span class='ocrx_word' id='word_1_137' title='bbox 1646 1054 1889 1106; x_wconf 87' lang='lat' dir='ltr'><em>auctore</em></span> <span class='ocrx_word' id='word_1_138' title='bbox 1916 1050 2155 1107; x_wconf 73' lang='lat' dir='ltr'><em>Casare</em></span> <span class='ocrx_word' id='word_1_139' title='bbox 2191 1052 2307 1107; x_wconf 90' lang='lat' dir='ltr'><em>sita</em></span> <span class='ocrx_word' id='word_1_140' title='bbox 2334 1058 2416 1105; x_wconf 85' lang='lat' dir='ltr'><em>est</em></span> <span class='ocrx_word' id='word_1_141' title='bbox 2451 1052 2699 1122; x_wconf 84' lang='lat' dir='ltr'><em>(Comm.</em></span> <span class='ocrx_word' id='word_1_142' title='bbox 2756 1051 2901 1107; x_wconf 76' lang='lat' dir='ltr'><em>Cas.</em></span> <span class='ocrx_word' id='word_1_143' title='bbox 2935 1051 3038 1107; x_wconf 89' lang='lat' dir='ltr'><em>lib.</em></span> <span class='ocrx_word' id='word_1_144' title='bbox 3070 1066 3171 1115; x_wconf 88' lang='lat' dir='ltr'><em>vn,</em></span> <span class='ocrx_word' id='word_1_145' title='bbox 3206 1051 3278 1107; x_wconf 85' lang='lat' dir='ltr'><em>de</em></span> <span class='ocrx_word' id='word_1_146' title='bbox 3295 1052 3430 1107; x_wconf 90' lang='lat' dir='ltr'><em>bell.</em></span> <span class='ocrx_word' id='word_1_147' title='bbox 3462 1053 3671 1125; x_wconf 90' lang='lat' dir='ltr'><em>Gall.),</em></span> <span class='ocrx_word' id='word_1_148' title='bbox 3714 1058 3782 1108; x_wconf 90' lang='lat' dir='ltr'><em>ut</em></span> 
     </span>
    </p>
   </div>
   <div class='ocr_carea' id='block_1_12' title="bbox 345 1133 3784 1211">
    <p class='ocr_par' dir='ltr' id='par_1_12' title="bbox 345 1133 3784 1211">
     <span class='ocr_line' id='line_1_12' title="bbox 345 1133 3784 1211; baseline 0.003 -24"><span class='ocrx_word' id='word_1_149' title='bbox 345 1133 669 1205; x_wconf 83' lang='lat' dir='ltr'><em>veritatem,</em></span> <span class='ocrx_word' id='word_1_150' title='bbox 694 1151 825 1206; x_wconf 79' lang='lat' dir='ltr'><em>qua</em></span> <span class='ocrx_word' id='word_1_151' title='bbox 851 1137 911 1192; x_wconf 90' lang='lat' dir='ltr'><em>in</em></span> <span class='ocrx_word' id='word_1_152' title='bbox 937 1138 1126 1193; x_wconf 90' lang='lat' dir='ltr'><em>medio</em></span> <span class='ocrx_word' id='word_1_153' title='bbox 1154 1140 1441 1208; x_wconf 86' lang='lat' dir='ltr'><em>consistit,</em></span> <span class='ocrx_word' id='word_1_154' title='bbox 1475 1154 1749 1211; x_wconf 75' lang='lat' dir='ltr'><em>veraque</em></span> <span class='ocrx_word' id='word_1_155' title='bbox 1779 1141 2085 1210; x_wconf 86' lang='lat' dir='ltr'><em>religionis</em></span> <span class='ocrx_word' id='word_1_156' title='bbox 2116 1141 2347 1196; x_wconf 89' lang='lat' dir='ltr'><em>cultum</em></span> <span class='ocrx_word' id='word_1_157' title='bbox 2369 1141 2729 1198; x_wconf 85' lang='lat' dir='ltr'><em>indicarent.</em></span> <span class='ocrx_word' id='word_1_158' title='bbox 2766 1141 3037 1198; x_wconf 88' lang='lat' dir='ltr'><em>Gaudeat</em></span> <span class='ocrx_word' id='word_1_159' title='bbox 3070 1154 3231 1196; x_wconf 89' lang='lat' dir='ltr'><em>nunc</em></span> <span class='ocrx_word' id='word_1_160' title='bbox 3264 1146 3319 1196; x_wconf 91' lang='lat' dir='ltr'><em>et</em></span> <span class='ocrx_word' id='word_1_161' title='bbox 3349 1142 3609 1197; x_wconf 73' lang='lat' dir='ltr'><em>exsultet</em></span> <span class='ocrx_word' id='word_1_162' title='bbox 3634 1142 3784 1197; x_wconf 87' lang='lat' dir='ltr'><em>Car-</em></span> 
     </span>
    </p>
   </div>
   <div class='ocr_carea' id='block_1_13' title="bbox 340 1224 3781 1301">
    <p class='ocr_par' dir='ltr' id='par_1_13' title="bbox 340 1224 3781 1301">
     <span class='ocr_line' id='line_1_13' title="bbox 340 1224 3781 1301; baseline 0.003 -25"><span class='ocrx_word' id='word_1_163' title='bbox 340 1224 599 1278; x_wconf 83' lang='lat' dir='ltr'><em>notensis</em></span> <span class='ocrx_word' id='word_1_164' title='bbox 624 1225 833 1280; x_wconf 90' lang='lat' dir='ltr'><em>civitas</em></span> <span class='ocrx_word' id='word_1_165' title='bbox 881 1227 1062 1282; x_wconf 88' lang='lat' dir='ltr'><em>tantis</em></span> <span class='ocrx_word' id='word_1_166' title='bbox 1089 1228 1449 1296; x_wconf 64' lang='lat' dir='ltr'><em>praesulibus</em></span> <span class='ocrx_word' id='word_1_167' title='bbox 1480 1229 1816 1298; x_wconf 85' lang='lat' dir='ltr'><em>illustrata,</em></span> <span class='ocrx_word' id='word_1_168' title='bbox 1848 1235 1933 1285; x_wconf 89' lang='lat' dir='ltr'><em>tot</em></span> <span class='ocrx_word' id='word_1_169' title='bbox 1962 1229 2304 1285; x_wconf 89' lang='lat' dir='ltr'><em>doctoribus</em></span> <span class='ocrx_word' id='word_1_170' title='bbox 2334 1236 2516 1286; x_wconf 88' lang='lat' dir='ltr'><em>aucta</em></span> <span class='ocrx_word' id='word_1_171' title='bbox 2561 1234 2615 1285; x_wconf 93' lang='lat' dir='ltr'><em>et</em></span> <span class='ocrx_word' id='word_1_172' title='bbox 2662 1231 2927 1301; x_wconf 71' lang='lat' dir='ltr'><em>exculta,</em></span> <span class='ocrx_word' id='word_1_173' title='bbox 2968 1230 3332 1286; x_wconf 82' lang='lat' dir='ltr'><em>Obmutescat</em></span> <span class='ocrx_word' id='word_1_174' title='bbox 3364 1231 3476 1285; x_wconf 88' lang='lat' dir='ltr'><em>illa</em></span> <span class='ocrx_word' id='word_1_175' title='bbox 3517 1228 3781 1300; x_wconf 88' lang='lat' dir='ltr'><em>garrula</em></span> 
     </span>
    </p>
   </div>
   <div class='ocr_carea' id='block_1_14' title="bbox 339 1312 3782 1389">
    <p class='ocr_par' dir='ltr' id='par_1_14' title="bbox 339 1312 3782 1389">
     <span class='ocr_line' id='line_1_14' title="bbox 339 1312 3782 1389; baseline 0.003 -24"><span class='ocrx_word' id='word_1_176' title='bbox 339 1312 626 1367; x_wconf 67' lang='lat' dir='ltr'><em>meretrix</em></span> <span class='ocrx_word' id='word_1_177' title='bbox 653 1328 784 1384; x_wconf 77' lang='lat' dir='ltr'><em>qua</em></span> <span class='ocrx_word' id='word_1_178' title='bbox 814 1315 978 1370; x_wconf 89' lang='lat' dir='ltr'><em>virus</em></span> <span class='ocrx_word' id='word_1_179' title='bbox 1006 1313 1288 1372; x_wconf 76' lang='lat' dir='ltr'><em>haereseos</em></span> <span class='ocrx_word' id='word_1_180' title='bbox 1320 1321 1443 1372; x_wconf 88' lang='lat' dir='ltr'><em>tam</em></span> <span class='ocrx_word' id='word_1_181' title='bbox 1475 1317 1945 1387; x_wconf 82' lang='lat' dir='ltr'><em>latejaculatur.</em></span> <span class='ocrx_word' id='word_1_182' title='bbox 1970 1318 2109 1374; x_wconf 88' lang='lat' dir='ltr'><em>Jam</em></span> <span class='ocrx_word' id='word_1_183' title='bbox 2141 1318 2296 1373; x_wconf 90' lang='lat' dir='ltr'><em>enim</em></span> <span class='ocrx_word' id='word_1_184' title='bbox 2323 1318 2592 1388; x_wconf 69' lang='lat' dir='ltr'><em>exsurgit</em></span> <span class='ocrx_word' id='word_1_185' title='bbox 2622 1318 2946 1375; x_wconf 87' lang='lat' dir='ltr'><em>Fulbertus</em></span> <span class='ocrx_word' id='word_1_186' title='bbox 2977 1324 3029 1374; x_wconf 91' lang='lat' dir='ltr'><em>et</em></span> <span class='ocrx_word' id='word_1_187' title='bbox 3060 1318 3169 1374; x_wconf 88' lang='lat' dir='ltr'><em>sub</em></span> <span class='ocrx_word' id='word_1_188' title='bbox 3200 1324 3300 1373; x_wconf 91' lang='lat' dir='ltr'><em>tuo</em></span> <span class='ocrx_word' id='word_1_189' title='bbox 3330 1318 3568 1375; x_wconf 84' lang='lat' dir='ltr'><em>nomine</em></span> <span class='ocrx_word' id='word_1_190' title='bbox 3587 1332 3782 1389; x_wconf 82' lang='lat' dir='ltr'><em>appa-</em></span> 
     </span>
    </p>
   </div>
   <div class='ocr_carea' id='block_1_15' title="bbox 340 1402 3782 1478">
    <p class='ocr_par' dir='ltr' id='par_1_15' title="bbox 340 1402 3782 1478">
     <span class='ocr_line' id='line_1_15' title="bbox 340 1402 3782 1478; baseline 0.002 -25"><span class='ocrx_word' id='word_1_191' title='bbox 340 1404 451 1468; x_wconf 83' lang='lat' dir='ltr'><em>ret,</em></span> <span class='ocrx_word' id='word_1_192' title='bbox 483 1402 963 1459; x_wconf 84' lang='lat' dir='ltr'><em>reverendissime</em></span> <span class='ocrx_word' id='word_1_193' title='bbox 985 1406 1235 1473; x_wconf 77' lang='lat' dir='ltr'><em>prasul,</em></span> <span class='ocrx_word' id='word_1_194' title='bbox 1259 1410 1324 1460; x_wconf 86' lang='lat' dir='ltr'><em>ut</em></span> <span class='ocrx_word' id='word_1_195' title='bbox 1344 1406 1773 1463; x_wconf 87' lang='lat' dir='ltr'><em>maledicorum</em></span> <span class='ocrx_word' id='word_1_196' title='bbox 1801 1422 1909 1463; x_wconf 89' lang='lat' dir='ltr'><em>ora</em></span> <span class='ocrx_word' id='word_1_197' title='bbox 1934 1407 2226 1464; x_wconf 86' lang='lat' dir='ltr'><em>obstruat.</em></span> <span class='ocrx_word' id='word_1_198' title='bbox 2254 1408 2437 1463; x_wconf 84' lang='lat' dir='ltr'><em>Hunc</em></span> <span class='ocrx_word' id='word_1_199' title='bbox 2463 1422 2602 1477; x_wconf 90' lang='lat' dir='ltr'><em>ergo</em></span> <span class='ocrx_word' id='word_1_200' title='bbox 2627 1409 2954 1477; x_wconf 87' lang='lat' dir='ltr'><em>gratiorem</em></span> <span class='ocrx_word' id='word_1_201' title='bbox 3008 1408 3117 1463; x_wconf 85' lang='lat' dir='ltr'><em>tibi</em></span> <span class='ocrx_word' id='word_1_202' title='bbox 3157 1408 3295 1476; x_wconf 78' lang='lat' dir='ltr'><em>fore</em></span> <span class='ocrx_word' id='word_1_203' title='bbox 3337 1407 3571 1478; x_wconf 86' lang='lat' dir='ltr'><em>judico,</em></span> <span class='ocrx_word' id='word_1_204' title='bbox 3618 1407 3782 1478; x_wconf 89' lang='lat' dir='ltr'><em>quod</em></span> 
     </span>
    </p>
   </div>
   <div class='ocr_carea' id='block_1_16' title="bbox 339 1488 3780 1568">
    <p class='ocr_par' dir='ltr' id='par_1_16' title="bbox 339 1488 3780 1568">
     <span class='ocr_line' id='line_1_16' title="bbox 339 1488 3780 1568; baseline 0.002 -25"><span class='ocrx_word' id='word_1_205' title='bbox 339 1488 645 1558; x_wconf 89' lang='lat' dir='ltr'><em>episcopus</em></span> <span class='ocrx_word' id='word_1_206' title='bbox 676 1489 1058 1549; x_wconf 87' lang='lat' dir='ltr'><em>Carnotcnsis</em></span> <span class='ocrx_word' id='word_1_207' title='bbox 1090 1495 1199 1550; x_wconf 88' lang='lat' dir='ltr'><em>tibi</em></span> <span class='ocrx_word' id='word_1_208' title='bbox 1220 1496 1419 1551; x_wconf 88' lang='lat' dir='ltr'><em>eodem</em></span> <span class='ocrx_word' id='word_1_209' title='bbox 1453 1496 1665 1551; x_wconf 86' lang='lat' dir='ltr'><em>baculo</em></span> <span class='ocrx_word' id='word_1_210' title='bbox 1682 1496 1986 1565; x_wconf 81' lang='lat' dir='ltr'><em>pastorali</em></span> <span class='ocrx_word' id='word_1_211' title='bbox 2012 1496 2256 1567; x_wconf 87' lang='lat' dir='ltr'><em>donato,</em></span> <span class='ocrx_word' id='word_1_212' title='bbox 2288 1502 2341 1552; x_wconf 83' lang='lat' dir='ltr'><em>et</em></span> <span class='ocrx_word' id='word_1_213' title='bbox 2374 1497 2777 1552; x_wconf 88' lang='lat' dir='ltr'><em>cancellarius</em></span> <span class='ocrx_word' id='word_1_214' title='bbox 2817 1497 3119 1568; x_wconf 88' lang='lat' dir='ltr'><em>quondam</em></span> <span class='ocrx_word' id='word_1_215' title='bbox 3164 1495 3411 1552; x_wconf 83' lang='lat' dir='ltr'><em>Roberti</em></span> <span class='ocrx_word' id='word_1_216' title='bbox 3447 1498 3601 1566; x_wconf 90' lang='lat' dir='ltr'><em>regis</em></span> <span class='ocrx_word' id='word_1_217' title='bbox 3631 1496 3780 1551; x_wconf 81' lang='lat' dir='ltr'><em>Gal-</em></span> 
     </span>
    </p>
   </div>
   <div class='ocr_carea' id='block_1_17' title="bbox 342 1577 3771 1655">
    <p class='ocr_par' dir='ltr' id='par_1_17' title="bbox 342 1577 3771 1655">
     <span class='ocr_line' id='line_1_17' title="bbox 342 1577 3771 1655; baseline 0.003 -24"><span class='ocrx_word' id='word_1_218' title='bbox 342 1577 456 1633; x_wconf 79' lang='lat' dir='ltr'><em>lia.</em></span> <span class='ocrx_word' id='word_1_219' title='bbox 483 1577 590 1632; x_wconf 86' lang='lat' dir='ltr'><em>tibi</em></span> <span class='ocrx_word' id='word_1_220' title='bbox 612 1579 1045 1636; x_wconf 76' lang='lat' dir='ltr'><em>enobilissimis</em></span> <span class='ocrx_word' id='word_1_221' title='bbox 1072 1583 1399 1651; x_wconf 81' lang='lat' dir='ltr'><em>majoribus</em></span> <span class='ocrx_word' id='word_1_222' title='bbox 1431 1589 1484 1638; x_wconf 94' lang='lat' dir='ltr'><em>et</em></span> <span class='ocrx_word' id='word_1_223' title='bbox 1508 1585 2017 1641; x_wconf 89' lang='lat' dir='ltr'><em>cancellariorum</em></span> <span class='ocrx_word' id='word_1_224' title='bbox 2064 1585 2358 1654; x_wconf 87' lang='lat' dir='ltr'><em>dignitate</em></span> <span class='ocrx_word' id='word_1_225' title='bbox 2413 1585 2664 1655; x_wconf 90' lang='lat' dir='ltr'><em>insignis</em></span> <span class='ocrx_word' id='word_1_226' title='bbox 2703 1585 2979 1654; x_wconf 89' lang='lat' dir='ltr'><em>oriundo,</em></span> <span class='ocrx_word' id='word_1_227' title='bbox 3030 1585 3291 1641; x_wconf 87' lang='lat' dir='ltr'><em>dicatur.</em></span> <span class='ocrx_word' id='word_1_228' title='bbox 3346 1586 3477 1641; x_wconf 85' lang='lat' dir='ltr'><em>Hoc</em></span> <span class='ocrx_word' id='word_1_229' title='bbox 3520 1599 3771 1640; x_wconf 87' lang='lat' dir='ltr'><em>munere</em></span> 
     </span>
    </p>
   </div>
   <div class='ocr_carea' id='block_1_18' title="bbox 337 1666 3787 1745">
    <p class='ocr_par' dir='ltr' id='par_1_18' title="bbox 337 1666 3787 1745">
     <span class='ocr_line' id='line_1_18' title="bbox 337 1666 3787 1745; baseline 0.003 -25"><span class='ocrx_word' id='word_1_230' title='bbox 337 1666 564 1736; x_wconf 79' lang='lat' dir='ltr'><em>fruere,</em></span> <span class='ocrx_word' id='word_1_231' title='bbox 597 1671 1080 1726; x_wconf 81' lang='lat' dir='ltr'><em>reverendissime</em></span> <span class='ocrx_word' id='word_1_232' title='bbox 1097 1672 1345 1741; x_wconf 73' lang='lat' dir='ltr'><em>praesul,</em></span> <span class='ocrx_word' id='word_1_233' title='bbox 1368 1673 1523 1743; x_wconf 70' lang='lat' dir='ltr'><em>aequi</em></span> <span class='ocrx_word' id='word_1_234' title='bbox 1554 1672 1803 1743; x_wconf 89' lang='lat' dir='ltr'><em>bonique</em></span> <span class='ocrx_word' id='word_1_235' title='bbox 1819 1674 2081 1743; x_wconf 88' lang='lat' dir='ltr'><em>consule,</em></span> <span class='ocrx_word' id='word_1_236' title='bbox 2104 1674 2188 1729; x_wconf 88' lang='lat' dir='ltr'><em>sic</em></span> <span class='ocrx_word' id='word_1_237' title='bbox 2215 1674 2368 1730; x_wconf 89' lang='lat' dir='ltr'><em>enim</em></span> <span class='ocrx_word' id='word_1_238' title='bbox 2392 1689 2481 1729; x_wconf 88' lang='lat' dir='ltr'><em>me</em></span> <span class='ocrx_word' id='word_1_239' title='bbox 2508 1674 2618 1729; x_wconf 89' lang='lat' dir='ltr'><em>tibi</em></span> <span class='ocrx_word' id='word_1_240' title='bbox 2645 1674 3250 1745; x_wconf 87' lang='lat' dir='ltr'><em>obsequentissimum,</em></span> <span class='ocrx_word' id='word_1_241' title='bbox 3265 1674 3318 1729; x_wconf 89' lang='lat' dir='ltr'><em>si</em></span> <span class='ocrx_word' id='word_1_242' title='bbox 3336 1675 3663 1743; x_wconf 88' lang='lat' dir='ltr'><em>placuerit,</em></span> <span class='ocrx_word' id='word_1_243' title='bbox 3682 1674 3787 1731; x_wconf 87' lang='lat' dir='ltr'><em>de-</em></span> 
     </span>
    </p>
   </div>
   <div class='ocr_carea' id='block_1_19' title="bbox 340 1754 778 1813">
    <p class='ocr_par' dir='ltr' id='par_1_19' title="bbox 340 1754 778 1813">
     <span class='ocr_line' id='line_1_19' title="bbox 340 1754 778 1813; baseline 0.011 -5"><span class='ocrx_word' id='word_1_244' title='bbox 340 1754 580 1811; x_wconf 85' lang='lat' dir='ltr'><em>vincies.</em></span> <span class='ocrx_word' id='word_1_245' title='bbox 619 1757 778 1813; x_wconf 85' lang='lat' dir='ltr'><em>Vale.</em></span> 
     </span>
    </p>
   </div>
   <div class='ocr_carea' id='block_1_20' title="bbox 1730 2001 2389 2090">
    <p class='ocr_par' dir='ltr' id='par_1_20' title="bbox 1730 2001 2389 2090">
     <span class='ocr_line' id='line_1_20' title="bbox 1730 2001 2389 2090; baseline 0.006 -5"><span class='ocrx_word' id='word_1_246' title='bbox 1730 2001 2389 2090; x_wconf 83' lang='lat' dir='ltr'><em>TESTIMONIA</em></span> 
     </span>
    </p>
   </div>
   <div class='ocr_carea' id='block_1_21' title="bbox 582 2119 3528 2212">
    <p class='ocr_par' dir='ltr' id='par_1_21' title="bbox 582 2119 3528 2212">
     <span class='ocr_line' id='line_1_21' title="bbox 582 2119 3528 2212; baseline 0.002 -32"><span class='ocrx_word' id='word_1_247' title='bbox 582 2119 693 2180; x_wconf 72' lang='lat' dir='ltr'><em>Em</em></span> <span class='ocrx_word' id='word_1_248' title='bbox 710 2120 1153 2201; x_wconf 62' lang='lat' dir='ltr'><em>probatissima:</em></span> <span class='ocrx_word' id='word_1_249' title='bbox 1184 2124 1531 2185; x_wconf 81' lang='lat' dir='ltr'><em>auctoribus</em></span> <span class='ocrx_word' id='word_1_250' title='bbox 1562 2136 1865 2208; x_wconf 73' lang='lat' dir='ltr'><em>excerpta,</em></span> <span class='ocrx_word' id='word_1_251' title='bbox 1901 2127 2118 2209; x_wconf 86' lang='lat' dir='ltr'><em>quibus</em></span> <span class='ocrx_word' id='word_1_252' title='bbox 2132 2129 2437 2209; x_wconf 80' lang='lat' dir='ltr'><em>probatur</em></span> <span class='ocrx_word' id='word_1_253' title='bbox 2465 2131 2599 2212; x_wconf 83' lang='lat' dir='ltr'><em>quis</em></span> <span class='ocrx_word' id='word_1_254' title='bbox 2627 2129 2817 2209; x_wconf 85' lang='lat' dir='ltr'><em>fuerit</em></span> <span class='ocrx_word' id='word_1_255' title='bbox 2848 2126 3168 2188; x_wconf 84' lang='lat' dir='ltr'><em>Fulbertus</em></span> <span class='ocrx_word' id='word_1_256' title='bbox 3198 2129 3528 2208; x_wconf 72' lang='lat' dir='ltr'><em>episcopus.</em></span> 
     </span>
    </p>
   </div>
   <div class='ocr_carea' id='block_1_22' title="bbox 1158 2340 1199 2394">
    <p class='ocr_par' dir='ltr' id='par_1_22' title="bbox 1158 2340 1199 2394">
     <span class='ocr_line' id='line_1_22' title="bbox 1158 2340 1199 2394; baseline 0.049 -2"><span class='ocrx_word' id='word_1_257' title='bbox 1158 2340 1199 2394; x_wconf 91' lang='grc' dir='ltr'><em>Ι.</em></span> 
     </span>
    </p>
   </div>
   <div class='ocr_carea' id='block_1_23' title="bbox 339 2419 2003 2500">
    <p class='ocr_par' dir='ltr' id='par_1_23' title="bbox 339 2419 2003 2500">
     <span class='ocr_line' id='line_1_23' title="bbox 339 2419 2003 2500; baseline 0.005 -25"><span class='ocrx_word' id='word_1_258' title='bbox 339 2419 442 2476; x_wconf 75' lang='lat' dir='ltr'><em>Ex</em></span> <span class='ocrx_word' id='word_1_259' title='bbox 472 2420 737 2478; x_wconf 85' lang='lat' dir='ltr'><em>Henrico</em></span> <span class='ocrx_word' id='word_1_260' title='bbox 789 2423 1175 2481; x_wconf 83' lang='lat' dir='ltr'><em>Gandavensi</em></span> <span class='ocrx_word' id='word_1_261' title='bbox 1197 2427 1261 2481; x_wconf 92' lang='lat' dir='ltr'><em>in</em></span> <span class='ocrx_word' id='word_1_262' title='bbox 1304 2426 1596 2500; x_wconf 88' lang='lat' dir='ltr'><em>Catalogo</em></span> <span class='ocrx_word' id='word_1_263' title='bbox 1641 2433 2003 2497; x_wconf 77' lang='lat' dir='ltr'><em>scriptorum</em></span> 
     </span>
    </p>
   </div>
   <div class='ocr_carea' id='block_1_24' title="bbox 868 2514 1446 2579">
    <p class='ocr_par' dir='ltr' id='par_1_24' title="bbox 868 2514 1446 2579">
     <span class='ocr_line' id='line_1_24' title="bbox 868 2514 1446 2579; baseline 0.005 -10"><span class='ocrx_word' id='word_1_264' title='bbox 868 2576 873 2579; x_wconf 0' lang='grc' dir='ltr'><em>ι</em></span> <span class='ocrx_word' id='word_1_265' title='bbox 892 2514 1446 2572; x_wconf 85' lang='lat' dir='ltr'><em>ecclesiasticarum.</em></span> 
     </span>
    </p>
   </div>
   <div class='ocr_carea' id='block_1_25' title="bbox 412 2597 2005 2679">
    <p class='ocr_par' dir='ltr' id='par_1_25' title="bbox 412 2597 2005 2679">
     <span class='ocr_line' id='line_1_25' title="bbox 412 2597 2005 2679; baseline 0.007 -28"><span class='ocrx_word' id='word_1_266' title='bbox 412 2597 721 2657; x_wconf 90' lang='lat' dir='ltr'><em>Fulbertus</em></span> <span class='ocrx_word' id='word_1_267' title='bbox 750 2602 1133 2660; x_wconf 87' lang='lat' dir='ltr'><em>Carnotensis</em></span> <span class='ocrx_word' id='word_1_268' title='bbox 1164 2605 1505 2679; x_wconf 90' lang='lat' dir='ltr'><em>episcopus,</em></span> <span class='ocrx_word' id='word_1_269' title='bbox 1537 2604 1875 2662; x_wconf 82' lang='lat' dir='ltr'><em>liberalium</em></span> <span class='ocrx_word' id='word_1_270' title='bbox 1914 2622 2005 2662; x_wconf 87' lang='lat' dir='ltr'><em>ar-</em></span> 
     </span>
    </p>
   </div>
   <div class='ocr_carea' id='block_1_26' title="bbox 340 2685 2007 2765">
    <p class='ocr_par' dir='ltr' id='par_1_26' title="bbox 340 2685 2007 2765">
     <span class='ocr_line' id='line_1_26' title="bbox 340 2685 2007 2765; baseline 0.006 -23"><span class='ocrx_word' id='word_1_271' title='bbox 340 2685 489 2743; x_wconf 85' lang='lat' dir='ltr'><em>tium</em></span> <span class='ocrx_word' id='word_1_272' title='bbox 514 2705 624 2745; x_wconf 91' lang='lat' dir='ltr'><em>suo</em></span> <span class='ocrx_word' id='word_1_273' title='bbox 673 2694 939 2765; x_wconf 89' lang='lat' dir='ltr'><em>tempore</em></span> <span class='ocrx_word' id='word_1_274' title='bbox 979 2693 1396 2765; x_wconf 85' lang='lat' dir='ltr'><em>peritissimus,</em></span> <span class='ocrx_word' id='word_1_275' title='bbox 1448 2694 1541 2751; x_wconf 88' lang='lat' dir='ltr'><em>vir</em></span> <span class='ocrx_word' id='word_1_276' title='bbox 1588 2694 1901 2765; x_wconf 89' lang='lat' dir='ltr'><em>religiosus</em></span> <span class='ocrx_word' id='word_1_277' title='bbox 1947 2699 2007 2754; x_wconf 85' lang='lat' dir='ltr'><em>et</em></span> 
     </span>
    </p>
   </div>
   <div class='ocr_carea' id='block_1_27' title="bbox 339 2778 2002 2857">
    <p class='ocr_par' dir='ltr' id='par_1_27' title="bbox 339 2778 2002 2857">
     <span class='ocr_line' id='line_1_27' title="bbox 339 2778 2002 2857; baseline 0.005 -25"><span class='ocrx_word' id='word_1_278' title='bbox 339 2791 481 2845; x_wconf 88' lang='lat' dir='ltr'><em>erga</em></span> <span class='ocrx_word' id='word_1_279' title='bbox 510 2778 752 2836; x_wconf 82' lang='lat' dir='ltr'><em>beatam</em></span> <span class='ocrx_word' id='word_1_280' title='bbox 782 2781 1083 2851; x_wconf 80' lang='lat' dir='ltr'><em>Virginem</em></span> <span class='ocrx_word' id='word_1_281' title='bbox 1131 2784 1575 2855; x_wconf 85' lang='lat' dir='ltr'><em>devotissimus,</em></span> <span class='ocrx_word' id='word_1_282' title='bbox 1618 2785 1849 2857; x_wconf 82' lang='lat' dir='ltr'><em>scripsit</em></span> <span class='ocrx_word' id='word_1_283' title='bbox 1881 2801 2002 2841; x_wconf 91' lang='lat' dir='ltr'><em>ser-</em></span> 
     </span>
    </p>
   </div>
   <div class='ocr_carea' id='block_1_28' title="bbox 338 2870 2001 2946">
    <p class='ocr_par' dir='ltr' id='par_1_28' title="bbox 338 2870 2001 2946">
     <span class='ocr_line' id='line_1_28' title="bbox 338 2870 2001 2946; baseline 0.006 -25"><span class='ocrx_word' id='word_1_284' title='bbox 338 2882 584 2925; x_wconf 91' lang='lat' dir='ltr'><em>monem</em></span> <span class='ocrx_word' id='word_1_285' title='bbox 605 2870 683 2926; x_wconf 89' lang='lat' dir='ltr'><em>ad</em></span> <span class='ocrx_word' id='word_1_286' title='bbox 709 2870 1077 2928; x_wconf 84' lang='lat' dir='ltr'><em>nativitatem</em></span> <span class='ocrx_word' id='word_1_287' title='bbox 1102 2871 1293 2929; x_wconf 87' lang='lat' dir='ltr'><em>beata</em></span> <span class='ocrx_word' id='word_1_288' title='bbox 1310 2873 1559 2945; x_wconf 82' lang='lat' dir='ltr'><em>Virginis</em></span> <span class='ocrx_word' id='word_1_289' title='bbox 1584 2874 2001 2946; x_wconf 85' lang='lat' dir='ltr'><em>pertinentem,</em></span> 
     </span>
    </p>
   </div>
   <div class='ocr_carea' id='block_1_29' title="bbox 336 2952 2004 3034">
    <p class='ocr_par' dir='ltr' id='par_1_29' title="bbox 336 2952 2004 3034">
     <span class='ocr_line' id='line_1_29' title="bbox 336 2952 2004 3034; baseline 0.005 -24"><span class='ocrx_word' id='word_1_290' title='bbox 336 2952 543 3013; x_wconf 88' lang='lat' dir='ltr'><em>limato</em></span> <span class='ocrx_word' id='word_1_291' title='bbox 570 2958 913 3028; x_wconf 88' lang='lat' dir='ltr'><em>dictamine,</em></span> <span class='ocrx_word' id='word_1_292' title='bbox 940 2960 1045 3033; x_wconf 89' lang='lat' dir='ltr'><em>qui</em></span> <span class='ocrx_word' id='word_1_293' title='bbox 1091 2960 1173 3017; x_wconf 81' lang='lat' dir='ltr'><em>sic</em></span> <span class='ocrx_word' id='word_1_294' title='bbox 1198 2961 1406 3034; x_wconf 90' lang='lat' dir='ltr'><em>incipit</em></span> <span class='ocrx_word' id='word_1_295' title='bbox 1436 2963 1840 3032; x_wconf 73' lang='lat' dir='ltr'><em>:Approbata</em></span> <span class='ocrx_word' id='word_1_296' title='bbox 1868 2979 2004 3019; x_wconf 91' lang='lat' dir='ltr'><em>con-</em></span> 
     </span>
    </p>
   </div>
   <div class='ocr_carea' id='block_1_30' title="bbox 338 3047 2004 3121">
    <p class='ocr_par' dir='ltr' id='par_1_30' title="bbox 338 3047 2004 3121">
     <span class='ocr_line' id='line_1_30' title="bbox 338 3047 2004 3121; baseline 0.005 -21"><span class='ocrx_word' id='word_1_297' title='bbox 338 3047 689 3104; x_wconf 83' lang='lat' dir='ltr'><em>suetudinis.</em></span> <span class='ocrx_word' id='word_1_298' title='bbox 723 3050 1049 3121; x_wconf 80' lang='lat' dir='ltr'><em>Respondit</em></span> <span class='ocrx_word' id='word_1_299' title='bbox 1061 3051 1239 3107; x_wconf 88' lang='lat' dir='ltr'><em>etiam</em></span> <span class='ocrx_word' id='word_1_300' title='bbox 1270 3051 1749 3107; x_wconf 80' lang='lat' dir='ltr'><em>cavillationibus</em></span> <span class='ocrx_word' id='word_1_301' title='bbox 1773 3052 2004 3108; x_wconf 80' lang='lat' dir='ltr'><em>Judae-</em></span> 
     </span>
    </p>
   </div>
   <div class='ocr_carea' id='block_1_31' title="bbox 337 3134 2003 3212">
    <p class='ocr_par' dir='ltr' id='par_1_31' title="bbox 337 3134 2003 3212">
     <span class='ocr_line' id='line_1_31' title="bbox 337 3134 2003 3212; baseline 0.007 -25"><span class='ocrx_word' id='word_1_302' title='bbox 337 3147 475 3189; x_wconf 87' lang='lat' dir='ltr'><em>rum</em></span> <span class='ocrx_word' id='word_1_303' title='bbox 503 3134 827 3193; x_wconf 88' lang='lat' dir='ltr'><em>dicentium</em></span> <span class='ocrx_word' id='word_1_304' title='bbox 856 3138 1015 3194; x_wconf 91' lang='lat' dir='ltr'><em>hanc</em></span> <span class='ocrx_word' id='word_1_305' title='bbox 1071 3139 1451 3212; x_wconf 89' lang='lat' dir='ltr'><em>prophetiam</em></span> <span class='ocrx_word' id='word_1_306' title='bbox 1475 3157 1487 3195; x_wconf 91' lang='lat'><strong>:</strong></span> <span class='ocrx_word' id='word_1_307' title='bbox 1527 3141 1665 3196; x_wconf 92' lang='lat' dir='ltr'><em>Non</em></span> <span class='ocrx_word' id='word_1_308' title='bbox 1690 3142 2003 3210; x_wconf 85' lang='lat' dir='ltr'><em>auferetur</em></span> 
     </span>
    </p>
   </div>
   <div class='ocr_carea' id='block_1_32' title="bbox 336 3227 1999 3296">
    <p class='ocr_par' dir='ltr' id='par_1_32' title="bbox 336 3227 1999 3296">
     <span class='ocr_line' id='line_1_32' title="bbox 336 3227 1999 3296; baseline 0.004 -18"><span class='ocrx_word' id='word_1_309' title='bbox 336 3229 635 3292; x_wconf 87' lang='lat' dir='ltr'><em>sceptrum</em></span> <span class='ocrx_word' id='word_1_310' title='bbox 664 3227 737 3282; x_wconf 91' lang='lat' dir='ltr'><em>de</em></span> <span class='ocrx_word' id='word_1_311' title='bbox 764 3228 950 3296; x_wconf 85' lang='lat' dir='ltr'><em>Juda,</em></span> <span class='ocrx_word' id='word_1_312' title='bbox 982 3231 1116 3295; x_wconf 89' lang='lat' dir='ltr'><em>etc.,</em></span> <span class='ocrx_word' id='word_1_313' title='bbox 1166 3228 1228 3283; x_wconf 90' lang='lat' dir='ltr'><em>in</em></span> <span class='ocrx_word' id='word_1_314' title='bbox 1260 3227 1489 3284; x_wconf 89' lang='lat' dir='ltr'><em>Christo</em></span> <span class='ocrx_word' id='word_1_315' title='bbox 1519 3243 1644 3284; x_wconf 92' lang='lat' dir='ltr'><em>non</em></span> <span class='ocrx_word' id='word_1_316' title='bbox 1668 3228 1848 3285; x_wconf 83' lang='lat' dir='ltr'><em>fuisse</em></span> <span class='ocrx_word' id='word_1_317' title='bbox 1886 3230 1999 3285; x_wconf 87' lang='lat' dir='ltr'><em>im-</em></span> 
     </span>
    </p>
   </div>
   <div class='ocr_carea' id='block_1_33' title="bbox 337 3312 2003 3389">
    <p class='ocr_par' dir='ltr' id='par_1_33' title="bbox 337 3312 2003 3389">
     <span class='ocr_line' id='line_1_33' title="bbox 337 3312 2003 3389; baseline 0.006 -22"><span class='ocrx_word' id='word_1_318' title='bbox 337 3312 584 3385; x_wconf 87' lang='lat' dir='ltr'><em>pletam,</em></span> <span class='ocrx_word' id='word_1_319' title='bbox 615 3315 928 3386; x_wconf 82' lang='lat' dir='ltr'><em>diligenter</em></span> <span class='ocrx_word' id='word_1_320' title='bbox 956 3317 1396 3389; x_wconf 89' lang='lat' dir='ltr'><em>Scripturarum</em></span> <span class='ocrx_word' id='word_1_321' title='bbox 1440 3318 1892 3375; x_wconf 86' lang='lat' dir='ltr'><em>auctoritatibus</em></span> <span class='ocrx_word' id='word_1_322' title='bbox 1945 3323 2003 3377; x_wconf 88' lang='lat' dir='ltr'><em>et</em></span> 
     </span>
    </p>
   </div>
   <div class='ocr_carea' id='block_1_34' title="bbox 337 3403 1835 3482">
    <p class='ocr_par' dir='ltr' id='par_1_34' title="bbox 337 3403 1835 3482">
     <span class='ocr_line' id='line_1_34' title="bbox 337 3403 1835 3482; baseline 0.004 -22"><span class='ocrx_word' id='word_1_323' title='bbox 337 3403 671 3461; x_wconf 81' lang='lat' dir='ltr'><em>rationibus</em></span> <span class='ocrx_word' id='word_1_324' title='bbox 701 3405 1019 3463; x_wconf 85' lang='lat' dir='ltr'><em>confutans</em></span> <span class='ocrx_word' id='word_1_325' title='bbox 1047 3408 1389 3464; x_wconf 77' lang='lat' dir='ltr'><em>Iudaeorum</em></span> <span class='ocrx_word' id='word_1_326' title='bbox 1415 3407 1835 3482; x_wconf 86' lang='lat' dir='ltr'><em>pervicaciam.</em></span> 
     </span>
    </p>
   </div>
   <div class='ocr_carea' id='block_1_35' title="bbox 1144 3500 1190 3552">
    <p class='ocr_par' dir='ltr' id='par_1_35' title="bbox 1144 3500 1190 3552">
     <span class='ocr_line' id='line_1_35' title="bbox 1144 3500 1190 3552; baseline 0 0"><span class='ocrx_word' id='word_1_327' title='bbox 1144 3500 1190 3552; x_wconf 90' lang='lat' dir='ltr'><em>Il</em></span> 
     </span>
    </p>
   </div>
   <div class='ocr_carea' id='block_1_36' title="bbox 798 3586 1539 3644">
    <p class='ocr_par' dir='ltr' id='par_1_36' title="bbox 798 3586 1539 3644">
     <span class='ocr_line' id='line_1_36' title="bbox 798 3586 1539 3644; baseline 0 -1"><span class='ocrx_word' id='word_1_328' title='bbox 798 3586 899 3643; x_wconf 75' lang='lat' dir='ltr'><em>Ea:</em></span> <span class='ocrx_word' id='word_1_329' title='bbox 926 3587 1162 3643; x_wconf 89' lang='lat' dir='ltr'><em>Joanne</em></span> <span class='ocrx_word' id='word_1_330' title='bbox 1198 3587 1539 3644; x_wconf 89' lang='lat' dir='ltr'><em>Trithemio.</em></span> 
     </span>
    </p>
   </div>
   <div class='ocr_carea' id='block_1_37' title="bbox 2040 2339 3777 2416">
    <p class='ocr_par' dir='ltr' id='par_1_37' title="bbox 2040 2339 3777 2416">
     <span class='ocr_line' id='line_1_37' title="bbox 2040 2339 3777 2416; baseline 0 -19"><span class='ocrx_word' id='word_1_331' title='bbox 2040 2346 2087 2397; x_wconf 82' lang='grc' dir='ltr'>Α</span> <span class='ocrx_word' id='word_1_332' title='bbox 2113 2339 2319 2399; x_wconf 88' lang='lat' dir='ltr'><em>bertus</em></span> <span class='ocrx_word' id='word_1_333' title='bbox 2348 2341 2671 2416; x_wconf 88' lang='lat' dir='ltr'><em>episcopus</em></span> <span class='ocrx_word' id='word_1_334' title='bbox 2709 2340 3110 2409; x_wconf 84' lang='lat' dir='ltr'><em>Carnotensis,</em></span> <span class='ocrx_word' id='word_1_335' title='bbox 3162 2340 3268 2415; x_wconf 88' lang='lat' dir='ltr'><em>qui</em></span> <span class='ocrx_word' id='word_1_336' title='bbox 3292 2339 3427 2397; x_wconf 87' lang='lat' dir='ltr'><em>fecit</em></span> <span class='ocrx_word' id='word_1_337' title='bbox 3453 2339 3777 2411; x_wconf 83' lang='lat' dir='ltr'><em>legendam</em></span> 
     </span>
    </p>
   </div>
   <div class='ocr_carea' id='block_1_38' title="bbox 2112 2428 3777 2503">
    <p class='ocr_par' dir='ltr' id='par_1_38' title="bbox 2112 2428 3777 2503">
     <span class='ocr_line' id='line_1_38' title="bbox 2112 2428 3777 2503; baseline 0.001 -18"><span class='ocrx_word' id='word_1_338' title='bbox 2112 2429 2186 2485; x_wconf 94' lang='lat' dir='ltr'><em>de</em></span> <span class='ocrx_word' id='word_1_339' title='bbox 2212 2431 2521 2488; x_wconf 86' lang='lat' dir='ltr'><em>Nativitate</em></span> <span class='ocrx_word' id='word_1_340' title='bbox 2554 2432 2745 2487; x_wconf 86' lang='lat' dir='ltr'><em>beata</em></span> <span class='ocrx_word' id='word_1_341' title='bbox 2770 2430 2960 2488; x_wconf 85' lang='lat' dir='ltr'><em>Maria</em></span> <span class='ocrx_word' id='word_1_342' title='bbox 2991 2434 3048 2487; x_wconf 91' lang='lat' dir='ltr'><em>et</em></span> <span class='ocrx_word' id='word_1_343' title='bbox 3093 2428 3426 2495; x_wconf 90' lang='lat' dir='ltr'><em>historiam,</em></span> <span class='ocrx_word' id='word_1_344' title='bbox 3450 2428 3623 2503; x_wconf 85' lang='lat' dir='ltr'><em>eique</em></span> <span class='ocrx_word' id='word_1_345' title='bbox 3643 2444 3777 2487; x_wconf 86' lang='lat' dir='ltr'><em>suc-</em></span> 
     </span>
    </p>
   </div>
   <div class='ocr_carea' id='block_1_39' title="bbox 2112 2519 2727 2578">
    <p class='ocr_par' dir='ltr' id='par_1_39' title="bbox 2112 2519 2727 2578">
     <span class='ocr_line' id='line_1_39' title="bbox 2112 2519 2727 2578; baseline 0 -3"><span class='ocrx_word' id='word_1_346' title='bbox 2112 2519 2287 2577; x_wconf 90' lang='lat' dir='ltr'><em>cessit</em></span> <span class='ocrx_word' id='word_1_347' title='bbox 2307 2520 2727 2578; x_wconf 91' lang='lat' dir='ltr'><em>Theodoricus.</em></span> 
     </span>
    </p>
   </div>
   <div class='ocr_carea' id='block_1_40' title="bbox 2901 2611 2987 2664">
    <p class='ocr_par' dir='ltr' id='par_1_40' title="bbox 2901 2611 2987 2664">
     <span class='ocr_line' id='line_1_40' title="bbox 2901 2611 2987 2664; baseline 0.012 -1"><span class='ocrx_word' id='word_1_348' title='bbox 2901 2611 2987 2664; x_wconf 87' lang='lat' dir='ltr'><em>IV.</em></span> 
     </span>
    </p>
   </div>
   <div class='ocr_carea' id='block_1_41' title="bbox 2451 2696 3430 2755">
    <p class='ocr_par' dir='ltr' id='par_1_41' title="bbox 2451 2696 3430 2755">
     <span class='ocr_line' id='line_1_41' title="bbox 2451 2696 3430 2755; baseline -0.001 0"><span class='ocrx_word' id='word_1_349' title='bbox 2451 2698 2551 2755; x_wconf 77' lang='lat' dir='ltr'><em>Ea:</em></span> <span class='ocrx_word' id='word_1_350' title='bbox 2578 2696 2933 2755; x_wconf 85' lang='lat' dir='ltr'><em>bibliotheca</em></span> <span class='ocrx_word' id='word_1_351' title='bbox 2956 2698 3120 2754; x_wconf 74' lang='lat' dir='ltr'><em>Sixti</em></span> <span class='ocrx_word' id='word_1_352' title='bbox 3136 2697 3430 2754; x_wconf 82' lang='lat' dir='ltr'><em>Senensis.</em></span> 
     </span>
    </p>
   </div>
   <div class='ocr_carea' id='block_1_42' title="bbox 2183 2784 3775 2861">
    <p class='ocr_par' dir='ltr' id='par_1_42' title="bbox 2183 2784 3775 2861">
     <span class='ocr_line' id='line_1_42' title="bbox 2183 2784 3775 2861; baseline 0.001 -20"><span class='ocrx_word' id='word_1_353' title='bbox 2183 2785 2498 2842; x_wconf 87' lang='lat' dir='ltr'><em>Umbertus</em></span> <span class='ocrx_word' id='word_1_354' title='bbox 2528 2802 2633 2842; x_wconf 91' lang='lat' dir='ltr'><em>seu</em></span> <span class='ocrx_word' id='word_1_355' title='bbox 2663 2785 2978 2842; x_wconf 88' lang='lat' dir='ltr'><em>Fulbertus</em></span> <span class='ocrx_word' id='word_1_356' title='bbox 3024 2784 3403 2844; x_wconf 84' lang='lat' dir='ltr'><em>Carnotensis</em></span> <span class='ocrx_word' id='word_1_357' title='bbox 3452 2786 3775 2861; x_wconf 78' lang='lat' dir='ltr'><em>episcopus</em></span> 
     </span>
    </p>
   </div>
   <div class='ocr_carea' id='block_1_43' title="bbox 2109 2873 3777 2947">
    <p class='ocr_par' dir='ltr' id='par_1_43' title="bbox 2109 2873 3777 2947">
     <span class='ocr_line' id='line_1_43' title="bbox 2109 2873 3777 2947; baseline 0.001 -19"><span class='ocrx_word' id='word_1_358' title='bbox 2109 2873 2344 2947; x_wconf 88' lang='lat' dir='ltr'><em>scripsit</em></span> <span class='ocrx_word' id='word_1_359' title='bbox 2393 2874 2457 2931; x_wconf 89' lang='lat' dir='ltr'><em>in</em></span> <span class='ocrx_word' id='word_1_360' title='bbox 2498 2874 2647 2931; x_wconf 90' lang='lat' dir='ltr'><em>illud</em></span> <span class='ocrx_word' id='word_1_361' title='bbox 2696 2877 2990 2930; x_wconf 88' lang='lat' dir='ltr'><em>Geneseos</em></span> <span class='ocrx_word' id='word_1_362' title='bbox 3035 2891 3217 2930; x_wconf 82' lang='lat' dir='ltr'><em>xux:</em></span> <span class='ocrx_word' id='word_1_363' title='bbox 3268 2875 3403 2931; x_wconf 90' lang='lat' dir='ltr'><em>Non</em></span> <span class='ocrx_word' id='word_1_364' title='bbox 3459 2874 3777 2945; x_wconf 79' lang='lat' dir='ltr'><em>auferetur</em></span> 
     </span>
    </p>
   </div>
   <div class='ocr_carea' id='block_1_44' title="bbox 2106 2964 3360 3034">
    <p class='ocr_par' dir='ltr' id='par_1_44' title="bbox 2106 2964 3360 3034">
     <span class='ocr_line' id='line_1_44' title="bbox 2106 2964 3360 3034; baseline 0.002 -15"><span class='ocrx_word' id='word_1_365' title='bbox 2106 2969 2407 3034; x_wconf 88' lang='lat' dir='ltr'><em>sceptrum</em></span> <span class='ocrx_word' id='word_1_366' title='bbox 2436 2965 2510 3019; x_wconf 92' lang='lat' dir='ltr'><em>de</em></span> <span class='ocrx_word' id='word_1_367' title='bbox 2534 2965 2717 3032; x_wconf 88' lang='lat' dir='ltr'><em>Juda,</em></span> <span class='ocrx_word' id='word_1_368' title='bbox 2750 2979 2911 3020; x_wconf 91' lang='lat' dir='ltr'><em>anno</em></span> <span class='ocrx_word' id='word_1_369' title='bbox 2941 2964 3173 3021; x_wconf 90' lang='lat' dir='ltr'><em>Domini</em></span> <span class='ocrx_word' id='word_1_370' title='bbox 3201 2964 3360 3021; x_wconf 88' lang='lat'><em>1000.</em></span> 
     </span>
    </p>
   </div>
   <div class='ocr_carea' id='block_1_45' title="bbox 2905 3055 2950 3105">
    <p class='ocr_par' dir='ltr' id='par_1_45' title="bbox 2905 3055 2950 3105">
     <span class='ocr_line' id='line_1_45' title="bbox 2905 3055 2950 3105; baseline 0 0"><span class='ocrx_word' id='word_1_371' title='bbox 2905 3055 2950 3105; x_wconf 86' lang='lat' dir='ltr'><em>V</em></span> 
     </span>
    </p>
   </div>
   <div class='ocr_carea' id='block_1_46' title="bbox 2106 3137 3768 3210">
    <p class='ocr_par' dir='ltr' id='par_1_46' title="bbox 2106 3137 3768 3210">
     <span class='ocr_line' id='line_1_46' title="bbox 2106 3137 3768 3210; baseline 0.002 -18"><span class='ocrx_word' id='word_1_372' title='bbox 2106 3137 2206 3194; x_wconf 74' lang='lat' dir='ltr'><em>Ex</em></span> <span class='ocrx_word' id='word_1_373' title='bbox 2254 3139 2475 3196; x_wconf 84' lang='lat' dir='ltr'><em>Willet.</em></span> <span class='ocrx_word' id='word_1_374' title='bbox 2509 3140 2819 3196; x_wconf 84' lang='lat' dir='ltr'><em>Malmesb.</em></span> <span class='ocrx_word' id='word_1_375' title='bbox 2848 3140 2949 3197; x_wconf 85' lang='lat' dir='ltr'><em>lib.</em></span> <span class='ocrx_word' id='word_1_376' title='bbox 2984 3156 3062 3195; x_wconf 87' lang='grc' dir='ltr'><strong>ιιι.</strong></span> <span class='ocrx_word' id='word_1_377' title='bbox 3086 3141 3173 3196; x_wconf 92' lang='lat' dir='ltr'><em>De</em></span> <span class='ocrx_word' id='word_1_378' title='bbox 3199 3140 3377 3210; x_wconf 89' lang='lat' dir='ltr'><em>gestis</em></span> <span class='ocrx_word' id='word_1_379' title='bbox 3405 3139 3768 3210; x_wconf 84' lang='lat' dir='ltr'><em>Anglorum.</em></span> 
     </span>
    </p>
   </div>
   <div class='ocr_carea' id='block_1_47' title="bbox 2178 3227 3774 3302">
    <p class='ocr_par' dir='ltr' id='par_1_47' title="bbox 2178 3227 3774 3302">
     <span class='ocr_line' id='line_1_47' title="bbox 2178 3227 3774 3302; baseline 0.003 -20"><span class='ocrx_word' id='word_1_380' title='bbox 2178 3228 2569 3298; x_wconf 89' lang='lat' dir='ltr'><em>Berengarius</em></span> <span class='ocrx_word' id='word_1_381' title='bbox 2599 3228 2775 3302; x_wconf 89' lang='lat' dir='ltr'><em>plane</em></span> <span class='ocrx_word' id='word_1_382' title='bbox 2795 3228 3078 3302; x_wconf 86' lang='lat' dir='ltr'><em>quamvis</em></span> <span class='ocrx_word' id='word_1_383' title='bbox 3103 3228 3230 3300; x_wconf 92' lang='lat' dir='ltr'><em>ipse</em></span> <span class='ocrx_word' id='word_1_384' title='bbox 3261 3227 3617 3285; x_wconf 89' lang='lat' dir='ltr'><em>sententiam</em></span> <span class='ocrx_word' id='word_1_385' title='bbox 3646 3244 3774 3286; x_wconf 89' lang='lat' dir='ltr'><em>cor-</em></span> 
     </span>
    </p>
   </div>
   <div class='ocr_carea' id='block_1_48' title="bbox 2104 3317 3773 3392">
    <p class='ocr_par' dir='ltr' id='par_1_48' title="bbox 2104 3317 3773 3392">
     <span class='ocr_line' id='line_1_48' title="bbox 2104 3317 3773 3392; baseline 0.001 -19"><span class='ocrx_word' id='word_1_386' title='bbox 2104 3317 2338 3385; x_wconf 79' lang='lat' dir='ltr'><em>rexerit,</em></span> <span class='ocrx_word' id='word_1_387' title='bbox 2369 3334 2580 3375; x_wconf 89' lang='lat' dir='ltr'><em>omnes</em></span> <span class='ocrx_word' id='word_1_388' title='bbox 2606 3334 2759 3391; x_wconf 84' lang='lat' dir='ltr'><em>quos</em></span> <span class='ocrx_word' id='word_1_389' title='bbox 2816 3334 2890 3374; x_wconf 82' lang='lat' dir='ltr'><em>ex</em></span> <span class='ocrx_word' id='word_1_390' title='bbox 2940 3317 3073 3373; x_wconf 91' lang='lat' dir='ltr'><em>totis</em></span> <span class='ocrx_word' id='word_1_391' title='bbox 3120 3317 3287 3373; x_wconf 89' lang='lat' dir='ltr'><em>terris</em></span> <span class='ocrx_word' id='word_1_392' title='bbox 3343 3318 3773 3392; x_wconf 87' lang='lat' dir='ltr'><em>depravaverat</em></span> 
     </span>
    </p>
   </div>
   <div class='ocr_carea' id='block_1_49' title="bbox 2107 3404 3771 3480">
    <p class='ocr_par' dir='ltr' id='par_1_49' title="bbox 2107 3404 3771 3480">
     <span class='ocr_line' id='line_1_49' title="bbox 2107 3404 3771 3480; baseline -0.001 -18"><span class='ocrx_word' id='word_1_393' title='bbox 2107 3410 2445 3462; x_wconf 88' lang='lat' dir='ltr'><em>convertere</em></span> <span class='ocrx_word' id='word_1_394' title='bbox 2498 3405 2786 3480; x_wconf 89' lang='lat' dir='ltr'><em>nequivit.</em></span> <span class='ocrx_word' id='word_1_395' title='bbox 2855 3405 3019 3461; x_wconf 80' lang='lat' dir='ltr'><em>Adeo</em></span> <span class='ocrx_word' id='word_1_396' title='bbox 3075 3405 3413 3479; x_wconf 88' lang='lat' dir='ltr'><em>pessimum</em></span> <span class='ocrx_word' id='word_1_397' title='bbox 3463 3409 3551 3461; x_wconf 85' lang='lat' dir='ltr'><em>est</em></span> <span class='ocrx_word' id='word_1_398' title='bbox 3621 3404 3771 3463; x_wconf 84' lang='lat' dir='ltr'><em>alios</em></span> 
     </span>
    </p>
   </div>
   <div class='ocr_carea' id='block_1_50' title="bbox 2104 3492 3770 3568">
    <p class='ocr_par' dir='ltr' id='par_1_50' title="bbox 2104 3492 3770 3568">
     <span class='ocr_line' id='line_1_50' title="bbox 2104 3492 3770 3568; baseline -0.002 -18"><span class='ocrx_word' id='word_1_399' title='bbox 2104 3495 2379 3568; x_wconf 85' lang='lat' dir='ltr'><em>exemplo</em></span> <span class='ocrx_word' id='word_1_400' title='bbox 2399 3495 2492 3552; x_wconf 90' lang='lat' dir='ltr'><em>vel</em></span> <span class='ocrx_word' id='word_1_401' title='bbox 2518 3494 2702 3551; x_wconf 88' lang='lat' dir='ltr'><em>verbo</em></span> <span class='ocrx_word' id='word_1_402' title='bbox 2725 3510 2761 3551; x_wconf 86' lang='lat' dir='ltr'><em>a</em></span> <span class='ocrx_word' id='word_1_403' title='bbox 2788 3494 2952 3550; x_wconf 93' lang='lat' dir='ltr'><em>bono</em></span> <span class='ocrx_word' id='word_1_404' title='bbox 2975 3493 3303 3563; x_wconf 84' lang='lat' dir='ltr'><em>inﬁrmare,</em></span> <span class='ocrx_word' id='word_1_405' title='bbox 3329 3492 3473 3566; x_wconf 89' lang='lat' dir='ltr'><em>quia</em></span> <span class='ocrx_word' id='word_1_406' title='bbox 3501 3492 3770 3550; x_wconf 83' lang='lat' dir='ltr'><em>fortassis</em></span> 
     </span>
    </p>
   </div>
   <div class='ocr_carea' id='block_1_51' title="bbox 2102 3581 3773 3660">
    <p class='ocr_par' dir='ltr' id='par_1_51' title="bbox 2102 3581 3773 3660">
     <span class='ocr_line' id='line_1_51' title="bbox 2102 3581 3773 3660; baseline -0.001 -20"><span class='ocrx_word' id='word_1_407' title='bbox 2102 3590 2418 3660; x_wconf 90' lang='lat' dir='ltr'><em>peccatum</em></span> <span class='ocrx_word' id='word_1_408' title='bbox 2458 3589 2513 3642; x_wconf 92' lang='lat' dir='ltr'><em>te</em></span> <span class='ocrx_word' id='word_1_409' title='bbox 2539 3584 2813 3655; x_wconf 81' lang='lat' dir='ltr'><em>gravabit</em></span> <span class='ocrx_word' id='word_1_410' title='bbox 2845 3583 3129 3652; x_wconf 88' lang='lat' dir='ltr'><em>alienum,</em></span> <span class='ocrx_word' id='word_1_411' title='bbox 3158 3599 3299 3639; x_wconf 91' lang='lat' dir='ltr'><em>cum</em></span> <span class='ocrx_word' id='word_1_412' title='bbox 3328 3582 3591 3640; x_wconf 89' lang='lat' dir='ltr'><em>deletum</em></span> <span class='ocrx_word' id='word_1_413' title='bbox 3647 3581 3773 3639; x_wconf 86' lang='lat' dir='ltr'><em>fue-</em></span> 
     </span>
    </p>
   </div>
   <div class='ocr_carea' id='block_1_52' title="bbox 407 3671 3769 3754">
    <p class='ocr_par' dir='ltr' id='par_1_52' title="bbox 407 3671 3769 3754">
     <span class='ocr_line' id='line_1_52' title="bbox 407 3671 3769 3754; baseline -0 -25"><span class='ocrx_word' id='word_1_414' title='bbox 407 3671 718 3731; x_wconf 79' lang='lat' dir='ltr'><em>l&#39;ulbertus</em></span> <span class='ocrx_word' id='word_1_415' title='bbox 755 3673 1074 3751; x_wconf 84' lang='lat' dir='ltr'><em>episcopus</em></span> <span class='ocrx_word' id='word_1_416' title='bbox 1140 3676 1518 3734; x_wconf 88' lang='lat' dir='ltr'><em>Carnotensis</em></span> <span class='ocrx_word' id='word_1_417' title='bbox 1567 3676 1630 3733; x_wconf 91' lang='lat' dir='ltr'><em>in</em></span> <span class='ocrx_word' id='word_1_418' title='bbox 1681 3676 1996 3751; x_wconf 90' lang='lat' dir='ltr'><em>Scripturis</em></span> <span class='ocrx_word' id='word_1_419' title='bbox 2034 3699 2078 3754; x_wconf 81' lang='grc' dir='ltr'>Β</span> <span class='ocrx_word' id='word_1_420' title='bbox 2106 3674 2181 3730; x_wconf 87' lang='lat' dir='ltr'><em>rit</em></span> <span class='ocrx_word' id='word_1_421' title='bbox 2200 3679 2390 3731; x_wconf 89' lang='lat' dir='ltr'><em>tuum.</em></span> <span class='ocrx_word' id='word_1_422' title='bbox 2412 3674 2585 3741; x_wconf 86' lang='lat' dir='ltr'><em>Quod</em></span> <span class='ocrx_word' id='word_1_423' title='bbox 2606 3674 2961 3748; x_wconf 83' lang='lat' dir='ltr'><em>episcopum</em></span> <span class='ocrx_word' id='word_1_424' title='bbox 2983 3672 3769 3731; x_wconf 88' lang='lat' dir='ltr'><em>CarnotensemFulbertum</em></span> 
     </span>
    </p>
   </div>
   <div class='ocr_carea' id='block_1_53' title="bbox 334 3761 1995 3834">
    <p class='ocr_par' dir='ltr' id='par_1_53' title="bbox 334 3761 1995 3834">
     <span class='ocr_line' id='line_1_53' title="bbox 334 3761 1995 3834; baseline 0.004 -18"><span class='ocrx_word' id='word_1_425' title='bbox 334 3761 551 3817; x_wconf 91' lang='lat' dir='ltr'><em>divinis</em></span> <span class='ocrx_word' id='word_1_426' title='bbox 576 3763 1032 3834; x_wconf 90' lang='lat' dir='ltr'><em>eruditissimus,</em></span> <span class='ocrx_word' id='word_1_427' title='bbox 1066 3769 1123 3822; x_wconf 91' lang='lat' dir='ltr'><em>et</em></span> <span class='ocrx_word' id='word_1_428' title='bbox 1150 3764 1211 3822; x_wconf 91' lang='lat' dir='ltr'><em>in</em></span> <span class='ocrx_word' id='word_1_429' title='bbox 1242 3765 1622 3823; x_wconf 87' lang='lat' dir='ltr'><em>sacularium</em></span> <span class='ocrx_word' id='word_1_430' title='bbox 1668 3765 1995 3824; x_wconf 88' lang='lat' dir='ltr'><em>litterarum</em></span> 
     </span>
    </p>
   </div>
   <div class='ocr_carea' id='block_1_54' title="bbox 334 3851 1997 3928">
    <p class='ocr_par' dir='ltr' id='par_1_54' title="bbox 334 3851 1997 3928">
     <span class='ocr_line' id='line_1_54' title="bbox 334 3851 1997 3928; baseline 0.005 -23"><span class='ocrx_word' id='word_1_431' title='bbox 334 3851 663 3924; x_wconf 90' lang='lat' dir='ltr'><em>disciplinis</em></span> <span class='ocrx_word' id='word_1_432' title='bbox 712 3854 986 3911; x_wconf 90' lang='lat' dir='ltr'><em>omnium</em></span> <span class='ocrx_word' id='word_1_433' title='bbox 1044 3871 1153 3911; x_wconf 91' lang='lat' dir='ltr'><em>suo</em></span> <span class='ocrx_word' id='word_1_434' title='bbox 1210 3860 1479 3928; x_wconf 89' lang='lat' dir='ltr'><em>tempore</em></span> <span class='ocrx_word' id='word_1_435' title='bbox 1503 3855 1820 3913; x_wconf 88' lang='lat' dir='ltr'><em>doctorum</em></span> <span class='ocrx_word' id='word_1_436' title='bbox 1858 3857 1997 3914; x_wconf 92' lang='lat' dir='ltr'><em>doc-</em></span> 
     </span>
    </p>
   </div>
   <div class='ocr_carea' id='block_1_55' title="bbox 334 3939 1995 4015">
    <p class='ocr_par' dir='ltr' id='par_1_55' title="bbox 334 3939 1995 4015">
     <span class='ocr_line' id='line_1_55' title="bbox 334 3939 1995 4015; baseline 0.005 -21"><span class='ocrx_word' id='word_1_437' title='bbox 334 3939 623 4013; x_wconf 89' lang='lat' dir='ltr'><em>tissimus,</em></span> <span class='ocrx_word' id='word_1_438' title='bbox 683 3946 861 4014; x_wconf 86' lang='lat' dir='ltr'><em>poeta</em></span> <span class='ocrx_word' id='word_1_439' title='bbox 908 3942 1125 4015; x_wconf 86' lang='lat' dir='ltr'><em>clarus,</em></span> <span class='ocrx_word' id='word_1_440' title='bbox 1179 3948 1236 4000; x_wconf 87' lang='lat' dir='ltr'><em>et</em></span> <span class='ocrx_word' id='word_1_441' title='bbox 1287 3944 1632 4001; x_wconf 87' lang='lat' dir='ltr'><em>dialecticus</em></span> <span class='ocrx_word' id='word_1_442' title='bbox 1682 3945 1995 4004; x_wconf 87' lang='lat' dir='ltr'><em>subtilissi-</em></span> 
     </span>
    </p>
   </div>
   <div class='ocr_carea' id='block_1_56' title="bbox 333 4030 1992 4110">
    <p class='ocr_par' dir='ltr' id='par_1_56' title="bbox 333 4030 1992 4110">
     <span class='ocr_line' id='line_1_56' title="bbox 333 4030 1992 4110; baseline 0.005 -25"><span class='ocrx_word' id='word_1_443' title='bbox 333 4045 491 4098; x_wconf 90' lang='lat' dir='ltr'><em>mus,</em></span> <span class='ocrx_word' id='word_1_444' title='bbox 559 4030 761 4088; x_wconf 91' lang='lat' dir='ltr'><em>multis</em></span> <span class='ocrx_word' id='word_1_445' title='bbox 814 4033 990 4088; x_wconf 89' lang='lat' dir='ltr'><em>annis</em></span> <span class='ocrx_word' id='word_1_446' title='bbox 1037 4032 1257 4089; x_wconf 90' lang='lat' dir='ltr'><em>schola</em></span> <span class='ocrx_word' id='word_1_447' title='bbox 1315 4034 1570 4107; x_wconf 88' lang='lat' dir='ltr'><em>publica</em></span> <span class='ocrx_word' id='word_1_448' title='bbox 1644 4035 1992 4110; x_wconf 88' lang='lat' dir='ltr'><em>prasidens,</em></span> 
     </span>
    </p>
   </div>
   <div class='ocr_carea' id='block_1_57' title="bbox 332 4120 1998 4196">
    <p class='ocr_par' dir='ltr' id='par_1_57' title="bbox 332 4120 1998 4196">
     <span class='ocr_line' id='line_1_57' title="bbox 332 4120 1998 4196; baseline 0.005 -21"><span class='ocrx_word' id='word_1_449' title='bbox 332 4120 626 4194; x_wconf 89' lang='lat' dir='ltr'><em>plurimos</em></span> <span class='ocrx_word' id='word_1_450' title='bbox 685 4121 1063 4179; x_wconf 88' lang='lat' dir='ltr'><em>doctissimos</em></span> <span class='ocrx_word' id='word_1_451' title='bbox 1088 4166 1101 4193; x_wconf 90' lang='lat'><em>,</em></span> <span class='ocrx_word' id='word_1_452' title='bbox 1158 4123 1459 4181; x_wconf 86' lang='lat' dir='ltr'><em>auditores</em></span> <span class='ocrx_word' id='word_1_453' title='bbox 1512 4125 1811 4196; x_wconf 87' lang='lat' dir='ltr'><em>enutrivit,</em></span> <span class='ocrx_word' id='word_1_454' title='bbox 1874 4126 1998 4185; x_wconf 79' lang='lat' dir='ltr'><em>vita</em></span> 
     </span>
    </p>
   </div>
   <div class='ocr_carea' id='block_1_58' title="bbox 334 4211 1996 4285">
    <p class='ocr_par' dir='ltr' id='par_1_58' title="bbox 334 4211 1996 4285">
     <span class='ocr_line' id='line_1_58' title="bbox 334 4211 1996 4285; baseline 0.005 -20"><span class='ocrx_word' id='word_1_455' title='bbox 334 4224 580 4284; x_wconf 91' lang='lat' dir='ltr'><em>quoque</em></span> <span class='ocrx_word' id='word_1_456' title='bbox 662 4211 1102 4283; x_wconf 89' lang='lat' dir='ltr'><em>sanctissimus,</em></span> <span class='ocrx_word' id='word_1_457' title='bbox 1183 4212 1386 4269; x_wconf 91' lang='lat' dir='ltr'><em>multis</em></span> <span class='ocrx_word' id='word_1_458' title='bbox 1454 4212 1669 4285; x_wconf 85' lang='lat' dir='ltr'><em>legitur</em></span> <span class='ocrx_word' id='word_1_459' title='bbox 1736 4215 1996 4273; x_wconf 89' lang='lat' dir='ltr'><em>miracu-</em></span> 
     </span>
    </p>
   </div>
   <div class='ocr_carea' id='block_1_59' title="bbox 329 4299 1997 4378">
    <p class='ocr_par' dir='ltr' id='par_1_59' title="bbox 329 4299 1997 4378">
     <span class='ocr_line' id='line_1_59' title="bbox 329 4299 1997 4378; baseline 0.004 -22"><span class='ocrx_word' id='word_1_460' title='bbox 329 4299 401 4356; x_wconf 87' lang='lat' dir='ltr'><em>lis</em></span> <span class='ocrx_word' id='word_1_461' title='bbox 452 4316 819 4371; x_wconf 88' lang='lat' dir='ltr'><em>coruscasse,</em></span> <span class='ocrx_word' id='word_1_462' title='bbox 870 4302 976 4377; x_wconf 89' lang='lat' dir='ltr'><em>qui</em></span> <span class='ocrx_word' id='word_1_463' title='bbox 1032 4303 1200 4374; x_wconf 63' lang='lat' dir='ltr'><em>inter;</em></span> <span class='ocrx_word' id='word_1_464' title='bbox 1258 4305 1472 4360; x_wconf 84' lang='lat' dir='ltr'><em>catera</em></span> <span class='ocrx_word' id='word_1_465' title='bbox 1547 4303 1852 4378; x_wconf 84' lang='lat' dir='ltr'><em>scripsisse</em></span> <span class='ocrx_word' id='word_1_466' title='bbox 1913 4306 1997 4363; x_wconf 89' lang='lat' dir='ltr'><em>di-</em></span> 
     </span>
    </p>
   </div>
   <div class='ocr_carea' id='block_1_60' title="bbox 330 4390 499 4447">
    <p class='ocr_par' dir='ltr' id='par_1_60' title="bbox 330 4390 499 4447">
     <span class='ocr_line' id='line_1_60' title="bbox 330 4390 499 4447; baseline -0.006 0"><span class='ocrx_word' id='word_1_467' title='bbox 330 4390 499 4447; x_wconf 90' lang='lat' dir='ltr'><em>citur.</em></span> 
     </span>
    </p>
   </div>
   <div class='ocr_carea' id='block_1_61' title="bbox 402 4480 1268 4555">
    <p class='ocr_par' dir='ltr' id='par_1_61' title="bbox 402 4480 1268 4555">
     <span class='ocr_line' id='line_1_61' title="bbox 402 4480 1268 4555; baseline 0.002 -18"><span class='ocrx_word' id='word_1_468' title='bbox 402 4480 645 4555; x_wconf 86' lang='lat' dir='ltr'><em>Epistol.</em></span> <span class='ocrx_word' id='word_1_469' title='bbox 677 4481 755 4539; x_wconf 89' lang='lat' dir='ltr'><em>ad</em></span> <span class='ocrx_word' id='word_1_470' title='bbox 784 4480 1053 4539; x_wconf 86' lang='lat' dir='ltr'><em>diversos</em></span> <span class='ocrx_word' id='word_1_471' title='bbox 1090 4481 1194 4539; x_wconf 89' lang='lat' dir='ltr'><em>lib.</em></span> <span class='ocrx_word' id='word_1_472' title='bbox 1228 4485 1268 4539; x_wconf 90' lang='grc' dir='ltr'><strong>Ι.</strong></span> 
     </span>
    </p>
   </div>
   <div class='ocr_carea' id='block_1_62' title="bbox 401 4571 1362 4631">
    <p class='ocr_par' dir='ltr' id='par_1_62' title="bbox 401 4571 1362 4631">
     <span class='ocr_line' id='line_1_62' title="bbox 401 4571 1362 4631; baseline 0.005 -5"><span class='ocrx_word' id='word_1_473' title='bbox 401 4574 465 4628; x_wconf 83' lang='lat' dir='ltr'><em>In</em></span> <span class='ocrx_word' id='word_1_474' title='bbox 494 4571 704 4628; x_wconf 90' lang='lat' dir='ltr'><em>laudes</em></span> <span class='ocrx_word' id='word_1_475' title='bbox 730 4576 951 4630; x_wconf 86' lang='lat' dir='ltr'><em>sancta</em></span> <span class='ocrx_word' id='word_1_476' title='bbox 977 4571 1169 4631; x_wconf 85' lang='lat' dir='ltr'><em>Maria</em></span> <span class='ocrx_word' id='word_1_477' title='bbox 1182 4571 1288 4631; x_wconf 90' lang='lat' dir='ltr'><em>lib.</em></span> <span class='ocrx_word' id='word_1_478' title='bbox 1320 4577 1362 4631; x_wconf 92' lang='grc' dir='ltr'><em>Ι.</em></span> 
     </span>
    </p>
   </div>
   <div class='ocr_carea' id='block_1_63' title="bbox 402 4660 1994 4739">
    <p class='ocr_par' dir='ltr' id='par_1_63' title="bbox 402 4660 1994 4739">
     <span class='ocr_line' id='line_1_63' title="bbox 402 4660 1994 4739; baseline 0.003 -21"><span class='ocrx_word' id='word_1_479' title='bbox 402 4664 670 4734; x_wconf 84' lang='lat' dir='ltr'><em>Hymnos</em></span> <span class='ocrx_word' id='word_1_480' title='bbox 718 4665 776 4719; x_wconf 90' lang='lat' dir='ltr'><em>et</em></span> <span class='ocrx_word' id='word_1_481' title='bbox 833 4660 1143 4720; x_wconf 87' lang='lat' dir='ltr'><em>Orationes</em></span> <span class='ocrx_word' id='word_1_482' title='bbox 1194 4663 1412 4737; x_wconf 86' lang='lat' dir='ltr'><em>varias,</em></span> <span class='ocrx_word' id='word_1_483' title='bbox 1440 4667 1499 4723; x_wconf 91' lang='lat' dir='ltr'><em>et</em></span> <span class='ocrx_word' id='word_1_484' title='bbox 1551 4664 1837 4739; x_wconf 79' lang='lat' dir='ltr'><em>quaedam</em></span> <span class='ocrx_word' id='word_1_485' title='bbox 1892 4664 1994 4722; x_wconf 86' lang='lat' dir='ltr'><em>de-</em></span> 
     </span>
    </p>
   </div>
   <div class='ocr_carea' id='block_1_64' title="bbox 326 4753 489 4809">
    <p class='ocr_par' dir='ltr' id='par_1_64' title="bbox 326 4753 489 4809">
     <span class='ocr_line' id='line_1_64' title="bbox 326 4753 489 4809; baseline -0.006 -1"><span class='ocrx_word' id='word_1_486' title='bbox 326 4753 489 4809; x_wconf 88' lang='lat' dir='ltr'><em>vota.</em></span> 
     </span>
    </p>
   </div>
   <div class='ocr_carea' id='block_1_65' title="bbox 400 4840 1995 4916">
    <p class='ocr_par' dir='ltr' id='par_1_65' title="bbox 400 4840 1995 4916">
     <span class='ocr_line' id='line_1_65' title="bbox 400 4840 1995 4916; baseline 0.004 -21"><span class='ocrx_word' id='word_1_487' title='bbox 400 4840 622 4899; x_wconf 75' lang='lat' dir='ltr'><em>Claruit</em></span> <span class='ocrx_word' id='word_1_488' title='bbox 672 4841 1047 4916; x_wconf 86' lang='lat' dir='ltr'><em>temporibus</em></span> <span class='ocrx_word' id='word_1_489' title='bbox 1109 4842 1344 4900; x_wconf 87' lang='lat' dir='ltr'><em>Henrici</em></span> <span class='ocrx_word' id='word_1_490' title='bbox 1387 4842 1544 4914; x_wconf 86' lang='lat' dir='ltr'><em>regis</em></span> <span class='ocrx_word' id='word_1_491' title='bbox 1597 4843 1778 4901; x_wconf 89' lang='lat' dir='ltr'><em>Primi</em></span> <span class='ocrx_word' id='word_1_492' title='bbox 1832 4859 1995 4903; x_wconf 91' lang='lat' dir='ltr'><em>anno</em></span> 
     </span>
    </p>
   </div>
   <div class='ocr_carea' id='block_1_66' title="bbox 332 4934 489 4989">
    <p class='ocr_par' dir='ltr' id='par_1_66' title="bbox 332 4934 489 4989">
     <span class='ocr_line' id='line_1_66' title="bbox 332 4934 489 4989; baseline 0 -1"><span class='ocrx_word' id='word_1_493' title='bbox 332 4934 489 4989; x_wconf 72' lang='grc'><strong>1000.</strong></span> 
     </span>
    </p>
   </div>
   <div class='ocr_carea' id='block_1_67' title="bbox 1113 5021 1203 5079">
    <p class='ocr_par' dir='ltr' id='par_1_67' title="bbox 1113 5021 1203 5079">
     <span class='ocr_line' id='line_1_67' title="bbox 1113 5021 1203 5079; baseline 0.022 -2"><span class='ocrx_word' id='word_1_494' title='bbox 1113 5021 1203 5079; x_wconf 86' lang='grc' dir='ltr'><em>ΙΙΙ.</em></span> 
     </span>
    </p>
   </div>
   <div class='ocr_carea' id='block_1_68' title="bbox 326 5110 1991 5187">
    <p class='ocr_par' dir='ltr' id='par_1_68' title="bbox 326 5110 1991 5187">
     <span class='ocr_line' id='line_1_68' title="bbox 326 5110 1991 5187; baseline 0.002 -18"><span class='ocrx_word' id='word_1_495' title='bbox 326 5110 426 5170; x_wconf 76' lang='lat' dir='ltr'><em>Ea:</em></span> <span class='ocrx_word' id='word_1_496' title='bbox 449 5115 637 5174; x_wconf 84' lang='lat' dir='ltr'><em>veteri</em></span> <span class='ocrx_word' id='word_1_497' title='bbox 654 5113 893 5171; x_wconf 89' lang='lat' dir='ltr'><em>Annali</em></span> <span class='ocrx_word' id='word_1_498' title='bbox 920 5112 1289 5171; x_wconf 79' lang='lat' dir='ltr'><em>bibliotheca:</em></span> <span class='ocrx_word' id='word_1_499' title='bbox 1317 5114 1540 5185; x_wconf 83' lang='lat' dir='ltr'><em>regalis</em></span> <span class='ocrx_word' id='word_1_500' title='bbox 1583 5114 1823 5187; x_wconf 87' lang='lat' dir='ltr'><em>collegii</em></span> <span class='ocrx_word' id='word_1_501' title='bbox 1865 5116 1991 5173; x_wconf 90' lang='lat' dir='ltr'><em>Na-</em></span> 
     </span>
    </p>
   </div>
   <div class='ocr_carea' id='block_1_69' title="bbox 672 5201 1635 5274">
    <p class='ocr_par' dir='ltr' id='par_1_69' title="bbox 672 5201 1635 5274">
     <span class='ocr_line' id='line_1_69' title="bbox 672 5201 1635 5274; baseline 0 -16"><span class='ocrx_word' id='word_1_502' title='bbox 672 5217 889 5270; x_wconf 77' lang='lat' dir='ltr'><em>varra,</em></span> <span class='ocrx_word' id='word_1_503' title='bbox 922 5204 986 5259; x_wconf 87' lang='lat' dir='ltr'><em>in</em></span> <span class='ocrx_word' id='word_1_504' title='bbox 1027 5203 1161 5260; x_wconf 89' lang='lat' dir='ltr'><em>Vita</em></span> <span class='ocrx_word' id='word_1_505' title='bbox 1190 5201 1438 5260; x_wconf 82' lang='lat' dir='ltr'><em>Roberti</em></span> <span class='ocrx_word' id='word_1_506' title='bbox 1458 5203 1635 5274; x_wconf 88' lang='lat' dir='ltr'><em>regis.</em></span> 
     </span>
    </p>
   </div>
   <div class='ocr_carea' id='block_1_70' title="bbox 400 5284 1991 5362">
    <p class='ocr_par' dir='ltr' id='par_1_70' title="bbox 400 5284 1991 5362">
     <span class='ocr_line' id='line_1_70' title="bbox 400 5284 1991 5362; baseline 0.004 -20"><span class='ocrx_word' id='word_1_507' title='bbox 400 5284 713 5343; x_wconf 83' lang='lat' dir='ltr'><em>Fulbertus</em></span> <span class='ocrx_word' id='word_1_508' title='bbox 755 5289 952 5361; x_wconf 90' lang='lat' dir='ltr'><em>primo</em></span> <span class='ocrx_word' id='word_1_509' title='bbox 995 5289 1105 5347; x_wconf 82' lang='lat' dir='ltr'><em>fuit</em></span> <span class='ocrx_word' id='word_1_510' title='bbox 1155 5290 1550 5350; x_wconf 90' lang='lat' dir='ltr'><em>cancellarius</em></span> <span class='ocrx_word' id='word_1_511' title='bbox 1599 5291 1756 5362; x_wconf 89' lang='lat' dir='ltr'><em>regis</em></span> <span class='ocrx_word' id='word_1_512' title='bbox 1811 5292 1991 5349; x_wconf 84' lang='lat' dir='ltr'><em>Fran-</em></span> 
     </span>
    </p>
   </div>
   <div class='ocr_carea' id='block_1_71' title="bbox 328 5374 1989 5455">
    <p class='ocr_par' dir='ltr' id='par_1_71' title="bbox 328 5374 1989 5455">
     <span class='ocr_line' id='line_1_71' title="bbox 328 5374 1989 5455; baseline 0.005 -26"><span class='ocrx_word' id='word_1_513' title='bbox 328 5387 542 5430; x_wconf 85' lang='lat' dir='ltr'><em>corum</em></span> <span class='ocrx_word' id='word_1_514' title='bbox 594 5374 850 5444; x_wconf 81' lang='lat' dir='ltr'><em>Roberti,</em></span> <span class='ocrx_word' id='word_1_515' title='bbox 883 5383 939 5435; x_wconf 90' lang='lat' dir='ltr'><em>et</em></span> <span class='ocrx_word' id='word_1_516' title='bbox 962 5396 1033 5436; x_wconf 80' lang='lat' dir='ltr'><em>ex</em></span> <span class='ocrx_word' id='word_1_517' title='bbox 1063 5380 1420 5438; x_wconf 89' lang='lat' dir='ltr'><em>cancellario</em></span> <span class='ocrx_word' id='word_1_518' title='bbox 1450 5379 1643 5437; x_wconf 84' lang='lat' dir='ltr'><em>factus</em></span> <span class='ocrx_word' id='word_1_519' title='bbox 1669 5381 1989 5455; x_wconf 90' lang='lat' dir='ltr'><em>episcopus</em></span> 
     </span>
    </p>
   </div>
   <div class='ocr_carea' id='block_1_72' title="bbox 330 5463 1990 5533">
    <p class='ocr_par' dir='ltr' id='par_1_72' title="bbox 330 5463 1990 5533">
     <span class='ocr_line' id='line_1_72' title="bbox 330 5463 1990 5533; baseline 0.005 -14"><span class='ocrx_word' id='word_1_520' title='bbox 330 5463 728 5533; x_wconf 88' lang='lat' dir='ltr'><em>Carnotensis,</em></span> <span class='ocrx_word' id='word_1_521' title='bbox 782 5465 904 5521; x_wconf 87' lang='lat' dir='ltr'><em>vita</em></span> <span class='ocrx_word' id='word_1_522' title='bbox 926 5467 1382 5527; x_wconf 87' lang='lat' dir='ltr'><em>honestissimus</em></span> <span class='ocrx_word' id='word_1_523' title='bbox 1433 5473 1490 5526; x_wconf 88' lang='lat' dir='ltr'><em>et</em></span> <span class='ocrx_word' id='word_1_524' title='bbox 1512 5470 1576 5527; x_wconf 92' lang='lat' dir='ltr'><em>in</em></span> <span class='ocrx_word' id='word_1_525' title='bbox 1603 5470 1851 5528; x_wconf 87' lang='lat' dir='ltr'><em>scientia</em></span> <span class='ocrx_word' id='word_1_526' title='bbox 1872 5471 1990 5528; x_wconf 86' lang='lat' dir='ltr'><em>cla-</em></span> 
     </span>
    </p>
   </div>
   <div class='ocr_carea' id='block_1_73' title="bbox 329 5548 1991 5631">
    <p class='ocr_par' dir='ltr' id='par_1_73' title="bbox 329 5548 1991 5631">
     <span class='ocr_line' id='line_1_73' title="bbox 329 5548 1991 5631; baseline 0.007 -26"><span class='ocrx_word' id='word_1_527' title='bbox 329 5548 625 5608; x_wconf 88' lang='lat' dir='ltr'><em>rissimus.</em></span> <span class='ocrx_word' id='word_1_528' title='bbox 682 5553 1097 5614; x_wconf 86' lang='lat' dir='ltr'><em>Fundamenta</em></span> <span class='ocrx_word' id='word_1_529' title='bbox 1145 5563 1364 5615; x_wconf 83' lang='lat' dir='ltr'><em>sanctae</em></span> <span class='ocrx_word' id='word_1_530' title='bbox 1418 5559 1683 5616; x_wconf 89' lang='lat' dir='ltr'><em>ecclesia</em></span> <span class='ocrx_word' id='word_1_531' title='bbox 1731 5560 1833 5616; x_wconf 88' lang='lat' dir='ltr'><em>Dei</em></span> <span class='ocrx_word' id='word_1_532' title='bbox 1889 5576 1991 5631; x_wconf 89' lang='lat' dir='ltr'><em>ge-</em></span> 
     </span>
    </p>
   </div>
   <div class='ocr_carea' id='block_1_74' title="bbox 328 5635 1996 5723">
    <p class='ocr_par' dir='ltr' id='par_1_74' title="bbox 328 5635 1996 5723">
     <span class='ocr_line' id='line_1_74' title="bbox 328 5635 1996 5723; baseline 0.009 -32"><span class='ocrx_word' id='word_1_533' title='bbox 328 5635 554 5693; x_wconf 87' lang='lat' dir='ltr'><em>nitricis</em></span> <span class='ocrx_word' id='word_1_534' title='bbox 625 5640 1005 5698; x_wconf 88' lang='lat' dir='ltr'><em>Carnotensis</em></span> <span class='ocrx_word' id='word_1_535' title='bbox 1074 5646 1233 5717; x_wconf 86' lang='lat' dir='ltr'><em>jecit,</em></span> <span class='ocrx_word' id='word_1_536' title='bbox 1287 5652 1342 5703; x_wconf 88' lang='lat' dir='ltr'><em>et</em></span> <span class='ocrx_word' id='word_1_537' title='bbox 1407 5649 1687 5705; x_wconf 88' lang='lat' dir='ltr'><em>eamdem</em></span> <span class='ocrx_word' id='word_1_538' title='bbox 1748 5649 1996 5723; x_wconf 85' lang='lat' dir='ltr'><em>perfecit</em></span> 
     </span>
    </p>
   </div>
   <div class='ocr_carea' id='block_1_75' title="bbox 330 5723 1996 5805">
    <p class='ocr_par' dir='ltr' id='par_1_75' title="bbox 330 5723 1996 5805">
     <span class='ocr_line' id='line_1_75' title="bbox 330 5723 1996 5805; baseline 0.008 -24"><span class='ocrx_word' id='word_1_539' title='bbox 330 5723 486 5781; x_wconf 88' lang='lat' dir='ltr'><em>miro</em></span> <span class='ocrx_word' id='word_1_540' title='bbox 536 5725 777 5800; x_wconf 90' lang='lat' dir='ltr'><em>lapideo</em></span> <span class='ocrx_word' id='word_1_541' title='bbox 843 5728 1134 5787; x_wconf 76' lang='lat' dir='ltr'><em>tabulata.</em></span> <span class='ocrx_word' id='word_1_542' title='bbox 1210 5734 1290 5788; x_wconf 88' lang='lat' dir='ltr'><em>Et</em></span> <span class='ocrx_word' id='word_1_543' title='bbox 1353 5735 1552 5793; x_wconf 88' lang='lat' dir='ltr'><em>Paulo</em></span> <span class='ocrx_word' id='word_1_544' title='bbox 1602 5742 1759 5805; x_wconf 90' lang='lat' dir='ltr'><em>post.</em></span> <span class='ocrx_word' id='word_1_545' title='bbox 1826 5737 1996 5794; x_wconf 88' lang='lat' dir='ltr'><em>Circa</em></span> 
     </span>
    </p>
   </div>
   <div class='ocr_carea' id='block_1_76' title="bbox 330 5817 1998 5882">
    <p class='ocr_par' dir='ltr' id='par_1_76' title="bbox 330 5817 1998 5882">
     <span class='ocr_line' id='line_1_76' title="bbox 330 5817 1998 5882; baseline 0.008 -13"><span class='ocrx_word' id='word_1_546' title='bbox 330 5826 561 5873; x_wconf 82' lang='lat' dir='ltr'><em>annum</em></span> <span class='ocrx_word' id='word_1_547' title='bbox 614 5817 1000 5877; x_wconf 82' lang='lat' dir='ltr'><em>millesimum</em></span> <span class='ocrx_word' id='word_1_548' title='bbox 1047 5820 1415 5880; x_wconf 62' lang='lat' dir='ltr'><em>uicesimum</em></span> <span class='ocrx_word' id='word_1_549' title='bbox 1441 5837 1676 5882; x_wconf 87' lang='lat' dir='ltr'><em>nonum</em></span> <span class='ocrx_word' id='word_1_550' title='bbox 1693 5825 1844 5882; x_wconf 82' lang='lat' dir='ltr'><em>obiit</em></span> <span class='ocrx_word' id='word_1_551' title='bbox 1867 5825 1998 5882; x_wconf 85' lang='lat' dir='ltr'><em>Ful-</em></span> 
     </span>
    </p>
   </div>
   <div class='ocr_carea' id='block_1_77' title="bbox 2106 3761 3768 3837">
    <p class='ocr_par' dir='ltr' id='par_1_77' title="bbox 2106 3761 3768 3837">
     <span class='ocr_line' id='line_1_77' title="bbox 2106 3761 3768 3837; baseline -0.002 -17"><span class='ocrx_word' id='word_1_552' title='bbox 2106 3765 2311 3837; x_wconf 91' lang='lat' dir='ltr'><em>(quem</em></span> <span class='ocrx_word' id='word_1_553' title='bbox 2344 3764 2580 3820; x_wconf 91' lang='lat' dir='ltr'><em>Domini</em></span> <span class='ocrx_word' id='word_1_554' title='bbox 2599 3767 2777 3821; x_wconf 87' lang='lat' dir='ltr'><em>Mater</em></span> <span class='ocrx_word' id='word_1_555' title='bbox 2802 3763 2945 3819; x_wconf 90' lang='lat' dir='ltr'><em>olim</em></span> <span class='ocrx_word' id='word_1_556' title='bbox 2975 3765 3271 3833; x_wconf 88' lang='lat' dir='ltr'><em>agrotum</em></span> <span class='ocrx_word' id='word_1_557' title='bbox 3296 3761 3446 3818; x_wconf 90' lang='lat' dir='ltr'><em>lacte</em></span> <span class='ocrx_word' id='word_1_558' title='bbox 3473 3761 3768 3817; x_wconf 83' lang='lat' dir='ltr'><em>mamilla-</em></span> 
     </span>
    </p>
   </div>
   <div class='ocr_carea' id='block_1_78' title="bbox 2104 3852 3769 3925">
    <p class='ocr_par' dir='ltr' id='par_1_78' title="bbox 2104 3852 3769 3925">
     <span class='ocr_line' id='line_1_78' title="bbox 2104 3852 3769 3925; baseline 0 -15"><span class='ocrx_word' id='word_1_559' title='bbox 2104 3870 2241 3910; x_wconf 89' lang='lat' dir='ltr'><em>rum</em></span> <span class='ocrx_word' id='word_1_560' title='bbox 2258 3871 2506 3911; x_wconf 90' lang='lat' dir='ltr'><em>suarum</em></span> <span class='ocrx_word' id='word_1_561' title='bbox 2525 3854 2655 3910; x_wconf 89' lang='lat' dir='ltr'><em>visa</em></span> <span class='ocrx_word' id='word_1_562' title='bbox 2679 3854 2786 3910; x_wconf 88' lang='lat' dir='ltr'><em>fuit</em></span> <span class='ocrx_word' id='word_1_563' title='bbox 2808 3853 3039 3925; x_wconf 88' lang='lat' dir='ltr'><em>sanare)</em></span> <span class='ocrx_word' id='word_1_564' title='bbox 3057 3852 3403 3925; x_wconf 80' lang='lat' dir='ltr'><em>pradixisse</em></span> <span class='ocrx_word' id='word_1_565' title='bbox 3425 3852 3769 3910; x_wconf 82' lang='lat' dir='ltr'><em>aiunt.Nam</em></span> 
     </span>
    </p>
   </div>
   <div class='ocr_carea' id='block_1_79' title="bbox 2105 3940 3769 4017">
    <p class='ocr_par' dir='ltr' id='par_1_79' title="bbox 2105 3940 3769 4017">
     <span class='ocr_line' id='line_1_79' title="bbox 2105 3940 3769 4017; baseline -0.002 -16"><span class='ocrx_word' id='word_1_566' title='bbox 2105 3960 2244 4001; x_wconf 90' lang='lat' dir='ltr'><em>cum</em></span> <span class='ocrx_word' id='word_1_567' title='bbox 2269 3945 2328 4000; x_wconf 90' lang='lat' dir='ltr'><em>in</em></span> <span class='ocrx_word' id='word_1_568' title='bbox 2355 3943 2634 4002; x_wconf 76' lang='lat' dir='ltr'><em>extremis</em></span> <span class='ocrx_word' id='word_1_569' title='bbox 2650 3943 2913 4017; x_wconf 89' lang='lat' dir='ltr'><em>positum</em></span> <span class='ocrx_word' id='word_1_570' title='bbox 2943 3941 3114 4007; x_wconf 84' lang='lat' dir='ltr'><em>multi</em></span> <span class='ocrx_word' id='word_1_571' title='bbox 3143 3941 3531 4013; x_wconf 86' lang='lat' dir='ltr'><em>visitarent,et</em></span> <span class='ocrx_word' id='word_1_572' title='bbox 3545 3940 3769 3998; x_wconf 88' lang='lat' dir='ltr'><em>adium</em></span> 
     </span>
    </p>
   </div>
   <div class='ocr_carea' id='block_1_80' title="bbox 2104 4029 3770 4108">
    <p class='ocr_par' dir='ltr' id='par_1_80' title="bbox 2104 4029 3770 4108">
     <span class='ocr_line' id='line_1_80' title="bbox 2104 4029 3770 4108; baseline -0.003 -17"><span class='ocrx_word' id='word_1_573' title='bbox 2104 4035 2406 4108; x_wconf 90' lang='lat' dir='ltr'><em>capacitas</em></span> <span class='ocrx_word' id='word_1_574' title='bbox 2462 4034 2563 4091; x_wconf 79' lang='lat' dir='ltr'><em>vix</em></span> <span class='ocrx_word' id='word_1_575' title='bbox 2608 4032 3052 4090; x_wconf 89' lang='lat' dir='ltr'><em>conﬂuentibus</em></span> <span class='ocrx_word' id='word_1_576' title='bbox 3103 4029 3416 4099; x_wconf 83' lang='lat' dir='ltr'><em>sufﬁceret,</em></span> <span class='ocrx_word' id='word_1_577' title='bbox 3465 4029 3561 4087; x_wconf 90' lang='lat' dir='ltr'><em>ille</em></span> <span class='ocrx_word' id='word_1_578' title='bbox 3618 4030 3770 4087; x_wconf 86' lang='lat' dir='ltr'><em>inter</em></span> 
     </span>
    </p>
   </div>
   <div class='ocr_carea' id='block_1_81' title="bbox 2104 4118 3765 4197">
    <p class='ocr_par' dir='ltr' id='par_1_81' title="bbox 2104 4118 3765 4197">
     <span class='ocr_line' id='line_1_81' title="bbox 2104 4118 3765 4197; baseline -0.002 -17"><span class='ocrx_word' id='word_1_579' title='bbox 2104 4122 2418 4197; x_wconf 87' lang='lat' dir='ltr'><em>Oppositas</em></span> <span class='ocrx_word' id='word_1_580' title='bbox 2466 4126 2734 4180; x_wconf 88' lang='lat' dir='ltr'><em>catervas</em></span> <span class='ocrx_word' id='word_1_581' title='bbox 2791 4120 2965 4178; x_wconf 89' lang='lat' dir='ltr'><em>oculo</em></span> <span class='ocrx_word' id='word_1_582' title='bbox 3018 4119 3268 4175; x_wconf 89' lang='lat' dir='ltr'><em>rimatus</em></span> <span class='ocrx_word' id='word_1_583' title='bbox 3324 4118 3765 4189; x_wconf 86' lang='lat' dir='ltr'><em>Berengarium,</em></span> 
     </span>
    </p>
   </div>
   <div class='ocr_carea' id='block_1_82' title="bbox 2104 4207 3769 4285">
    <p class='ocr_par' dir='ltr' id='par_1_82' title="bbox 2104 4207 3769 4285">
     <span class='ocr_line' id='line_1_82' title="bbox 2104 4207 3769 4285; baseline -0.001 -18"><span class='ocrx_word' id='word_1_584' title='bbox 2104 4210 2239 4268; x_wconf 90' lang='lat' dir='ltr'><em>nisu</em></span> <span class='ocrx_word' id='word_1_585' title='bbox 2284 4227 2407 4285; x_wconf 91' lang='lat' dir='ltr'><em>quo</em></span> <span class='ocrx_word' id='word_1_586' title='bbox 2446 4211 2633 4267; x_wconf 90' lang='lat' dir='ltr'><em>voluit</em></span> <span class='ocrx_word' id='word_1_587' title='bbox 2660 4208 3082 4283; x_wconf 81' lang='lat' dir='ltr'><em>expellendum</em></span> <span class='ocrx_word' id='word_1_588' title='bbox 3112 4207 3359 4277; x_wconf 90' lang='lat' dir='ltr'><em>censuit,</em></span> <span class='ocrx_word' id='word_1_589' title='bbox 3410 4211 3769 4281; x_wconf 81' lang='lat' dir='ltr'><em>protestatus</em></span> 
     </span>
    </p>
   </div>
   <div class='ocr_carea' id='block_1_83' title="bbox 2104 4296 3767 4372">
    <p class='ocr_par' dir='ltr' id='par_1_83' title="bbox 2104 4296 3767 4372">
     <span class='ocr_line' id='line_1_83' title="bbox 2104 4296 3767 4372; baseline -0.002 -14"><span class='ocrx_word' id='word_1_590' title='bbox 2104 4300 2435 4358; x_wconf 88' lang='lat' dir='ltr'><em>immanem</em></span> <span class='ocrx_word' id='word_1_591' title='bbox 2464 4301 2788 4358; x_wconf 87' lang='lat' dir='ltr'><em>draconem</em></span> <span class='ocrx_word' id='word_1_592' title='bbox 2829 4314 3017 4372; x_wconf 89' lang='lat' dir='ltr'><em>prope</em></span> <span class='ocrx_word' id='word_1_593' title='bbox 3045 4315 3184 4355; x_wconf 90' lang='lat' dir='ltr'><em>eum</em></span> <span class='ocrx_word' id='word_1_594' title='bbox 3233 4298 3575 4367; x_wconf 82' lang='lat' dir='ltr'><em>consistere,</em></span> <span class='ocrx_word' id='word_1_595' title='bbox 3614 4296 3767 4354; x_wconf 89' lang='lat' dir='ltr'><em>mul-</em></span> 
     </span>
    </p>
   </div>
   <div class='ocr_carea' id='block_1_84' title="bbox 2105 4384 3765 4463">
    <p class='ocr_par' dir='ltr' id='par_1_84' title="bbox 2105 4384 3765 4463">
     <span class='ocr_line' id='line_1_84' title="bbox 2105 4384 3765 4463; baseline -0.001 -17"><span class='ocrx_word' id='word_1_596' title='bbox 2105 4393 2321 4463; x_wconf 87' lang='lat' dir='ltr'><em>tosque</em></span> <span class='ocrx_word' id='word_1_597' title='bbox 2351 4389 2428 4446; x_wconf 89' lang='lat' dir='ltr'><em>ad</em></span> <span class='ocrx_word' id='word_1_598' title='bbox 2449 4406 2588 4446; x_wconf 90' lang='lat' dir='ltr'><em>eum</em></span> <span class='ocrx_word' id='word_1_599' title='bbox 2616 4388 2993 4463; x_wconf 88' lang='lat' dir='ltr'><em>sequendum</em></span> <span class='ocrx_word' id='word_1_600' title='bbox 3026 4386 3373 4446; x_wconf 82' lang='lat' dir='ltr'><em>blandiente</em></span> <span class='ocrx_word' id='word_1_601' title='bbox 3401 4402 3591 4445; x_wconf 87' lang='lat' dir='ltr'><em>manu</em></span> <span class='ocrx_word' id='word_1_602' title='bbox 3613 4390 3672 4446; x_wconf 85' lang='lat' dir='ltr'><em>et</em></span> <span class='ocrx_word' id='word_1_603' title='bbox 3697 4384 3765 4444; x_wconf 61' lang='grc' dir='ltr'><strong>ιι.</strong></span> 
     </span>
    </p>
   </div>
   <div class='ocr_carea' id='block_1_85' title="bbox 2103 4478 2945 4552">
    <p class='ocr_par' dir='ltr' id='par_1_85' title="bbox 2103 4478 2945 4552">
     <span class='ocr_line' id='line_1_85' title="bbox 2103 4478 2945 4552; baseline -0.004 -16"><span class='ocrx_word' id='word_1_604' title='bbox 2103 4478 2214 4538; x_wconf 91' lang='lat' dir='ltr'><em>lice</em></span> <span class='ocrx_word' id='word_1_605' title='bbox 2243 4479 2510 4537; x_wconf 88' lang='lat' dir='ltr'><em>anhelitu</em></span> <span class='ocrx_word' id='word_1_606' title='bbox 2539 4493 2945 4552; x_wconf 88' lang='lat' dir='ltr'><em>corrumpere.</em></span> 
     </span>
    </p>
   </div>
   <div class='ocr_carea' id='block_1_86' title="bbox 2890 4569 2977 4625">
    <p class='ocr_par' dir='ltr' id='par_1_86' title="bbox 2890 4569 2977 4625">
     <span class='ocr_line' id='line_1_86' title="bbox 2890 4569 2977 4625; baseline -0.023 0"><span class='ocrx_word' id='word_1_607' title='bbox 2890 4569 2977 4625; x_wconf 80' lang='lat' dir='ltr'><em>Vl.</em></span> 
     </span>
    </p>
   </div>
   <div class='ocr_carea' id='block_1_87' title="bbox 2103 4657 3768 4732">
    <p class='ocr_par' dir='ltr' id='par_1_87' title="bbox 2103 4657 3768 4732">
     <span class='ocr_line' id='line_1_87' title="bbox 2103 4657 3768 4732; baseline 0.001 -17"><span class='ocrx_word' id='word_1_608' title='bbox 2103 4659 2203 4716; x_wconf 74' lang='lat' dir='ltr'><em>E2:</em></span> <span class='ocrx_word' id='word_1_609' title='bbox 2232 4659 2417 4716; x_wconf 88' lang='lat' dir='ltr'><em>veteri</em></span> <span class='ocrx_word' id='word_1_610' title='bbox 2459 4658 2694 4715; x_wconf 79' lang='lat' dir='ltr'><em>Annali</em></span> <span class='ocrx_word' id='word_1_611' title='bbox 2731 4657 2984 4716; x_wconf 72' lang='lat' dir='ltr'><em>abbatiae</em></span> <span class='ocrx_word' id='word_1_612' title='bbox 3025 4657 3242 4716; x_wconf 89' lang='lat' dir='ltr'><em>Sancti</em></span> <span class='ocrx_word' id='word_1_613' title='bbox 3266 4657 3460 4729; x_wconf 84' lang='lat' dir='ltr'><em>Petri,</em></span> <span class='ocrx_word' id='word_1_614' title='bbox 3489 4672 3623 4732; x_wconf 76' lang='lat' dir='ltr'><em>quas</em></span> <span class='ocrx_word' id='word_1_615' title='bbox 3648 4658 3768 4716; x_wconf 85' lang='lat' dir='ltr'><em>sita</em></span> 
     </span>
    </p>
   </div>
   <div class='ocr_carea' id='block_1_88' title="bbox 2552 4747 3326 4806">
    <p class='ocr_par' dir='ltr' id='par_1_88' title="bbox 2552 4747 3326 4806">
     <span class='ocr_line' id='line_1_88' title="bbox 2552 4747 3326 4806; baseline -0.003 -1"><span class='ocrx_word' id='word_1_616' title='bbox 2552 4754 2633 4806; x_wconf 91' lang='lat' dir='ltr'><em>est</em></span> <span class='ocrx_word' id='word_1_617' title='bbox 2666 4749 2729 4805; x_wconf 89' lang='lat' dir='ltr'><em>in</em></span> <span class='ocrx_word' id='word_1_618' title='bbox 2760 4750 2920 4805; x_wconf 90' lang='lat' dir='ltr'><em>valle</em></span> <span class='ocrx_word' id='word_1_619' title='bbox 2951 4747 3326 4806; x_wconf 87' lang='lat' dir='ltr'><em>Carnotensi.</em></span> 
     </span>
    </p>
   </div>
   <div class='ocr_carea' id='block_1_89' title="bbox 2178 4835 3767 4909">
    <p class='ocr_par' dir='ltr' id='par_1_89' title="bbox 2178 4835 3767 4909">
     <span class='ocr_line' id='line_1_89' title="bbox 2178 4835 3767 4909; baseline -0.001 -14"><span class='ocrx_word' id='word_1_620' title='bbox 2178 4837 2488 4895; x_wconf 88' lang='lat' dir='ltr'><em>Fulbertus</em></span> <span class='ocrx_word' id='word_1_621' title='bbox 2518 4838 2729 4895; x_wconf 88' lang='lat' dir='ltr'><em>doctor</em></span> <span class='ocrx_word' id='word_1_622' title='bbox 2774 4854 2959 4895; x_wconf 86' lang='lat' dir='ltr'><em>sacra</em></span> <span class='ocrx_word' id='word_1_623' title='bbox 3014 4837 3327 4909; x_wconf 88' lang='lat' dir='ltr'><em>theologia</em></span> <span class='ocrx_word' id='word_1_624' title='bbox 3352 4836 3629 4907; x_wconf 87' lang='lat' dir='ltr'><em>egregius</em></span> <span class='ocrx_word' id='word_1_625' title='bbox 3668 4835 3767 4893; x_wconf 86' lang='lat' dir='ltr'><em>hic</em></span> 
     </span>
    </p>
   </div>
   <div class='ocr_carea' id='block_1_90' title="bbox 2104 4924 3767 5001">
    <p class='ocr_par' dir='ltr' id='par_1_90' title="bbox 2104 4924 3767 5001">
     <span class='ocr_line' id='line_1_90' title="bbox 2104 4924 3767 5001; baseline -0.001 -17"><span class='ocrx_word' id='word_1_626' title='bbox 2104 4926 2215 4984; x_wconf 84' lang='lat' dir='ltr'><em>fuit</em></span> <span class='ocrx_word' id='word_1_627' title='bbox 2258 4931 2528 5001; x_wconf 89' lang='lat' dir='ltr'><em>tempore</em></span> <span class='ocrx_word' id='word_1_628' title='bbox 2582 4926 2818 4984; x_wconf 83' lang='lat' dir='ltr'><em>Roberti</em></span> <span class='ocrx_word' id='word_1_629' title='bbox 2892 4925 3048 4997; x_wconf 88' lang='lat' dir='ltr'><em>regis</em></span> <span class='ocrx_word' id='word_1_630' title='bbox 3090 4926 3195 4982; x_wconf 85' lang='lat' dir='ltr'><em>ﬁlii</em></span> <span class='ocrx_word' id='word_1_631' title='bbox 3244 4924 3508 4994; x_wconf 84' lang='lat' dir='ltr'><em>Hugonis</em></span> <span class='ocrx_word' id='word_1_632' title='bbox 3562 4927 3767 5000; x_wconf 88' lang='lat' dir='ltr'><em>Capet,</em></span> 
     </span>
    </p>
   </div>
   <div class='ocr_carea' id='block_1_91' title="bbox 2030 5012 3768 5111">
    <p class='ocr_par' dir='ltr' id='par_1_91' title="bbox 2030 5012 3768 5111">
     <span class='ocr_line' id='line_1_91' title="bbox 2030 5012 3768 5111; baseline -0.001 -38"><span class='ocrx_word' id='word_1_633' title='bbox 2030 5055 2071 5111; x_wconf 64' lang='grc' dir='ltr'>Ο</span> <span class='ocrx_word' id='word_1_634' title='bbox 2104 5018 2209 5091; x_wconf 89' lang='lat' dir='ltr'><em>qui</em></span> <span class='ocrx_word' id='word_1_635' title='bbox 2262 5033 2515 5111; x_wconf 81' lang='lat' dir='ltr'><em>regnare</em></span> <span class='ocrx_word' id='word_1_636' title='bbox 2547 5016 2725 5092; x_wconf 81' lang='lat' dir='ltr'><em>capit</em></span> <span class='ocrx_word' id='word_1_637' title='bbox 2767 5032 2929 5111; x_wconf 78' lang='lat' dir='ltr'><em>anno</em></span> <span class='ocrx_word' id='word_1_638' title='bbox 2981 5018 3105 5111; x_wconf 75' lang='lat'><strong>98_7.</strong></span> <span class='ocrx_word' id='word_1_639' title='bbox 3140 5014 3245 5111; x_wconf 71' lang='lat' dir='ltr'><em>llic</em></span> <span class='ocrx_word' id='word_1_640' title='bbox 3270 5012 3583 5111; x_wconf 40' lang='grc' dir='ltr'><em>ἀφίει-θ)</em></span> <span class='ocrx_word' id='word_1_641' title='bbox 3609 5014 3768 5111; x_wconf 64' lang='lat' dir='ltr'><em>epis-</em></span> 
     </span>
    </p>
   </div>
   <div class='ocr_carea' id='block_1_92' title="bbox 2100 5102 3767 5180">
    <p class='ocr_par' dir='ltr' id='par_1_92' title="bbox 2100 5102 3767 5180">
     <span class='ocr_line' id='line_1_92' title="bbox 2100 5102 3767 5180; baseline -0.002 -16"><span class='ocrx_word' id='word_1_642' title='bbox 2100 5123 2290 5180; x_wconf 89' lang='lat' dir='ltr'><em>copus</em></span> <span class='ocrx_word' id='word_1_643' title='bbox 2320 5108 2614 5178; x_wconf 88' lang='lat' dir='ltr'><em>gloriosus</em></span> <span class='ocrx_word' id='word_1_644' title='bbox 2658 5105 2972 5180; x_wconf 85' lang='lat' dir='ltr'><em>speculum</em></span> <span class='ocrx_word' id='word_1_645' title='bbox 3027 5102 3301 5162; x_wconf 90' lang='lat' dir='ltr'><em>Ecclesia</em></span> <span class='ocrx_word' id='word_1_646' title='bbox 3328 5106 3385 5159; x_wconf 84' lang='lat' dir='ltr'><em>et</em></span> <span class='ocrx_word' id='word_1_647' title='bbox 3412 5102 3571 5161; x_wconf 81' lang='lat' dir='ltr'><em>Fidei</em></span> <span class='ocrx_word' id='word_1_648' title='bbox 3602 5104 3767 5162; x_wconf 88' lang='lat' dir='ltr'><em>Chri-</em></span> 
     </span>
    </p>
   </div>
   <div class='ocr_carea' id='block_1_93' title="bbox 2101 5192 3767 5267">
    <p class='ocr_par' dir='ltr' id='par_1_93' title="bbox 2101 5192 3767 5267">
     <span class='ocr_line' id='line_1_93' title="bbox 2101 5192 3767 5267; baseline 0.001 -16"><span class='ocrx_word' id='word_1_649' title='bbox 2101 5196 2331 5267; x_wconf 88' lang='lat' dir='ltr'><em>stiana,</em></span> <span class='ocrx_word' id='word_1_650' title='bbox 2384 5196 2577 5254; x_wconf 89' lang='lat' dir='ltr'><em>multa</em></span> <span class='ocrx_word' id='word_1_651' title='bbox 2624 5195 2844 5267; x_wconf 88' lang='lat' dir='ltr'><em>scripta</em></span> <span class='ocrx_word' id='word_1_652' title='bbox 2897 5194 3034 5251; x_wconf 86' lang='lat' dir='ltr'><em>fecit</em></span> <span class='ocrx_word' id='word_1_653' title='bbox 3081 5192 3162 5250; x_wconf 90' lang='lat' dir='ltr'><em>ad</em></span> <span class='ocrx_word' id='word_1_654' title='bbox 3205 5192 3451 5250; x_wconf 89' lang='lat' dir='ltr'><em>laudem</em></span> <span class='ocrx_word' id='word_1_655' title='bbox 3513 5192 3767 5265; x_wconf 84' lang='lat' dir='ltr'><em>Virginis</em></span> 
     </span>
    </p>
   </div>
   <div class='ocr_carea' id='block_1_94' title="bbox 2078 5274 3767 5360">
    <p class='ocr_par' dir='ltr' id='par_1_94' title="bbox 2078 5274 3767 5360">
     <span class='ocr_line' id='line_1_94' title="bbox 2078 5274 3767 5360; baseline -0.001 -18"><span class='ocrx_word' id='word_1_656' title='bbox 2078 5274 2399 5357; x_wconf 55' lang='lat' dir='ltr'><em>&#39;gloriosa,</em></span> <span class='ocrx_word' id='word_1_657' title='bbox 2440 5291 2498 5342; x_wconf 89' lang='lat' dir='ltr'><em>et</em></span> <span class='ocrx_word' id='word_1_658' title='bbox 2522 5285 2674 5341; x_wconf 89' lang='lat' dir='ltr'><em>inter</em></span> <span class='ocrx_word' id='word_1_659' title='bbox 2730 5289 2943 5342; x_wconf 86' lang='lat' dir='ltr'><em>catera</em></span> <span class='ocrx_word' id='word_1_660' title='bbox 2984 5283 3149 5341; x_wconf 85' lang='lat' dir='ltr'><em>illam</em></span> <span class='ocrx_word' id='word_1_661' title='bbox 3176 5282 3499 5354; x_wconf 86' lang='lat' dir='ltr'><em>legendam</em></span> <span class='ocrx_word' id='word_1_662' title='bbox 3525 5301 3661 5360; x_wconf 89' lang='lat' dir='ltr'><em>qua</em></span> <span class='ocrx_word' id='word_1_663' title='bbox 3685 5282 3767 5341; x_wconf 90' lang='lat' dir='ltr'><em>le-</em></span> 
     </span>
    </p>
   </div>
   <div class='ocr_carea' id='block_1_95' title="bbox 2102 5374 3768 5449">
    <p class='ocr_par' dir='ltr' id='par_1_95' title="bbox 2102 5374 3768 5449">
     <span class='ocr_line' id='line_1_95' title="bbox 2102 5374 3768 5449; baseline 0 -17"><span class='ocrx_word' id='word_1_664' title='bbox 2102 5376 2257 5447; x_wconf 88' lang='lat' dir='ltr'><em>gitur</em></span> <span class='ocrx_word' id='word_1_665' title='bbox 2286 5376 2347 5431; x_wconf 90' lang='lat' dir='ltr'><em>in</em></span> <span class='ocrx_word' id='word_1_666' title='bbox 2377 5374 2686 5432; x_wconf 85' lang='lat' dir='ltr'><em>Nativitate</em></span> <span class='ocrx_word' id='word_1_667' title='bbox 2743 5374 3039 5447; x_wconf 89' lang='lat' dir='ltr'><em>ejusdem,</em></span> <span class='ocrx_word' id='word_1_668' title='bbox 3083 5390 3219 5449; x_wconf 88' lang='lat' dir='ltr'><em>qua</em></span> <span class='ocrx_word' id='word_1_669' title='bbox 3259 5374 3465 5449; x_wconf 88' lang='lat' dir='ltr'><em>incipit</em></span> <span class='ocrx_word' id='word_1_670' title='bbox 3492 5394 3504 5430; x_wconf 91' lang='lat'>:</span> <span class='ocrx_word' id='word_1_671' title='bbox 3532 5376 3768 5446; x_wconf 74' lang='lat' dir='ltr'><em>Appro-</em></span> 
     </span>
    </p>
   </div>
   <div class='ocr_carea' id='block_1_96' title="bbox 2102 5465 3762 5538">
    <p class='ocr_par' dir='ltr' id='par_1_96' title="bbox 2102 5465 3762 5538">
     <span class='ocr_line' id='line_1_96' title="bbox 2102 5465 3762 5538; baseline 0.001 -15"><span class='ocrx_word' id='word_1_672' title='bbox 2102 5467 2254 5524; x_wconf 74' lang='lat' dir='ltr'><em>bata</em></span> <span class='ocrx_word' id='word_1_673' title='bbox 2280 5465 2742 5521; x_wconf 89' lang='lat' dir='ltr'><em>consuetudinis.</em></span> <span class='ocrx_word' id='word_1_674' title='bbox 2795 5466 2984 5536; x_wconf 89' lang='lat' dir='ltr'><em>Hujus</em></span> <span class='ocrx_word' id='word_1_675' title='bbox 3041 5469 3310 5538; x_wconf 87' lang='lat' dir='ltr'><em>tempore</em></span> <span class='ocrx_word' id='word_1_676' title='bbox 3354 5482 3516 5524; x_wconf 89' lang='lat' dir='ltr'><em>anno</em></span> <span class='ocrx_word' id='word_1_677' title='bbox 3573 5467 3762 5525; x_wconf 89' lang='lat' dir='ltr'><em>mille-</em></span> 
     </span>
    </p>
   </div>
   <div class='ocr_carea' id='block_1_97' title="bbox 2103 5555 3762 5629">
    <p class='ocr_par' dir='ltr' id='par_1_97' title="bbox 2103 5555 3762 5629">
     <span class='ocr_line' id='line_1_97' title="bbox 2103 5555 3762 5629; baseline 0.002 -17"><span class='ocrx_word' id='word_1_678' title='bbox 2103 5556 2259 5614; x_wconf 88' lang='lat' dir='ltr'><em>simo</em></span> <span class='ocrx_word' id='word_1_679' title='bbox 2289 5555 2652 5626; x_wconf 89' lang='lat' dir='ltr'><em>etvigesimo</em></span> <span class='ocrx_word' id='word_1_680' title='bbox 2682 5555 2744 5612; x_wconf 90' lang='lat' dir='ltr'><em>in</em></span> <span class='ocrx_word' id='word_1_681' title='bbox 2770 5559 2943 5613; x_wconf 87' lang='lat' dir='ltr'><em>nocte</em></span> <span class='ocrx_word' id='word_1_682' title='bbox 2969 5555 3291 5612; x_wconf 87' lang='lat' dir='ltr'><em>Nativitatis</em></span> <span class='ocrx_word' id='word_1_683' title='bbox 3323 5556 3516 5616; x_wconf 87' lang='lat' dir='ltr'><em>beata</em></span> <span class='ocrx_word' id='word_1_684' title='bbox 3546 5557 3762 5629; x_wconf 80' lang='lat' dir='ltr'><em>Maria,</em></span> 
     </span>
    </p>
   </div>
   <div class='ocr_carea' id='block_1_98' title="bbox 2102 5645 3766 5722">
    <p class='ocr_par' dir='ltr' id='par_1_98' title="bbox 2102 5645 3766 5722">
     <span class='ocr_line' id='line_1_98' title="bbox 2102 5645 3766 5722; baseline 0.001 -16"><span class='ocrx_word' id='word_1_685' title='bbox 2102 5647 2486 5722; x_wconf 89' lang='lat' dir='ltr'><em>episcopatus</em></span> <span class='ocrx_word' id='word_1_686' title='bbox 2534 5646 2625 5701; x_wconf 90' lang='lat' dir='ltr'><em>sui</em></span> <span class='ocrx_word' id='word_1_687' title='bbox 2669 5662 2833 5704; x_wconf 89' lang='lat' dir='ltr'><em>anno</em></span> <span class='ocrx_word' id='word_1_688' title='bbox 2863 5650 3099 5719; x_wconf 87' lang='lat' dir='ltr'><em>quarto,</em></span> <span class='ocrx_word' id='word_1_689' title='bbox 3136 5645 3243 5703; x_wconf 79' lang='lat' dir='ltr'><em>fuit</em></span> <span class='ocrx_word' id='word_1_690' title='bbox 3287 5647 3491 5705; x_wconf 85' lang='lat' dir='ltr'><em>civitas</em></span> <span class='ocrx_word' id='word_1_691' title='bbox 3548 5651 3766 5707; x_wconf 87' lang='lat' dir='ltr'><em>Carno-</em></span> 
     </span>
    </p>
   </div>
   <div class='ocr_carea' id='block_1_99' title="bbox 2102 5735 3761 5805">
    <p class='ocr_par' dir='ltr' id='par_1_99' title="bbox 2102 5735 3761 5805">
     <span class='ocr_line' id='line_1_99' title="bbox 2102 5735 3761 5805; baseline 0 -10"><span class='ocrx_word' id='word_1_692' title='bbox 2102 5736 2286 5795; x_wconf 88' lang='lat' dir='ltr'><em>tensis</em></span> <span class='ocrx_word' id='word_1_693' title='bbox 2314 5739 2373 5793; x_wconf 87' lang='lat' dir='ltr'><em>et</em></span> <span class='ocrx_word' id='word_1_694' title='bbox 2388 5740 2513 5794; x_wconf 88' lang='lat' dir='ltr'><em>tota</em></span> <span class='ocrx_word' id='word_1_695' title='bbox 2537 5735 2793 5793; x_wconf 79' lang='lat' dir='ltr'><em>ecclesia</em></span> <span class='ocrx_word' id='word_1_696' title='bbox 2813 5739 3001 5792; x_wconf 81' lang='lat' dir='ltr'><em>beata</em></span> <span class='ocrx_word' id='word_1_697' title='bbox 3018 5736 3210 5794; x_wconf 88' lang='lat' dir='ltr'><em>Maria</em></span> <span class='ocrx_word' id='word_1_698' title='bbox 3221 5737 3761 5805; x_wconf 84' lang='lat' dir='ltr'><em>combusta.0uam</em></span> 
     </span>
    </p>
   </div>
   <div class='ocr_carea' id='block_1_100' title="bbox 2104 5825 3762 5901">
    <p class='ocr_par' dir='ltr' id='par_1_100' title="bbox 2104 5825 3762 5901">
     <span class='ocr_line' id='line_1_100' title="bbox 2104 5825 3762 5901; baseline 0.002 -18"><span class='ocrx_word' id='word_1_699' title='bbox 2104 5825 2267 5885; x_wconf 86' lang='lat' dir='ltr'><em>idem</em></span> <span class='ocrx_word' id='word_1_700' title='bbox 2318 5826 2642 5901; x_wconf 83' lang='lat' dir='ltr'><em>episcopus</em></span> <span class='ocrx_word' id='word_1_701' title='bbox 2699 5826 2999 5897; x_wconf 88' lang='lat' dir='ltr'><em>gloriosus</em></span> <span class='ocrx_word' id='word_1_702' title='bbox 3051 5843 3166 5886; x_wconf 88' lang='lat' dir='ltr'><em>sua</em></span> <span class='ocrx_word' id='word_1_703' title='bbox 3212 5827 3524 5896; x_wconf 80' lang='lat' dir='ltr'><em>industria,</em></span> <span class='ocrx_word' id='word_1_704' title='bbox 3556 5827 3762 5887; x_wconf 79' lang='lat' dir='ltr'><em>labore</em></span> 
     </span>
    </p>
   </div>
  </div>
