4584 6440
73 317 144 373 189
749 364 756 368 ,,
1545 304 1914 362 EPISTULA}.

3327 311 3429 364 190

68 442 105 493 et
124 431 331 500 sumptu
366 443 404 482 a
439 427 842 484 fundamento
873 430 1268 498 reaediﬁcavit,
1298 434 1362 485 ut
1391 430 1447 484 in
1471 430 1670 497 legcn-
1709 433 1754 482 Α
1785 425 2179 483 fundamenta
2195 429 2440 497 jcecrat,
2475 444 2778 483 summam
2806 444 3056 483 mamun
3074 430 3319 486 miriﬁco
3352 433 3430 486 ef—

64 527 116 581 da
139 515 296 575 sancti
342 515 570 570 Auiani
619 517 893 587 habetur,
953 522 1059 572 etc.
1111 520 1276 574 Jacet
1303 519 1360 573 in
1422 518 1668 573 ecclesia

65 608 206 670 sancti
232 603 372 659 Petri
405 604 470 658 in
500 604 654 660 valle
691 606 1054 662 Carnotensi.

795 698 902 750 VH.

63 794 131 847 BI
165 782 445 838 Willelmo
475 784 860 839 Malmesber.
898 785 997 839 lib.
1030 801 1084 848 ιι,
1121 800 1251 853 cap.
1291 785 1373 853 ll,
1406 801 1564 840 anno
1596 786 1669 840 ab

596 874 905 928 Incarnat.
934 878 1086 927 1032.

111 959 354 1035 Ejusdem
397 960 851 1033 arcltipraesulis
909 961 1237 1016 Etheluothi
1285 966 1546 1034 tempore
1570 979 1668 1017 rex

63 1059 205 1114 Cnuto
232 1048 300 1105 ad
331 1051 778 1105 transmarinas
803 1051 1092 1105 Ecclesias
1118 1051 1402 1122 pecunias
1435 1052 1669 1107 mittens

59 1141 263 1201 maxime
277 1139 609 1193 Carnotum
635 1138 860 1207 (litavit,
877 1139 979 1192 ubi
1001 1144 1136 1193 tunc
1151 1139 1401 1194 ﬂorebat
1434 1140 1667 1194 Fulber-

61 1241 128 1291 tus
151 1229 449 1302 episcopus
484 1227 550 1282 in
580 1229 890 1283 sanctitate
920 1234 974 1283 et
1000 1228 1381 1301 philosophia
1401 1230 1669 1285 nomina-

62 1323 283 1380 tissitnus.
312 1317 424 1381 Qui
457 1317 618 1372 inter
650 1323 859 1373 etetera
885 1317 1185 1372 industriae
1205 1335 1324 1372 suae
1341 1319 1667 1374 documen-

59 1419 116 1480 ta,
142 1405 380 1465 Ecclesiae
410 1405 688 1461 dominre
721 1411 934 1462 nostra}
968 1411 1186 1461 sanctae
1237 1407 1444 1474 Mariae,
1497 1410 1668 1479 cujus

1778 516 1934 572 fectu
1959 517 2259 589 imposuit,
2290 534 2476 588 quam
2500 517 2678 572 etiam
2707 534 2816 589 pro
2847 534 3022 590 posse
3039 518 3430 577 lionoriticare

1781 606 2048 674 studens,
2097 607 2342 661 musicis
2374 606 2884 662 modulationibus
2941 606 3150 662 crebro
3207 609 3430 666 extulit.

1781 698 2013 760 Quanto
2041 697 2200 751 enim
2226 713 2427 752 amore
2459 696 2519 751 in
2583 697 2868 751 honorem
2905 695 3153 764 Virginis
3186 698 3432 754 anhela-

1777 785 1944 854 verit,
1977 786 2187 856 poterit
2216 787 2504 855 conjicere
2528 786 2630 858 qui
2662 786 2910 841 audierit
2939 791 3150 842 cantus
3174 787 3434 846 coelestia

1779 879 1916 929 vota
1945 880 2243 930 sonantes.
2281 879 2474 930 Exstat
2506 876 2658 930 inter
2689 879 2898 930 caetera
2951 876 3243 948 opuscula
3301 879 3431 948 ejus

1778 964 2172 1035 Epistolarum
2201 964 2505 1034 volumen,
2531 964 2592 1019 in
2622 981 2880 1036 quarum
2915 981 3037 1020 una
3059 966 3277 1034 gratias
3310 968 3431 1036 agit

1779 1053 2029 1107 Cnutoni
2075 1053 2673 1122 magnificentissimo
2728 1055 2894 1121 regit.
2931 1054 3094 1125 quod
3143 1054 3429 1124 largitatis

1778 1158 1899 1196 SlltB
1932 1141 2157 1197 viscera
2182 1142 2242 1197 in
2269 1158 2565 1214 expensas
2599 1142 2859 1198 ecclesiae
2890 1144 3262 1199 Carnotensis
3289 1145 3431 1201 etfu-

1776 1231 1942 1286 derit.

1849 1321 2024 1389 (Vide
2076 1326 2126 1375 et
2179 1322 2526 1386 Baronimn,
2570 1326 2722 1376 tonio
2767 1322 2873 1388 XI,
2905 1323 3236 1379 Annalium
3267 1339 3427 1380 anno

1783 1414 1954 1468 1028).

909 1687 1580 1804 SANGTI
1654 1690 2543 1808 FULBER’I‘I

1365 1872 2098 1993 EPISTOLgii

1116 2058 1376 2111 ORDINE
1417 2057 1958 2114 CHRONOLOGICO
2002 2062 2329 2117 DIGESTAZ.

103 2151 693 2231 Ερὶετοζαξ-Ρμζὸξῖδιί
720 2153 1019 2231 exegimus
1048 2153 1128 2231 ad
1157 2153 1438 2208 editiones
1475 2157 1876 2231 huchesniiet
1905 2158 1973 2231 ρ.
2005 2159 2314 2231 Bouqueti,
2340 2161 2446 2229 qui
2474 2165 2667 2214 tamen
2705 2161 3000 2228 plurimas
3038 2164 3428 2228 prieteimzse-

160 2230 310 2301 nm}:
336 2224 642 2301 Epistolis
669 2231 899 2301 gentem
926 2225 1179 2301 triginta
1201 2232 1328 2280 octo
1350 2242 1496 2295 quas
1519 2228 1751 2282 exhibet
1777 2224 2160 2284 Bibliothecd
2180 2224 2438 2286 Patri-im
2461 2232 2612 2286 (luas
2635 2224 2839 2301 "regni
2854 2224 3133 2286 momenti
3152 2232 3426 2288 addimus

160 2313 223 2350 ea:
242 2296 555 2350 Martem'o
589 2301 642 2350 et
678 2295 1020 2365 Gallando.)

484 2443 831 2499 EPISTOLA
872 2446 889 2497 1
919 2444 1080 2513 [olim
1106 2445 1191 2514 V.]

496 2546 697 2619 (Circa
713 2565 942 2605 annum
966 2552 1146 2621 1000.)

4 2675 10 2692 '
57 2675 223 2730 Sancto
249 2689 318 2731 ac
346 2675 696 2730 venerabili
727 2674 1168 2745 archiepiscopo
1207 2692 1312 2731 suo
1362 2680 1669 2734 BONIBHRTO

104 2766 380 2818 FL‘LBERTUS
405 2764 736 2832 ﬁdelitatis
769 2764 1107 2835 obsequium
1131 2771 1184 2820 et
1233 2768 1450 2821 summi
1473 2774 1670 2836 pasto-

100 2855 162 2908 ris
189 2852 680 2910 benedictionem.

97 2977 320 3033 Primum
347 2977 614 3050 quidem
647 2976 1060 3033 benedicimus
1091 2979 1409 3035 Dominum
1441 2984 1667 3036 Patrem

54 3068 342 3135 ingenitum.
411 3067 758 3140 Filiumque
813 3085 988 3123 suum
1050 3069 1422 3135 unigenitum
1463 3071 1666 3125 Jesum

54 3155 287 3211 Christum
319 3156 661 3212 Dominum
689 3159 982 3226 nostrum,
1012 3162 1066 3211 et
1090 3156 1369 3228 Spiritum
1394 3164 1667 3213 sanctum

1 3249 10 3296 ι
50 3243 352 3314 paracletum
382 3261 593 3300 unum
628 3260 836 3299 verum
887 3244 1224 3313 Dominum,
1286 3245 1389 3318 qui
1454 3252 1666 3302 cuncta

51 3333 226 3396 creavit,
255 3333 356 3404 qui
387 3340 441 3389 te
471 3347 754 3405 quoque,
793 3331 1175 3388 dilectissime
1234 3337 1418 3404 Pater,
1481 3336 1664 3391 multa

50 3420 276 3492 sapientia
347 3421 704 3488 illustravit,
785 3423 861 3477 ad
941 3422 1284 3478 docendum
1374 3425 1663 3496 pepulum

52 3512 260 3570 suum,et
288 3505 508 3562 decore
568 3505 906 3562 sanctitatis
937 3507 1012 3561 ad
1071 3507 1462 3579 praebendum
1494 3509 1664 3563 home

50 3593 134 3648 vita
158 3595 493 3668 exemplum
539 3596 832 3651 decenter
865 3595 1115 3652 ornavit.
1157 3596 1372 3652 Deinde
1412 3613 1665 3666 magnas

50 3682 116 3736 tibi
158 3684 458 3741 referimus
514 3689 749 3754 grates,
806 3685 970 3758 quod
1023 3702 1132 3740 nos
1177 3686 1307 3740 licet
1342 3686 1664 3742 immeritos

50 3777 172 3843 atque
201 3776 452 3845 ignotos,
490 3773 882 3830 salutationis
911 3779 1025 3828 tute
1050 3775 1385 3846 pariterque
1419 3792 1664 3832 munere

51 3862 191 3925 gratiae
220 3864 506 3932 dignatus
548 3881 625 3918 es
654 3863 1002 3935 praevenire.
1053 3863 1212 3918 Unde
1246 3864 1508 3936 profecto
1559 3882 1668 3920 nos

48 3948 84 4002 in
120 3965 358 4009 amorem
420 3957 612 4009 tuum
673 3953 756 4006 sic
788 3953 1084 4021 animasti,
1120 3957 1181 4007 ut
1215 3969 1537 4024 perennem
1590 3955 1668 4009 tui

48 4043 333 4097 memoriam
367 4043 432 4098 in
458 4042 688 4098 intimo
719 4041 912 4096 cordis
953 4041 1136 4096 nostri
1170 4041 1362 4111 vigere
1393 4042 1665 4110 velimus,

50 4132 89 4180 ut
111 4129 285 4186 saltem
317 4149 426 4204 per
457 4131 689 4187 crebra
720 4131 1059 4185 orationum
1092 4130 1396 4199 suffragia,
1425 4131 1468 4184 si
1504 4131 1669 4186 aliter

50 4217 235 4274 facultas
267 4238 384 4276 non
439 4220 834 4294 suppetierit,
897 4224 1010 4275 tute
1068 4219 1418 4286 benignitati
1476 4221 1666 4275 vicem

49 4308 302 4378 rependere
330 4315 722 4380 satagen'ius.
755 4307 1117 4376 Significavit
1150 4312 1348 4363 autem
1382 4308 1556 4363 nobis
1604 4310 1666 4362 ii-

49 4392 312 4454 iiusnoster
341 4404 625 4472 tuusque
668 4396 864 4452 ﬁdelis
895 4397 1205 4452 Hilduinus
1241 4398 1354 4464 (14)
1389 4402 1501 4452 tuae
1531 4399 1668 4452 cha-

51 4486 176 4541 ritatis
203 4503 333 4558 erga
360 4507 475 4546 nos
508 4487 810 4557 insignia,
840 4485 1092 4542 fideliter
1149 4503 1420 4541 asserens
1474 4504 1664 4543 unum

0 4619 5 4644 ,
51 4573 95 4626 de
122 4579 303 4634 nostris
332 4579 675 4635 Priscianis
708 4582 760 4632 te
789 4577 957 4646 velle,
990 4592 1172 4649 quem
1192 4577 1664 4649 etpereumdcm

52 4659 233 4721 libenter
253 4667 573 4732 mittimus,
614 4663 922 4739 quidquid
953 4666 1129 4720 etiam
1155 4665 1228 4720 de
1261 4671 1464 4720 nostro
1487 4667 1664 4738 petie-

55 4753 103 4804 ris
121 4754 442 4813 hilarissime
477 4757 592 4812 tibi
631 4755 684 4810 si
718 4755 998 4826 possibile
1030 4755 1202 4810 fuerit
1233 4755 1662 4822 transmissuri,

56 4836 190 4908 ipsam
216 4861 451 4919 quoque
485 4843 892 4919 praesentiam
944 4847 1228 4908 nostram,
1266 4843 1313 4897 si
1361 4841 1463 4897 tibi
1512 4860 1663 4915 opus

57 4937 152 4985 esset
175 4949 231 4988 ac
250 4935 552 5003 voluntas,
586 4932 897 5004 nobisque
924 4936 1207 5004 potestas,
1249 4932 1660 5004 obsequentis-

59 5016 148 5072 sime
170 5024 504 5092 praestaturi.
567 5022 667 5078 Ad
729 5020 1007 5076 ultimum
1056 5021 1281 5076 salvere
1332 5025 1382 5076 te
1425 5036 1662 5082 semper

8 5175 10 5190 ἢ
61 5110 278 5178 optamus,
309 5117 642 5184 precantes
677 5112 746 5164 ut
776 5107 937 5163 illam
963 5125 1187 5164 novam
1219 5124 1287 5163 ac
1333 5107 1660 5176 gloriosam

8 5195 16 5235 ν
59 5193 315 5268 adoptionis
343 5201 587 5275 prolem
626 5198 859 5256 summi
900 5198 1074 5267 regis,
1130 5214 1331 5268 regem
1393 5198 1663 5254 videlicet

65 5283 347 5356 Stephanum
399 5292 508 5363 (15)
569 5289 876 5346 intimans
903 5285 1258 5343 excellentiae
1291 5303 1412 5341 suae
1466 5287 1661 5358 [alias,

64 5377 308 5445 vestralex
354 5385 568 5436 nostra
623 5381 805 5451 parte
854 5377 1091 5444 salutes,
1145 5379 1199 5433 et
1251 5375 1664 5432 universarum

71 5470 521 5536 Bringregationum
555 5484 708 5540 qua:
742 5469 880 5521 sunt
916 5466 975 5521 in
1037 5467 1385 5539 episcopatu
1433 5471 1659 5534 nostro,

83 5585 287 5664 “iti'jllic
315 5594 378 5651 ﬁt
422 5593 664 5651 mentio
711 5591 1007 5664 illilduini.
1067 5592 1325 5664 Habetur
1366 5590 1426 5645 in
1481 5591 1660 5645 veteri

76 5655 279 5738 [βξφῂῆρο
307 5672 572 5738 tempore
609 5663 862 5738 Roberti
892 5663 1076 5731 regis:
1113 5665 1289 5738 Circa
1308 5663 1660 5738 hoc_tempus

28 5785 32 5803 ,
77 5730 299 5807 millesimo
328 5730 480 5792 nmio
508 5735 861 5807 fundatum
891 5730 1002 5807 _est
1031 5734 1367 5807 coenobium
1388 5734 1661 5807 Bettense

78 5798 362 5865 abHilduino
376 5811 448 5867 de
457 5798 726 5879 proprio
743 5805 992 5862 suo.Hic
1004 5809 1199 5862 autem
1215 5804 1546 5862 Hilduinus
1557 5819 1657 5861 nu-

1713 2452 1749 2503 B
1780 2451 2206 2508 cauonicorum
2235 2452 2452 2508 scilicet
2500 2455 2553 2507 et
2607 2451 3043 2508 monachorum
3087 2453 3427 2508 orationum

1777 2539 1995 2595 ﬁdelia.
2029 2541 2182 2597 Vale.

2206 2633 2538 2688 EPISTOLA
2577 2631 2619 2684 n
2660 2631 2815 2701 [olim
2845 2633 2996 2700 ω]

2403 2721 2418 2788 (
2428 2725 2596 2775 Anno
2623 2723 2775 2775 1003.

1773 2807 1957 2861 Plena
1978 2810 2213 2863 virtutis
2236 2813 2288 2864 et
2310 2809 2508 2878 gratia
2535 2809 2916 2878 circumfuso,
2943 2808 3292 2865 charissima
3308 2811 3425 2866 Pa-

2171 2899 2255 2952 tri
2279 2901 2485 2952 Aeeoxt
2517 2900 2830 2952 FrLBenrrs
2856 2912 3018 2952 suus.

1847 2986 2119 3049 Quanam
2151 2991 2202 3040 te
2233 2986 2657 3042 resalutatione
2685 2985 2913 3055 digner,
2951 3002 2986 3041 ο
3027 3004 3191 3043 sacer
3239 2987 3419 3056 abba,

1774 3079 1826 3128 et
1856 3090 1890 3128 o
1919 3089 2137 3141 magne
2170 3074 2522 3146 philosophe
2550 3077 2577 3129 ‘?
2607 3075 2753 3146 quid
2782 3075 3106 3147 rependam
3161 3078 3425 3133 muneris

1776 3168 1993 3216 sanctae
2022 3162 2292 3217 amicitiae
2339 3180 2525 3234 quam
2579 3163 2981 3235 promiSerunt
3034 3163 3204 3233 signa
3260 3179 3425 3231 gem-

1773 3257 1946 3305 matze
1979 3251 2296 3321 facundiae,
2346 3252 2442 3307 vix
2491 3253 2784 3307 aestimare
2816 3251 3064 3308 sufficio.
3100 3256 3245 3307 Nam
3290 3267 3424 3307 cum

1773 3338 1872 3392 illa
1901 3355 2036 3410 quae
2068 3338 2347 3394 dicuntur
2378 3356 2525 3407 esse,
2561 3339 2747 3395 victor
2771 3341 2973 3395 animo
3013 3344 3234 3410 teneas,
3287 3358 3425 3395 cum

1772 3426 1870 3480 illa
1893 3444 2024 3498 quae
2058 3444 2177 3481 non
2210 3443 2337 3482 esse
2363 3428 2606 3482 forsitan
2634 3428 3135 3501 vilipendas,quid
3157 3445 3267 3497 ego
3298 3444 3429 3484 con-

1773 3514 1920 3569 ferre
1938 3515 2354 3588 possim,quod
2378 3522 2436 3571 tu
2455 3521 2554 3572 aut
2573 3533 2692 3571 non
2709 3516 3195 3586 habeas,autnon
3209 3517 3426 3573 habere

1772 3608 2162 3660 contemnas?
2215 3604 2327 3660 Sed
2365 3605 2654 3676 quoniam
2680 3605 3105 3678 philosophicis
3155 3605 3424 3661 essentiis

1772 3708 2061 3762 magnum
2093 3693 2381 3764 quiddam
2411 3696 2697 3763 superest,
2723 3696 2899 3763 atque
2927 3708 2996 3746 ex
3026 3691 3118 3746 his
3139 3709 3272 3764 qua:
3300 3705 3424 3746 non

1707 3801 1744 3854 ρ
1776 3796 1904 3834 esse
1950 3780 2228 3835 dicuntur
2269 3780 2550 3852 quaedam
2603 3783 2893 3852 perpetua
2949 3779 3118 3845 ﬁunt,
3167 3780 3423 3851 ideoque

1779 3864 2144 3935 sapientibus
2199 3863 2526 3935 aliquando
2589 3868 2754 3932 grata
2788 3867 2945 3928 sunt,
2994 3864 3188 3936 recipe
3219 3879 3424 3936 quaeso

1775 3953 1937 4025 quod.
1961 3953 2037 4008 ab
2066 3957 2311 4024 utroque
2331 3952 2436 4007 tibi
2453 3952 2671 4007 lectum
2694 3951 2898 4008 offero.
2917 3952 3179 4024 Denique
3199 3957 3265 4009 ut
3297 3969 3430 4025 par-

1777 4040 2077 4112 ticipando
2102 4057 2278 4112 super
2302 4041 2621 4096 essentiam
2645 4040 2877 4095 deitatis
2910 4040 3192 4096 dominus
3209 4041 3430 4107 ﬁas,sic

1775 4133 1828 4184 te
1851 4129 2190 4200 rcsalutato,
2215 4130 2290 4184 ad
2315 4146 2638 4202 perennem
2663 4129 2960 4185 fidelitatis
2990 4129 3261 4185 habitum
3286 4130 3432 4185 ami-

1775 4218 1921 4273 citize
1947 4223 2060 4273 tute
2091 4217 2356 4290 rependo
2386 4220 2513 4274 haec
2547 4218 2768 4274 scilicet
2798 4217 3129 4275 differentia
3147 4223 3310 4274 tuam
3325 4219 3430 4274 be-

1773 4307 2172 4363 nevolentiam
2200 4323 2519 4380 meamque
2548 4307 2943 4377 distinguens,
2973 4311 3034 4362 ut
3049 4307 3148 4363 illa
3174 4324 3282 4380 pro
3299 4323 3427 4364 ma-

1767 4398 1976 4466 jestate
2008 4413 2276 4469 personae
2310 4397 2500 4466 gratia
2530 4401 2767 4452 vocetur
2790 4401 2854 4451 ut
2878 4396 3127 4465 domini,
3154 4397 3266 4452 ista
3281 4396 3426 4452 fide-

1771 4485 1903 4541 litas
1935 4491 1998 4540 ut
2025 4485 2269 4540 alumni.
2309 4484 2619 4557 Prteceptis
2659 4486 2858 4556 itaque
2903 4484 3013 4540 tuis
3059 4485 3424 4540 modestissi-

1772 4591 1867 4630 me
1898 4573 2188 4630 deservire
2229 4573 2497 4646 eupiens.
2533 4571 2865 4629 Mediolano
2922 4572 3214 4644 discipulo
3258 4573 3425 4645 quod

1771 4668 2042 4736 precatus
2074 4680 2134 4718 es
2166 4661 2338 4731 facio,
2367 4677 2621 4734 quaeque
2644 4661 2745 4716 tibi
2774 4660 3087 4716 scribenda
3109 4661 3323 4734 petisti,
3347 4678 3422 4718 en

1771 4753 1973 4807 omnia
2007 4751 2122 4806 fere
2137 4753 2307 4821 juxta
2331 4749 2514 4806 fidem
2542 4753 2783 4805 exarata
2807 4748 3162 4804 transmitto.
3193 4750 3423 4807 Abbate

1771 4841 1956 4896 sancti
1987 4841 2134 4896 Petri
2163 4839 2415 4909 graviter
2447 4841 2788 4907 (egrotante,
2823 4837 2926 4892 sed
2957 4837 3154 4892 adhuc
3203 4839 3417 4894 mentis

1770 4935 1825 4985 et
1845 4929 2135 4985 sermonis
2165 4933 2455 5001 compote,
2499 4925 2884 4998 Megenardus
2915 4926 3250 4981 monachus
3284 4932 3420 4984 ante

1769 5019 1913 5075 mihi
1945 5036 2068 5075 non
2101 5018 2474 5076 mediocriter
2504 5019 2745 5084 charus,
2778 5022 2958 5072 noctu
2986 5032 3111 5071 sese
3141 5016 3215 5072 de
3266 5017 3421 5074 clau-

1775 5114 1894 5165 stro
1927 5109 2240 5182 subripuit,
2271 5113 2325 5164 et
2382 5107 2458 5163 ad
2513 5105 2918 5163 Theobaldum
2968 5105 3266 5177 comitem,
3317 5107 3420 5179 qui

1776 5199 1953 5256 Blesis
1969 5203 2108 5254 tunc
2127 5197 2494 5266 morabatur,
2517 5195 2769 5252 abbatiaa
2792 5195 3061 5267 petendae
3081 5194 3270 5265 gratia
3288 5211 3422 5269 pro-

1771 5288 2018 5362 peravit,
2049 5303 2250 5343 comes
2277 5284 2442 5342 illum
2476 5284 2756 5357 postridie
2786 5283 3011 5339 remisit
3037 5282 3115 5339 ad
3141 5298 3252 5339 nos
3283 5300 3422 5340 cum

1771 5377 1997 5448 legatis,
2019 5377 2122 5449 qui
2149 5372 2990 5445 denuntiarentrecipiendum
3007 5372 3325 5442 magniﬁce
3349 5372 3421 5429 si-

1772 5471 1870 5522 cut
1899 5465 2180 5522 abbatem
2209 5463 2519 5521 monachis
2541 5467 2598 5517 et
2627 5461 2950 5518 canonicis.
2986 5465 3055 5517 At.
3078 5477 3216 5517 vero
3245 5461 3419 5518 nobis

1763 5607 1875 5659 per
1907 5605 1981 5645 ex
2005 5590 2326 5658 grandatvo
2352 5588 2539 5642 milite
2555 5588 2615 5641 in
2635 5588 2857 5659 clerum
2867 5592 3176 5655 promotus
3189 5587 3414 5659 fuerat,

1768 5657 2026 5730 dictique
2058 5660 2305 5730 carnobii
2333 5664 2472 5713 tunc
2496 5659 2784 5727 pauperis
2809 5658 2932 5730 fuit
2945 5657 3410 5730 primuspabbas.

1839 5727 1946 5800 (t5)
1972 5731 2110 5796 Quis
2141 5729 2312 5785 fuerit
2353 5730 2695 5800 Stephanus
2730 5745 2840 5785 rex
2881 5729 2974 5784 vix
3005 5727 3196 5798 colligi
3223 5730 3412 5800 potest

1767 5819 1840 5861 ex
1868 5801 2128 5859 historia.
