3952 6386
360 286 454 340 191
1419 280 1475 337 8.
1517 277 1853 334 FULBERTI
1893 273 2371 333 CARNOTENSIS
2409 276 2743 334 EPISCOPI.

3693 271 3798 325 192

356 404 477 462 fere
502 404 787 460 omnibus
817 419 889 459 ea
911 419 1007 459 res
1036 419 1206 476 aeque
1237 418 1397 460 nova
1437 407 1494 459 et
1546 399 1845 458 horribilis
1883 396 2011 453 fuit.
2056 402 2105 454 Α
2136 402 2309 474 cujus
2338 402 2508 459 dives
2540 399 2845 458 charitatis
2871 398 2947 455 de
2983 411 3250 471 paupere
3306 410 3493 452 censu
3538 409 3800 469 quaeque

357 493 799 566 Respondimus
821 493 1022 565 itaque
1047 492 1225 561 longe
1264 492 1441 547 nobis
1470 491 1636 547 aliter
1661 488 1868 545 videri.
1902 490 2016 543 Nec

357 583 520 639 enim
547 583 809 653 legitime
839 582 965 637 ﬁeri
992 582 1296 652 abbatem,
1327 597 1438 637 nec
1468 580 1686 637 debere
1710 577 1894 650 recipi
1914 576 2017 650 qui

359 671 671 728 abbatiam
693 670 957 738 alterius,
991 671 1123 743 ipso
1154 671 1406 743 vivente,
1464 686 1573 743 per
1624 667 2017 725 ambitionem

356 761 520 835 petit,
552 761 657 833 qui
686 776 723 816 a
752 759 1035 815 fratribus
1062 775 1186 815 non
1211 759 1462 830 eligitur,
1496 764 1553 815 et
1579 774 1760 830 super
1778 756 1910 812 illos
1931 754 2019 811 ni-

360 850 499 905 titur
523 848 842 905 dominari.
871 851 1175 904 Postremo
1207 848 1313 921 qui
1342 853 1543 904 noster
1567 863 1762 920 neque
1806 860 2019 901 mona-

361 940 511 994 chus
545 938 638 1003 sit,
672 954 868 1010 neque
891 937 1159 1007 clericus,
1211 942 1269 993 et
1322 937 1524 1011 plures
1570 937 1793 993 habeat
1839 940 2019 991 testes

362 1026 658 1082 curialiter
683 1026 950 1096 agitandi
981 1042 1168 1099 quam
1197 1027 1527 1082 monastice
1578 1025 1834 1081 vivendi.
1889 1028 2021 1080 Hth

360 1115 456 1171 ille
487 1131 612 1171 non
635 1120 937 1185 gratanter
959 1115 1260 1187 accipiens
1291 1116 1370 1170 ad
1409 1115 1690 1172 comitem
1745 1112 2022 1186 redequi-

361 1208 463 1272 tat,
495 1204 769 1276 iramque
794 1204 1031 1276 juvenis
1059 1204 1381 1260 adversum
1406 1221 1519 1261 nos
1539 1205 1925 1260 vehementer
1941 1202 2024 1259 in-

360 1292 652 1349 ﬂammat.
689 1294 802 1350 Sed
824 1293 918 1348 die
970 1293 1180 1365 quinto
1233 1298 1559 1367 postquam
1607 1310 1785 1349 suum
1829 1292 2023 1348 ambi-

362 1385 488 1436 tum
547 1380 892 1454 publicavit,
937 1380 1260 1453 praedictus
1317 1382 1512 1438 abbas
1607 1381 2025 1452 aegritudinem

362 1486 537 1525 suam
567 1475 757 1525 morte
786 1469 1018 1526 limitat.
1050 1471 1425 1528 Conveniunt
1443 1470 1522 1527 ad
1538 1470 1869 1544 capitulum
1892 1486 2024 1526 mo-

360 1558 540 1615 nachi
598 1561 805 1626 nostri,
866 1564 923 1615 et
951 1559 1202 1632 quidam
1229 1560 1524 1628 canonici,
1556 1577 1712 1634 quos
1746 1560 1896 1616 ratio
1925 1575 2029 1633 po-

365 1648 631 1705 stulabat
654 1648 909 1705 admitti.
958 1653 1403 1720 Interrogamus
1442 1666 1522 1706 an
1569 1650 1753 1723 aliqui
1775 1650 2026 1706 fratrum

2131 495 2332 563 potest
2354 491 2470 547 illis
2501 490 2839 547 necessaria
2859 486 3291 544 subministrat.
3343 486 3634 541 Caeterum
3675 480 3797 551 ille,

2133 580 2305 651 cujus
2329 580 2539 638 fratres
2567 580 3017 653 importunitate
3049 575 3286 650 depulsi
3314 576 3474 645 sunt,
3493 572 3572 629 ab
3592 570 3798 628 Hervi-

2137 686 2204 725 so
2231 671 2525 743 quodam,
2556 674 2621 726 ut
2649 669 2838 734 aiunt,
2861 666 3209 724 Britannicae
3256 663 3516 733 regionis
3567 661 3801 735 episco-

2136 774 2236 831 po,
2271 758 2817 826 1v.Non.Februar,
2843 756 3037 813 abbas
3091 752 3410 811 simulatus
3466 751 3637 807 estin
3691 765 3796 805 su-

2133 846 2351 904 burdio
2383 846 2732 905 Carnotensi
2755 846 3006 902 absente
3037 843 3214 911 clero,
3240 840 3590 911 indignante
3605 854 3800 912 popu-

2131 937 2211 1008 lo,
2246 938 2440 1008 legato
2471 936 2910 1010 archipraesulis
2965 933 3171 1007 palam
3219 930 3663 989 contradicente
3716 944 3797 984 ne

2131 1026 2195 1082 id
2218 1026 2404 1096 ﬁeret,
2435 1025 2904 1083 reclamantibus
2942 1023 3125 1079 etiam
3176 1020 3545 1094 quibusdam
3577 1033 3794 1074 mona-

2143 1116 2293 1184 chis,
2348 1116 2454 1189 qui
2504 1115 2567 1171 in
2612 1115 2746 1171 loco
2775 1117 3189 1170 remanserant
3234 1126 3377 1166 vero
3407 1108 3595 1175 vultu,
3651 1106 3794 1162 viva

2131 1222 2276 1262 voce
2302 1210 2483 1278 atque
2513 1204 2771 1276 regulari
2800 1201 3168 1259 auctoritate.
3200 1200 3316 1257 Sed
3359 1196 3508 1272 quid
3531 1197 3683 1252 inter
3704 1196 3799 1251 fu-

2134 1300 2331 1351 rentes
2356 1295 2507 1351 ratio
2536 1295 2564 1351 ?
2597 1293 2711 1350 Sed
2743 1298 2800 1349 et
2836 1308 2999 1348 nunc
3029 1290 3123 1347 ille
3154 1288 3382 1363 primas
3427 1287 3489 1343 in
3537 1285 3799 1342 abbatiaa

2136 1388 2444 1455 suggestu,
2480 1382 2752 1439 saeculari
2774 1380 3041 1456 potentia
3070 1380 3278 1447 fretus,
3310 1377 3385 1434 de
3414 1379 3660 1450 paracta
3712 1376 3803 1430 vi-

2134 1472 2318 1529 ctoria
2370 1471 2693 1542 gloriosus,
2752 1471 3035 1527 fractores
3083 1469 3212 1540 ejus
3291 1464 3568 1530 abbates,
3639 1462 3800 1536 epis-

2135 1578 2346 1635 copus,
2397 1565 2578 1634 atque
2616 1560 2815 1633 ipsum
2863 1574 3090 1632 papam
3143 1553 3490 1624 ambiendo,
3538 1568 3615 1609 ne
3649 1550 3805 1625 quid

2135 1651 2380 1721 gravius
2407 1654 2703 1706 statuatur
2729 1648 2791 1705 in
2821 1648 2990 1704 illum
3025 1645 3223 1703 modis
3254 1642 3537 1701 omnibus
3592 1640 3802 1697 elabo-

360 1737 623 1810 incoepto
655 1737 991 1808 Megenardi
1018 1737 1314 1794 faveant?
1354 1743 1584 1809 Negant
1629 1738 1869 1808 singuli,
1927 1755 2027 1794 ne-
2057 1758 2096 1811 Β
2134 1746 2245 1797 rat.
2273 1743 2434 1797 Jacet
2462 1739 2700 1796 interim
2747 1738 2919 1804 victa,
2977 1736 3349 1807 confusaque
3391 1732 3644 1789 fratrum
3696 1746 3803 1787 ex-

363 1832 506 1897 gant
533 1827 1154 1883 omnes.Decrevimus
1177 1844 1321 1898 ergo
1347 1828 1647 1900 quosdam
1674 1844 1882 1883 eorum
1896 1844 2024 1884 esse

363 1917 687 1973 mittendos
716 1917 795 1973 ad
818 1917 1119 1988 comitem,
1152 1918 1328 1973 nobis
1353 1918 1626 1974 videlicet
1644 1918 2026 1989 designatum

364 2005 740 2079 episcopum,
772 2011 838 2062 ut
861 2006 1045 2062 Patris
1072 2006 1309 2062 obitum
1331 2007 1694 2075 nuntiarent,
1720 2007 2026 2063 etalterius

364 2095 621 2165 eligendi
661 2095 1000 2164 regularem
1030 2101 1419 2167 precarentur
1445 2096 1765 2152 licentiam.
1798 2096 2026 2161 Quibus

364 2182 564 2238 missis
591 2198 728 2238 ecce
754 2182 853 2238 alii
878 2182 1021 2252 duo,
1050 2183 1332 2239 Vivianus
1357 2184 1577 2240 scilicet
1601 2188 1657 2240 et
1681 2184 2025 2256 Durandus,

365 2270 513 2328 alter
540 2270 867 2338 illiteratus,
900 2271 1046 2327 alter
1084 2271 1417 2328 litterarum
1453 2272 1800 2329 malesanus
1848 2273 2025 2329 inter-

365 2375 530 2433 pres,
562 2358 746 2415 ambo
767 2360 1092 2432 praepositi,
1116 2360 1465 2418 simulantes
1482 2378 1665 2418 causa
1691 2362 2028 2418 communis

365 2447 672 2504 commodi
693 2448 772 2504 ad
798 2447 1171 2505 obedientias
1193 2465 1334 2505 suas
1367 2466 1430 2506 se
1459 2450 1610 2507 velle
1639 2450 1818 2521 exire,
1853 2467 1923 2506 ac
1952 2466 2028 2506 ne

365 2536 657 2593 aliorsum
687 2541 1004 2610 pergerent
1034 2537 1147 2593 sibi
1191 2538 1578 2595 interdicente
1626 2539 1857 2596 decano
1896 2555 2028 2595 mo-

365 2623 632 2681 nasterii.
652 2624 1077 2694 Megenardum
1104 2630 1310 2682 tamen
1341 2628 1525 2683 secuti
1557 2632 1715 2697 sunt,
1748 2627 1843 2683 cui
1872 2644 2028 2700 coep-

363 2717 490 2771 tam
518 2714 1055 2786 praesumptionem
1085 2716 1315 2772 occulte
1344 2721 1789 2788 persuaserant,
1822 2722 1880 2773 et
1905 2716 2029 2773 Ble-

365 2802 445 2857 sis
496 2801 560 2857 in
607 2803 927 2875 praesentia
976 2804 1208 2859 domini
1251 2805 1577 2861 Theobaldi
1605 2806 1807 2878 ipsum
1847 2809 2030 2876 Mege-

364 2891 627 2947 nardum
684 2908 720 2947 a
768 2891 1048 2947 fratribus
1101 2894 1222 2966 peti
1276 2910 1346 2950 ac
1376 2894 1513 2964 eligi
1542 2895 1769 2967 perﬁde
1800 2896 2031 2952 mentiti

367 2983 525 3034 sunt.
552 2981 777 3034 Horum
806 2979 1092 3049 suffragio
1117 2981 1287 3037 laetus
1314 2998 1517 3038 comes
1544 2983 1745 3039 statim
1765 2999 1907 3039 eum
1926 2983 2032 3039 ba-

2134 1829 2458 1904 pulsorum
2488 1827 2823 1895 humilitas,
2856 1842 2966 1882 nec
2996 1830 3084 1881 est
3109 1822 3331 1897 praesul
3354 1821 3415 1877 in
3446 1820 3664 1887 Galliis,
3697 1835 3799 1875 cu-

2131 1920 2232 1991 jus
2262 1918 2493 1973 viscera
2516 1920 2727 1986 tangat
2754 1913 2988 1971 affectio
3015 1912 3272 1986 pietatis,
3304 1913 3408 1965 aut
3436 1908 3596 1964 zelus
3617 1923 3805 1963 sacrae

2134 2008 2283 2078 legis
2321 2006 2748 2073 inflammet,ut
2768 2005 3092 2073 consurgat
3121 2000 3199 2057 ad
3228 1997 3597 2069 frangendos
3613 1996 3807 2070 impe-

2137 2100 2232 2152 tus
2256 2110 2549 2161 errorum,
2582 2092 2662 2149 ad
2690 2091 3045 2148 relevandas
3076 2105 3214 2162 spes
3245 2087 3450 2144 dolore
3484 2086 3803 2142 tabescen-

2136 2184 2306 2241 tium.
2337 2182 2625 2239 Defuncta
2653 2180 2874 2237 etenim
2904 2183 2995 2236 est
3016 2176 3281 2250 Dionysii
3324 2174 3627 2243 fortitudo,
3672 2189 3805 2231 non

2137 2275 2445 2345 comparet
2473 2269 2665 2344 pietas
2722 2268 2969 2326 Martini.
3002 2270 3086 2324 Tu
3137 2281 3380 2339 quoque
3433 2262 3803 2336 dereliqulsti

2136 2377 2274 2426 nos,
2305 2364 2508 2416 sancte
2538 2362 2707 2415 Pater
2728 2357 2929 2426 Hilari,
2958 2357 3062 2431 qui
3090 2355 3232 2411 olim
3267 2353 3553 2410 unitatem
3602 2351 3804 2408 Eccle-

2139 2451 2240 2506 siae
2273 2450 2524 2523 Spiritus
2548 2448 2735 2505 sancti
2766 2446 2965 2518 gladio
2998 2444 3280 2502 tuebaris.
3334 2446 3378 2500 Ο
3411 2441 3714 2511 derelicta,
3761 2457 3802 2498 ο

2138 2543 2373 2608 moesta,
2401 2554 2438 2594 o
2481 2537 2753 2594 desolata
2785 2535 3108 2593 Galliarum
3140 2532 3399 2590 Ecclesia
3431 2532 3444 2587 1
3477 2547 3613 2604 quae
3667 2531 3804 2603 jam

2139 2629 2248 2685 erit
2278 2644 2415 2701 spes
2442 2626 2649 2684 salutis
2679 2626 2963 2682 ulterior?
2992 2624 3100 2681 Ubi
3120 2622 3380 2697 amplius
3402 2620 3621 2678 afflicta
3641 2620 3805 2679 Chri-

2140 2718 2315 2774 stiani
2346 2717 2551 2773 anima
2600 2714 2918 2788 respirabit
2948 2715 2975 2769 ?
3035 2714 3157 2769 Hoc
3209 2727 3427 2785 nempe
3467 2710 3664 2767 solum
3706 2709 3807 2767 vel

2138 2807 2403 2863 maxime
2433 2821 2546 2862 nos
2577 2804 2913 2861 confortare
2933 2801 3281 2858 videbatur:
3305 2799 3471 2874 quod
3500 2799 3550 2855 si
3569 2798 3807 2856 contin-

2141 2900 2304 2967 geret
2322 2895 2531 2952 ruinas
2556 2893 2850 2949 moenium
2879 2899 3118 2949 tuorum
3150 2889 3423 2947 resarciri
3446 2903 3569 2945 non
3599 2904 3804 2962 posse,

2138 2984 2339 3040 liceret
2377 2982 2588 3039 saltem
2620 2983 2699 3038 ad
2723 2982 2969 3038 firmum
3002 2980 3203 3038 adhuc
3221 2978 3576 3052 Capitolium
3597 2993 3812 3034 mona-

372 3066 515 3163 culo
533 3066 818 3168 pastorali
844 3068 1082 3139 publice
1130 3070 1335 3125 donat.
1391 3073 1518 3136 Quo
1562 3070 1787 3139 audito,
1821 3071 2030 3128 fratres
2062 3112 2102 3168 Ο
2143 3073 2305 3129 sticaa
2335 3072 2466 3128 vita;
2510 3070 2853 3142 confugere.
2885 3070 3057 3136 Quod
3086 3070 3264 3168 etiam
3297 3069 3348 3168 si
3377 3067 3609 3168 furibus
3664 3067 3811 3168 irre-

366 3153 472 3225 qui
501 3153 563 3207 in
593 3153 856 3210 claustro
885 3161 1324 3227 remanserant,
1357 3162 1566 3214 contra
1583 3158 1744 3214 hanc
1788 3159 2033 3215 fraudu-

370 3239 617 3296 lentiam
635 3240 758 3296 zelo
779 3241 998 3299 divinae
1012 3243 1161 3314 legis
1179 3245 1446 3311 accincti,
1463 3245 1729 3302 libellum
1747 3248 2032 3321 reproba-

367 3328 546 3385 tionis
578 3329 864 3399 fecerunt,
906 3336 1087 3405 atque
1114 3334 1599 3407 subscripserunt
1626 3336 1980 3406 hujusmodi
2013 3355 2025 3393 :

368 3416 525 3473 Sciat
536 3418 732 3473 omnis
756 3419 1035 3490 Ecclesia,
1058 3422 1202 3494 quia
1214 3422 1635 3491 Megenardum
1660 3426 2029 3481 monachum

364 3509 659 3573 nostrum,
693 3507 977 3564 abbatem
1009 3510 1137 3566 fieri
1167 3527 1292 3566 non
1313 3511 1609 3582 eligimus,
1643 3529 1767 3568 non
1822 3513 2031 3570 lauda-

362 3610 519 3662 mus,
552 3611 677 3650 non
704 3597 1007 3667 volumus,
1031 3615 1153 3655 non
1181 3601 1588 3657 consentimus
1622 3620 1634 3657 :
1669 3603 1770 3658 sed
1795 3619 2026 3675 _repro-

361 3682 603 3752 bamus,
638 3685 989 3756 refutamus,
1023 3692 1079 3743 et
1104 3690 1352 3745 omnino
1384 3690 1871 3747 contradicimus.
1911 3696 2027 3748 Nos

360 3787 500 3826 vero
531 3772 606 3827 de
633 3773 909 3830 coenobio
934 3776 1125 3831 sancti
1141 3777 1309 3844 Petri,
1333 3793 1596 3849 quorum
1618 3779 1869 3836 nomina
1889 3780 2028 3836 scri-

360 3863 466 3932 pta
504 3866 660 3929 sunt,
690 3864 1008 3919 Durandus
1030 3864 1317 3935 decanus,
1338 3867 1687 3933 Gaudricus,
1719 3869 2024 3939 Genesius,

364 3947 680 4019 Bobertus,
713 3951 1094 4022 lsembertus,
1119 3956 1473 4025 Marcuinus,
1502 3956 1742 4024 Alveus,
1768 3961 2028 4015 Guarne-

362 4051 491 4106 rus,
527 4036 829 4107 Richerus,
852 4040 1146 4108 Warinus,
1184 4042 1526 4112 Herbertus,
1559 4046 1885 4111 Evrardus,
1919 4049 2024 4102 Be-

362 4123 658 4191 nedictus,
687 4126 990 4195 Arnulfus,
1017 4129 1348 4197 Gualterus,
1382 4132 1758 4204 Beringerus,
1787 4135 2029 4191 Herber-

363 4216 476 4280 tus,
512 4215 870 4270 Bernardus.
890 4216 990 4272 Isti
1019 4217 1219 4291 itaque
1249 4236 1460 4275 omnes
1490 4238 1599 4278 sua
1622 4223 1874 4279 nomina
1925 4230 2029 4280 aut

364 4302 870 4376 subscripserunt,
905 4311 1008 4362 aut
1039 4308 1337 4364 subscribi
1372 4309 1749 4368 feceruntme
1763 4313 2021 4369 vidente.

363 4390 464 4446 Die
495 4392 771 4464 proxima
823 4410 1027 4450 comes
1074 4397 1396 4453 Tetbaldus
1445 4400 1614 4468 redit,
1649 4401 1791 4457 sein
1814 4417 2025 4458 mona-

365 4479 612 4536 sterium
641 4482 823 4555 recipi
856 4500 994 4539 cum
1019 4487 1401 4557 processione
1453 4490 1852 4560 praemandat.
1905 4494 2021 4548 Mo-
2056 4463 2099 4515 D

359 4568 539 4624 nachi
566 4572 934 4642 respondent
963 4590 1024 4629 se
1048 4574 1301 4631 libenter
1351 4577 1466 4633 hoc
1516 4594 1714 4650 agere,
1774 4578 1823 4635 si
1870 4596 2026 4653 prae-

362 4663 736 4730 sumptorem
765 4661 934 4717 illum
964 4679 1088 4720 non
1117 4665 1431 4723 adduxerit
1453 4685 1678 4725 secum.
1704 4669 1801 4725 llle
1824 4670 2026 4727 denuo

361 4745 570 4815 iratus,
600 4747 733 4820 ipso
764 4750 859 4805 die
890 4755 1094 4808 tamen
1139 4755 1425 4811 sustinuit
1478 4757 1584 4813 sed
1630 4758 1693 4813 in
1753 4759 2027 4831 sequenti

362 4851 502 4891 cum
532 4838 781 4910 strepitu
813 4841 1313 4900 comminantium
1355 4846 1417 4900 in
1463 4846 1656 4902 sancti
1704 4848 1854 4903 Petri
1893 4864 2025 4904 mo-

360 4927 692 4982 nasterium
724 4945 904 4985 suum
943 4933 1372 5001 Magenardum
1398 4935 1669 4993 obtrusit.
1711 4938 1801 4993 Ad
1852 4939 2026 5008 cujus

360 5014 691 5072 violentum
714 5017 1012 5089 igressum
1033 5023 1222 5078 sancti
1249 5022 1461 5079 fratres
1489 5026 1888 5082 contaminari
1940 5027 2025 5100 ip-

364 5104 485 5159 sius
517 5108 1063 5166 commzznicatione
1092 5110 1384 5183 timentes,
1418 5115 1758 5171 sanctuario
1790 5116 2026 5171 Domini

364 5191 641 5261 salutato,
675 5197 1121 5271 cumlacrymis
1150 5201 1439 5272 exierunt,
1496 5208 1674 5276 atque
1723 5205 2024 5276 refugium

373 5277 537 5364 aliud
583 5281 936 5358 nescientes,
989 5287 1067 5343 ad
1114 5288 1325 5346 limina
1375 5290 1721 5364 principalis
1752 5292 2024 5349 Ecclesiae

367 5363 784 5453 confugerunt.
811 5371 894 5427 Ibi
905 5391 1148 5448 quoque
1174 5394 1298 5434 non
1320 5378 1560 5436 invento
1571 5363 1813 5453 pastore
1836 5380 2025 5436 utrin-

367 5466 488 5522 que
517 5452 765 5510 desertae
796 5474 940 5514 oves
974 5466 1198 5520 maestis
1256 5483 1384 5523 sese
1414 5452 1661 5526 vocibus
1705 5469 2024 5526 consolan-

366 5542 480 5631 tur.
514 5540 629 5631 Sed
660 5544 868 5631 recipit
898 5555 1108 5606 sancta
1137 5556 1313 5610 Mater
1340 5557 1573 5613 Domini
1606 5558 1780 5615 solita
1806 5558 2024 5631 pietate

365 5625 573 5716 recipit
620 5630 973 5705 Rodulphus
1028 5642 1166 5693 tuus
1208 5642 1367 5699 dulci
1419 5625 1823 5716 benignitate:
1881 5646 2024 5702 Inde

366 5714 732 5776 transierunt
760 5720 840 5777 ad
869 5723 1215 5785 coenobium
1266 5732 1454 5790 sancti
1494 5714 1681 5793 Patris
1733 5734 2020 5802 Herberti,

2141 3167 2310 3236 ptare
2331 3166 2435 3218 aut
2456 3161 2704 3234 impune
2734 3159 3103 3233 quibuslibet
3128 3157 3463 3215 ambitiosis
3520 3156 3808 3213 invadere

2140 3252 2295 3321 licet,
2320 3250 2474 3324 proh
2505 3249 2679 3305 dolor
2703 3249 2715 3304 l
2742 3248 3011 3305 funditus
3041 3247 3349 3304 cecidisti?
3373 3245 3538 3303 Unde
3563 3246 3694 3317 jam
3724 3244 3809 3300 ad

2141 3344 2196 3396 te
2226 3344 2550 3411 revertens,
2581 3337 2923 3394 venerande
2951 3338 3144 3405 Pater,
3176 3352 3362 3409 quem
3394 3350 3506 3404 ego
3537 3333 3718 3390 credo
3749 3336 3811 3389 et

2140 3428 2319 3485 video
2372 3427 2712 3499 adjutorem
2759 3443 2795 3483 a
2845 3425 3099 3482 Domino
3129 3425 3307 3482 nobis
3336 3441 3468 3481 esse
3495 3423 3808 3497 provisum

2140 3535 2281 3574 cum
2306 3517 2556 3574 domino
2582 3533 2719 3572 meo
2745 3521 2969 3590 tuoque
2996 3515 3159 3571 ﬁdeli
3187 3514 3503 3588 Rodulpho
3516 3513 3810 3586 deprecor

2141 3612 2198 3663 et
2222 3606 2491 3663 obtestor
2509 3622 2617 3679 per
2654 3622 2725 3661 ea
2778 3621 2915 3678 quae
2960 3604 3066 3660 tibi
3119 3605 3264 3660 data
3308 3606 3447 3658 sunt
3499 3601 3807 3675 sapientiae

2140 3701 2361 3752 sanctae
2379 3695 2763 3764 charismata,
2789 3710 2898 3767 per
2917 3693 3300 3750 dulcedinem
3319 3692 3595 3748 fraternas
3616 3690 3809 3748 chari-

2140 3785 2296 3855 tatis,
2330 3784 2379 3840 si
2394 3784 2541 3857 quid
2565 3788 2762 3856 potes,
2780 3784 3077 3856 impugna
3094 3784 3295 3838 hostes
3317 3780 3573 3846 Domini,
3593 3780 3807 3837 fratres

2140 3874 2339 3931 allisos
2364 3874 2584 3939 refove,
2616 3888 2727 3928 nec
2742 3872 2935 3945 perire
2953 3872 3116 3928 sinas
3142 3871 3348 3946 inopia
3364 3869 3555 3927 solatii
3569 3869 3675 3937 tui,
3693 3884 3808 3942 pro

2139 3963 2362 4037 quibus
2395 3962 2588 4019 credis
2612 3979 2743 4018 esse
2765 3962 2971 4018 fusum
2990 3961 3349 4033 sanguinem
3379 3959 3610 4018 Christi.
3645 3958 3803 4016 Vale.

2598 4052 2934 4108 EPISTOLA
2972 4052 3041 4107 111
3071 4052 3233 4122 [olim
3260 4051 3349 4122 11.]

2776 4141 2971 4212 (Anno
2995 4145 3178 4209 1006.)

2143 4230 2397 4285 Domino
2428 4244 2533 4283 suo
2564 4231 2812 4283 EINARDO
2839 4228 2955 4283 sibi
2988 4244 3220 4298 semper
3271 4228 3610 4285 venerando
3666 4230 3808 4283 FUL-

2713 4331 2920 4370 BERTUS
2959 4317 3232 4386 exiguus.

2215 4402 2400 4469 Novit,
2450 4407 2507 4458 et
2550 4419 2691 4459 vere
2721 4403 2890 4459 novit
2928 4404 3263 4460 serenitatis
3292 4409 3499 4462 vestrae
3538 4403 3806 4477 pruden-

2142 4493 2241 4562 tia,
2280 4492 2463 4565 quod
2505 4491 2569 4547 in
2624 4491 3034 4549 ecclesiasticis
3082 4492 3293 4549 ofﬁciis
3330 4493 3506 4567 plura
3535 4497 3691 4561 sunt,
3741 4493 3807 4550 in

2138 4581 2361 4654 quibus
2421 4580 2745 4637 Orientales
2808 4581 3080 4637 Ecelesize
3121 4586 3177 4638 et
3222 4588 3438 4638 nostrae
3494 4581 3807 4639 communi

2137 4669 2558 4727 observatione
2589 4670 2704 4726 sibi
2728 4670 3113 4743 respondent.
3176 4673 3323 4728 Sunt
3367 4688 3509 4729 vero
3567 4671 3685 4729 alia
3738 4671 3804 4727 in

2137 4759 2359 4832 quibus
2391 4759 2540 4815 alias
2568 4760 2648 4816 ab
2678 4759 2808 4816 aliis
2839 4760 3002 4816 cultu
3030 4761 3279 4835 dispari,
3303 4766 3360 4818 et
3378 4762 3546 4818 varia
3593 4761 3803 4818 obser-

2136 4849 2375 4919 vatione
2406 4848 2750 4905 audivimus
2783 4849 3118 4907 dissonare.
3155 4851 3271 4908 Sed
3307 4867 3419 4908 nec
3471 4866 3669 4924 pauca
3699 4857 3805 4908 aut

2134 4954 2273 4994 rara
2306 4942 2463 5010 sunt,
2493 4955 2629 5012 quae
2654 4939 2733 4996 ab
2764 4939 2895 4996 aliis
2951 4941 3292 4997 necessario
3346 4941 3662 5009 servanda,
3722 4941 3802 4997 ab

2137 5026 2266 5083 aliis
2291 5043 2416 5083 non
2445 5027 2598 5083 adeo
2626 5027 2896 5084 curanda
2920 5028 3434 5085 aestimantur.Nec
3456 5034 3660 5085 tamen
3689 5044 3802 5085 nos

2136 5114 2387 5171 offendit
2409 5115 2810 5172 observantiae
2840 5115 3174 5187 diversitas,
3207 5116 3311 5174 ubi
3330 5117 3472 5174 ﬁdei
3498 5133 3624 5174 non
3650 5118 3803 5175 scin-

2136 5203 2295 5260 ditur
2324 5205 2544 5260 unitas.
2568 5207 2748 5260 Porro
2772 5205 2836 5260 in
2862 5205 3066 5261 multis
3102 5206 3325 5264 Graecia
3355 5207 3433 5263 ab
3490 5207 3800 5281 Hispania,

2137 5292 2215 5349 ab
2268 5292 2381 5347 illis
2427 5296 2698 5348 Romana
2753 5298 2811 5348 et
2848 5292 3153 5351 Gallicana
3182 5296 3486 5369 discrepat
3514 5295 3798 5355 Ecclesia.

2138 5381 2255 5437 Sed
2305 5396 2502 5452 neque
2554 5380 2616 5436 in
2662 5381 2778 5436 hoc
2832 5382 3331 5454 scandalizamur,
3389 5385 3439 5441 si
3514 5385 3801 5443 audimus

2135 5469 2440 5525 diversam
2511 5468 3016 5539 observationem,
3101 5473 3206 5528 sed
3284 5489 3408 5530 non
3490 5473 3798 5531 diversam

2133 5558 2319 5613 ﬁdem
2369 5556 2431 5611 in
2481 5557 2691 5613 Christi
2740 5572 2977 5629 semper
3017 5559 3293 5617 Ecclesiis
3326 5562 3642 5618 exstitisse.
3681 5565 3799 5619 Stet

2132 5645 2295 5701 enim
2341 5643 2551 5713 regina
2607 5645 2866 5701 Eeclesia
2924 5661 2960 5702 a
3007 5647 3229 5705 dextris
3286 5650 3442 5721 regis
3499 5650 3797 5708 suiinve-

2134 5734 2276 5792 stitu
2330 5732 2623 5791 deaurato
2689 5733 3062 5795 circumdata
3138 5739 3440 5797 varietate.
3485 5743 3604 5799 Nos
3653 5755 3796 5798 vero
