3952 6386
167 313 274 366 193

1704 294 2084 356 EPISTOL/E.
3511 311 3610 364 4,,

160 433 302 489 trita
321 435 379 488 et
402 430 758 506 pervulgata
777 433 1018 486 Patrum
1043 429 1142 486 via
1158 429 1564 495 incendentes,
1597 429 1836 482 Patrum
1867 421 1916 474 Α
1951 437 2060 478 nec
2093 425 2270 481 etiam
2300 426 2541 495 signum
2565 427 2810 499 aliquod
2837 427 3104 484 invenire
3131 430 3610 500 potuit.Audiens

162 520 529 577 memoriam
560 519 620 574 in
647 518 922 575 rationali
947 518 1204 591 pectoris
1245 517 1450 587 nostri,
1475 516 1534 572 id
1566 519 1654 570 est
1686 530 1838 586 prae-

167 609 514 666 cedentium
548 612 788 664 Patrum
819 607 1095 680 exempla
1133 624 1256 678 prie
1289 606 1476 662 oculis
1503 605 1838 660 habeamus

165 704 225 756 et
254 715 390 771 quae
422 697 790 754 rationaliter
821 713 923 752 eos
957 696 1148 765 egisse
1172 695 1590 763 cognovimus,
1646 699 1840 748 tenea-

164 807 306 845 mus
340 807 352 844 :
380 805 451 844 ea
480 803 620 843 vero
652 803 788 860 quae
822 785 1113 858 spirituali
1145 783 1396 840 consilio
1425 783 1504 838 ab
1557 783 1650 837 his
1685 779 1838 836 ordi-

165 882 311 935 nata
337 881 477 933 sunt
508 876 741 932 etiamsi
771 875 1129 930 inﬁrmitatis
1160 878 1376 929 nostra:
1394 871 1731 942 ignorantia
1760 869 1838 925 ad

165 968 417 1042 plenum
443 965 646 1021 videre
677 980 800 1020 non
838 964 1164 1036 possimus,
1219 961 1546 1018 temerariae
1599 959 1836 1016 cavilla-

164 1057 346 1114 tionis
371 1056 547 1111 dente
575 1069 696 1109 non
739 1053 1046 1120 rodamus,
1081 1052 1230 1106 dum
1261 1055 1464 1106 tamen
1496 1066 1531 1105 a
1560 1049 1678 1104 fide
1709 1049 1836 1104 haec

163 1158 559 1217 nequaquam
585 1142 918 1199 exorbitare
959 1142 1273 1198 sentimus.
1311 1140 1455 1196 Dicit
1488 1139 1790 1211 Scriptura
1819 1155 1831 1192 :

163 1235 351 1302 Audi,
377 1234 474 1302 ﬁli
497 1233 599 1302 mi,
629 1232 1016 1301 discz'plmam
1043 1232 1244 1301 patris
1264 1231 1371 1298 tui,
1407 1237 1550 1285 etne
1570 1229 1836 1284 dimittas

166 1324 355 1394 legem
389 1323 599 1378 matris
632 1327 749 1378 tuas
807 1323 1010 1392 (Prov.
1041 1338 1078 1386 1,
1136 1323 1210 1391 8).
1268 1324 1413 1374 Ante
1446 1319 1556 1373 hos
1609 1334 1836 1390 paucos

163 1413 295 1468 dies
329 1417 393 1468 ut
432 1410 781 1468 meminisse
837 1411 990 1479 licet,
1035 1409 1182 1465 mihi
1222 1408 1618 1481 vestipertinis
1674 1407 1836 1463 horis

164 1501 589 1575 supervenisti,
621 1505 678 1556 et
705 1500 1017 1572 repentina
1045 1499 1428 1572 inquisitione
1474 1515 1570 1552 me
1602 1513 1837 1569 permo-

159 1591 318 1661 visti,
340 1591 413 1646 de
441 1591 636 1647 hostia
665 1607 850 1662 quam
882 1589 1064 1662 paulo
1098 1593 1235 1643 ante
1297 1592 1612 1660 promotus
1641 1587 1716 1641 ad
1745 1602 1836 1640 sa-

160 1679 499 1736 cerdotium
526 1679 600 1734 de
622 1694 809 1734 manu
831 1677 1095 1750 episcopi
1123 1676 1437 1748 suscepisti
1468 1677 1576 1745 (16)
1626 1691 1637 1728 :
1698 1691 1833 1747 quae

1950 514 2268 588 episcopus
2299 534 2371 572 ex
2402 518 2763 587 negligentia
2789 519 2983 574 fratris
3014 525 3213 575 ortum
3254 521 3605 592 periculum,

1949 605 2254 660 ommibus
2276 607 2333 661 in
2358 624 2678 663 commune
2711 609 2993 664 fratribus
3024 609 3200 664 unius
3223 616 3458 666 reatum
3490 629 3611 683 pce-

1949 692 2261 749 nitendum
2293 695 2561 752 instituit.
2595 701 2795 770 Ipsum
2853 714 2995 752 vero
3051 698 3293 754 fratrem
3343 700 3610 755 arctioris

1949 782 2311 854 poenitentiae
2335 785 2650 857 disciplina
2676 786 3098 855 corrigendum
3126 788 3458 858 proposuit.
3492 791 3608 844 Hac

1950 888 2091 941 ergo
2123 875 2436 929 occasione
2467 881 2713 948 accepta
2762 875 3159 948 quaerendum
3200 877 3278 931 ab
3326 877 3608 950 episcopo

1949 961 2261 1031 {estimavi,
2296 963 2344 1017 si
2368 963 2670 1019 videretur
2699 965 2814 1020 sibi
2867 964 3034 1019 salva
3063 965 3290 1019 ordinis
3325 965 3608 1033 religione

1949 1050 2384 1106 sanctificatum
2416 1067 2636 1124 panem
2670 1053 2865 1125 primo
2917 1056 3020 1108 aut
3060 1054 3323 1110 secundo
3356 1055 3609 1110 sanctifi-

1947 1138 2197 1194 cationis
2228 1139 2322 1194 die
2353 1157 2528 1212 posse
2561 1145 2748 1196 totum
2773 1141 2951 1197 simul
2963 1141 3289 1214 percipere,
3314 1159 3497 1215 quem
3528 1143 3608 1197 vi-

1946 1227 2129 1283 debat
2157 1245 2278 1284 non
2312 1229 2436 1284 sine
2468 1230 2732 1302 periculo
2755 1247 2934 1302 posse
2966 1236 3129 1286 tanto
3172 1235 3359 1286 tractu
3385 1238 3609 1304 tempo-

1945 1315 2024 1370 ris
2057 1317 2396 1372 minutatim
2423 1335 2659 1374 sumere
2690 1337 2701 1385 ;
2744 1318 3076 1390 prtesertim
3113 1335 3251 1373 cum
3308 1319 3436 1390 ipse
3468 1335 3607 1374 nos-

1947 1409 2033 1459 set
2053 1405 2390 1460 rarissimos
2423 1406 2602 1477 hujus
2633 1406 2862 1461 ordinis
2897 1406 3056 1461 viros
3086 1423 3233 1472 esse,
3265 1407 3370 1478 qui
3409 1407 3468 1461 in
3494 1409 3606 1462 hac

1945 1519 2005 1557 re
2039 1504 2386 1574 pervigilem
2419 1521 2625 1560 curam
2654 1505 3026 1560 adhiberent.
3082 1505 3184 1558 Hic.
3236 1504 3330 1559 ille
3360 1504 3608 1576 increpi-

1945 1597 2079 1648 tans
2102 1594 2378 1649 tardioris
2413 1612 2624 1649 sensus
2653 1595 2768 1649 mei
2794 1595 3241 1659 hcbetudinem,
3299 1595 3608 1666 respondit

1943 1683 2190 1755 quidem
2247 1684 2326 1739 ita
2389 1701 2516 1739 esse
2566 1685 2729 1756 quod
2775 1684 3144 1756 quaerebam,
3197 1684 3244 1737 si
3297 1683 3605 1755 discipulis

159 1768 316 1824 ratio
350 1768 442 1834 Sit,
474 1766 745 1822 Videlicet
775 1782 966 1838 usque
1006 1765 1086 1820 ad
1117 1764 1651 1837 quadragesimam
1674 1763 1834 1818 diem
1867 1773 1905 1824 Β
1945 1788 2096 1844 quos
2119 1774 2194 1829 ad
2218 1774 2659 1846 praedicationis
2699 1775 2964 1829 officium
2989 1774 3274 1828 Dominus
3306 1775 3603 1828 missurus

161 1873 284 1914 usu
320 1857 675 1930 quotidiano
733 1871 1111 1924 consumere,
1159 1854 1250 1910 vel
1305 1871 1458 1926 quos
1515 1855 1695 1924 hujus
1751 1853 1834 1907 rei

163 1952 442 2004 auctores
470 1947 850 2002 haberemus.
903 1946 1010 2000 Cui
1039 1944 1287 2016 quidem
1319 1943 1432 1998 nisi
1496 1944 1834 1998 sacerdota-

163 2037 286 2093 lem
319 2038 378 2092 in
410 2036 578 2092 vobis
607 2035 1024 2100 reverentiam,
1076 2039 1131 2089 et
1161 2033 1220 2088 in
1261 2033 1426 2088 omni
1454 2049 1667 2101 genere
1698 2033 1835 2087 doc-

166 2126 339 2183 trinae
358 2126 678 2200 probatam
709 2123 1066 2196 sapientiam
1116 2122 1418 2178 offendere
1463 2122 1831 2189 metuissem,

165 2215 621 2289 respondissem
646 2213 982 2269 verecunde
1020 2212 1289 2285 quidem,
1321 2229 1442 2267 non
1501 2210 1829 2276 temerarie,

165 2305 492 2374 humiliter,
518 2320 639 2359 non
666 2303 995 2376 procaciter
1020 2321 1032 2369 ;
1062 2301 1530 2374 respondissem,
1558 2301 1830 2373 inquam,

163 2393 333 2468 quod
370 2392 573 2450 infelix
605 2391 834 2464 capella
864 2391 1178 2464 quondam
1231 2390 1544 2463 respondit
1573 2390 1668 2445 ovi
1698 2388 1833 2443 laci-

162 2483 390 2540 cinium
423 2484 653 2553 [melius
679 2481 981 2551 laciniam]
1015 2480 1304 2552 quaerenti
1331 2499 1342 2546 ;
1371 2479 1458 2534 vel
1481 2485 1634 2534 certe
1665 2477 1830 2532 vide-

155 2573 210 2628 ri
226 2571 375 2628 mihi
402 2576 675 2644 poteram
705 2586 740 2624 a
769 2569 964 2641 planis
996 2568 1155 2623 arvis
1178 2567 1342 2638 ligna
1372 2567 1432 2622 in
1480 2567 1692 2622 silvam
1739 2565 1831 2619 vel

155 2676 354 2734 aquas
411 2659 473 2714 in
533 2675 699 2714 mare
753 2662 1150 2729 comportare,
1209 2661 1310 2712 aut
1374 2656 1710 2720 Minervam,
1768 2658 1834 2708 ut

157 2750 352 2815 aiunt,
388 2748 533 2803 velle
555 2748 790 2814 docere,
824 2747 872 2801 si
887 2746 1025 2801 huic
1050 2745 1281 2801 homini
1322 2745 1580 2799 facerem
1627 2743 1827 2810 verba,

155 2839 221 2894 in
280 2854 403 2910 quo
462 2837 640 2892 totius
712 2835 999 2891 doctrinm
1054 2835 1403 2890 thesaurum
1456 2832 1830 2888 reconditum

157 2926 468 3001 proﬁteor.
523 2926 634 2982 Sed
663 2929 811 2994 esto,
855 2940 947 2979 res
980 2923 1108 2978 aliis
1137 2923 1374 2990 usitata,
1407 2921 1521 2977 illis
1575 2921 1828 2977 familia-

156 3033 293 3074 rem
355 3015 874 3081 consuetudinem,
951 3013 1078 3068 istis
1138 3012 1293 3084 parit
1342 3011 1826 3067 admirationem.

1943 1865 2003 1919 in
2030 1864 2328 1919 mundum
2357 1864 2565 1928 fuerat,
2600 1864 2646 1917 si
2670 1863 2781 1918 illis
2839 1864 3136 1935 inquiens,
3181 1863 3379 1918 adhuc
3422 1863 3604 1918 tardis

1944 1959 2000 2009 et
2025 1953 2439 2009 dubitantibus
2467 1953 2758 2024 potuisset
2790 1952 3062 2008 sufﬁcere
3100 1953 3431 2008 resuscitati
3479 1969 3604 2006 cor-

1944 2052 2106 2124 poris
2141 2052 2402 2124 speciem
2437 2051 2624 2105 semel
2654 2051 2893 2119 vidisse,
2927 2067 3116 2122 quam
3177 2050 3361 2105 semel
3405 2050 3603 2105 visam

1943 2140 2132 2196 noluit
2157 2141 2234 2195 ab
2258 2140 2340 2195 eis
2364 2145 2605 2212 repente
2634 2140 3006 2205 subtrahere,
3038 2139 3142 2193 sed
3192 2155 3298 2210 per
3349 2138 3606 2210 quadra—

1945 2246 2132 2298 genos
2172 2230 2299 2284 dies
2343 2228 2714 2300 complacitis
2772 2228 2934 2283 horis
2979 2226 3288 2296 gloriﬁcati
3343 2227 3607 2298 corporis

1941 2319 2201 2374 revelata
2230 2319 2423 2392 specie
2451 2335 2553 2373 eos
2588 2322 2879 2390 tanquam
2905 2317 3080 2389 panis
3131 2316 3384 2371 caelestis
3415 2315 3608 2371 suavi-

1943 2424 2058 2474 tate
2088 2418 2308 2473 refecit.
2341 2421 2488 2472 Nam
2535 2421 2590 2472 et
2645 2417 2964 2488 episcopus
3022 2415 3124 2487 qui
3181 2415 3335 2470 vices
3391 2414 3605 2469 Christi

1942 2512 2118 2570 tenet,
2180 2507 2580 2562 sacerdotales
2633 2506 2792 2560 viros
2844 2505 2904 2559 in
2970 2505 3209 2576 plebem
3270 2504 3603 2574 subjectum

1939 2597 2256 2662 missurus,
2279 2596 2430 2650 sacri
2460 2595 2726 2666 corporis
2756 2593 3178 2648 eucharistiam
3205 2609 3311 2666 per
3340 2593 3604 2664 quadra-

1939 2703 2124 2758 genos
2156 2685 2282 2741 dies
2305 2683 2602 2739 sumenda
2631 2681 2946 2747 distribuit,
2981 2686 3044 2736 ut
3085 2682 3252 2747 dum,
3280 2681 3443 2736 verbi
3475 2698 3606 2750 gra-

1941 2778 2040 2843 tia,
2082 2775 2348 2848 quotidie
2380 2772 2638 2829 C(BleStlS
2680 2771 2854 2844 panis
2895 2770 3179 2826 alimonia
3233 2771 3600 2841 reficiuntur,

1942 2871 2179 2937 tempus
2209 2863 2354 2919 illud
2377 2863 2436 2916 in
2468 2865 2730 2916 mentem
2771 2860 3054 2925 habeant,
3114 2877 3236 2931 quo
3292 2876 3398 2931 per
3451 2876 3603 2931 qua-

1941 2955 2219 3025 draginta
2247 2953 2374 3008 dies
2404 2951 2692 3006 Dominus
2713 2948 3021 3021 discipulis
3043 2964 3364 3020 apparens,
3396 2953 3604 3003 etcon-

1940 3059 2187 3099 vescens
2219 3041 2568 3097 desiderata:
2618 3038 2868 3094 visionis
2921 3037 3184 3093 satietate
3235 3037 3453 3091 refecit.
3515 3036 3603 3090 Ad

160 3106 463 3205 Putabam
491 3109 546 3205 e-t
574 3104 688 3159 hoc
721 3102 1190 3205 certe‘omnibus
1253 3101 1523 3205 Ecclesiis
1581 3105 1828 3156 eatenus
1867 3124 1905 3179 ρ
1940 3133 2054 3189 hoc
2079 3131 2344 3205 episcopi
2374 3145 2755 3202 responsum,
2786 3144 2924 3183 cum
2969 3143 3080 3194 ego
3107 3126 3462 3182 familiarius
3496 3143 3602 3182 am

159 3200 475 3253 assuetum
507 3195 651 3262 fore,
684 3198 748 3250 ut
775 3193 918 3248 nulli
951 3209 1178 3248 novum
1223 3208 1351 3247 esse
1401 3191 1700 3247 videretur
1730 3196 1833 3247 aut

156 3302 426 3343 vanum:
456 3284 731 3340 haesitare
762 3283 984 3338 diutius
1015 3281 1182 3354 oaepi,
1227 3298 1301 3336 an
1331 3281 1477 3336 mihi
1509 3281 1709 3336 adhuc
1740 3297 1834 3336 co-

158 3376 360 3432 dicem
391 3375 557 3430 illum
591 3391 779 3429 unum
812 3373 1098 3428 haberem
1125 3388 1308 3444 quem
1343 3388 1378 3426 a
1407 3371 1591 3426 natali
1640 3371 1832 3443 patria

159 3466 315 3522 inter
345 3470 590 3520 caeteros
636 3465 1018 3533 devexeram,
1053 3462 1112 3516 in
1153 3479 1274 3534 quo
1307 3461 1606 3532 ejusmodi
1636 3477 1830 3517 exem-

158 3554 355 3628 plaria
387 3553 868 3609 continebantur.
915 3555 1102 3617 Quem
1142 3550 1246 3605 diu
1276 3549 1616 3622 quaesitum,
1676 3566 1828 3620 quo-

159 3643 332 3699 niam
357 3648 461 3698 aut
485 3642 670 3714 aliqui
698 3641 1049 3714 przestitum,
1107 3646 1209 3695 aut
1261 3656 1367 3712 per
1423 3643 1506 3694 tot
1557 3637 1829 3693 locorum

159 3731 563 3787 mutationem
590 3747 736 3785 casu
763 3730 1054 3785 amissum
1110 3744 1231 3783 non
1264 3727 1526 3793 invenio,
1583 3726 1829 3798 repetita

161 3819 459 3875 memoria
488 3835 623 3892 quae
654 3818 728 3874 de
751 3817 850 3873 illo
882 3817 1078 3873 recolo
1119 3833 1316 3888 pauca
1338 3816 1510 3871 vobis
1554 3815 1828 3870 intimare

160 3924 288 3964 non
360 3908 677 3978 gravabor,
765 3909 1225 3980 praemonstrata
1304 3904 1644 3974 occasione,
1707 3920 1830 3976 qua

159 3996 478 4070 quondam
510 3996 904 4052 observantia:
937 3995 1117 4066 hujus
1146 4010 1362 4049 causas
1403 3998 1459 4049 et
1511 4009 1622 4063 ego
1677 4009 1828 4065 quo-

158 4101 280 4158 que
312 4085 721 4157 requisieram.
783 4083 974 4140 Nostri
1001 4083 1160 4138 enim
1193 4081 1457 4155 episcopi
1490 4081 1828 4154 provincia-

158 4174 247 4230 les
275 4174 337 4229 in
364 4173 718 4245 hujusmodi
744 4172 922 4228 ritum
954 4187 1166 4227 omnes
1198 4170 1596 4227 consentiunt.
1649 4173 1828 4226 Porro

156 4268 368 4319 nostro
396 4268 664 4335 tempore
685 4261 936 4334 quidam
966 4261 1118 4317 inter
1147 4265 1390 4317 caeteros
1442 4259 1520 4315 ad
1551 4259 1827 4315 sacerdo-

156 4353 342 4410 talem
375 4353 633 4423 gradum
665 4352 986 4417 admissus,
1019 4352 1279 4407 hostiam
1310 4366 1551 4422 quoque
1594 4349 1745 4404 sicut
1774 4353 1830 4404 et

157 4441 260 4498 alii
292 4441 366 4497 de
395 4457 584 4496 manu
637 4440 901 4513 episcopi
954 4440 1235 4512 suscepit,
1278 4454 1463 4511 quam
1508 4437 1568 4492 in
1617 4453 1826 4510 perga-
1861 4477 1904 4529 Β

159 4548 366 4598 meno,
400 4530 460 4584 in
484 4531 595 4585 hos
643 4547 789 4584 usus
835 4534 1044 4602 parato
1093 4527 1427 4584 involutam
1474 4526 1828 4599 quotidiana

157 4618 562 4678 celebratione
618 4619 912 4683 solvebat,
970 4625 1025 4675 et
1071 4617 1517 4692 portiunculam
1549 4632 1824 4688 parvam,

150 4711 328 4782 juxta
361 4705 712 4761 instantium
751 4706 986 4761 dierum
1041 4723 1361 4761 numerum
1415 4709 1826 4775 computatam

159 4795 460 4852 sumebat.
491 4793 872 4849 Acciditvero
906 4800 970 4850 ut
988 4795 1256 4866 quadam
1287 4795 1381 4848 die
1400 4794 1646 4865 expletis
1664 4811 1826 4865 mys-

161 4885 322 4943 teriis
352 4884 501 4939 dum
532 4882 886 4938 vestimenta
915 4899 1053 4938 cum
1081 4883 1332 4938 sindone
1389 4881 1592 4937 altaris
1622 4882 1824 4937 incau-

159 4977 276 5032 tius
301 4973 621 5043 colligeret,
649 4973 970 5028 immemor
996 4973 1201 5027 hostize
1244 4988 1426 5026 sacrae
1453 4971 1824 5040 diligentiam

159 5079 550 5136 nequaquam
583 5062 878 5118 adhibens
911 5062 1256 5117 thesaurum
1290 5061 1589 5116 caelestem
1623 5060 1823 5116 infelix

159 5153 473 5210 amitteret.
530 5153 782 5208 Veniens
842 5152 920 5207 ad
961 5151 1374 5218 diversorium,
1414 5166 1671 5222 qumque
1722 5166 1822 5204 ne-

160 5241 421 5299 cessaria
437 5246 624 5313 curat,
645 5242 989 5312 transigitur
1009 5241 1136 5296 dies
1159 5240 1219 5295 in
1242 5240 1592 5306 crastinum,
1652 5255 1822 5312 repe-

162 5333 267 5388 tita
293 5331 690 5388 celebratione
729 5332 910 5387 frater
941 5327 1034 5387 ille
1089 5331 1345 5386 instante
1377 5331 1526 5387 hora
1553 5346 1823 5385 commu-

159 5419 405 5476 nicandi
427 5420 682 5477 hostiam
715 5425 987 5476 sanctam
1026 5437 1148 5475 non
1189 5419 1517 5485 inveniens,
1552 5419 1824 5474 turbatus

159 5509 419 5565 nimium
436 5514 494 5566 et
506 5515 940 5578 consternatus,
962 5527 1202 5566 sursum
1224 5510 1508 5565 deorsum
1527 5507 1824 5563 cursitans

233 5635 348 5708 (to)
383 5634 481 5708 Hic
514 5636 579 5708 fit
628 5636 854 5692 mentio
904 5636 978 5691 de
1008 5637 1204 5692 hostia
1229 5653 1364 5708 quae
1385 5635 1825 5708 reservabatur,

162 5712 218 5762 et
246 5707 317 5761 iis
342 5707 445 5778 qui
477 5707 561 5778 ad,
586 5708 985 5762 sacerdotium
1017 5706 1532 5778 promovebantur
1571 5706 1829 5778 dabatur

163 5778 240 5858 de
259 5777 447 5832 manu
474 5777 764 5858 episcopi,
807 5782 871 5834 ut
929 5777 1120 5851 usque
1168 5780 1242 5834 ad
1298 5777 1832 5858 quadragesimam

163 5848 338 5906 diem
369 5863 486 5906 usu
511 5848 872 5920 quotidiano
900 5848 1342 5906 consumerent?
1376 5852 1510 5905 Haec
1540 5850 1854 5904 consuetu“

1943 3241 2013 3279 su
2044 3223 2349 3279 studiosus
2396 3219 2803 3294 perquirerem
2853 3234 3001 3272 num
3051 3217 3210 3272 idem
3251 3216 3604 3288 mysterium

1942 3314 2219 3386 supplere
2243 3311 2533 3384 potuisset
2558 3309 2730 3381 panis
2759 3325 2794 3363 a
2849 3307 3202 3380 presbytero
3254 3306 3606 3378 quotidiana

1943 3403 2340 3458 celebratione
2373 3404 2664 3467 sacratus,
2699 3398 2779 3452 uti
2812 3397 2871 3451 in
2899 3413 2969 3452 eo
3001 3396 3303 3467 passionis
3347 3395 3603 3450 Domini-

1941 3519 2012 3558 ca
2044 3507 2100 3556 et
2127 3497 2458 3556 resuscitati
2488 3495 2754 3568 corporis
2780 3499 2836 3550 et
2883 3493 3242 3548 manifestati
3299 3493 3604 3566 discipulis

1939 3591 2192 3663 species,
2246 3587 2388 3642 satis
2419 3586 2623 3640 fuisset
2654 3583 2848 3638 nobis.
2899 3582 3223 3653 Perpende,
3281 3582 3380 3643 ait,
3432 3582 3602 3644 sicut,

1939 3681 2021 3736 ﬁli
2053 3680 2156 3749 mi,
2184 3677 2384 3733 multae
2413 3673 2683 3730 Ecclesia:
2705 3676 2844 3726 sunt
2881 3687 2988 3744 per
3017 3670 3364 3724 universum
3392 3670 3602 3725 orbem

1940 3783 2253 3847 terrarum,
2327 3777 2570 3846 propter
2619 3770 2856 3825 diversa
2903 3769 3055 3835 loca,
3113 3772 3169 3822 et
3225 3771 3425 3822 tamen
3479 3783 3602 3822 una

1938 3881 2147 3934 sancta
2178 3879 2232 3929 et
2291 3871 2583 3929 catholica
2607 3869 3144 3939 Ecclesia,proptcr
3174 3881 3362 3921 unam
3391 3865 3592 3920 tidem:

1940 3977 2021 4032 sic
2075 3979 2131 4031 et
2182 3972 2384 4029 multa:
2439 3969 2652 4026 oblatze
2715 3971 2958 4039 propter
3004 3969 3144 4020 vota
3201 3963 3598 4033 offerentium,

1939 4084 2096 4123 unus
2121 4064 2296 4138 panis
2328 4066 2413 4117 est
2450 4064 2694 4133 propter
2724 4057 3013 4112 unitatem
3066 4054 3333 4126 corporis
3365 4053 3595 4110 Christi.

1940 4162 2090 4214 Nam
2121 4153 2295 4228 panis
2328 4151 2405 4207 ab
2445 4149 2728 4222 episcopo
2775 4148 3179 4214 consecratus,
3227 4148 3281 4199 et
3330 4144 3506 4216 panis
3568 4160 3604 4198 a

1937 4245 2288 4320 presbytero
2322 4239 2725 4297 sanctiticatus
2789 4236 2849 4291 in
2881 4252 3072 4291 unum
3104 4238 3160 4289 et
3190 4233 3350 4288 idem
3382 4248 3601 4304 corpus

1937 4333 2149 4390 Christi
2177 4328 2633 4392 transfunditur,
2654 4330 2898 4398 propter
2930 4327 3220 4380 secretam
3251 4321 3427 4376 unius
3458 4336 3601 4391 ope-

1937 4426 2124 4481 rantis
2153 4420 2432 4496 potentiae
2472 4418 2773 4472 virtutem.
2802 4415 2915 4471 Sed
2953 4411 3411 4486 quodammodo
3440 4409 3602 4465 aliud

1940 4532 2070 4573 esse
2101 4512 2336 4576 dicitur,
2377 4507 2542 4581 quod
2573 4504 2846 4574 virginali
2901 4508 3069 4558 utero
3124 4505 3363 4572 sumpta
3422 4515 3600 4555 carne

1938 4604 2130 4662 crucis
2160 4599 2444 4671 injuriam
2477 4594 2773 4659 sustinuit,
2825 4593 2898 4647 de
2959 4589 3232 4662 sepulcro
3282 4604 3599 4657 resurgens

1937 4691 2245 4765 discipulis
2316 4684 2617 4758 apparuit,
2677 4682 2848 4751 cujus
2915 4678 3273 4734 memoriam
3327 4677 3386 4731 in
3441 4693 3598 4749 pane

1937 4778 2301 4857 presbyteris
2334 4775 2548 4831 collato
2581 4771 2902 4843 episcopus
2935 4784 3110 4838 agere
3145 4766 3395 4821 videtur:
3431 4765 3592 4821 aliud

1936 4855 2084 4946 quid
2111 4886 2217 4942 per
2246 4864 2603 4938 mysterium
2630 4860 2845 4930 agitur,
2875 4858 3022 4913 dum
3053 4855 3321 4929 episcopi
3373 4859 3428 4910 et
3467 4871 3598 4910 om-

1936 4945 2042 5019 nes
2075 4957 2415 5015 sacerdotes
2444 4954 2503 5008 in
2540 4966 2751 5007 mensa
2790 4947 3013 5009 altaris,
3049 4945 3161 5000 sub
3220 4948 3597 5000 sacramento

1938 5046 2397 5106 communicatae
2428 5040 2623 5097 carnis
2655 5053 2876 5113 panem
2909 5039 3180 5091 sanctum
3215 5035 3440 5088 secreta
3471 5047 3599 5086 ora-

1936 5142 2092 5197 tione
2122 5134 2387 5210 quotidie
2417 5144 2766 5187 consecrare
2811 5126 3107 5193 videntur,
3136 5121 3303 5195 quod
3334 5121 3409 5175 ad
3451 5119 3595 5174 illud

1934 5208 2190 5301 respicit,
2225 5221 2389 5296 quod
2418 5220 2836 5277 consecrantes
2883 5229 3076 5285 nuper
3129 5208 3389 5266 ordinati
3437 5223 3597 5280 pres-

1934 5299 2125 5391 byteri
2153 5330 2292 5371 cum
2321 5307 2648 5386 pontificali
2688 5303 2987 5361 oblatione
3040 5299 3398 5391 percipiunt.
3450 5301 3596 5391 Nam

1935 5387 2082 5464 illud
2114 5402 2491 5461 Dominicum
2521 5411 2740 5467 corpus
2779 5409 2852 5448 ex
2909 5391 3160 5446 mortuis
3220 5387 3592 5452 suscitatum,

1935 5503 1991 5553 et
2030 5496 2090 5550 in
2149 5491 2311 5547 caelis
2360 5489 2643 5552 locatum,
2702 5484 2831 5555 jam
2904 5497 3029 5536 non
3111 5477 3380 5542 moritur,
3438 5473 3597 5532 istud

1940 5624 2020 5679 do
2051 5617 2364 5680 obsolevit,
2396 5619 2599 5670 tamen
2629 5611 2743 5666 hoc
2770 5608 2954 5664 fidem
2976 5610 3254 5680 nostram
3281 5601 3598 5680 conﬁrmat

1941 5673 2148 5750 contra
2177 5673 2612 5745 neotericorum
2643 5679 3286 5755 falsam_opinion_em,._
3305 5673 3406 5755 qui
3461 5673 3596 5727 hos-

1957 5747 2344 5823 timasacram
2371 5754 2660 5814 reservari
2691 5747 3063 5842 nonﬂebere
3094 5747 3418 5804 clamitant.
