4584 6366
773 275 872 330 195

1765 277 1822 334 S.
1877 279 2209 335 FULBERTI
2260 273 2734 335 CARNOTENSIS
2794 279 3130 336 EPISCOPI.

4075 288 4158 340 I96

775 399 1310 461 sacramentorum,
1339 397 1602 472 quotidie
1648 399 1825 456 nobis
1855 400 2125 473 moritur,
2151 401 2415 476 quotidie
2447 405 2493 458 Α
2529 417 2772 476 quoque
2802 402 2980 459 vestri
3016 403 3208 459 ﬁdelis
3238 405 3296 458 et
3321 401 3499 458 amici
3537 400 3715 458 vestri
3746 399 3926 466 Ebali,
3957 403 4002 458 si
4031 405 4161 464 divi-

740 507 746 515 ·
773 483 948 540 nobis
975 487 1248 557 resurgit,
1274 491 1524 561 apparet
1571 491 1627 544 et
1664 489 2013 544 comeditur.
2075 490 2188 547 Sed
2220 506 2328 546 nec
2357 491 2417 546 in

771 571 888 630 hoc
912 590 1082 630 mens
1111 575 1377 632 ﬁdelium
1409 577 1762 634 scandalum
1783 577 2104 634 dubietatis
2134 579 2311 636 debet
2335 579 2421 636 in-

772 670 964 728 curre,
990 659 1156 732 quod
1187 661 1485 718 Christum
1535 661 1721 718 semel
1766 666 2003 733 gustata
2051 668 2240 720 morte
2287 664 2419 736 jam

772 757 897 798 non
925 742 1078 800 ultra
1103 745 1462 802 moriturum
1492 747 1679 814 audit,
1712 763 1852 803 eum
1877 762 2122 803 carnem
2149 763 2421 823 assump-

773 829 816 885 ti
867 831 1126 888 hominis
1180 835 1243 888 in
1291 839 1544 907 paterna
1598 834 1787 905 gloria
1837 835 2162 904 sedentem,
2223 841 2280 894 et
2323 837 2418 893 hic

772 921 1210 978 sanctificatum
1237 939 1460 997 panem
1488 941 1698 981 verum
1747 925 1958 982 Christi
2005 942 2222 1000 corpus
2253 927 2420 984 audit

771 1009 1090 1076 nominari,
1119 1011 1268 1067 dum
1296 1017 1353 1068 et
1377 1012 1525 1068 illud
1549 1013 1623 1069 de
1655 1013 1886 1084 Virgine
1933 1019 2334 1088 assumptum,
2363 1020 2418 1071 et

772 1095 930 1152 istud
959 1097 1034 1154 de
1062 1099 1352 1156 materiali
1379 1105 1436 1156 et
1477 1100 1751 1172 virginali
1795 1107 2067 1160 creatura
2103 1119 2416 1160 consecra-

777 1190 923 1258 tum,
955 1203 1110 1244 unus
1133 1189 1414 1263 idemque
1444 1191 1653 1247 artifex
1691 1191 1940 1265 Spiritus
1967 1192 2248 1249 invisibili
2278 1210 2416 1267 ope-

770 1275 1078 1333 rationein
1108 1278 1506 1336 substantiam
1556 1297 1711 1337 verae
1767 1282 1964 1339 carnis
2005 1285 2368 1340 transfundit
2401 1303 2412 1340 :

769 1365 966 1420 carnis
995 1365 1267 1424 videlicet
1293 1383 1416 1425 non
1463 1369 1800 1442 cujuslibet,
1857 1371 1962 1426 sed
2015 1388 2150 1428 vere
2207 1373 2416 1429 Christi

767 1452 843 1508 de
871 1469 994 1526 qua
1047 1455 1176 1528 ipse
1229 1458 1312 1514 ait
1365 1475 1380 1515 :
1440 1460 1576 1516 Nisi
1625 1461 2130 1518 manducaveritis
2174 1479 2413 1520 carnem

767 1557 979 1615 meam,
1010 1561 1130 1603 non
1156 1547 1448 1605 habebitis
1475 1551 1658 1606 vitam
1680 1551 1744 1606 in
1771 1551 1930 1607 vobis
1961 1552 2158 1622 (Joan.
2191 1569 2267 1621 VI,
2301 1556 2411 1626 54).

769 1632 941 1697 Quod
972 1635 1174 1708 utique
1204 1640 1424 1710 exponi
1450 1638 1568 1696 alio
1597 1645 1863 1714 tempore
1913 1640 2160 1711 indiget,
2191 1647 2248 1699 et
2275 1643 2414 1700 ﬁdei

766 1720 954 1778 oculis
987 1723 1220 1781 intueri.
1261 1730 1381 1784 Hoc
1409 1733 1641 1786 tantum
1695 1729 1864 1803 quod
1912 1730 1991 1787 ad
2019 1745 2286 1804 praesens
2313 1746 2412 1786 ne-
2440 1755 2478 1809 Β

767 1809 995 1879 gotiuin
1025 1820 1252 1887 spectat
1279 1817 1606 1887 solvamus,
1649 1818 1816 1891 quod
1847 1819 2091 1892 quidem
2118 1835 2226 1876 nec
2254 1819 2413 1875 subi-

770 1897 838 1953 tis
867 1915 977 1957 nec
1006 1903 1180 1960 novis
1210 1905 1736 1964 adinventionibus
1792 1911 2026 1964 constat
2051 1909 2407 1980 expositum.

768 1986 926 2043 Nosti
951 1991 1178 2062 populo
1210 1995 1592 2051 Hebraeorum
1621 1996 1735 2052 sub
1764 1999 1960 2068 Moyse
1987 2001 2043 2052 et
2082 2012 2309 2052 manna
2338 1997 2411 2052 de

766 2076 917 2133 caelo
947 2093 1056 2151 per
1079 2097 1272 2139 annos
1297 2085 1699 2156 quadraginta
1728 2085 2246 2142 subministratum
2271 2103 2282 2140 :
2307 2087 2412 2160 qui

765 2167 992 2239 Moyses
1022 2170 1148 2228 dux
1170 2174 1376 2246 populi
1403 2175 1680 2231 secundis
1723 2175 2120 2247 adjutoribus,
2177 2182 2411 2248 septua-

767 2254 932 2322 ginta
960 2257 1102 2314 viris
1134 2261 1402 2318 videlicet
1429 2263 1503 2320 de
1533 2264 1746 2320 eodem
1771 2263 1997 2337 populo
2045 2265 2412 2321 sustentaba-

766 2347 880 2415 tur,
912 2361 1020 2419 per
1046 2366 1200 2422 quos
1253 2351 1449 2409 forma
1497 2353 1983 2427 presbyterorum
2041 2354 2408 2427 exprimitur,

765 2433 871 2506 qui
898 2451 1059 2494 nunc
1082 2439 1143 2495 in
1169 2441 1428 2499 Ecclesia
1454 2443 1700 2512 novitia,
1753 2442 2092 2516 pontiﬁcale
2148 2459 2300 2500 onus
2349 2445 2412 2499 in

765 2538 828 2578 se
859 2527 1188 2600 suspientes
1224 2532 1498 2601 regendis
1558 2533 1796 2606 populis
1852 2533 2174 2603 invigilant.
2233 2537 2411 2590 Porro

765 2628 1007 2672 sumens
1037 2617 1112 2674 de
1139 2620 1348 2693 spiritu
1373 2622 1574 2694 Moysi,
1607 2622 1720 2678 illis
1758 2623 2138 2695 septuaginta
2167 2623 2411 2680 seniori-

761 2699 876 2758 bus
904 2705 1086 2780 dedit,
1134 2725 1242 2782 per
1291 2727 1446 2784 quos
1503 2711 1798 2784 populum
1851 2712 1965 2768 sibi
2015 2713 2411 2768 commissum

761 2807 869 2864 per
886 2796 1287 2870 quadraginta
1311 2817 1504 2858 annos
1524 2801 1834 2874 judicavit,
1867 2801 2010 2875 quia
2062 2802 2186 2858 dux
2210 2807 2412 2859 noster

765 2884 1050 2942 Dominus
1077 2891 1248 2944 Jesus
1279 2891 1542 2948 Christus
1573 2891 1878 2965 discipulis
1906 2907 2060 2964 quos
2087 2893 2164 2947 ad
2193 2892 2410 2965 praedi-

763 2971 1013 3028 cationis
1059 2976 1324 3034 ofﬁcium
1387 2979 1682 3035 missurus
1732 2981 1924 3036 fuerat
1970 2979 2033 3034 in
2090 2980 2406 3049 mundum,

766 3060 1161 3154 spiritualium
1198 3069 1360 3125 dona
1390 3069 1817 3126 charismatum
1845 3069 2078 3126 infudit.
2142 3070 2224 3126 Illi
2277 3075 2413 3143 post
2441 3104 2480 3154 Ο

763 3147 1238 3212 immolationem
1259 3159 1410 3228 Agni
1433 3159 1732 3232 paschalis
1762 3174 1989 3215 manna
2015 3159 2244 3216 caelitus
2267 3161 2409 3216 mis-

765 3253 834 3294 so
859 3255 968 3313 per
990 3245 1393 3317 quadraginta
1417 3264 1612 3305 annos
1639 3248 1948 3305 sustentati
2005 3253 2161 3304 sunt.
2223 3255 2411 3315 Quem

766 3326 968 3387 cibum
1024 3334 1344 3407 caelestem,
1411 3354 1600 3410 quam
1656 3337 2008 3394 suavitatem
2079 3337 2410 3406 angelicam

764 3431 886 3474 non
913 3437 1022 3496 per
1049 3425 1276 3498 typicas
1305 3431 1410 3484 aut
1438 3427 1786 3485 umbratiles
1823 3426 2070 3498 ﬁguras,
2103 3427 2203 3482 sed
2238 3427 2410 3483 indu-

762 3505 1014 3568 bitatam
1044 3515 1282 3572 unionis
1312 3517 1621 3574 veritatem
1660 3521 2044 3591 repraesentat
2098 3515 2192 3571 ille
2217 3517 2412 3572 Domi-

759 3597 930 3655 nicus
959 3601 1149 3676 cibus,
1187 3623 1371 3680 quem
1416 3624 1524 3681 per
1551 3606 1954 3681 quadraginta
2009 3605 2137 3662 dies
2170 3623 2408 3662 sumen-

759 3687 908 3744 dum
949 3695 1243 3766 tanquam
1297 3697 1502 3753 salutis
1554 3697 1860 3766 viaticum,
1909 3695 2176 3768 pontifex
2232 3694 2406 3750 novis

762 3778 1030 3836 Ecclesiae
1061 3783 1390 3841 cultoribus
1417 3785 1732 3856 distribuit,
1763 3801 1917 3858 quos
1943 3801 2066 3840 suae
2092 3784 2406 3858 pastoralis

762 3879 919 3921 curae
950 3867 1223 3939 vicarios,
1256 3873 1559 3943 adjutores
1597 3875 1675 3930 ad
1723 3873 2117 3929 erudiendam
2169 3873 2406 3946 plebem

761 3951 875 4008 sibi
900 3959 1286 4016 commissam
1311 3961 1628 4031 constituit,
1655 3967 1718 4019 ut
1745 3963 1892 4018 dum
1922 3962 2102 4018 istum
2126 3977 2249 4034 prie
2270 3978 2408 4018 ocu-

759 4037 830 4094 lis
860 4041 1150 4102 habentes
1179 4047 1516 4122 degustant,
1548 4050 1718 4106 illum
1773 4054 1971 4106 mente
2023 4055 2402 4122 pertractent,

761 4129 865 4202 qui
889 4131 963 4188 de
995 4151 1167 4194 cruce
1199 4142 1388 4195 morte
1420 4140 1786 4214 triumphata
1816 4142 1894 4196 ad
1940 4143 2174 4196 Patrem
2201 4156 2405 4196 ascen-

760 4217 865 4288 dit,
893 4219 1162 4298 dumque
1192 4242 1229 4282 a
1279 4228 1464 4284 semel
1515 4229 1660 4302 ipsis
1719 4232 2136 4286 consecratum
2187 4246 2404 4304 corpus

757 4310 1112 4384 percipiunt,
1175 4315 1344 4373 illum
1385 4318 1525 4375 ﬁdei
1593 4323 1770 4392 gustu
1845 4318 2242 4394 experiantur,
2299 4335 2406 4392 per

759 4412 939 4470 quem
970 4404 1234 4475 quotidie
1261 4407 1526 4508 Christus
1551 4409 1726 4466 nobis
1773 4409 2024 4466 moritur
2051 4413 2107 4464 et
2130 4407 2402 4508 resurgit,
2430 4453 2476 4508 Β

756 4501 864 4560 per
890 4507 1073 4564 quem
1103 4511 1293 4570 usque
1323 4499 1399 4556 ad
1421 4501 2004 4556 consummationem
2055 4498 2256 4555 saeculi
2279 4515 2404 4556 ma-

756 4592 898 4636 nere
924 4597 986 4638 se
1004 4584 1323 4644 nobiscum
1347 4589 1675 4662 pollicetur.
1719 4593 1851 4647 Haec
1876 4605 2073 4663 pauca
2101 4589 2175 4644 de
2201 4587 2401 4644 multis

756 4681 891 4740 quae
921 4676 1166 4744 repetita
1186 4678 1496 4748 memoria,
1529 4684 1585 4736 et
1611 4679 1800 4736 multo
1821 4695 1894 4734 ex
1920 4683 2186 4751 tempore
2215 4677 2404 4733 dissu-

756 4759 818 4813 ta
845 4758 979 4817 licet
1003 4764 1281 4824 recitasse
1336 4769 1416 4824 ad
1443 4785 1710 4842 praesens
1739 4768 2058 4836 sufﬁciant,
2115 4766 2264 4822 dum
2289 4783 2402 4838 ego

757 4846 1025 4908 codicem
1080 4855 1154 4912 de
1201 4858 1498 4930 ejusmodi
1575 4857 2020 4931 exemplaribus
2048 4872 2085 4912 a
2133 4859 2401 4914 Romano

758 4937 975 4997 scrinio
1016 4945 1318 5016 prolatum
1373 4947 1698 5020 perlegam.
1753 4945 1932 5003 Vobis
1985 4945 2155 5002 facile
2203 4947 2400 5004 estde

754 5028 964 5096 paucis
993 5033 1182 5092 multa
1210 5037 1490 5108 cogitare,
1524 5040 1627 5092 aut
1655 5039 1807 5092 certe
1837 5033 2002 5108 quod
2026 5035 2400 5093 irrationabi-

755 5111 886 5172 liter
913 5117 1136 5179 factum
1163 5123 1414 5195 videtur,
1447 5124 1697 5182 sanioris
1736 5123 1968 5182 consilii
1987 5125 2215 5182 ratione
2245 5125 2403 5182 colli-

757 5216 916 5271 gere.

1133 5305 1468 5378 EPISTOLA
1510 5307 1578 5361 ιν
1620 5305 1781 5378 [olim
1811 5307 2034 5378 XLVIII]

831 5437 840 5450 _
885 5443 896 5450 _
953 5445 965 5450 _
1166 5445 1177 5450 _
1379 5377 1566 5450 (Anno
1602 5377 1781 5449 I006.)

773 5434 1000 5498 Virtute
1013 5445 1202 5514 magis
1236 5434 1494 5515 pradito
1545 5463 1722 5520 quam
1765 5434 2100 5518 'praedicato
2139 5449 2402 5518 praesule

1208 5518 1564 5575 ADALBERONI
1595 5523 1934 5577 FULBERTUS.

827 5606 1041 5660 Vestra:
1086 5607 1354 5680 sospitati
1405 5608 1594 5664 amice
1637 5608 2023 5678 gratulantes,
2076 5605 2401 5663 valetudini

2526 509 2605 549 na
2628 493 2963 562 benignitas
2991 493 3319 549 allubescat
3343 493 3476 563 (I7),
3510 494 3737 564 quanta
3756 491 4036 548 novimus
4063 511 4160 570 0pc

2527 578 2841 635 subvenire
2857 581 3223 652 paravimus,
3248 580 3539 658 mittendo
3571 577 3794 635 Galieni
3825 579 4090 652 potiones
4112 602 4161 640 ιιι

2527 671 2583 722 et
2661 667 2906 724 totidem
2989 670 3263 726 theriacie
3327 669 3705 725 diatessaron
3763 686 3776 734 ;
3852 685 3990 740 quae
4033 673 4163 744 quid

2527 755 2784 828 valeant,
2841 762 2898 814 et
2967 759 3187 815 modus
3252 757 3616 831 acceptionis
3686 757 3776 812 vel
3830 759 4162 818 servationis

2525 859 2733 901 earum
2763 845 2823 901 in
2849 847 3058 904 vestris
3089 847 3464 904 antidotariis
3501 845 3671 902 facile
3703 845 4014 919 reperitur.
4046 851 4161 906 Vul-

2525 934 2807 1002 gaginem
2839 937 3019 992 etiam
3047 937 3292 1009 petitam
3320 937 3489 993 vobis
3539 935 3848 1002 mittimus,
3903 935 4164 1006 quamvis

2525 1027 2759 1079 aetatem
2793 1031 3047 1081 vestram
3080 1025 3180 1082 tali
3199 1025 3328 1096 jam
3361 1024 3588 1080 vomitu
3620 1023 3856 1094 fatigari
3891 1039 4018 1079 non
4047 1040 4165 1080 sua-

2523 1110 2756 1180 demus,
2791 1113 2897 1168 sed
2919 1130 2988 1169 eo
3015 1114 3213 1186 potius
3243 1114 3289 1170 si
3321 1131 3474 1187 opus
3497 1113 3572 1168 sit
3616 1111 3881 1182 allevari,
3938 1113 4042 1184 qui
4069 1112 4164 1168 fre-

2523 1205 2774 1272 quenter
2794 1206 2850 1257 et
2875 1201 3002 1258 sine
3027 1202 3292 1276 periculo
3313 1201 3440 1258 ﬁeri
3466 1201 3657 1274 possit
3682 1199 3958 1256 oximelle
4007 1206 4063 1256 et
4087 1217 4166 1257 ra-

2523 1289 2740 1361 phanis
2772 1290 2862 1346 vel
2891 1297 3064 1358 certe,
3098 1292 3264 1364 quod
3295 1291 3512 1346 seniori
3559 1289 3755 1360 magis
3802 1290 4165 1346 conducibile

2523 1382 2614 1433 est
2643 1384 2980 1435 morantem
3019 1379 3223 1436 alvum
3253 1379 3526 1436 Iaxativis
3564 1377 3784 1452 pillulis
3813 1377 4063 1434 incitari.
4096 1381 4164 1434 De

2522 1465 2744 1538 quibus
2777 1467 2928 1523 ultro
2960 1467 3131 1524 vobis
3162 1467 3280 1522 fere
3308 1466 3637 1536 nonaginta
3664 1465 3906 1535 oblatis,
3967 1469 4166 1522 caetera

2521 1553 2684 1611 bona
2711 1561 2920 1613 nostra
2948 1561 3143 1612 vestra
3165 1561 3389 1630 putate.
3424 1555 3638 1611 Valete.

2983 1739 3316 1794 EPISTOLA
3371 1739 3410 1791 v
3441 1738 3604 1808 [olim
3646 1737 3708 1808 ι].

3017 1865 3186 1935 (Ante
3230 1879 3459 1920 annum
3499 1866 3675 1930 1007.)

2521 2025 2592 2074 De
2629 2024 2788 2074 tribus
2811 2038 2924 2089 qua:
2985 2032 3103 2073 sunt
3153 2023 3426 2073 necessaria
3473 2023 3535 2072 ad
3569 2024 3844 2088 profectum
3879 2022 4165 2072 Cluistianaa

3201 2102 3480 2166 religionis.

2533 2239 2868 2296 Venerabili
2893 2240 3072 2296 Patri
3095 2244 3146 2294 et
3178 2237 3416 2293 domino
3468 2237 3582 2292 sibi
3631 2252 3863 2306 semper
3919 2235 4168 2292 amando

2865 2334 3164 2384 ΑυεουΑυο
3199 2330 3516 2383 Ft'Lnrzarus
3549 2328 3824 2396 exiguus.

2593 2497 2744 2548 Inter
2772 2491 3051 2546 hesterna
3079 2494 3132 2546 et
3157 2493 3380 2545 secreta
3410 2486 3726 2560 colloquia,
3745 2501 3857 2560 pro
3871 2485 4168 2542 aediﬁcan-

2519 2581 2613 2636 dis
2645 2579 2924 2636 fratribus
2953 2577 3150 2634 adhuc
3175 2575 3447 2648 inﬁrmis,
3477 2582 3655 2649 atque
3685 2574 3948 2643 novitiis,
3967 2590 4064 2630 me
4096 2573 4168 2628 ad

2520 2669 2903 2725 scribendum
2926 2673 3026 2724 tua
3045 2667 3368 2740 imperiosa
3411 2669 3812 2722 coarctaverat
3827 2663 4164 2720 auctoritas.

2523 2763 2664 2814 Ecce
2691 2758 2878 2814 habes
2904 2757 3185 2830 pauperis
3223 2755 3470 2828 quidem
3511 2753 3732 2825 ingenii
3787 2751 4168 2824 opusculum,

2523 2850 2627 2906 sed
2649 2865 2770 2904 non
2801 2847 3062 2919 ignobile
3085 2847 3225 2902 ﬁdei
3241 2849 3720 2902 monumentum.
3744 2848 3808 2899 In
3825 2859 3951 2916 quo
3969 2859 4170 2916 quaeso

2519 2956 2641 2995 non
2673 2937 3025 3009 eloquentiae
3053 2939 3352 3000 ornatum,
3389 2933 3494 2988 sed
3543 2931 3897 2988 obedientize
3926 2947 4170 3004 perpen-

2519 3027 2628 3084 das
2653 3031 2806 3086 vota.
2840 3043 2949 3082 nec
2980 3023 3224 3080 eruditis
3264 3022 3512 3078 auribus
3545 3021 3800 3077 aestimes
3853 3020 4026 3076 fatua
4049 3035 4172 3075 ver-

2521 3118 2600 3173 ba
2620 3115 2965 3185 revelanda,
2998 3132 3069 3170 ne
3101 3129 3210 3186 pro
3250 3111 3472 3167 rustico
3499 3111 3652 3184 stylo
3700 3127 3872 3166 saera
3933 3108 4170 3165 vilescat

2521 3205 2819 3271 materia;
2876 3203 3140 3277 alioquin
3216 3201 3289 3257 de
3345 3200 3561 3257 talibus
3610 3203 3854 3272 praestat
3919 3199 4168 3263 siluisse,

2521 3310 2706 3367 quam
2736 3291 2965 3366 aliquid
2992 3289 3367 3346 inconditum
3397 3287 3671 3344 edidisse.
3708 3287 4171 3361 Incomprehen—

2521 3383 2752 3438 sibilem
2783 3381 2943 3437 enim
2972 3378 3154 3435 divini
3192 3377 3420 3434 consilii
3450 3377 3843 3444 altitudinem,
3879 3375 4175 3450 sapientia

2518 3473 2789 3528 humana
2816 3485 2969 3542 puro
3003 3467 3356 3536 cognitionis
3386 3466 3602 3521 intuitu
3661 3463 4173 3538 comprehendere

2517 3579 2639 3618 non
2692 3563 2930 3633 potest;
2987 3560 3130 3630 quia
3179 3556 3329 3611 dum
3383 3570 3555 3610 mens
3605 3559 3810 3610 nostra
3875 3554 4041 3610 ultra
4118 3569 4175 3608 se

2517 3650 2954 3724 praecipitanter
2979 3647 3200 3718 erigere
3230 3661 3418 3717 usque
3463 3643 3541 3700 ad
3566 3642 4055 3700 inaccessibilem
4085 3659 4173 3698 se-

2517 3745 2811 3796 cretorum
2840 3737 2940 3792 Dei
2988 3736 3281 3792 visionem
3325 3733 3568 3806 appetit,
3625 3732 3994 3788 inﬁrmitatis
4056 3748 4175 3787 suae
4212 3781 4213 3784 η

2515 3827 2824 3885 obstaculo
2849 3825 3247 3896 reverberata,
3278 3827 3334 3878 et
3362 3823 3517 3878 intra
3544 3821 3899 3891 ignorantiae
3920 3837 4053 3878 suae
4078 3837 4176 3876 au-

2515 3917 2741 3988 gustias
2767 3919 3070 3972 coarctata
3099 3929 3206 3968 nec
3232 3911 3399 3986 quod
3432 3909 3586 3966 ultra
3611 3927 3673 3966 se
3695 3914 3783 3966 est
3826 3909 3992 3966 valet
4021 3925 4181 3966 com—
4211 3967 4213 3974 ,

2514 4006 2902 4080 prehendere,
2934 4021 3044 4059 nec
3071 4001 3237 4076 quod
3274 4001 3430 4056 intra
3457 4016 3519 4056 se
3541 4003 3633 4055 est
3658 3998 3984 4056 aestimare:
4017 3997 4179 4055 unde
4211 4037 4214 4074 ι

2516 4095 2804 4167 scriptum
2835 4095 2921 4148 est
2953 4108 2964 4146 :
2997 4093 3234 4146 Altiora
3259 4095 3313 4146 te
3338 4103 3411 4145 ne
3455 4088 3780 4160 quaesieris,
3826 4093 3883 4143 et
3911 4088 4179 4157 profun-

2513 4186 2592 4241 da
2618 4183 2999 4239 consiliorum
3031 4182 3157 4249 ejus
3216 4194 3291 4234 ne
3337 4177 3786 4246 investigaveris
3839 4176 4066 4244 (Eccli.
4101 4190 4178 4242 ιιι,
4212 4215 4213 4252 1

2512 4275 2621 4345 2'2).
2652 4272 2859 4327 Posuit
2901 4268 3112 4342 (inquit
3151 4267 3458 4339 Propheta)
3517 4266 3789 4322 tenebras
3848 4264 4182 4321 latibulum

2511 4378 2685 4420 suum
2709 4359 2895 4430 (Psal.
2927 4375 3066 4425 xvn,
3107 4357 3192 4429 12)
3223 4373 3234 4408 :
3265 4357 3378 4412 has
3401 4354 3676 4410 tenebras
3701 4352 3873 4409 multi
3895 4369 4180 4426 perscru-

2515 4451 2624 4508 tari
2648 4448 3017 4520 incipientes,
3037 4451 3094 4502 et
3109 4446 3225 4503 alia
3245 4462 3316 4502 ex
3335 4431 3465 4500 aliis
3477 4447 3830 4514 asserentes,
3854 4441 3918 4498 in
3939 4457 4182 4500 crassas
4211 4491 4213 4516 ἰ

2510 4545 2568 4597 et
2589 4537 2922 4613 palpabiles
2946 4551 3216 4592 errorum
3247 4532 3522 4590 t’enebras
3545 4531 3811 4588 devoluti
3835 4536 4008 4589 sunt.
4046 4535 4184 4588 Por-

2509 4647 2578 4687 ro
2602 4627 2813 4685 mundi
2847 4623 3136 4698 sapientia
3165 4623 3421 4680 exterius
3453 4619 3794 4693 eloquentia
3837 4621 4068 4689 nitens,
4099 4620 4214 4710 in-3

2511 4725 2605 4778 tus
2634 4732 2823 4774 vacua
2848 4732 2884 4771 a
2915 4713 3142 4770 virtutis
3172 4710 3464 4785 sapientia
3492 4713 3715 4778 manet,
3745 4725 3995 4781 semper
4015 4709 4183 4766 enim

2510 4806 2740 4882 quierit,
2773 4809 2829 4860 et
2855 4818 3171 4875 nunquam
3200 4799 3444 4866 invenit,
3503 4798 3646 4870 quia
3675 4797 3989 4870 profunda
4010 4815 4184 4872 mys—
4211 4859 4214 4894 ί

2511 4895 2794 4954 teriorum
2823 4891 2924 4948 Dei
2949 4906 3070 4946 non
3095 4891 3379 4945 humanae
3417 4885 3829 4960 disputationi,
3889 4885 4007 4944 sed
4034 4886 4182 4944 ﬁdei
4211 4885 4214 4960 ξ

2510 4984 2698 5044 oculis
2727 4981 3081 5047 revelantur,
3115 4979 3267 5034 sicut
3294 4975 3580 5032 Dominus
3612 4975 3674 5030 in
3707 4973 4043 5045 Evangelio
4076 4976 4179 5031 ait:
4211 5001 4213 5030 ι

2510 5077 2696 5131 Pater
2719 5071 2951 5142 gratias
2980 5067 3089 5124 tibi
3114 5082 3247 5138 ago,
3308 5067 3450 5137 quia
3507 5063 3874 5120 abscondisti
3904 5065 4046 5122 haec
4091 5077 4213 5122 sa-l

2505 5161 2803 5234 pientibus
2828 5165 2883 5216 et
2911 5154 3326 5228 prudentibus,
3357 5159 3412 5210 et
3441 5154 3726 5210 revelasti
3769 5168 3837 5210 ea
3879 5154 4184 5223 parvulis
4209 5215 4214 5252 ⁸

2509 5249 2747 5326 (Matth.
2780 5265 2860 5317 χι,
2891 5251 3002 5314 25).
3033 5248 3184 5316 Ergo
3223 5259 3393 5300 mens
3424 5243 3696 5299 humana
3743 5257 3884 5298 cum
3945 5243 4182 5301 divinae

2509 5335 2916 5413 dispositionis
2947 5349 3162 5391 causas
3191 5330 3558 5402 argumentis
3595 5347 3704 5404 per
3755 5347 3818 5387 se
3871 5329 4213 5394 discuteret

2507 5444 2632 5486 non
2661 5425 2838 5492 valet,
2867 5423 2945 5480 ad
2974 5423 3088 5480 hoc
3117 5421 3284 5496 quod
3341 5420 3851 5494 comprehendere
3909 5437 4051 5478 non
4082 5431 4214 5478 va-I

2508 5518 2606 5586 let,
2631 5517 2966 5571 reverenter
3002 5526 3264 5568 erronem
3295 5509 3718 5584 disputationis
3767 5508 3986 5565 oculos
4020 5503 4213 5568 clau-’

2509 5607 2632 5673 dat,
2679 5619 2789 5658 nec
2839 5601 3152 5657 invisibilia
3203 5617 3275 5656 ex
3336 5598 3692 5662 visibilibus,
3740 5614 3852 5655 nec
3901 5599 4188 5657 incorru-

825 5729 940 5814 (17)
968 5733 1016 5788 Α
1044 5730 1281 5814 medica
1309 5737 1432 5814 arte
1455 5733 1516 5791 in
1539 5747 1682 5808 qua,
1715 5733 1862 5791 utin
1890 5733 2108 5789 divinis
2129 5730 2534 5806 humanisque
2570 5729 2794 5796 litteris,
2828 5744 2938 5802 pro
2991 5732 3257 5798 tempore
3291 5723 3600 5782 Fulbertus
3627 5722 3934 5792 excelluit,
3973 5725 4186 5782 factus

752 5802 1074 5878 episcopus
1111 5802 1416 5864 abstinuit.
