3952 6390
142 327 201 380 l9
215 329 244 378 7
1668 319 2036 377 EPISTOLIE.
3462 336 3561 390 193

133 443 351 521 ptibilia
397 460 472 499 ex
527 443 1014 516 corruptibilibus
1072 445 1265 501 metiri
1317 451 1661 517 praesumat,
1711 463 1786 502 ne
1823 448 1874 502 Α.
1904 445 2120 514 factus,
2151 450 2204 500 et
2235 445 2444 502 habitu
2466 448 2741 505 inventus
2772 458 2838 506 ut
2872 449 3041 508 homo
3073 455 3357 526 (Philipp.
3393 472 3454 526 ιι,
3482 459 3559 530 7),

135 536 274 591 dum
320 550 481 589 caeca
526 533 929 605 disputatione
983 534 1187 590 clausa
1233 535 1456 607 pulsat,
1489 540 1544 590 et
1582 540 1790 608 operta
1901 534 2156 591 Marcion
2184 535 2562 608 phantasiam
2598 541 2866 613 corporis
2910 546 2967 598 et
3007 559 3130 599 non
3161 561 3379 618 corpus
3423 563 3563 603 con-

134 640 249 681 non
272 623 451 692 videt,
483 623 740 695 propriis
771 623 1222 679 deﬁnitionibus
1253 626 1574 696 captivata,
1596 631 1652 681 et
1677 643 1789 680 cae-

137 730 267 770 cum
297 728 547 768 sensum
596 727 874 784 sequens,
903 713 964 767 in
997 713 1211 768 erroris
1267 713 1662 786 priecipitium
1692 731 1790 770 ca-

136 805 250 859 dat.
278 802 407 858 Tria
439 801 488 856 si
519 802 768 874 quidem
792 802 968 858 nobis
993 808 1131 859 sunt
1157 804 1236 859 ad
1261 803 1597 876 profectum
1629 804 1790 862 Chri-

138 893 332 948 stianae
357 890 660 961 religionis
696 891 1023 963 proposita,
1060 892 1168 947 sed
1199 893 1277 947 ad
1309 898 1794 950 consummatam

132 980 413 1051 justitiam
442 979 689 1052 perinde
721 979 1077 1048 necessaria,
1113 981 1265 1037 utin
1306 981 1396 1036 his
1439 985 1558 1038 tota
1583 983 1794 1037 huma-

139 1087 226 1126 nie
255 1069 460 1126 salutis
511 1085 751 1124 summa
780 1070 1104 1136 consistat;
1153 1071 1278 1126 sine
1310 1070 1400 1126 his
1420 1071 1651 1142 justitia
1689 1088 1794 1128 no—

137 1175 271 1215 men
307 1157 488 1214 habet
518 1158 772 1225 virtutis,
803 1159 1122 1230 praemium
1168 1175 1292 1215 non
1330 1159 1512 1216 habet
1543 1159 1791 1216 virtutis.

140 1252 350 1304 Horum
381 1247 646 1319 primum
678 1253 768 1302 est
815 1247 1161 1319 intelligere,
1208 1253 1263 1304 et
1312 1249 1560 1305 ﬁrmiter
1600 1254 1796 1305 tenere

140 1338 487 1410 mysterium
536 1337 853 1407 Trinitatis,
886 1341 941 1392 et
975 1338 1150 1392 unius
1177 1338 1484 1394 veritatem
1535 1339 1794 1396 Deitatis.

143 1426 481 1483 Secundum
533 1425 810 1480 salutaris
850 1425 1133 1497 baptismi
1179 1427 1470 1482 rationem
1500 1441 1676 1481 nosse
1705 1425 1800 1480 vel

142 1530 400 1571 causam.
423 1513 681 1570 Tertium
711 1514 772 1568 in
793 1530 916 1586 quo
942 1514 1063 1569 duo
1092 1516 1222 1586 (17‘)
1243 1515 1373 1570 vitm
1402 1519 1795 1581 sacramenta,

139 1603 198 1660 id
226 1609 329 1672 est,
362 1603 656 1660 Dominici
686 1604 953 1675 corporis
982 1607 1039 1659 et
1059 1604 1369 1674 sanguinis
1399 1605 1795 1661 continentur.

143 1695 202 1749 In
232 1693 322 1748 his
353 1693 543 1748 tribus
566 1691 736 1748 multi
766 1693 943 1748 nimis
974 1693 1287 1749 carnaliter
1315 1694 1628 1763 intuentes,
1651 1695 1800 1748 dum

1900 623 2090 678 fessus
2143 630 2230 680 est
2271 625 2333 680 in
2383 627 2610 683 Christo
2658 627 2859 685 fuisse.
2903 631 3017 687 Sed
3046 633 3334 690 Dominus
3364 621 3565 693 noster

1899 715 2067 768 Jesus
2099 714 2363 770 Christus
2394 715 2456 770 in
2488 716 2711 774 unitate
2740 719 2916 774 unius
2945 721 3342 797 ejusdemque
3362 741 3565 798 perso-

1901 820 1992 859 nae
2036 820 2108 858 ex
2155 804 2415 875 duabus,
2449 811 2505 862 et
2546 807 2607 863 in
2655 808 2896 864 duabus
2947 812 3311 884 substantiis,
3363 816 3568 872 divina

1904 893 2122 949 scilicet
2151 898 2207 949 et
2252 895 2523 951 humana
2573 897 2928 968 subsistens,
2960 905 3016 956 et
3053 903 3206 959 mira
3234 905 3475 976 protulit
3501 911 3567 962 ut

1905 984 2081 1051 Deus,
2145 988 2201 1038 et
2248 984 2488 1041 inﬁrma
2545 987 2826 1042 sustinuit
2902 993 2967 1045 ut
3036 991 3243 1062 homo,
3296 997 3362 1049 ut
3426 1011 3566 1049 cum

1903 1088 2112 1128 verum
2144 1074 2330 1128 Deum
2381 1073 2661 1131 sublimia
2691 1092 2877 1148 opera
2919 1077 3322 1152 loquerentur,
3359 1099 3568 1139 verum

1905 1160 2214 1216 hominem
2241 1161 2462 1217 flebilia
2482 1163 2980 1223 demonstrarent.
3011 1171 3187 1241 Deus,
3209 1170 3567 1244 inquitApo-

1908 1247 2082 1317 tolus,
2115 1255 2242 1304 erat
2297 1251 2360 1305 in
2395 1250 2654 1322 Christo,
2695 1255 2984 1311 mundum
3035 1260 3432 1315 reconcilians
3457 1259 3573 1315 sibi

1911 1339 2001 1402 (II
2029 1338 2164 1394 Cor.
2206 1355 2261 1407 'v,
2297 1340 2402 1409 19).
2441 1342 2594 1395 Deus
2624 1340 2686 1396 in
2720 1342 2971 1410 Christo,
3006 1344 3185 1401 Filius
3217 1347 3317 1402 Dei
3346 1347 3409 1402 in
3445 1347 3568 1404 ﬁlio

1907 1427 2189 1494 hominis,
2222 1427 2500 1485 divinitas
2531 1431 2895 1502 operabatur
2940 1433 3002 1488 in
3046 1434 3309 1492 homine.
3347 1440 3567 1493 Demus

1909 1517 2092 1573 verba
2113 1517 2374 1573 hominis
2399 1536 2411 1572 :
2441 1520 2628 1576 Pater
2647 1523 2845 1591 major
2869 1538 2961 1580 me
2981 1530 3065 1580 est
3086 1527 3282 1597 (Joan.
3312 1543 3431 1599 xxv,
3452 1528 3564 1599 28).

1911 1605 2132 1657 Demus
2177 1602 2366 1659 Verba
2414 1603 2552 1659 Dei:
2614 1607 2742 1676 Ego
2794 1613 2848 1663 et
2895 1609 3082 1665 Pater
3133 1626 3317 1666 unum
3366 1627 3569 1667 sumus

1913 1692 2106 1763 (Joan.
2139 1708 2197 1758 Χ,
2232 1693 2342 1762 30).
2382 1694 2684 1764 Loquatur
2717 1694 2778 1750 in
2823 1696 3052 1754 Christo
3090 1703 3294 1756 nostra
3319 1699 3568 1756 inﬁrmi-

141 1782 272 1856 plus
327 1782 634 1838 carnalem
690 1798 936 1838 sensum
992 1799 1180 1855 quam
1228 1784 1366 1839 ﬁdei
1410 1801 1632 1840 arcana
1674 1800 1802 1856 my-
1841 1803 1881 1856 Β
1913 1784 2000 1836 tas
2029 1783 2086 1835 et
2115 1779 2396 1836 conditio.
2429 1783 2646 1851 Filius,
2677 1783 2890 1856 inquit,
2924 1786 3176 1842 hominis
3219 1804 3338 1844 non
3395 1790 3570 1845 habet

143 1871 313 1927 steria
343 1871 844 1944 contemplantur,
885 1871 946 1926 in
997 1872 1322 1944 abruptum
1370 1873 1687 1946 perniciosi
1716 1889 1803 1928 er-

142 1961 288 2016 roris
319 1961 717 2034 praecipitium
771 1961 1053 2031 devoluti,
1088 1978 1196 2017 nec
1245 1978 1446 2018 rerum
1476 1963 1802 2028 veritatem,

142 2065 249 2106 nec
280 2054 795 2107 sacramentorum
822 2050 1099 2106 virtutem
1150 2050 1524 2123 percipiunt;
1578 2056 1633 2107 et
1669 2051 1804 2107 ideo

144 2139 219 2196 ab
250 2139 473 2195 unitate
507 2138 777 2194 Ecclesiae
821 2139 1013 2207 divisi,
1048 2139 1196 2194 dum
1233 2139 1362 2194 ﬁeri
1389 2140 1604 2197 nolunt
1628 2141 1804 2196 disci-

145 2231 267 2306 puli
316 2229 596 2298 veritatis,
648 2228 922 2299 magistri
969 2229 1123 2284 tiunt
1166 2230 1400 2285 erroris.
1451 2231 1802 2286 Prmtermis-

147 2339 212 2378 sa
258 2321 460 2392 itaque
511 2318 642 2373 luce
700 2319 982 2384 veritatis,
1043 2319 1389 2375 tenebrosas
1461 2324 1811 2393 proponunt

149 2408 504 2473 calumnias,
568 2411 625 2462 et
687 2422 886 2462 sacras
957 2407 1288 2479 Scripturas
1361 2410 1558 2465 verbis
1627 2409 1808 2466 sacri-

148 2499 290 2571 legis
334 2498 606 2554 nituntur
660 2497 1016 2565 adulterare,
1077 2502 1181 2554 aut
1231 2499 1343 2569 (18)
1400 2500 1629 2556 furtivis
1687 2516 1812 2555 era-

152 2589 419 2645 sionibus
465 2586 748 2655 recidere,
783 2586 934 2643 sicut
974 2588 1089 2642 hoc
1140 2589 1305 2659 quod
1349 2591 1639 2645 Dominus
1693 2588 1809 2644 ait:

151 2679 277 2748 Ego
307 2683 363 2733 et
398 2677 584 2731 Pater
610 2691 795 2730 unum
827 2690 1029 2730 sumus
1062 2677 1259 2743 (Joan.
1294 2694 1353 2745 x,
1386 2680 1495 2748 30),
1528 2678 1700 2733 Arius
1732 2677 1817 2732 di—

153 2771 315 2823 ctum
373 2766 445 2820 de
502 2764 728 2819 unitate
800 2765 1149 2821 substantia:
1223 2766 1548 2836 intelligere
1605 2767 1813 2823 noluit.

156 2856 450 2915 Sabellius
481 2854 559 2910 ad
589 2869 985 2924 personarum
1015 2855 1439 2927 proprietatem
1466 2872 1669 2912 sum-us
1695 2872 1818 2913 non

153 2945 386 3011 retulit;
431 2948 489 3000 et
531 2943 593 2998 in
639 2944 750 2998 hoc
801 2943 965 3015 quod
1011 2944 1110 3012 ait,
1161 2946 1349 3001 Pater
1390 2949 1588 3016 major
1617 2963 1706 3002 me
1735 2952 1822 3002 est

154 3037 356 3108 (Joan.
388 3051 503 3101 xxv,
533 3034 641 3102 28),
678 3033 851 3087 Arius
886 3048 1010 3088 non
1056 3035 1432 3103 humanitati,
1465 3036 1568 3091 sed
1617 3036 1824 3092 divini-

1910 1869 2012 1924 ubi
2040 1875 2222 1938 capth
2269 1885 2441 1924 suum
2472 1873 2721 1927 reclinet
2769 1872 3008 1940 (Matth.
3043 1892 3160 1946 Vlll,
3191 1878 3303 1948 20).
3343 1880 3573 1933 Intonet

1910 1975 2027 2014 vox
2057 1958 2300 2014 divina:
2356 1960 2568 2016 Omnia
2617 1977 2748 2032 qua:
2803 1963 2976 2020 habet
3020 1965 3208 2021 Pater
3251 1982 3382 2023 mea
3433 1973 3572 2023 sunt

1912 2050 2109 2119 (Joan.
2155 2064 2272 2113 xvr,
2309 2049 2416 2118 15).
2471 2049 2646 2114 Quasi
2699 2051 2884 2108 homo
2932 2054 3134 2122 esurit,
3189 2055 3368 2128 quasi
3419 2059 3574 2111 Deus

1911 2138 2180 2210 quinque
2210 2138 2530 2194 hominum
2559 2139 2747 2196 millia
2785 2143 2998 2213 pascit.
3049 2145 3231 2210 Quasi
3279 2147 3463 2201 homo
3492 2145 3576 2200 di-

1915 2227 2028 2282 cit:
2084 2228 2293 2282 Tristis
2345 2232 2431 2283 est
2493 2229 2696 2286 anima
2758 2245 2888 2286 mea
2947 2247 3130 2303 usque
3193 2235 3274 2289 ad
3329 2239 3578 2290 mortem

1915 2317 2157 2388 (Matth.
2209 2333 2367 2381 xxvx,
2422 2319 2533 2388 38),
2585 2320 2758 2391 quasi
2818 2324 2969 2376 Deus
3029 2324 3398 2381 conﬁdenter
3455 2326 3576 2380 ait:

1916 2409 2100 2464 Nemo
2150 2407 2318 2462 tollet
2361 2421 2399 2462 a
2445 2423 2536 2463 me
2579 2409 2842 2465 animam
2899 2427 3089 2468 meam
3141 2413 3334 2484 (Joan.
3370 2430 3426 2482 χ,
3472 2413 3576 2485 18).

1920 2497 2100 2561 Quasi
2129 2496 2314 2551 homo
2358 2495 2419 2550 in
2451 2513 2624 2552 cruce
2657 2499 2898 2569 pendet,
2929 2501 3102 2572 quasi
3132 2503 3473 2558 dominator
3502 2503 3584 2558 la-

1920 2588 2154 2640 tronem
2198 2583 2558 2655 alloquitur:
2591 2587 2785 2642 Hodie
2808 2603 3033 2644 mecum
3061 2591 3174 2645 eris
3208 2592 3268 2646 in
3293 2592 3582 2660 paradiso

1921 2675 2086 2745 (Luc.
2117 2690 2277 2739 XXIII,
2311 2675 2420 2744 43).
2471 2674 2527 2729 Si
2559 2674 2693 2746 quis
2740 2691 2881 2744 ergo
2914 2683 3111 2733 mente
3142 2683 3354 2751 captus
3403 2679 3583 2734 unius

1925 2762 2220 2820 Christum
2259 2767 2316 2817 et
2360 2765 2548 2817 Deum
2590 2763 2730 2819 dicit
2773 2780 2901 2820 esse
2933 2767 3304 2837 substantiae,
3338 2783 3586 2844 compu-

1925 2851 2250 2924 gnantibus
2273 2850 2426 2906 inter
2462 2868 2524 2908 se
2550 2852 2750 2923 rebus,
2780 2859 2884 2909 aut
2913 2855 3109 2910 solum
3135 2857 3442 2912 hominem
3471 2873 3586 2912 cce-

1925 2941 1983 2997 lo
2012 2941 2273 3013 lapsum,
2308 2946 2411 2997 aut
2440 2941 2635 2997 solum
2662 2945 2851 2998 Deum
2880 2944 3034 3000 dicet
3063 2945 3436 3001 cruciﬁxum.
3469 2946 3588 3002 Sed

1929 3048 2053 3088 non
2092 3037 2179 3088 est
2207 3031 2307 3088 ita.
2341 3035 2489 3088 Nam
2520 3049 2716 3106 neque
2747 3034 2910 3089 solus
2943 3039 3095 3090 Deus
3125 3041 3380 3092 mortem
3412 3036 3592 3092 senti-

159 3127 259 3182 tati
286 3125 589 3198 ascripsit,
620 3130 674 3181 et
704 3125 840 3180 ideo
870 3125 1183 3195 indignam
1215 3126 1400 3181 vitam
1425 3126 1610 3196 digna
1635 3131 1824 3183 morte
1866 3159 1906 3213 Ο
1934 3138 2017 3188 re,
2050 3136 2246 3192 neque
2277 3120 2439 3176 solus
2467 3120 2652 3177 homo
2683 3127 2939 3179 mortem
2970 3141 3252 3197 superare
3281 3125 3588 3198 potuisset,

153 3216 371 3272 ﬁnivit.
398 3215 578 3285 Cujus
600 3214 902 3270 auditores
920 3213 1211 3286 quoniam
1243 3214 1524 3286 Spiritum
1551 3221 1828 3272 sanctum
1875 3209 1905 3213 ⁷
1935 3227 2124 3283 quam
2175 3209 2623 3267 evidentissima
2679 3212 2928 3283 ratione,
2991 3214 3463 3271 substantiarum
3503 3214 3593 3270 di-

159 3310 352 3362 Deum
385 3320 514 3361 esse
544 3304 870 3374 negabant,
895 3303 968 3358 de
999 3303 1317 3374 Evangelio
1347 3310 1657 3362 eraserunt
1682 3305 1831 3361 illud

162 3396 332 3470 quod
395 3394 666 3451 Salvator
720 3394 836 3449 ait:
892 3395 1149 3462 Spiritus
1193 3399 1279 3449 est
1322 3395 1477 3451 Deus
1527 3396 1828 3465 (J0an.1v,

163 3488 275 3558 24),
312 3490 372 3542 et
400 3485 474 3539 de
524 3483 784 3557 Epistola
830 3482 1080 3538 Joannis
1123 3488 1472 3539 eraserunt:
1518 3485 1598 3539 Et
1645 3486 1833 3540 omnis

162 3576 434 3646 Spiritus
461 3576 568 3645 qui
596 3575 771 3629 solvit
801 3573 1024 3635 Jesum,
1058 3589 1133 3629 ex
1161 3575 1282 3630 Deo
1313 3589 1430 3630 non
1462 3580 1545 3629 est
1577 3575 1636 3642 (Ι
1655 3577 1831 3629 Joan.

163 3683 240 3736 1v,
270 3670 350 3723 3).
375 3663 537 3721 Sicut
565 3663 864 3719 Nestorius
888 3663 994 3736 qui
1013 3663 1251 3720 dicebat
1273 3664 1514 3720 beatam
1542 3664 1837 3733 Virginem

167 3771 292 3812 non
355 3753 457 3810 Dei
531 3753 635 3808 sed
704 3753 968 3808 hominis
1047 3757 1277 3809 tantum
1355 3753 1718 3824 genitricem,
1776 3758 1841 3809 ut

167 3846 358 3902 aliam
414 3858 736 3915 personam
788 3842 1048 3897 hominis
1092 3842 1272 3898 aliam
1321 3843 1538 3899 faceret
1583 3843 1836 3914 deitatis,

167 3949 372 4006 neque
423 3947 614 3986 unum
672 3931 972 3988 Christum
1027 3931 1091 3987 in
1147 3931 1338 3988 Verbo
1397 3933 1494 3988 Dei
1551 3937 1607 3988 et
1663 3948 1841 3988 carne

168 4029 228 4080 et
269 4021 480 4079 anima
521 4021 770 4076 credens
823 4021 928 4077 sed
975 4021 1301 4090 separatim
1349 4021 1604 4078 alterum
1635 4022 1844 4078 Filium

172 4113 299 4183 Dei,
349 4111 598 4168 alterum
653 4111 844 4166 tilium
899 4110 1160 4166 hominis
1199 4111 1558 4183 praedicans,
1592 4116 1648 4168 et
1677 4111 1845 4167 illum

171 4200 450 4275 Apostoli
512 4200 715 4256 locum
794 4199 896 4254 ubi
960 4199 1145 4255 dicit:
1206 4201 1374 4268 Quod
1438 4203 1724 4270 apparuit
1784 4203 1846 4256 in

172 4307 368 4350 carne
411 4292 773 4360 viviﬁcatum
831 4292 1003 4346 estin
1057 4292 1277 4360 spiritu
1327 4293 1385 4360 (Ι
1430 4294 1594 4347 Petr.
1651 4309 1687 4360 ι,
1740 4295 1845 4363 18).

172 4383 375 4445 Quem
467 4379 670 4435 locum
729 4379 1107 4435 Macedonius
1192 4396 1300 4452 per
1369 4380 1852 4460 immutationem

176 4472 504 4542 Scriptura:
525 4469 927 4541 apostolicum
947 4469 1174 4526 dictum
1198 4470 1284 4525 sic
1297 4470 1482 4526 voluit
1502 4469 1770 4536 deﬁnire,
1789 4469 1851 4525 id

173 4565 289 4625 est,
327 4561 395 4613 ut
422 4561 576 4611 esset
601 4561 755 4612 Deus
785 4558 1064 4630 apparuit
1091 4559 1152 4614 in
1183 4574 1382 4628 carne,
1414 4564 1472 4616 et
1495 4558 1556 4614 in
1585 4575 1657 4614 eo
1685 4557 1854 4631 quod

125 4693 127 4695 -
175 4652 264 4708 ait
293 4646 462 4704 idem
511 4645 870 4716 Apostolus:
928 4649 1000 4703 In
1047 4649 1499 4704 similitudinem
1549 4649 1853 4704 hominum

257 4826 396 4897 (47')
426 4825 556 4878 Duo
588 4824 734 4897 vita?)
752 4830 1152 4894 sacramenta,
1178 4826 1367 4896 idest,
1399 4827 1698 4882 Dominici
1731 4841 1858 4881 cor-

175 4896 358 4972 poris
407 4901 482 4972 et_
517 4896 827 4972 sanguinis
878 4899 1280 4972 continentur.
1326 4897 1606 4966 Adverte,
1649 4899 1854 4966 lector,

186 4967 319 5030 hinc
355 4967 532 5024 verba
559 4983 578 5022 .°
629 4970 706 5022 Ne
738 4971 907 5039 putes
936 4984 1142 5039 revera
1172 4967 1293 5022 duo
1321 4984 1452 5024 esse
1484 4973 1860 5024 sacramenta

187 5056 419 5112 corpus
447 5043 501 5094 et
528 5038 772 5107 sanguis
805 5038 1012 5095 Christi
1048 5039 1298 5093 Domini.
1336 5043 1398 5094 D.
1422 5041 1629 5095 Thom.
1657 5040 1704 5094 si
1733 5039 1861 5110 qui-

188 5114 338 5169 dem
362 5126 420 5182 p.
456 5126 533 5191 ut,
567 5115 676 5191 art2
705 5116 759 5174 ‘2,
787 5126 846 5191 q.
877 5116 965 5179 '73,
989 5125 1265 5191 quaerens
1290 5115 1492 5191 utrum
1522 5126 1859 5191 sacramen:

190 5192 327 5242 tum
361 5180 731 5254 eucharistiae
775 5180 1085 5254 situnum
1133 5182 1223 5237 vel
1267 5182 1462 5254 plura,
1507 5199 1663 5254 resp.
1695 5180 1863 5253 quod

191 5253 585 5326 materialiter
631 5257 771 5310 sunt
816 5253 992 5326 plura
1039 5254 1231 5324 signa,
1271 5253 1390 5310 "sed
1441 5253 1766 5309 formaliter
1809 5256 1865 5326 et

191 5324 522 5402 preieetive
552 5341 741 5381 unum
760 5323 1242 5402 sacramentum,
1270 5326 1332 5381 in
1361 5331 1657 5399 quantum
1683 5341 1755 5381 ex
1781 5323 1866 5380 eis

193 5395 509 5472 perficitur
539 5412 660 5472 una
687 5397 945 5472 refectio.
976 5470 978 5472 ν

271 5468 390 5539 (18)
418 5468 680 5523 Furtivis
708 5469 1075 5525 crasionibus
1097 5469 1376 5525 recidere.
1413 5468 1502 5524 Sic
1530 5466 1721 5522 solent
1743 5467 1866 5539 haee

196 5538 391 5598 retici.
423 5541 487 5594 D.
524 5539 628 5594 llil.
661 5540 734 5595 ad
772 5544 972 5596 Const.
1009 5545 1156 5609 Aug.
1194 5541 1274 5595 sic
1308 5541 1388 5595 ait
1417 5558 1428 5594 :
1473 5540 1554 5594 At
1584 5554 1745 5594 nunc
1766 5538 1870 5607 qui

198 5613 446 5679 Ariana
473 5618 523 5665 et
553 5614 837 5680 pesti/cra
869 5614 1220 5680 contagione
1241 5613 1545 5681 inquinati
1571 5615 1729 5678 sunt,
1750 5625 1868 5664 non

200 5689 441 5762 cessant
458 5698 560 5736 ore
580 5684 758 5750 impio
779 5689 831 5737 et
865 5686 1156 5762 sacrilego
1173 5686 1374 5762 animo
1400 5682 1869 5762 Evangeliorum

201 5754 618 5826 sinceritatem
643 5769 1042 5822 corrumpere.
1079 5757 1144 5810 Et
1171 5754 1454 5826 Synesius
1501 5754 1668 5824 epist.
1703 5758 1732 5808 5
1764 5768 1871 5823 ap-

203 5824 397 5900 pellat
426 5823 750 5895 haereticos,
797 5829 1110 5898 τραπεζίτας
1169 5823 1442 5899 πόνηρούς,
1497 5823 1613 5885 rei);
1644 5825 1872 5898 κατάπερ

1939 3299 2273 3367 stinctione,
2300 3300 2484 3356 homo
2511 3301 2793 3374 suscepit,
2820 3306 2877 3357 et
2905 3305 3058 3358 Deus
3088 3304 3241 3360 vicit.
3295 3303 3410 3360 Sed
3436 3303 3598 3360 Aria-

1938 3390 2021 3461 ni,
2044 3395 2363 3460 utramque
2393 3388 2652 3445 formam
2682 3391 3046 3461 distinguere
3075 3393 3426 3460 nescientes,
3460 3410 3596 3466 quae

1941 3483 2111 3535 erant
2140 3477 2401 3534 hominis
2429 3479 2508 3534 ad
2555 3483 2741 3534 Deum
2779 3480 2960 3553 impie
2991 3481 3333 3538 retulerunt.
3365 3483 3598 3539 Nullam

1941 3569 2140 3641 itaque
2173 3572 2436 3624 tenentes
2481 3569 2633 3624 inter
2675 3569 2940 3626 coelestia
2982 3574 3038 3626 et
3078 3572 3376 3628 terrestria
3426 3573 3603 3628 ratio-

1942 3676 2102 3726 nem,
2136 3659 2285 3713 dum
2334 3659 2479 3715 dare
2531 3658 2922 3731 proprietates
2977 3677 3116 3716 suas
3169 3662 3444 3734 partibus
3502 3679 3602 3718 ne-

1947 3749 2159 3812 sciunt,
2188 3753 2485 3820 quantum
2508 3748 2568 3802 in
2596 3748 2742 3820 ipsis
2772 3754 2862 3805 est
2892 3749 2993 3805 Dei
3024 3751 3422 3807 substantiam
3452 3751 3602 3807 divi-

1947 3842 2169 3906 serunt,
2203 3843 2260 3894 et
2287 3839 2435 3894 dum
2465 3839 2543 3894 ad
2574 3838 2702 3895 sola
2754 3840 3016 3895 hominis
3047 3841 3232 3896 verba
3260 3841 3603 3914 respiciunt,

1949 3933 2138 3985 Deum
2169 3928 2296 3984 sine
2334 3928 2662 3985 intellectus
2706 3928 2930 3985 lumine
2961 3930 3371 4002 perdiderunt,
3410 3937 3466 3988 et
3494 3949 3607 3987 cae-

1951 4035 2091 4075 cum
2133 4034 2378 4074 sensum
2421 4017 2483 4072 in
2511 4017 2841 4090 praecipitia
2865 4019 3085 4075 ducem
3113 4026 3455 4093 sequentes,
3485 4037 3612 4078 ma-

1950 4110 2189 4165 luerunt
2213 4107 2407 4163 dicere
2437 4107 2735 4163 minorem
2765 4110 2971 4178 Deum,
3001 4125 3188 4182 quam
3222 4110 3531 4168 hominem
3559 4114 3614 4166 et

1957 4201 2162 4254 Deum.
2207 4197 2384 4253 Nobis
2410 4213 2549 4253 vero
2593 4198 2751 4253 hanc
2792 4198 3267 4254 substantiarum
3310 4199 3616 4255 diversita-

1956 4293 2075 4344 tem
2105 4303 2178 4342 ex
2224 4288 2338 4342 hoc
2369 4287 2740 4359 perpendere
2788 4294 3139 4361 promptum
3169 4292 3260 4344 est
3301 4289 3465 4362 quod
3499 4288 3616 4345 alia

1958 4381 2049 4433 est
2112 4376 2213 4432 illa
2294 4376 2590 4444 nativitas,
2658 4376 2748 4432 vel
2813 4380 3050 4445 natura,
3113 4377 3174 4432 in
3241 4394 3382 4451 qua,
3444 4379 3618 4449 juxta

1961 4465 2338 4538 Apostolum,
2395 4466 2620 4522 Factus
2675 4471 2758 4521 est
2816 4481 2892 4521 ea:
2938 4467 3206 4534 muliere,
3253 4468 3456 4536 factus
3511 4467 3618 4522 sub

1966 4558 2090 4627 lege
2119 4555 2340 4625 (Gatat.
2376 4571 2450 4625 1v,
2481 4557 2533 4625 4)
2557 4573 2568 4622 ;
2603 4554 2720 4610 alia
2749 4569 2871 4626 qua
2900 4559 3026 4610 erat
3049 4555 3110 4609 in
3133 4554 3426 4626 principio
3456 4555 3622 4628 apud

1965 4649 2174 4714 Deum,
2206 4645 2320 4713 (19)
2349 4643 2464 4700 alia
2491 4659 2616 4716 qua
2657 4647 2893 4700 creatus
2935 4659 3007 4699 ex
3031 4643 3256 4714 virgine
3287 4643 3484 4716 Maria,
3517 4644 3625 4701 hu-

1962 4829 2194 4896 νόμισμα
2252 4818 2426 4893 δογμά
2488 4825 2547 4873 τὸ
2615 4824 2747 4874 θεῖον
2781 4824 3339 4896 γπαραχαράττοντας,
3385 4822 3459 4896 7in
3516 4827 3623 4891 est,

1968 4894 2290 4963 trapezitae
2337 4895 2544 4960 malos,
2574 4894 2678 4964 qui
2701 4895 2860 4949 velut
2892 4894 3210 4958 monetam,
3239 4895 3325 4950 ita
3356 4895 3626 4950 divinum

1967 4968 2184 5036 dogma
2209 4971 2562 5034 pervertunt
2591 4970 2642 5021 et
2675 4966 3044 5022 adulterant.
3072 4966 3265 5029 Quam
3297 4966 3513 5021 rectius
3546 4970 3631 5021 tu-

1967 5039 2048 5093 ba
2099 5037 2199 5109 illa
2237 5036 2487 5109 Romani
2538 5036 2832 5109 sermonis
2883 5036 3220 5109 Latinaeque
3275 5036 3629 5109 eloquentiae

1970 5107 2318 5175 Khodanus,
2346 5107 2461 5162 hoc
2485 5112 2576 5162 est
2601 5107 2854 5162 Hilarius
2879 5106 2956 5162 ad
2980 5106 3284 5162 ConStant.
3312 5106 3486 5176 Aug:
3515 5109 3632 5165 Ca-

1973 5181 2230 5236 tholicus
2255 5194 2405 5245 sum,
2430 5178 2641 5250 inquit,
2662 5180 2800 5233 nolo
2821 5193 2941 5234 esse
2958 5179 3269 5234 haereticus
3287 5194 3309 5248 ,'
3333 5179 3634 5236 Christia-

1972 5268 2084 5307 nus
2129 5267 2280 5317 sum,
2311 5266 2431 5305 non
2461 5251 2746 5306 Arianus.
2776 5250 2856 5304 Et
2883 5250 3033 5305 mihi
3059 5250 3270 5306 melius
3315 5257 3398 5306 est
3427 5252 3492 5306 in
3525 5251 3636 5308 hoc

1973 5323 2191 5380 swculo
2222 5323 2377 5377 mori
2403 5337 2604 5392 quam,
2629 5322 2893 5392 alicujus
2905 5321 3142 5390 privati
3165 5323 3433 5390 potentia
3454 5322 3638 5379 domi-

1976 5399 2177 5461 nante,
2211 5391 2438 5449 castam
2469 5393 2739 5448 veritatis
2769 5391 3118 5462 digni/atem
3161 5409 3561 5462 corrumpere.

2048 5465 2160 5536 (19)
2190 5465 2331 5520 Alia
2361 5479 2480 5534 qua
2508 5469 2742 5536 creatus
2769 5478 2843 5519 ex
2871 5465 3110 5536 Virgine
3130 5465 3349 5536 Maria.
3387 5465 3485 5520 Hic
3512 5480 3642 5522 ver-

1975 5536 2124 5591 bum
2154 5542 2389 5592 creatus
2436 5535 3062 5607 sumiturimproprie,
3094 5535 3158 5590 id
3205 5542 3294 5591 est
3337 5537 3640 5606 formatus

1979 5612 2081 5663 aut
2106 5613 2304 5662 natus.
2333 5609 2504 5660 Recte
2534 5605 2834 5678 siquidem
2867 5605 3024 5662 Beda
3055 5609 3192 5663 Ven.
3220 5605 3413 5662 lib.'lv
3444 5607 3503 5662 in
3537 5610 3643 5678 Lu-

1979 5694 2135 5748 cam,
2161 5677 2684 5750 Christus,inquit,
2709 5685 3023 5747 conceptus
3045 5694 3120 5735 ex
3141 5677 3645 5750 ulterqvirginati

1983 5766 2224 5807 carnem
2267 5766 2386 5806 non
2431 5748 2504 5805 de
2531 5748 2744 5820 nihilo,
2792 5765 2912 5807 non
2942 5751 3208 5821 aliunde,
3239 5748 3342 5807 sed
3373 5753 3641 5805 materna

1985 5823 2178 5881 traxit
2209 5836 2283 5880 ea:
2313 5837 2514 5880 carne.
