4584 6374
755 325 855 379 199
1786 320 1842 376 S.
1885 318 2216 375 FULBEBTI
2255 312 2735 371 CARNOTENSIS
2791 316 3122 373 EPISCOPI.
4048 325 4131 379 200

751 446 1016 503 miliatus
1037 443 1098 500 in
1126 448 1299 513 terra,
1319 444 1436 500 alia
1462 460 1585 517 qua
1613 444 1735 499 sine
1763 443 1927 499 initio
1956 459 2209 499 manens
2240 458 2401 498 crea-
2432 441 2481 493 A
2514 436 2787 492 sensibus
2808 437 3044 503 nostris.
3064 436 3421 492 memoriam
3445 452 3567 492 sum
3595 437 3803 493 mortis
3828 441 3885 494 et
3907 442 4129 513 sepultu-

751 536 832 592 vit
856 535 1073 591 coelum
1101 538 1159 590 et
1175 538 1412 604 terram,
1428 532 1543 589 alia
1558 549 1681 605 qua
1702 533 1915 588 dicitur
1936 533 1995 588 in
2022 548 2276 588 maerore
2298 532 2401 587 do-

751 624 952 693 luisse,
983 624 1044 680 in
1073 623 1419 679 lassitudine
1449 622 1760 691 dormisse,
1789 622 1987 678 inedia
2017 622 2267 677 esurisse
2299 622 2400 675 ﬂe-

753 714 924 781 visse,
941 713 1056 769 alia
1067 729 1190 785 qua
1214 712 1427 768 dicitur
1440 711 1799 785 paralyticos
1817 728 2078 778 curasse,
2095 727 2200 785 per
2215 727 2402 784 quam

754 804 1023 859 nesciens
1050 818 1319 873 gressum
1340 800 1582 872 jubetur
1608 801 1899 867 incedere,
1925 801 2152 856 solutus
2180 801 2241 857 in
2273 817 2402 856 mu-

754 893 893 950 liere
924 892 1169 961 sanguis
1193 908 1486 947 venarum
1539 891 1777 960 sistitur,
1810 908 2002 947 caecus
2033 908 2068 947 a
2098 890 2401 946 nativitate

755 983 1140 1049 illuminatur,
1172 982 1421 1054 imperio
1451 986 1743 1037 tumentes
1790 982 2002 1038 ﬂuctus
2052 981 2399 1047 solidantur,

753 1073 973 1129 mortui
1002 1072 1379 1128 suscitantur.
1403 1074 1543 1137 Quae
1573 1088 1711 1127 cum
1742 1071 1823 1128 ita
1854 1072 1987 1139 sint,
2022 1071 2316 1128 Christum
2341 1071 2401 1126 in

756 1162 993 1219 duabus
1006 1161 1348 1217 substantiis
1365 1162 1782 1217 consistentem
1800 1177 1988 1216 unum
2001 1160 2402 1232 eumdemque

756 1254 943 1306 Deum
986 1264 1215 1316 verum,
1247 1249 1647 1321 e‘imdemque
1685 1248 1993 1304 hominem
2036 1264 2245 1304 verum
2276 1264 2402 1303 esse

755 1338 1007 1394 fateatur
1034 1353 1273 1393 necesse
1300 1342 1408 1404 est,
1432 1337 1704 1409 quisquis
1737 1337 2037 1407 religionis
2060 1336 2402 1393 Christiana:

754 1442 876 1482 non
907 1426 1028 1481 vult
1054 1425 1324 1492 inaniter,
1359 1425 1480 1481 imo
1519 1425 1937 1481 damnabiliter
1974 1429 2209 1498 portare
2233 1441 2404 1480 voca-

752 1515 984 1571 bulum.
1006 1518 1091 1570 lta
1109 1514 1417 1587 utriusque
1430 1518 1655 1570 naturae
1668 1514 1909 1571 veritate
1928 1520 2178 1583 servata,
2194 1532 2402 1571 verum

755 1603 1049 1661 Christum
1074 1604 1134 1658 in
1144 1603 1461 1659 virtutibus
1478 1608 1533 1659 et
1545 1604 1926 1675 passionibus
1952 1620 2061 1659 nec
2075 1604 2405 1659 confundat

752 1692 901 1748 ﬁdes
925 1708 1066 1748 vera
1086 1708 1195 1748 nec
1225 1692 1472 1762 dividat,
1502 1693 1645 1766 quia
1666 1693 1996 1765 personalis
2028 1694 2221 1749 unitas
2247 1694 2306 1749 in
2333 1710 2403 1749 eo

2509 541 2587 580 rae
2613 530 2791 598 atque
2821 526 3001 581 etiam
3029 525 3474 580 resurrectionis
3500 525 3873 599 insculpens,
3907 527 4132 585 ineffabi-

2508 614 2587 670 lia
2630 615 2875 671 contulit
2918 614 3201 687 baptismi
3243 630 3515 683 munera,
3558 631 3665 687 per
3709 632 3846 688 quae
3897 632 4135 690 superve-

2508 704 2703 760 niente
2735 704 2942 775 primas
2991 703 3235 773 originis
3270 703 3410 771 ﬁne,
3442 703 3494 759 ei
3533 704 3895 761 commortui
3935 710 3988 761 et
4009 706 4137 764 intra

2510 809 2748 848 sacrum
2796 794 3091 864 gurgitem
3135 792 3486 866 eonsepulti,
3532 793 3789 849 demersi
3839 810 4139 866 resurgere-

2508 897 2665 949 mus,
2698 882 2815 938 vita
2862 886 3201 951 emergente
3250 880 3622 937 criminibus.
3671 882 3812 937 Vide
3862 883 4005 955 quid
4041 886 4139 955 agit

2509 969 2717 1025 artifex
2762 969 3201 1025 misericordiae.
3244 969 3378 1025 Tale
3428 969 3532 1025 tibi
3577 970 3799 1026 invenit
3838 970 4042 1026 tumuli
4065 987 4141 1040 ge-

2508 1072 2641 1124 nus,
2686 1074 2807 1131 quo
2853 1058 3025 1115 sciret
3075 1062 3319 1131 peccata
3369 1058 3636 1131 sepelire,
3683 1063 3739 1115 et
3794 1064 4142 1131 peccatorem

2510 1147 2763 1203 nesciret
2792 1148 3065 1215 obruere,
3094 1153 3159 1204 ut
3206 1148 3605 1204 descendente
3654 1147 3900 1203 homine
3943 1147 4001 1203 in
4038 1148 4144 1203 fon-

2510 1239 2648 1302 tem,
2682 1240 2974 1308 tanquam
3001 1236 3060 1290 in
3095 1235 3439 1307 sepulcrum
3471 1234 3846 1302 delictorum,
3881 1250 4013 1289 reus
4041 1234 4143 1290 exi-

2508 1328 2595 1380 ret
2624 1324 2702 1380 ad
2746 1330 3006 1397 portum,
3047 1329 3103 1380 et
3129 1324 3256 1381 sola
3303 1328 3650 1397 paterentur
3678 1323 3897 1379 delicta
3927 1324 4143 1379 naufra-

2509 1412 2693 1482 gium.
2727 1412 2974 1467 Proinde
3006 1428 3166 1485 aqua
3195 1416 3253 1467 et
3292 1412 3541 1484 Spiritus
3584 1416 3825 1466 sanctus
3870 1411 4145 1467 sociantur
4204 1438 4205 1465 i

2508 1502 2722 1568 causis,
2753 1502 2855 1557 sed
2884 1501 3187 1556 beneficiis
3228 1504 3601 1573 separantur.
3649 1499 3984 1572 Requiritur
4020 1517 4145 1556 sane

2508 1591 2570 1646 in
2599 1590 2973 1663 baptismatis
3024 1591 3413 1647 sacramentis
3443 1606 3605 1663 aqua
3633 1594 3879 1663 propter
3910 1590 4148 1662 sepultu-
4203 1612 4205 1619 <

2508 1695 2659 1745 ram,
2696 1679 2942 1750 Spiritus
2971 1683 3212 1734 sanctus
3248 1683 3491 1751 propter
3520 1679 3705 1734 vitam
3731 1682 4030 1734 aeternam.
4061 1681 4150 1733 Re-

752 1781 1105 1837 divisionem
1131 1797 1252 1837 non
1272 1782 1496 1853 recipit,
1529 1786 1586 1837 et
1606 1781 1921 1854 utriusque
1944 1787 2170 1838 natura:
2191 1782 2402 1838 veritas
2433 1792 2473 1845 Β
2510 1784 2681 1823 move
2745 1767 3031 1823 Creatoris
3084 1783 3326 1835 nomen,
3389 1771 3444 1823 et
3499 1782 3621 1822 non
3670 1766 3854 1822 habet
3901 1771 4149 1822 creatura
4204 1776 4208 1828 1

750 1870 1065 1927 inconfusa
1080 1870 1351 1943 persistit.
1371 1874 1496 1926 Non
1513 1870 1674 1926 enim
1692 1870 1835 1927 alter
1849 1875 2021 1937 Deus,
2039 1871 2184 1927 alter
2195 1872 2401 1941 homo,
2509 1873 2560 1928 (Γ

2396 1916 2401 1937 ,
2509 1856 2675 1928 quod
2705 1860 2957 1927 praestet.
3013 1858 3141 1911 Haec
3169 1855 3616 1912 similitudinem
3644 1855 3852 1911 mortis
3883 1854 4149 1915 imitatur,
4205 1893 4206 1898 η

757 1959 863 2015 sed
890 1974 1048 2013 unus
1077 1942 1357 2030 {demque
1407 1958 1667 2015 Christus
1708 1962 1861 2014 Deus
1905 1960 2107 2015 homo.
2142 1959 2404 2014 Ριιοςεοιο
2509 1944 2603 1999 ille
2654 1945 2961 2000 veritatem
3010 1944 3214 1999 salutis
3268 1949 3566 2017 operatur.
3626 1944 3739 2001 Sed
3783 1943 4032 1999 fortasse
4083 1942 4150 1997 ad
4204 1970 4208 2007 ι

754 2046 915 2102 idem
947 2049 1099 2101 Deus
1130 2046 1391 2102 Christus
1413 2051 1518 2112 est,
1551 2047 1655 2117 qui
1686 2050 1941 2101 mortem
1964 2064 2073 2103 sua
2102 2046 2404 2102 divinitate
2511 2033 2877 2089 credendum
2920 2033 3245 2106 Ρι⁸οΡοδίῖί3
3288 2049 3459 2089 mens
3508 2033 3740 2100 titubat,
3772 2032 3888 2088 Πίεί
3914 2031 4153 2088 ῐεεῐίωο·
4205 2062 4207 2097 Α

754 2134 1061 2190 destruxit.
1083 2133 1244 2188 Idem
1263 2133 1486 2206 quippe
1503 2133 1605 2189 Dei
1628 2134 2259 2206 Filius,quidivinitate
2282 2151 2405 2190 mo-
2509 2122 2747 2178 niorum
2795 2128 3076 2194 sequatur
3124 2122 3467 2178 auctoritas.
3520 2122 3672 2177 Audi
3710 2121 3892 2192 igitur
3930 2124 4155 2193 Aposto—
4203 2150 4210 2190 ι

755 2222 805 2278 ri
834 2238 957 2278 non
985 2223 1193 2294 potuit,
1228 2237 1406 2278 carne
1435 2226 1706 2278 mortuus
1738 2226 1843 2291 est,
1876 2239 2062 2295 quam
2092 2224 2405 2279 mortalem
2509 2210 2636 2268 lum
2685 2212 2763 2267 ad
2810 2214 3128 2267 Romanos-
3177 2212 3273 2267 Αη
3318 2212 3612 2282 ignoratis
3658 2212 3799 2282 quia
3831 2210 4157 2282 quicunque
4206 2240 4209 2279 ι

760 2314 911 2367 Deus
937 2310 1289 2367 immortalis
1328 2312 1589 2383 accepit;
1625 2316 1683 2367 et
1709 2311 1870 2366 idem
1901 2312 2162 2368 Christus
2193 2313 2293 2368 Dei
2324 2312 2405 2368 Fi-
2513 2303 2570 2357 bc

2399 2344 2405 2353 .
2513 2303 2799 2371 baptizati
2825 2318 3025 2357 sumus
3058 2303 3117 2357 in
3162 2302 3421 2370 Christo,
3456 2303 3515 2357 in
3548 2308 3737 2357 morte
3764 2302 3951 2371 ipsius
3981 2299 4156 2368 bapti—
4204 2334 4209 2369 ς

754 2400 868 2455 lius
889 2414 1066 2455 carne
1082 2404 1351 2455 mortuus
1377 2399 1711 2465 resurrexit,
1737 2400 1877 2472 quia
1902 2400 2405 2457 immortalitatem
2510 2394 2632 2447 zati
2656 2394 2899 2447 sumus?
2952 2392 3303 2460 Cousepulti
3331 2393 3485 2447 enim
3516 2407 3717 2446 sumus
3761 2406 3898 2447 cum
3928 2390 4035 2445 illo
4058 2402 4159 2457 per
4208 2422 4209 2457 ξ

2514 2481 2866 2549 baptismum
2888 2481 2949 2534 in
2975 2485 3243 2548 mortem,
3263 2484 3328 2534 ut
3356 2480 3644 2550 quomodo
3673 2478 3951 2535 Christus
3978 2490 4161 2533 resur-
4208 2510 4212 2550 π

2510 2572 2666 2625 rexit
2706 2585 2743 2624 a
2791 2570 3039 2624 mortuis
3062 2584 3173 2637 per
3212 2570 3471 2639 gloriam
3501 2570 3727 2633 Patris,
3757 2569 3842 2623 ita
3885 2573 3941 2624 et
3971 2582 4073 2622 nos
4103 2566 4160 2620 in
4208 2604 4211 2641 π

2511 2659 2771 2714 novitate
2800 2660 2933 2713 vita:
2976 2659 3342 2714 ambulemus
3371 2658 3558 2728 (Rom.
3591 2674 3666 2727 v1,
3701 2662 3753 2725 3,
3794 2657 3873 2727 4),
3924 2660 3985 2711 et
4031 2669 4161 2710 cum

2510 2748 2770 2816 dixisset,
2804 2748 3135 2817 consepulti
3178 2746 3497 2816 magniﬁce
3537 2745 3790 2817 adjecit:
3834 2746 3923 2804 Si.
3956 2743 4163 2816 inquit,

2512 2836 2908 2905 complantati
2916 2836 3072 2905 facti
3085 2851 3285 2890 sumus
3298 2835 3685 2890 similitudini
3696 2835 3907 2889 mortis
3930 2835 4080 2902 ejus,
4097 2833 4165 2887 si-
4208 2874 4214 2913 ἶ

755 2932 1020 3003 perimus
1073 2931 1304 3003 aliquos
1342 2930 1521 2986 nimis
1561 2931 1874 2987 carnaliter
1922 2932 2215 2988 intuentes
2244 2949 2406 3005 quaa-
2511 2927 2639 2982 mul
2667 2932 2720 2981 et
2764 2926 3213 2981 resurrectionis
3243 2925 3461 2981 erimus
3496 2923 3691 2990 (Ibid,
3724 2925 3799 2993 ὃ).
3836 2923 4004 2979 Sicut
4031 2936 4164 2991 ergo
4210 2966 4214 3003 ι

756 3020 901 3075 dam
929 3019 1147 3074 horum
1192 3019 1253 3074 in
1282 3018 1502 3091 quibus
1546 3024 1763 3074 nostra?
1818 3021 2023 3077 salutis
2056 3021 2406 3093 mysterium
2514 3015 2800 3071 Dominus
2822 3020 3020 3070 noster
3048 3018 3213 3069 Jesus
3245 3013 3505 3071 Christus
3524 3014 3711 3069 tribus
3732 3012 3974 3083 diebus,
4003 3016 4062 3067 et
4086 3011 4170 3066 tri-
4210 3056 4213 3091 λ

758 3112 1008 3173 constat,
1043 3112 1331 3180 tanquam
1377 3107 1580 3163 inania
1610 3112 1713 3163 aut
1737 3109 1927 3165 otiosa
1956 3110 2265 3181 deputare,
2296 3110 2405 3165 hos
2437 3141 2477 3196 ρ
2512 3104 2625 3160 bus
2654 3103 2928 3159 noctibus
2958 3103 3340 3176 corporaliter
3378 3103 3491 3158 sub
3522 3106 3688 3158 terrae
3721 3101 4004 3175 sepulcro
4032 3115 4168 3155 con-

759 3211 797 3252 a
825 3200 947 3251 tam
977 3196 1322 3267 perniciosa:
1353 3195 1650 3267 opinionis
1670 3196 1929 3252 vanitate
1949 3201 2257 3253 revocatos
2278 3213 2407 3269 per-
2446 3191 2477 3196 ’
2513 3194 2671 3250 ditus
2700 3193 2881 3249 fuisse
2927 3192 3298 3260 describitur,
3332 3196 3389 3248 et
3424 3193 3607 3248 homo
3645 3192 3727 3248 ita
3756 3191 3871 3247 sub
3917 3194 4170 3260 cognato
4212 3234 4215 3273 1

759 3300 1142 3341 moneremus
1172 3285 1232 3339 in
1262 3284 1442 3340 rebus
1482 3286 1956 3341 sacramentariis
2006 3302 2127 3341 non
2175 3291 2405 3343 tantum
2515 3288 2677 3339 terrae
2705 3282 2997 3338 elemento
3028 3282 3183 3338 trina
3206 3282 3332 3337 vice
3355 3282 3665 3337 demersus
3690 3280 3983 3353 operitur,
4002 3296 4073 3336 ac
4096 3278 4171 3333 sic
4214 3354 4215 3357 η

758 3391 895 3447 quae
933 3374 1207 3429 videntur
1245 3378 1531 3446 spectare,
1565 3380 1859 3446 quantum
1889 3375 2242 3431 invisibilem
2281 3393 2408 3447 my-
2511 3372 2702 3428 vitalis
2734 3371 3059 3427 imitatione
3089 3371 3357 3443 mysterii
3387 3371 3534 3426 dum
3564 3370 3937 3439 demergitur
3969 3368 4174 3441 sepeli-
4213 3418 4215 3451 λ

761 3468 1072 3519 steriorum
1105 3463 1431 3535 potentiam
1460 3463 1711 3519 ﬁdeliter
1738 3464 2050 3521 testimare.
2074 3465 2225 3531 Quid
2247 3466 2404 3522 enim
2513 3466 2626 3529 tur,
2657 3461 2805 3516 dum
2830 3460 3453 3516 educitursuscitatur.
3471 3459 3757 3515 lnterhaec
3775 3459 3929 3532 quid
3950 3458 4032 3515 ad
4054 3459 4173 3513 haec
4214 3508 4215 3513 η

758 3552 836 3609 ad
883 3552 1067 3608 ﬁdem
1097 3552 1396 3608 venientes
1442 3552 1730 3625 proﬁcere
1763 3552 2141 3621 arbitramur,
2174 3554 2219 3609 si
2260 3554 2406 3610 nihil
2513 3566 2692 3622 aqua,
2725 3554 2781 3605 et
2826 3549 2974 3622 quid
3021 3550 3268 3621 Spiritus
3302 3554 3542 3604 sanctus
3596 3554 3873 3621 operetur
3907 3547 4172 3604 adverte.

756 3640 911 3696 ultra
961 3656 1146 3712 quam
1220 3640 1387 3713 quod
1460 3640 1791 3696 visibilibus
1867 3641 2128 3697 motibus
2189 3642 2401 3712 agitur,
2512 3645 2682 3713 Aqua
2710 3639 2870 3694 velut
2898 3639 3252 3694 morientem
3282 3639 3522 3694 deducit
3545 3639 3606 3694 in
3638 3638 3967 3705 tumulum,
4006 3637 4178 3710 Spiri-

754 3728 1157 3799 regenerantis
1227 3728 1429 3798 gratiae
1508 3733 1741 3800 praestet
1810 3729 2052 3785 effectus
2072 3733 2100 3786 ?
2175 3732 2406 3786 Scimus
2513 3733 2607 3784 tus
2639 3733 2877 3784 sanctus
2906 3727 3067 3783 velut
3091 3734 3497 3798 resurgentem
3524 3728 3796 3801 perducit
3825 3728 3907 3783 ad
3932 3727 4176 3783 coelum.

756 3822 814 3873 et
840 3833 978 3873 vere
1008 3817 1251 3885 scimus,
1282 3833 1393 3872 nos
1441 3817 1635 3888 prima
1678 3818 1980 3874 nativitate
2010 3818 2288 3891 pollutos,
2322 3836 2407 3876 se-
2516 3821 2719 3874 Utrum
2750 3834 2888 3872 vero
2940 3818 3122 3872 homo
3165 3817 3442 3889 baptizet,
3483 3832 3560 3872 an
3602 3820 3793 3885 Deus;
3848 3817 4011 3873 ratio
4051 3816 4183 3889 ipsa

2514 3907 2793 3963 declarat.
2826 3910 2973 3963 Nam
3018 3922 3156 3961 cum
3200 3910 3509 3978 peccatore
3552 3905 3893 3978 baptizante
3928 3910 4186 3979 peccata

2514 3995 2829 4061 donentur,
2861 3994 3009 4049 dum
3035 4010 3475 4066 nonnunquam
3505 3994 3851 4059 criminoso,
3884 3992 4187 4069 baptismi

2514 4083 2865 4155 mysterium
2917 4082 3270 4149 celebrante,
3328 4082 3577 4138 crimina
3624 4083 4039 4152 remittuntur,
4094 4084 4191 4139 hic

756 4171 951 4227 vitatis
983 4170 1125 4227 vitio
1152 4171 1437 4237 carnales,
1468 4172 1740 4227 secundae
1764 4173 2086 4229 nativitatis
2113 4174 2405 4233 beneﬁcio
2512 4172 2695 4228 homo
2723 4171 2825 4244 qui
2853 4171 3083 4226 videtur
3112 4171 3376 4227 conferre
3404 4172 3570 4244 quod
3596 4188 3720 4228 non
3745 4171 3955 4241 habet,
3978 4173 4191 4244 utique

757 4260 1121 4334 spirituales;
1177 4277 1283 4334 per
1310 4261 1472 4317 illam
1509 4261 1659 4318 ﬁlios
1707 4264 1828 4333 irae,
1870 4280 1977 4337 per
2024 4264 2203 4320 istam
2251 4265 2405 4322 ﬁlios
2514 4261 2655 4317 tanti
2697 4260 2962 4316 muneris
3006 4276 3128 4315 non
3178 4264 3402 4327 auctor,
3450 4260 3554 4316 sed
3595 4260 3867 4317 minister
3906 4260 4197 4332 intelligi-

756 4350 1254 4420 gratim.Proinde
1274 4351 1568 4424 quidquid
1592 4368 1847 4424 pravum
1873 4352 2127 4426 quisque
2150 4356 2406 4428 concipit
2514 4354 2628 4416 tur,
2673 4349 2833 4405 unde
2880 4349 3058 4403 etiam
3109 4348 3371 4420 Baptista
3408 4349 3533 4420 ipse
3592 4349 4021 4405 sanctissimus
4068 4350 4193 4405 ait:

757 4440 1049 4495 adversus
1078 4439 1229 4495 sacri
1256 4439 1539 4514 baptismi
1567 4442 2146 4511 reverentiam,sciat
2170 4443 2403 4499 refundi
2435 4493 2476 4514 η
2518 4439 2635 4506 Qui
2676 4454 2766 4494 me
2806 4439 2966 4493 misit
3018 4438 3321 4507 baptizare
3367 4439 3486 4507 ipsi
3533 4439 3683 4494 mihi
3724 4439 3883 4494 dixit
3917 4456 3932 4494 :
3988 4440 4199 4510 Super

753 4528 814 4584 in
845 4530 944 4584 Dei
972 4529 1275 4599 injuriam,
1306 4530 1409 4603 qui
1439 4530 1557 4586 ait:
1603 4532 1739 4587 Nisi
1778 4533 1908 4602 quis
1946 4538 2189 4588 renatus
2216 4534 2401 4603 fuerit
2433 4527 2477 4547 ν
2516 4543 2687 4599 quem
2728 4527 2942 4583 videris
2986 4527 3279 4595 Spiritum
3319 4533 3591 4583 sanctum
3637 4528 4110 4585 descendentem
4146 4535 4200 4584 et

754 4633 829 4673 ex
856 4633 1012 4689 aqua
1042 4624 1097 4674 et
1128 4620 1343 4688 spiritu
1386 4635 1507 4675 non
1552 4625 1743 4688 potest
1771 4622 2023 4675 introire
2050 4622 2112 4675 in
2155 4637 2404 4693 regnum
2513 4620 2845 4671 manentem
2876 4630 3057 4684 εαρεν
3086 4630 3237 4681 eum,
3269 4614 3365 4670 hic
3411 4621 3495 4670 est
3524 4616 3629 4686 qui
3658 4615 3925 4685 baptizat
3964 4619 4036 4673 in
4069 4617 4205 4687 Spi-

754 4708 865 4762 Dei
887 4707 1083 4777 (Joan.
1118 4724 1196 4778 in,
1227 4709 1301 4780 ὅ).
1342 4708 1625 4765 Salutaris
1654 4708 1832 4778 igitur
1860 4708 2185 4780 disciplinae
2217 4711 2407 4781 gratia
2512 4708 2564 4760 νέ

2393 4730 2407 4769 ι
2512 4707 2637 4760 ritu
2666 4710 2872 4760 sancto
2898 4703 3095 4773 (Joan.
3130 4719 3168 4771 ι,
3197 4704 3306 4773 33).
3344 4704 3515 4769 Quod
3543 4704 3829 4759 nimirum
3861 4705 4015 4777 ipsa
4042 4706 4203 4778 bap—

754 4799 861 4862 est,
916 4794 1199 4867 baptismi
1247 4796 1541 4851 rationem
1584 4811 1762 4850 nosse
1809 4796 1905 4851 vel
1951 4812 2217 4867 causam,
2258 4800 2408 4856 sicut
2516 4794 2744 4851 tizantis
2803 4793 2989 4849 verba
3041 4792 3295 4849 ministri
3345 4798 3615 4866 patenter
3658 4794 4008 4865 insinuant,
4054 4813 4208 4853 cum

753 4884 1069 4957 Apostolus
1100 4884 1180 4941 ait
1203 4902 1216 4938 :
1239 4886 1310 4941 Si
1338 4887 1494 4941 enim
1524 4884 1748 4939 mortui
1765 4899 1966 4939 sumus
1989 4900 2118 4940 cum
2145 4887 2403 4956 Christo,
2511 4883 2795 4957 baptismi
2837 4899 3007 4939 sacra
3035 4898 3289 4938 munera
3317 4899 3440 4939 non
3472 4900 3510 4939 a
3552 4900 3615 4939 se
3642 4889 4014 4956 arroganter
4043 4887 4207 4955 dari,

752 4972 1044 5028 credimus
1071 4974 1215 5042 quia
1259 4973 1439 5027 simul
1478 4972 1738 5027 vivemus
1769 4987 1900 5026 cum
1936 4971 2171 5029 Christo
2204 4976 2402 5042 (Joan.
2515 4972 2624 5029 sed
2665 4972 2742 5029 ab
2785 4972 2916 5044 ipso
2968 4975 3085 5027 Deo
3136 4976 3376 5027 auctore
3424 4972 3756 5045 proﬁtetur,
3810 4974 3931 5030 sub
3996 4976 4211 5032 verbis

753 5077 832 5128 v1,
859 5062 931 5131 8).
967 5060 1269 5117 Commori
1298 5059 1458 5114 enim
1498 5075 1636 5113 cum
1676 5059 1921 5127 Christo,
1974 5065 2029 5115 et
2067 5062 2298 5134 sepeliri
2328 5062 2407 5117 ad
2513 5060 2900 5133 hujusmodi:
2944 5062 3101 5116 Deus
3150 5062 3255 5132 qui
3302 5067 3355 5116 te
3404 5064 3777 5131 regeneravit
3826 5078 3905 5119 ex
3939 5080 4125 5137 aqua
4159 5074 4213 5121 et

752 5148 868 5203 hoc
896 5148 1102 5215 tendit,
1128 5152 1193 5203 ut
1223 5164 1361 5203 cum
1387 5147 1487 5203 illo
1507 5162 1816 5218 resurgere
1838 5149 2163 5220 possimus,
2188 5156 2243 5207 et
2269 5167 2408 5206 cum
2513 5152 2753 5219 spiritu,
2786 5151 2908 5219 ipse
2946 5155 3002 5206 te
3034 5151 3169 5205 linit
3211 5150 3534 5206 chrismate
3569 5152 3804 5207 salutis.
3839 5155 3982 5209 Non
4020 5154 4216 5226 igitur

754 5236 854 5292 illo
883 5236 1102 5292 vivere.
1153 5236 1267 5292 Sed
1304 5236 1450 5291 dicis
1497 5236 1680 5293 mihi:
1732 5239 2043 5303 Quomodo
2087 5241 2201 5297 hoc
2242 5241 2407 5313 quod
2515 5238 2798 5294 audiendi
2862 5240 3018 5308 sunt,
3085 5237 3190 5309 qui
3251 5237 3457 5293 dicunt
3522 5238 3599 5294 ad
3663 5239 3848 5295 ﬁdem
3911 5249 4216 5300 nostram

755 5324 836 5381 ad
890 5324 1202 5380 defunctos
1256 5326 1528 5396 pertinet,
1580 5325 1640 5381 in
1691 5326 2026 5384 viventibus
2069 5329 2257 5401 possit
2301 5329 2409 5384 im—
2515 5326 2843 5397 venientes,
2894 5325 3223 5397 specialiter
3284 5326 3363 5382 ab
3424 5327 3666 5383 homine
3719 5327 4058 5400 baptizari,
4122 5332 4216 5387 vel

753 5412 941 5486 pleri?
971 5412 1260 5467 Dominus
1292 5416 1492 5469 noster
1518 5417 1683 5470 Jesus
1706 5415 1966 5472 Christus
1987 5416 2280 5473 beneﬁcia
2305 5433 2408 5473 no-
2514 5414 2878 5470 Christianos
2924 5412 3190 5487 primum
3240 5420 3346 5470 aut
3396 5416 3859 5472 catechumenos
3923 5419 4216 5493 baptiza

754 5500 849 5557 bis
879 5517 989 5557 sua
1014 5515 1124 5572 pro
1156 5506 1358 5558 nostra
1387 5502 1572 5559 salute
1604 5505 2057 5573 commendans,
2082 5510 2137 5561 et
2167 5504 2408 5561 sollicite
2516 5507 2607 5559 tos
2640 5504 2783 5575 (20):
2816 5503 2982 5576 quod
3011 5503 3256 5575 quidem
3278 5504 3531 5561 haeretici
3562 5505 3636 5560 de
3663 5506 3941 5579 Baptista
3963 5512 4216 5567 Joanne

757 2505 879 2544 sure
904 2488 1226 2543 divinitatis
1254 2504 1432 2544 carne
1460 2493 1732 2543 mortuus
1757 2505 1880 2544 non
1909 2489 2127 2546 amisit.

828 2576 942 2633 Sed
994 2576 1068 2632 de
1114 2576 1227 2632 hoc
1280 2576 1507 2632 dictum
1558 2576 1698 2632 satis
1748 2592 1855 2649 pro
1908 2577 2155 2633 modulo
2201 2582 2404 2633 nostro

756 2666 1143 2732 aestimamus,
1171 2680 1293 2721 non
1317 2665 1700 2737 quibuslibet,
1734 2664 1838 2720 sed
1866 2665 2087 2737 quibus
2118 2667 2178 2721 in
2218 2667 2406 2738 Scrip-

754 2754 898 2810 turis
968 2758 1239 2809 versatur
1312 2753 1582 2809 studiosa
1657 2753 1914 2809 devotio.
1979 2754 2158 2809 Nobis
2226 2754 2404 2827 plane

754 2859 825 2899 ea
874 2842 1189 2912 singularis
1242 2842 1420 2898 instat
1464 2842 1731 2911 intentio,
1784 2846 1863 2909 ut,
1907 2844 2195 2915 quoniam
2245 2860 2407 2899 com-

758 3905 958 3961 cnnda
986 3903 1287 3960 nativitate
1319 3904 1674 3973 mundatns;
1715 3905 1911 3977 prima
1943 3907 2245 3964 nativitate
2272 3925 2408 3981 cap-

758 3993 931 4063 tivos,
958 3992 1223 4048 secunda
1249 3993 1551 4049 nativitate
1581 3993 1830 4063 liberos;
1882 3995 2077 4069 prima
2103 3997 2406 4055 nativitate

757 4086 1043 4151 terrenos,
1071 4081 1334 4138 secunda
1361 4081 1657 4138 nativitate
1689 4083 1953 4139 caelestes
1979 4102 1991 4149 ;
2025 4085 2233 4157 primae
2263 4087 2408 4142 nati-

826 5626 935 5698 (20)
979 5624 1437 5683 Catechumenos
1470 5628 1815 5698 baptizatos.
1871 5630 2164 5685 Nonnulla
2201 5629 2405 5683 viden-

756 5701 849 5753 tur
877 5697 1105 5763 deesse,
1136 5701 1193 5751 et
1211 5713 1414 5754 revera
1445 5697 1655 5755 sensus
1686 5716 1809 5756 non
1840 5702 2114 5757 cohaeret.
2150 5699 2406 5755 Habetur

754 5768 817 5825 in
856 5768 1070 5826 eadem
1109 5774 1376 5827 nostrum
1410 5770 1717 5839 baptisma.
1774 5771 1866 5828 Sic
1914 5774 2109 5827 Patres
2156 5769 2299 5826 olim
2345 5769 2408 5824 in

2517 5628 3169 5711 neutropsurpabant,
3191 5628 3271 5683 sic
3300 5630 3517 5703 saepius
3556 5629 3617 5685 in
3648 5632 4216 5692 constitutionibus

2519 5699 2712 5755 Caroli
2740 5699 2933 5769 Magni
2962 5700 3267 5772 reperitur.
