3952 6384
141 247 237 299 201
1676 255 2047 311 ΕΡΙΞΤΟΙΑΕ.

3470 272 3577 323 202

140 366 383 437 intelligi
414 368 638 461 volunt.
671 371 783 461 Sed
816 371 951 461 quis
991 389 1130 429 eum
1174 376 1677 433 catechumenum
1708 377 1799 432 di-
1844 383 1891 434 Α
1920 381 2192 437 sacriﬁcii
2218 383 2532 456 placabilis
2562 386 2735 441 nobis
2766 388 3022 460 providit
3056 389 3459 461 expiamcnta,
3496 397 3576 460 ut,

142 471 271 511 cere
314 457 584 513 audeat?
633 459 736 531 qui
785 460 984 516 adhuc
1016 461 1074 517 in
1108 468 1277 519 utero
1314 466 1543 532 matris,
1590 465 1808 537 Spiritu

141 550 349 601 sancto
372 553 457 603 est
488 548 769 620 repletus,
803 549 904 622 qui
939 552 1193 619 gratiam
1220 558 1357 609 ante
1386 554 1588 624 vitam,
1623 555 1806 611 bene-

140 634 461 692 dictionem
490 639 705 693 meruit
726 639 965 695 haurire
1016 646 1345 714 antequam
1375 643 1574 700 lucem
1602 645 1629 699 ?
1677 645 1803 717 qui,

141 725 217 780 ad
248 724 619 797 baptismum
647 728 996 799 praeelectus
1023 747 1058 785 a
1076 731 1351 799 Domino,
1368 732 1501 805 ipso
1518 733 1805 806 baptismi

140 815 338 870 ofﬁcio
364 821 452 872 est
480 818 888 874 sanctiﬁcatus
916 836 928 874 ε
959 819 1125 891 quod
1156 821 1403 894 quidem
1430 823 1805 896 baptismum

142 905 256 960 sub
278 905 572 962 Trinitatis
604 913 980 964 sacramento
1012 908 1235 966 factum
1267 911 1483 982 legitur
1516 932 1527 969 :
1570 913 1805 969 dicente

140 994 304 1050 enim
336 996 617 1053 Domino:
654 1000 769 1054 Hie
792 1005 875 1054 est
899 1000 1063 1067 ﬁlius
1094 1016 1257 1057 meus
1287 1002 1541 1059 dilectus
1564 1004 1803 1075 (Matth.

137 1099 280 1150 xvu,
316 1084 387 1155 55).
424 1087 593 1140 Pater
637 1085 697 1140 in
730 1103 896 1156 voce,
933 1087 1184 1160 Spiritus
1229 1094 1472 1146 sanctus
1514 1091 1575 1146 in
1609 1091 1807 1163 specie

141 1173 461 1242 columbas,
514 1175 691 1230 Filius
750 1176 1015 1233 adfuisse
1073 1178 1368 1251 probatur
1415 1180 1475 1236 in
1535 1196 1802 1254 corpore.

140 1264 447 1318 Postremo
493 1263 566 1319 de
595 1265 1031 1322 catcchumeno
1072 1268 1333 1341 Baptista
1375 1286 1501 1325 non
1530 1262 1662 1337 nes,
1700 1270 1807 1326 sed

140 1352 345 1424 ipsum
374 1352 754 1427 baptismatis
802 1356 1250 1413 calumniantur
1289 1363 1617 1416 auctorem.
1662 1364 1807 1417 Nos-

140 1441 300 1494 trum
323 1456 464 1496 vero
484 1441 862 1516 baptismum
890 1446 1162 1502 conditor
1184 1464 1251 1503 ac
1272 1448 1617 1522 redemptor
1644 1450 1807 1505 insti-

140 1528 251 1583 tuit
278 1528 517 1586 dicens:
548 1533 655 1601 Ite,
691 1535 990 1603 baptizate
1017 1552 1215 1594 omnes
1244 1543 1446 1609 gentes
1478 1541 1540 1595 in
1570 1541 1808 1595 nomine

138 1618 366 1689 Patris,
414 1627 468 1676 et
512 1623 676 1689 Filii,
705 1628 759 1679 et
789 1624 1055 1694 Spiritus
1099 1628 1298 1683 sancti
1323 1629 1564 1697 (Matth.
1599 1644 1803 1698 xxvm,

1915 470 2059 542 quia
2085 488 2305 545 corpus
2338 491 2538 544 suum,
2563 476 2729 548 quod
2752 477 2936 533 semel
2959 493 3068 550 pro
3098 478 3273 533 nobis
3293 480 3583 536 offerebat

1916 554 1976 609 in
2004 557 2282 627 pretium,
2305 558 2488 631 paulo
2515 565 2652 633 post
2680 578 2716 616 a
2742 561 2959 617 nostris
2982 562 3210 617 visibus
3236 563 3579 619 sublaturus

1916 640 2115 697 fuerat
2149 641 2209 697 in
2240 643 2480 711 cadum,
2514 660 2588 699 ne
2619 644 2838 700 sublati
2867 646 3133 718 corporis
3164 646 3583 704 fraudarcmur

1914 731 2193 801 praesenti
2239 733 2592 797 munimine,
2638 734 2907 807 corporis
2938 735 3329 792 nihilominus
3362 743 3417 793 et
3447 755 3582 793 san-

1917 818 2113 886 guinis
2145 820 2235 875 sui
2267 821 2487 893 pignus
2510 822 2769 878 salutare
2796 822 2971 878 nobis
3003 822 3258 897 reliquit,
3295 841 3417 881 non
3452 827 3579 881 ina-

1916 907 2007 963 nis
2039 910 2304 981 mysterii
2334 912 2703 983 symbolum,
2739 912 2843 968 sed
2865 913 3330 987 compaginante
3366 916 3583 989 Spiritu

1918 1003 2126 1054 sancto
2154 1016 2373 1072 corpus
2396 1000 2605 1057 Christi
2639 1018 2870 1071 verum,
2907 1003 3073 1075 quod
3104 1004 3459 1076 quotidiana
3485 1022 3582 1060 ve-

1916 1087 2246 1158 neratione,
2282 1089 2395 1145 sub
2428 1089 2644 1146 visibili
2670 1095 2959 1146 creaturae
2991 1092 3185 1147 forma
3212 1092 3583 1149 invisibiliter

1914 1176 2102 1232 virtus
2155 1183 2380 1235 secreta
2410 1179 2472 1234 in
2504 1179 2689 1236 sacris
2743 1180 3116 1237 solemnibus
3147 1187 3449 1255 operatur.
3504 1186 3581 1239 De

1919 1281 2042 1338 quo
2064 1266 2177 1322 sub
2201 1267 2350 1323 hora
2380 1269 2683 1341 passionis
2712 1286 2833 1324 suae
2867 1269 2993 1343 ipse
3023 1270 3420 1327 familiaribus
3460 1272 3582 1328 suis

1915 1355 1995 1411 ait
2028 1375 2039 1411 :
2091 1359 2222 1414 Hoc
2276 1364 2361 1415 est
2404 1376 2619 1428 corpus
2651 1374 2845 1415 meum
2876 1360 3119 1430 (Matth.
3172 1377 3331 1427 xxvi,
3366 1365 3453 1429 26)
3482 1380 3494 1429 ;
3527 1366 3585 1417 et

1914 1445 2097 1518 paulo
2116 1452 2282 1519 post:
2316 1450 2433 1503 Hic
2456 1455 2537 1504 est
2560 1450 2805 1519 sanguis
2832 1465 2994 1505 meus
3019 1450 3178 1505 Novi
3203 1451 3578 1522 Testamenti,

1916 1536 2023 1605 qui
2043 1552 2157 1605 pro
2204 1537 2365 1592 vobis
2407 1539 2706 1607 fundetur
2752 1538 2949 1609 (ΗΜΛ,
2983 1541 3105 1609 28);
3148 1543 3203 1593 et
3248 1538 3427 1593 alibi:
3469 1540 3584 1606 Qui

1916 1626 2243 1682 manducat
2264 1642 2453 1683 meam
2474 1643 2736 1694 carnem,
2754 1634 2806 1683 et
2836 1628 2976 1683 bibit
2995 1644 3188 1683 meum
3205 1630 3577 1698 sanguinem,

144 1708 253 1779 19).
284 1713 346 1764 In
385 1726 508 1783 quo
539 1729 683 1768 sane
710 1715 1015 1785 mysterio,
1053 1715 1302 1788 Spiritus
1352 1723 1597 1774 sanctus
1650 1722 1705 1774 Ρε

2019 1730 2102 1770 me
2130 1722 2351 1787 manet,
2380 1722 2432 1771 et
2466 1732 2572 1786 ego
2631 1718 2693 1771 in
2738 1731 2801 1772 eo
2836 1718 3111 1787 (Joan.vl,
3161 1721 3248 1782 55,
3298 1718 3407 1789 57).
3453 1719 3580 1783 Qua

140 1800 199 1852 et
231 1798 367 1855 Filio
397 1799 783 1875 inseparabili
835 1804 1119 1860 societate
1151 1808 1544 1876 connectitur,
1579 1812 1637 1863 et
1664 1824 1805 1881 pro-

138 1891 345 1959 pterea
374 1889 434 1945 in
462 1890 688 1947 Christo
718 1892 908 1948 renati
930 1892 1141 1949 merito
1164 1911 1304 1951 eum
1334 1896 1468 1951 vita:
1499 1900 1807 1952 auctorem

140 1978 413 2050 credunt,
470 1978 594 2035 sine
645 1997 767 2053 quo
820 1982 1071 2038 omnino
1103 1982 1390 2040 celebrari
1422 1984 1555 2040 vitae
1606 2000 1809 2041 sacra-

138 2072 348 2124 menta
376 2085 501 2125 non
548 2075 819 2142 possunt.
856 2076 984 2145 Ipse
1015 2073 1177 2128 enim
1208 2074 1537 2131 caelestium
1579 2075 1807 2131 charis-

138 2162 374 2214 matum
423 2164 651 2229 auctor,
698 2160 829 2233 ipse
881 2162 1281 2235 spiritualium
1318 2180 1643 2220 munerum
1690 2164 1809 2220 dis-

138 2252 443 2319 pensator,
480 2249 607 2323 ipse
630 2250 950 2307 criminum
980 2251 1292 2309 absolutor
1320 2257 1379 2310 et
1419 2259 1808 2327 peccatorum

139 2337 443 2393 remissor.
481 2340 670 2404 Quem
698 2339 862 2395 enim
892 2340 1057 2398 vides
1085 2346 1314 2398 natura;
1344 2342 1547 2399 debita
1577 2343 1803 2415 laxare,

140 2431 450 2483 auctorem
477 2443 777 2497 cognosce
804 2435 1054 2486 naturae.
1091 2431 1181 2488 Sic
1213 2431 1375 2487 enim
1400 2432 1651 2505 Spiritus
1674 2448 1808 2489 san-

138 2522 271 2573 ctus
314 2516 396 2574 ita
424 2518 602 2573 unius
629 2523 717 2575 est
745 2536 885 2576 cum
916 2524 1083 2578 Patre
1129 2522 1429 2595 potentiae,
1460 2527 1544 2593 ut,
1584 2523 1645 2578 in
1673 2524 1806 2594 ejus

139 2606 615 2680 comparatione,
644 2608 792 2665 nihil
813 2609 1075 2683 amplius
1096 2616 1361 2683 paterna
1382 2612 1571 2685 possit
1590 2612 1808 2669 ascribi

138 2695 343 2766 gloriae
372 2697 467 2753 vel
492 2702 740 2753 naturas.
1314 2692 1323 2697 ’

205 2788 341 2842 Jam
373 2802 533 2843 nunc
566 2787 643 2843 ad
674 2786 821 2843 illud
855 2788 1144 2845 Dominici
1175 2790 1445 2863 corporis
1478 2794 1535 2846 et
1564 2791 1805 2861 sangui-

133 2874 230 2931 nis
287 2881 665 2933 transeamus
722 2878 1059 2934 venerabile
1113 2885 1580 2949 sacramentum,
1639 2882 1807 2954 quod

132 2965 386 3038 quidem
429 2971 665 3023 tantum
704 2967 1081 3024 formidabile
1127 2973 1218 3025 est
1268 2969 1347 3025 ad
1374 2968 1753 3043 loquendum
1788 2988 1802 3026 :

131 3060 434 3149 quantum
482 3072 605 3149 non
649 3061 971 3149 terrenum,
1020 3057 1127 3149 sed
1177 3058 1412 3115 cceleste
1458 3065 1546 3115 est
1576 3064 1802 3149 myste-
1834 3092 1875 3149 ο

130 3143 327 3212 rium;
359 3161 484 3201 non
512 3146 797 3203 humanae
828 3146 1211 3203 aestimationi
1243 3148 1673 3221 comparabile,
1695 3149 1801 3205 sed

131 3233 533 3303 admirabile;
586 3252 709 3293 non
744 3236 1201 3310 disputandum,
1236 3237 1341 3293 sed
1385 3238 1802 3295 metuendum.

133 3324 213 3378 De
245 3338 368 3396 quo
391 3323 559 3381 silere
590 3325 789 3397 potius
811 3326 1250 3382 aestimaveram
1277 3342 1467 3398 quam
1490 3328 1806 3384 temeraria

131 3413 540 3486 disputatione
563 3414 807 3485 indigne
838 3414 1065 3488 aliquid
1081 3415 1359 3484 deﬁnire;
1389 3416 1536 3488 quia
1550 3417 1805 3474 cmlestis

134 3502 389 3559 altitudo
431 3504 702 3576 mysterii
743 3504 921 3577 plane
970 3521 1092 3561 non
1136 3505 1295 3561 valet
1336 3504 1536 3562 ofﬁcio
1582 3506 1803 3577 linguae

135 3592 543 3665 corruptibilis
568 3594 810 3667 exponi.
837 3597 933 3649 Est
962 3595 1124 3650 enim
1154 3594 1512 3667 mysterium
1530 3594 1651 3652 ﬁde
1681 3610 1806 3651 non

136 3681 337 3755 specie
370 3682 821 3752 testimandum,
867 3699 992 3739 non
1034 3682 1167 3738 visu
1198 3699 1509 3756 corporeo,
1552 3683 1659 3739 sed
1688 3682 1808 3756 spi-

135 3772 254 3828 ritu
284 3771 663 3828 intuendum.
691 3773 795 3829 Cui
820 3773 1069 3845 quidem
1092 3773 1171 3829 ad
1200 3789 1379 3829 usum
1405 3773 1647 3845 profuit,
1680 3789 1804 3829 non

136 3861 550 3934 superstitiosa
580 3861 926 3918 mortalium
953 3862 1207 3932 cultura,
1232 3861 1336 3918 sed
1362 3861 1613 3917 caelestis
1635 3861 1808 3918 disci-

134 3951 320 4023 plinae
350 3951 640 4021 magistra
680 3951 1025 4015 auctoritas,
1055 3967 1177 4008 non
1208 3951 1481 4008 doctrina
1510 3951 1802 4021 humana,

136 4040 248 4096 sed
280 4039 567 4097 institutio
598 4041 822 4097 divina.
868 4042 1050 4113 Cujus
1097 4042 1355 4114 potentis
1404 4040 1675 4115 mysterii
1715 4057 1804 4097 se-

133 4134 367 4186 cretum
389 4131 889 4204 quandoquidem
911 4131 1060 4187 ratio
1077 4147 1277 4187 rerum
1293 4130 1451 4187 mole
1471 4131 1625 4188 victa
1644 4147 1805 4187 com-

132 4220 508 4292 prehendere
539 4236 663 4276 non
716 4219 894 4291 valet,
953 4221 1067 4276 hoc
1116 4224 1350 4276 tantum
1398 4220 1549 4276 ﬁdes
1580 4225 1801 4289 teneat,

132 4309 284 4382 quia
305 4309 603 4382 quidquid
628 4309 781 4365 inter
794 4309 1070 4365 homines
1101 4313 1256 4366 Deus
1278 4309 1397 4381 egit
1417 4314 1520 4366 aut
1540 4310 1801 4382 pertulit,

133 4414 329 4455 causa
381 4398 663 4454 servandi
718 4399 971 4455 humani
1036 4399 1270 4470 generis
1323 4398 1416 4455 vel
1480 4398 1802 4473 reparandi

134 4488 332 4558 gratia
379 4487 522 4544 fuit:
563 4489 626 4543 in
660 4504 783 4561 quo
813 4488 1109 4545 beneﬁcia
1154 4505 1286 4556 sua,
1338 4505 1476 4561 quin
1526 4488 1605 4545 ab
1636 4488 1802 4545 initio

132 4576 407 4645 dederat,
441 4576 523 4631 sic
554 4592 790 4649 semper
816 4577 1039 4646 dilexit,
1072 4582 1155 4646 ut,
1198 4577 1415 4633 nostris
1465 4577 1641 4633 malis
1670 4578 1806 4635 licet

133 4666 427 4730 offensus,
484 4663 729 4735 pronior
758 4681 996 4737 semper
1043 4664 1122 4721 ad
1169 4664 1607 4735 indulgentiam
1654 4665 1805 4722 foret

132 4770 329 4828 quam
360 4753 439 4809 ad
488 4752 838 4809 vindictam.
888 4753 1028 4809 Inde
1058 4757 1147 4809 est
1188 4753 1355 4826 quod
1394 4754 1803 4811 damnationis

134 4846 359 4900 nostra:
386 4841 1103 4916 proscriptionem,quam
1126 4841 1304 4914 primi
1334 4842 1597 4916 parentis
1621 4847 1807 4899 trans-

134 4932 367 5003 gressio
398 4930 815 4988 miserabiliter
838 4931 898 4987 in
925 4935 1196 5004 posteros
1218 4930 1645 5002 transfuderat,
1674 4948 1807 4989 eva-

135 5036 319 5077 cuare
343 5021 697 5094 disponens,
720 5021 917 5077 carnis
943 5024 1161 5076 nostra;
1182 5019 1589 5077 morticinium
1611 5037 1807 5077 susce-

133 5110 244 5183 pit,
285 5126 392 5183 per
439 5125 626 5183 quam
669 5109 1028 5166 immortalis
1083 5108 1397 5165 moriendo
1448 5108 1805 5182 captivitatis

134 5199 357 5250 nostrae
379 5211 632 5251 causam
649 5194 941 5251 solvisset.
962 5194 1104 5250 inde
1133 5198 1222 5251 est
1241 5193 1427 5267 quod,
1461 5198 1803 5267 reparatam

134 5284 424 5340 humanae
454 5282 702 5355 originis
730 5284 1084 5354 dignitatem
1108 5284 1303 5340 sciens
1334 5299 1572 5357 semper
1597 5282 1805 5339 diabo-

132 5372 267 5428 lum
297 5372 584 5440 invidere,
610 5377 666 5428 et
692 5374 973 5447 nequitiae
1006 5390 1130 5429 sure
1161 5377 1285 5431 arte
1314 5389 1586 5447 quaerere
1616 5373 1806 5446 quali-

136 5467 227 5517 ter
257 5462 562 5518 hominem
596 5479 632 5518 a
664 5462 754 5518 sui
787 5463 1086 5519 voluntate
1118 5462 1451 5519 Conditoris
1492 5466 1800 5530 averteret,

135 5558 197 5609 et
225 5554 485 5626 antiquae
514 5553 855 5626 perditioni,
892 5554 941 5609 si
982 5553 1073 5610 fas
1100 5558 1275 5621 esset,
1306 5553 1639 5610 obnoxium
1666 5553 1804 5609 red-

134 5641 304 5696 deret
337 5659 349 5695 :
382 5641 684 5697 defectum
708 5646 926 5698 nostrae
971 5641 1301 5711 fragilitatis
1326 5642 1664 5709 miseratus,
1700 5642 1803 5698 ad-

135 5746 345 5786 versus
375 5730 760 5803 quotidianus
805 5735 1020 5787 nostrae
1070 5730 1480 5803 prolapsionis
1529 5731 1794 5788 offensas

571 5821 813 5875 PATROL.
857 5821 1028 5876 CXLI.

1915 1803 2037 1859 veri
2064 1804 2335 1873 magistri
2379 1805 2726 1861 auctoritate
2757 1805 3031 1877 animati,
3077 1805 3223 1861 dum
3258 1807 3489 1879 corpori
3526 1811 3582 1862 et

1918 1893 2199 1963 sanguini
2229 1894 2359 1965 ejus
2411 1895 2954 1961 communicamus,
3005 1895 3295 1951 audenter
3324 1895 3583 1951 fatemur

1917 1996 2030 2036 nos
2059 1981 2119 2037 in
2168 1997 2387 2055 corpus
2414 1982 2571 2037 illius
2604 1982 2964 2054 transfundi,
2997 1988 3052 2038 et
3081 1982 3281 2055 ipsum
3312 1983 3370 2038 in
3403 1983 3578 2038 nobis

1918 2087 2182 2127 manere.
2218 2076 2278 2127 ln
2311 2071 2486 2128 nobis
2524 2072 2725 2144 ipsum
2766 2088 3009 2128 manere
3040 2072 3196 2141 dico,
3228 2089 3350 2129 non
3384 2073 3580 2129 solum

1918 2176 2024 2233 per
2053 2161 2441 2217 concordiam
2469 2161 2811 2226 voluntatis,
2864 2162 2970 2217 sed
3001 2162 3181 2218 etiam
3215 2179 3321 2235 per
3349 2167 3580 2218 naturae

1920 2249 2099 2305 unita:
2130 2250 2457 2307 veritatem.
2488 2250 2543 2307 Si
2575 2249 2735 2306 enim
2767 2250 3023 2307 Verbum
3050 2267 3190 2307 caro
3222 2250 3447 2307 factum
3473 2257 3578 2320 est,

1917 2344 1975 2395 et
2003 2355 2115 2395 nos
2147 2355 2285 2396 vere
2316 2340 2572 2396 verbum
2607 2356 2849 2397 carnem
2891 2340 3025 2396 cibo
3054 2340 3365 2396 Dominico
3400 2342 3583 2397 sumi-

1917 2444 2079 2496 mus,
2131 2429 2442 2501 quomodo
2474 2445 2596 2485 non
2626 2429 2978 2485 naturaliter
3009 2428 3275 2486 Christus
3312 2430 3373 2485 in
3404 2430 3580 2486 nobis

1917 2534 2161 2574 manere
2202 2518 2636 2575 existimandus
2668 2524 2753 2575 est
2781 2520 2807 2573 ?
2852 2519 2956 2591 qui
2987 2524 3044 2574 et
3072 2524 3353 2575 naturam
3385 2520 3581 2576 carnis

1917 2610 2135 2663 nostra;
2155 2608 2284 2677 jam
2301 2606 2771 2680 inseparabilem
2799 2607 2911 2663 sibi
2927 2607 3112 2663 homo
3144 2614 3319 2664 natus
3349 2626 3581 2664 assum-

1916 2697 2119 2771 psit,et
2148 2703 2428 2754 naturam
2449 2697 2644 2754 carnis
2677 2714 2801 2753 sum
2829 2697 2906 2754 ad
2932 2702 3213 2754 naturam
3238 2699 3577 2755 aeternitatis

1918 2788 2030 2844 sub
2076 2792 2453 2844 sacramento
2483 2787 2659 2843 nobis
2691 2787 3214 2843 communicandas
3247 2788 3443 2843 carnis
3476 2788 3579 2844 ad-

1915 2877 2201 2933 miscuit?
2233 2878 2316 2933 Ita
2348 2892 2490 2947 ergo
2515 2876 2575 2931 in
2606 2880 2723 2932 Deo
2745 2893 2978 2949 sumus,
2996 2876 3141 2949 quia
3170 2882 3225 2933 et
3256 2878 3315 2933 in
3349 2877 3579 2935 Christo

1914 2970 2082 3023 Pater
2111 2970 2199 3024 est
2223 2972 2280 3023 et
2306 2967 2570 3024 Christus
2614 2967 2675 3023 in
2704 2966 2881 3022 nobis
2915 2971 3023 3022 est.
3073 2970 3221 3023 Cum
3250 2984 3395 3023 vero
3428 2966 3487 3022 in
3518 2984 3580 3023 re

1914 3056 2081 3113 omni
2112 3058 2231 3114 sint
2256 3074 2399 3127 erga
2425 3073 2538 3112 nos
2559 3056 3006 3113 inaestimabiles
3030 3056 3253 3113 divitiae
3287 3058 3406 3125 Dei,
3428 3057 3581 3113 adeo

1916 3152 1981 3203 ut
2031 3147 2345 3219 majestate
2392 3146 2750 3204 abscondita
2807 3146 3189 3219 corruptibile
3239 3163 3350 3219 pro
3404 3147 3582 3203 nobis

1913 3253 2133 3310 corpus
2159 3236 2448 3304 induerit;
2472 3235 2848 3292 contumeliis
2879 3241 2937 3292 et
2965 3236 3348 3309 passionibus
3382 3235 3583 3291 subdi-

1911 3326 2082 3397 derit,
2136 3342 2259 3399 quo
2310 3342 2490 3399 opem
2530 3327 2706 3382 ferret
2740 3330 3056 3398 assumpto
3101 3325 3377 3393 homini;
3436 3325 3583 3398 quid

1910 3415 2229 3484 indignum
2258 3418 2377 3471 Deo
2400 3413 2660 3485 judicari
2687 3418 2902 3486 potest,
2933 3413 3039 3485 qui
3068 3418 3304 3468 uterum
3329 3413 3579 3482 Virginis

1913 3504 2114 3572 subiit,
2148 3504 2195 3560 si
2222 3503 2555 3573 virginibus
2597 3502 2807 3559 creatis
2837 3502 3173 3557 infunditur
3204 3503 3231 3557 ?
3280 3518 3417 3574 quae
3448 3502 3583 3558 licet

1912 3591 2198 3664 simplicis
2229 3596 2459 3648 natura!
2480 3590 2665 3664 paulo
2692 3595 2829 3646 ante
2874 3590 3197 3661 praeferant
3227 3589 3577 3661 imaginem,

1910 3681 2305 3754 postmodum
2335 3679 2607 3739 caelestis.
2642 3679 2747 3734 ubi
2788 3678 3258 3735 sanctificatione
3291 3676 3580 3750 inspirata

1912 3772 2198 3842 majestas
2228 3786 2372 3827 vera
2402 3768 2778 3836 diffunditur,
2806 3773 2863 3824 et
2888 3784 3024 3840 qua:
3049 3766 3382 3824 substantia
3403 3767 3579 3839 panis

1914 3864 1971 3915 et
1994 3859 2117 3914 vini
2164 3858 2500 3933 apparebat
2528 3856 2807 3924 exterius,
2835 3857 2965 3927 jam
3019 3871 3238 3928 corpus
3271 3854 3484 3912 Christi
3524 3858 3582 3909 et

1913 3948 2160 4019 sanguis
2190 3949 2258 4003 ﬁt
2285 3947 2553 4004 interius.
2580 3949 2763 4004 Gusta
2787 3945 2967 4018 igitur
2996 3949 3053 4001 et
3075 3944 3213 4001 vide
3234 3960 3421 4017 quam
3448 3960 3582 4000 sua-

1912 4038 2002 4094 vis
2046 4038 2237 4108 cibus,
2270 4043 2324 4093 et
2354 4040 2641 4111 pergusta
2669 4035 2818 4109 quid
2852 4034 3027 4107 sapit.
3065 4033 3247 4107 Sapit.
3282 4033 3342 4088 ni
3382 4033 3576 4103 fallor,

1913 4127 2117 4183 cibum
2142 4126 2311 4183 illum
2342 4125 2681 4197 angelicum
2712 4123 3039 4180 habentem
3071 4122 3225 4178 intra
3248 4138 3309 4177 se
3342 4122 3578 4195 mystici

1913 4216 2146 4290 saporis
2187 4216 2715 4284 delectamentum,
2750 4229 2877 4270 non
2907 4211 3075 4285 quod
3119 4228 3219 4267 ore
3252 4211 3577 4279 discernes,

1915 4306 2021 4362 sed
2045 4305 2211 4379 quod
2232 4306 2451 4362 affectu
2468 4302 2733 4361 interiori
2760 4303 3060 4373 degustes.
3094 4305 3273 4357 Exere
3305 4300 3577 4373 palatum

1912 4393 2073 4459 ﬁdei,
2108 4394 2292 4450 dilata
2323 4393 2525 4449 fauces
2553 4391 2698 4465 spei,
2719 4391 2949 4446 viscera
2975 4389 3278 4445 charitatis
3302 4387 3576 4459 extende,

1912 4488 1970 4540 et
1996 4500 2164 4539 sume
2188 4499 2410 4556 panem
2438 4479 2889 4548 vita:,interioris
2907 4478 3171 4535 hominis
3199 4478 3575 4545 alimentum,

1911 4588 2036 4629 non
2093 4576 2217 4628 arte
2269 4569 2519 4644 pistoria
2576 4568 3022 4639 fermentatum,
3084 4566 3190 4622 sed
3246 4566 3577 4622 incarnatae

1914 4661 2147 4718 deitatis
2177 4659 2349 4716 vitale
2380 4658 2780 4731 pulmentum.
2830 4658 3009 4714 Sume
3047 4654 3439 4711 nihilominus
3496 4657 3580 4711 vi-

1914 4768 2063 4809 num
2089 4766 2211 4807 non
2248 4748 2490 4806 sordido
2522 4748 2747 4804 cultore
2778 4746 3094 4814 calcatum,
3131 4745 3239 4801 sed
3280 4746 3355 4801 de
3381 4750 3578 4802 torcu-

1914 4841 2025 4898 lari
2074 4839 2265 4897 crucis
2307 4853 2683 4913 expressum.
2735 4839 2938 4905 Gusta,
2988 4836 3262 4908 inquam,
3323 4834 3579 4891 caelestis

1914 4930 2125 5006 pabuli
2158 4929 2539 4999 suavitatem,
2572 4926 2679 4984 sed
2718 4942 2791 4983 ne
2822 4942 3077 4982 nausees
3108 4924 3324 4982 terreni
3364 4924 3579 4994 germi-

1915 5020 2007 5077 nis
2037 5034 2338 5092 saporem.
2390 5017 2470 5071 De
2524 5015 2643 5071 ﬁde
2701 5014 2919 5071 etenim
2969 5012 3262 5069 interioris
3309 5012 3577 5068 hominis

1912 5102 2181 5179 procedit
2212 5100 2399 5158 divini
2428 5104 2637 5171 gustus
2682 5098 2932 5172 saporis,
2974 5098 3122 5154 dum
3153 5102 3307 5154 certe
3347 5112 3455 5170 per
3486 5113 3578 5153 sa-

1914 5193 2123 5251 lutaris
2176 5190 2548 5249 eucharistiae
2585 5189 2946 5246 infusionem
2987 5187 3182 5244 inﬂuit
3221 5187 3486 5245 Christus
3518 5186 3579 5242 in

1913 5284 2143 5339 viscera
2174 5280 2391 5338 animae
2434 5279 2744 5346 sumentis,
2778 5294 2960 5350 quem
3006 5277 3144 5333 diva
3188 5293 3359 5333 mens
3400 5276 3578 5333 castis

1910 5371 2318 5447 penetralibus
2341 5369 2399 5426 in
2423 5386 2494 5425 ea
2516 5368 2787 5424 videlicet
2809 5368 3003 5423 forma
3034 5366 3300 5440 suscipit,
3318 5383 3442 5439 qua
3465 5366 3579 5421 sub

1909 5463 2043 5536 ipsa
2082 5459 2497 5517 recordatione
2536 5455 2805 5529 mysterii
2861 5456 3085 5529 Spiritu
3135 5455 3435 5513 revelante
3465 5454 3580 5511 sibi

1911 5553 2268 5623 przesentem
2284 5547 2564 5607 intuetur,
2585 5545 2896 5615 infantem,
2914 5550 3018 5602 aut
3033 5562 3140 5603 ara
3157 5545 3350 5602 crucis
3366 5544 3581 5601 immo-

1910 5640 2123 5707 latum,
2148 5642 2251 5693 aut
2281 5634 2556 5696 sepulcro
2582 5634 3013 5706 quiescentem,
3045 5640 3147 5691 aut
3170 5639 3323 5690 certe
3345 5633 3580 5688 calcata
3610 5693 3617 5701 ο

1912 5734 2102 5786 morte
2134 5729 2569 5796 resurgentem,
2625 5723 2746 5780 sive
2780 5741 2967 5797 supra.
2994 5725 3176 5780 caelos
3219 5728 3494 5779 evectum
3520 5721 3583 5779 in

3264 5818 3293 5866 7
