3952 6376
451 274 555 327 203

1507 269 1563 325 S.
1608 267 1942 324 FULBERTI
1983 257 2466 324 CARNOTENSIS
2506 268 2840 326 EPISCOPI.

3779 269 3884 326 204

453 393 642 466 gloria
673 393 855 450 Patris
887 388 1229 450 sublimem.
1278 395 1454 450 Juxta
1502 407 1654 467 quas
1682 391 1912 466 species
1943 389 2106 448 Chri-
2143 393 2192 444 A
2219 389 2357 448 vide
2379 391 2787 462 regenerantis
2819 389 3022 462 gratim
3048 391 3321 450 mirabile
3353 395 3885 460 sacramentum,et

454 489 580 541 stus
611 487 850 556 gratum
877 481 1383 540 communicantis
1413 483 1642 539 intrans
1667 474 2108 551 habitaculum,

450 579 554 642 tct,
583 576 650 630 ut
677 574 756 630 ita
779 571 1000 641 dicam,
1031 571 1340 628 suavitatis
1365 571 1654 629 odoribus
1683 575 1949 628 mentem
1976 567 2108 626 reﬁ-

451 660 546 728 cit,
576 666 726 736 quot
749 661 956 718 formis
987 659 1211 718 intimze
1251 653 1629 719 revelationis
1661 659 1872 718 oculus
1925 657 2111 716 medi-

452 753 628 809 tantis
656 769 796 808 cum
817 749 1097 808 meruerit
1121 749 1354 808 intueri.

523 845 636 898 Nec
665 849 892 898 vanum
919 839 1022 897 tibi
1045 839 1316 897 videatur
1337 836 1504 914 quod
1517 841 1692 912 juxta
1718 839 1935 897 animae
1954 836 2108 895 desi-

449 929 711 987 derantis
755 928 1030 986 intuitum
1062 927 1320 986 dicimus
1355 925 1652 987 Christum
1682 927 1926 986 formari
1953 929 2108 985 intra

447 1013 780 1093 prmcordia
801 1017 1322 1087 communicantis,
1338 1035 1480 1075 cum
1503 1035 1627 1075 non
1651 1017 1882 1075 nescias
1907 1021 2106 1091 patres

446 1116 685 1167 nostros
718 1111 925 1166 veteris
955 1109 1138 1166 eremi
1163 1108 1549 1166 solitudinem
1581 1111 1970 1184 peragrantes
1996 1125 2106 1183 pa-

451 1199 640 1254 stibus
667 1191 916 1255 refectos
942 1218 954 1267 ;
983 1198 1206 1272 quibus
1222 1197 1416 1256 imber
1436 1197 1732 1256 fecundus
1753 1197 1958 1256 cibum
1980 1199 2108 1254 uni-

445 1287 726 1355 colorem,
766 1287 871 1344 sed
900 1286 1117 1344 diversi
1141 1288 1374 1361 saporis
1395 1285 1609 1359 intulit,
1633 1290 1692 1345 et
1705 1287 1879 1361 juxta
1907 1288 2108 1359 singu-

443 1377 640 1432 lorum
658 1377 991 1450 appetitum
1015 1375 1372 1434 infundebat
1391 1378 1622 1452 saporis
1643 1377 1823 1434 variis
1847 1377 2106 1434 oblecta-

443 1471 647 1522 menta
672 1483 683 1520 :
712 1469 774 1522 ut
790 1459 1087 1539 quidquid
1111 1463 1364 1524 aviditas
1391 1465 2104 1540 concupisceret,occulta

440 1553 734 1625 largitoris
763 1553 1136 1629 dispensatio
1169 1556 1531 1613 subinferret
1556 1575 1568 1614 :
1617 1557 1841 1630 quibus
1870 1555 2103 1630 praebe-

441 1642 545 1700 bat
594 1648 824 1715 gustus,
871 1639 1037 1717 quod
1085 1644 1406 1712 ignorabat
1435 1651 1737 1719 aspectus,
1769 1646 1914 1720 quia
1939 1641 2104 1702 aliud

2221 479 2462 539 adverte
2486 481 2548 538 in
2577 483 2703 540 istis
2731 482 3126 556 imperiosum
3157 483 3328 540 Verbi
3381 482 3688 558 operantis
3716 483 3884 556 opiﬁ-

2221 567 2400 638 cium,
2430 572 2604 644 cujus
2633 573 2786 630 nutu
2805 585 3008 628 rerum
3033 571 3327 632 elementa
3346 571 3420 629 de
3441 569 3628 629 nihilo
3648 572 3709 629 in
3727 571 3884 629 hanc

2219 659 2432 716 mundi
2454 655 2717 718 formam
2742 661 3020 718 mutabili
3040 661 3252 720 ordine
3269 661 3884 736 compaginata,inex-

2217 747 2562 823 plicabilem
2585 753 2714 824 ejus
2745 753 3078 824 potentiam
3103 750 3238 826 ipsa
3264 767 3388 809 suae
3419 751 3884 826 pulchritudinis

2217 839 2413 912 specie
2437 841 2818 899 testantur.Si
2847 857 2991 912 ergo
3020 845 3208 899 Deum
3233 841 3440 898 omnia
3459 857 3642 916 posse
3665 841 3880 910 credis,

2217 931 2274 984 et
2301 927 2417 986 hoe
2439 930 2826 1004 consequitur
2854 935 2922 987 ut
2945 930 3190 998 credas;
3222 943 3333 987 nec
3355 929 3641 987 humanis
3671 924 3882 1003 dispu-

2215 1017 2543 1076 tationibus
2572 1019 2909 1078 discernere
2930 1022 3200 1078 curiosus
3222 1021 3483 1092 insistes,
3501 1021 3551 1078 si
3576 1025 3884 1078 creaturas

2215 1124 2368 1182 quas
2399 1107 2474 1167 de
2503 1106 2689 1168 nihilo
2718 1111 2912 1184 potuit
2941 1125 3163 1180 creare,
3201 1111 3313 1168 has
3339 1111 3505 1185 ipsas
3533 1109 3724 1168 multo
3751 1125 3883 1167 ma-

2215 1197 2304 1269 gis
2329 1197 2529 1256 valeat
2557 1199 2617 1256 in
2645 1195 3076 1258 excellentioris
3096 1203 3327 1257 naturae
3359 1199 3713 1272 dignitatem
3743 1213 3888 1256 con-

2213 1291 2458 1357 vertere,
2493 1289 2551 1344 et
2573 1285 2636 1345 in
2661 1285 2753 1345 sui
2783 1290 3051 1363 corporis
3072 1288 3474 1346 substantiam
3503 1285 3886 1346 transfunde-

2213 1389 2296 1433 re.
2331 1375 2511 1434 Multo
2539 1377 2735 1450 magis
2764 1377 2922 1449 dico,
2953 1393 3079 1436 non
3109 1377 3278 1452 quod
3302 1376 3645 1434 inﬁrmioris
3673 1379 3886 1451 poten-

2213 1461 2307 1522 tia:
2335 1466 2396 1522 in
2424 1461 2606 1524 rebus
2651 1465 2928 1524 creandis
2977 1473 3166 1542 quam
3203 1465 3596 1524 immutandis
3647 1465 3880 1523 fuisset.

2216 1555 2329 1612 Sed
2354 1553 2640 1614 humana:
2679 1553 2950 1632 Opinioni
2983 1557 3216 1630 usuale,
3249 1573 3374 1616 non
3417 1557 3636 1615 divinas
3662 1555 3884 1614 rationi

2213 1644 2644 1718 comparabile.
2687 1647 2825 1705 Ideo
2856 1643 3008 1705 ﬁdes
3033 1663 3157 1722 prae
3203 1647 3486 1705 omnibus
3509 1645 3687 1704 bonis
3717 1657 3884 1702 sum-

441 1747 565 1788 erat
593 1729 760 1806 quod
813 1730 1150 1802 videbatur,
1183 1738 1241 1790 et
1269 1732 1434 1792 aliud
1479 1733 1848 1792 sumebatur.
1879 1731 2104 1791 Desiste
2136 1747 2177 1802 Β
2211 1747 2384 1791 mum
2411 1736 2693 1794 meritum
2721 1740 2838 1806 est;
2872 1735 3002 1794 haec
3028 1741 3082 1794 te
3103 1735 3351 1796 inducat
3377 1737 3458 1794 ad
3481 1735 3878 1804 credendum,

439 1821 616 1892 igitur
643 1819 851 1879 mirari
883 1840 896 1878 :
939 1821 1105 1896 quod
1152 1821 1298 1895 legis
1347 1840 1576 1881 manna
1605 1823 1718 1880 sub
1748 1819 1969 1880 umbra
2023 1823 2102 1880 si-

439 1912 686 1982 gnabat,
720 1911 833 1968 hoc
866 1905 1156 1969 Dominici
1194 1910 1462 1988 corporis
1511 1910 1726 1988 pandit
1749 1913 1967 1970 veritas
1995 1931 2104 1989 pa-

441 2001 653 2057 tefacta
679 2019 692 2068 ;
727 2001 787 2056 in
809 2017 930 2074 quo
958 2001 1172 2057 deitica
1194 2002 1477 2074 majestas
1507 2002 1858 2060 miseranter
1881 2007 2099 2060 nostrae

435 2088 767 2144 inﬁrmitati
798 2089 1246 2161 condesccndit,
1279 2091 1364 2161 ut,
1404 2108 1528 2164 quo
1567 2089 1831 2148 alimenti
1883 2108 2100 2162 genere

438 2193 698 2250 corpora
719 2177 960 2233 aluntur
991 2177 1282 2250 humana,
1296 2179 1458 2236 idem
1485 2180 1547 2236 in
1577 2197 1826 2254 corpore
1857 2198 2100 2239 sensua-

434 2263 565 2320 litcr
595 2263 808 2337 sapiat,
844 2264 950 2321 sed
1003 2267 1156 2321 Deus
1210 2267 1272 2322 in
1325 2273 1564 2340 pectore
1611 2267 1900 2343 perficiat,
1948 2269 2100 2328 sicut

435 2353 566 2425 ipse
597 2353 680 2409 ait
707 2371 719 2407 :
757 2353 872 2420 Qui
905 2355 1232 2412 munducat
1254 2371 1364 2426 me,
1389 2359 1511 2427 ipse
1538 2359 1689 2415 vivet
1701 2363 1958 2430 propter
1983 2376 2092 2418 me.

433 2439 550 2497 Hic
572 2447 654 2498 est
671 2441 854 2512 panis
877 2445 982 2515 qui
995 2443 1068 2499 de
1093 2445 1239 2502 caelo
1260 2445 1562 2503 descendit
1571 2447 1730 2504 .Non
1761 2450 1915 2505 sicut
1932 2465 2098 2506 man-

433 2533 808 2588 ducavermzt
834 2540 1037 2602 patres
1068 2536 1254 2591 vestri
1270 2552 1496 2593 manna
1528 2538 1589 2593 in
1611 2537 1840 2595 deserto
1866 2545 1922 2596 et
1942 2556 2097 2596 mor-

433 2621 525 2680 tui
549 2629 708 2678 sunt.
742 2623 858 2694 Qui
873 2623 1200 2680 mamlucat
1223 2623 1386 2682 hunc
1407 2643 1652 2700 panem,
1675 2627 1828 2686 vivet
1845 2627 1905 2686 in
1929 2636 2094 2688 mter-

429 2729 594 2769 nmn.
636 2713 716 2769 Et
740 2713 920 2783 panis
963 2729 1133 2786 quem
1166 2729 1270 2786 ego
1321 2715 1497 2788 dabo,
1557 2734 1696 2775 caro
1725 2735 1859 2776 mca
1889 2725 1943 2776 et
1977 2735 2091 2790 pro

429 2803 646 2859 mundi
674 2805 794 2861 vita
829 2805 1019 2877 (Joan.
1051 2822 1123 2874 γι,
1153 2807 1263 2878 38).
1317 2809 1448 2864 iam
1497 2807 1630 2881 jam
1657 2807 1872 2884 procul
1899 2826 2090 2868 remo-

432 2896 666 2948 vendus
696 2896 784 2950 est
832 2889 1014 2950 totius
1039 2891 1297 2952 lubricas
1345 2888 1664 2970 scrupulus
1723 2895 2085 2962 dubietatis:

429 2996 570 3036 cum
599 2980 649 3037 is
678 2981 782 3054 qui
813 2987 902 3038 est
932 2985 1140 3039 auctor
1169 2985 1456 3052 muneris,
1491 2985 1656 3042 testis
1687 2991 1776 3044 est
1803 2985 2084 3045 veritatis.

427 3067 694 3126 Dubitari
723 3071 942 3127 etenim
972 3071 1140 3129 nefas
1170 3077 1259 3130 est
1301 3073 1381 3131 ad
1419 3075 1590 3148 cujus
1615 3081 1832 3134 nutum
1871 3081 2089 3136 cuncta
2123 3113 2164 3170 ο

429 3157 627 3215 subito
657 3171 730 3216 ex
760 3159 946 3217 nihilo
987 3161 1397 3231 substiterunt,
1433 3165 1504 3234 si,
1535 3165 1667 3238 pari
1705 3168 1992 3240 potentia,
2025 3168 2086 3224 in

425 3245 834 3319 spiritualibus
863 3249 1254 3306 sacramentis
1281 3255 1515 3310 terrena
1534 3255 1835 3328 materies,
1855 3262 2084 3314 natura:

425 3339 482 3390 et
505 3335 739 3404 generis
761 3336 852 3394 sui
871 3336 1152 3395 meritum
1174 3339 1694 3410 transcendens,in
1715 3343 1927 3400 Christi
1949 3343 2086 3402 sub-

425 3419 708 3481 stantiam
737 3430 1156 3497 commutetur,
1178 3444 1318 3484 cum
1341 3426 1469 3502 ipse
1499 3429 1678 3488 dicat:
1708 3429 1838 3490 Hoc
1855 3437 1938 3490 est
1961 3451 2086 3492 cor-

417 3528 536 3584 pus
582 3529 816 3587 meum;
865 3515 921 3572 et
949 3515 1133 3590 paulo
1163 3523 1336 3592 post:
1369 3516 1486 3576 Hic
1517 3527 1600 3578 est
1625 3525 1872 3594 sanguis
1898 3541 2079 3583 meus.

424 3597 540 3658 Sed
587 3602 744 3660 hanc
785 3603 886 3660 Dei
937 3605 1392 3678 possibilitatem
1449 3609 1766 3668 aestimatio
1813 3611 2086 3673 humana

419 3707 543 3749 non
573 3693 751 3767 capit,
783 3691 901 3751 nisi
945 3695 1225 3770 teipsum,
1261 3698 1610 3774 quicunque
1641 3719 1726 3772 es,
1772 3699 2080 3778 discutias,

419 3780 674 3854 qualiter
701 3782 1008 3868 deqmassa
1028 3781 1377 3859 perditionis
1394 3787 1586 3846 factus
1607 3807 1671 3848 es
1692 3789 1754 3849 in
1784 3791 2083 3868 populum

420 3866 856 3944 acquisitionis,
879 3875 936 3929 et
951 3873 1026 3930 de
1051 3889 1190 3932 vase
1219 3873 1322 3932 il‘tB
1349 3876 1598 3950 prodisti
1619 3897 1728 3937 vas
1751 3866 2081 3942 misericor-

419 3957 533 4014 diae
568 3975 581 4014 :
615 3963 681 4015 ut
705 3963 808 4034 qui
832 3961 1016 4048 paulo
1038 3967 1172 4020 ante
1202 3963 1401 4023 fueras
1429 3967 1660 4026 alienus
1691 3985 1727 4028 a
1747 3971 1888 4043 vita,
1916 3991 2082 4048 pere-

419 4049 630 4118 grinus
655 4064 692 4135 a
719 4047 916 4116 venia,
949 4050 1146 4135 subito
1197 4051 1462 4112 initiatus
1494 4053 1707 4116 Christi
1737 4047 1995 4135 legibus,
2023 4069 2080 4124 et

421 4132 787 4194 salutaribus
809 4137 1086 4212 mysteris
1111 4134 1522 4213 innovatus,in
1543 4163 1762 4222 corpus
1779 4132 2076 4222 Ecclesiae,

418 4239 542 4314 non
571 4231 799 4314 naturas
850 4227 1183 4302 privilegio,
1217 4229 1323 4289 sed
1369 4233 1509 4291 ﬁdei
1561 4238 1750 4310 pretio
1795 4243 2074 4314 transisti,

415 4307 584 4405 nullo
613 4311 790 4373 molis
817 4334 1118 4405 corporeae
1155 4307 1587 4397 additamenta,
1635 4329 1688 4386 te
1718 4329 1850 4404 ipso
1880 4307 2078 4405 major

417 4400 608 4490 factus
636 4421 702 4462 es
727 4423 740 4462 :
775 4403 1088 4466 invisibilis
1119 4413 1469 4485 quantitatis
1499 4400 1848 4490 augmento,
1880 4419 1943 4478 in
1974 4400 2076 4480 ex-

416 4486 732 4552 torioribus
759 4491 923 4555 idem
953 4515 1036 4568 es,
1087 4493 1147 4556 in
1186 4501 1565 4563 interioribus
1589 4486 1782 4581 longe
1811 4507 1959 4569 alter
1985 4530 2072 4570 es.

419 4582 632 4658 Sicque
680 4585 756 4641 de
806 4603 980 4644 servo
1011 4583 1170 4646 ﬁlius
1214 4591 1481 4667 effectus,
1512 4597 1812 4670 praeterita
1854 4599 2077 4660 vilitate

414 4672 947 4746 deposita,novam
981 4676 1180 4737 subito
1205 4679 1450 4739 induisti
1479 4677 1852 4758 dignitatem,
1869 4696 1933 4748 ut
1951 4708 2076 4750 non

415 4761 611 4818 solum
641 4761 852 4835 haeres,
887 4763 991 4823 sed
1036 4783 1256 4842 corpus
1288 4765 1498 4830 Cln‘isti
1524 4769 1744 4846 factus,
1795 4778 1980 4837 Deum
2012 4781 2076 4839 in

413 4866 661 4939 corpore
712 4857 814 4910 tuo
857 4860 1152 4927 portat-es.
1215 4859 1357 4925 Quae
1396 4877 1490 4916 res
1542 4867 1720 4920 tantae
1774 4868 2072 4939 novitatis,

412 4941 598 5028 tantis
614 4937 942 5012 dignitatis,
977 4945 1102 5001 iam
1132 4945 1343 5003 subitae
1375 4946 1722 5008 mutationis
1764 4955 2022 5028 pretium
2048 4937 2077 5017 τὶ)

413 5024 554 5085 Vide
585 5022 646 5086 in
672 5029 958 5089 omnibus
987 5032 1412 5092 misericordiae
1442 5034 1699 5099 caelestis
1729 5022 2070 5118 artiﬁcium,

482 5155 620 5242 (A2702)
639 5158 904 5242 illituum
927 5163 1036 5242 qui
1053 5161 1128 5218 de
1148 5168 1351 5242 nostra
1367 5175 1699 5242 cesamenlo
1723 5171 2070 5242 beneﬁcium

413 5230 634 5316 leuem,
668 5230 1092 5316 Casamentum
1122 5233 1310 5316 oritur
1355 5251 1395 5292 a
1423 5239 1667 5296 nomine
1714 5230 1881 5316 casa,
1908 5230 2069 5304 unde

413 5302 659 5382 casates,
701 5299 855 5382 servi
883 5307 960 5382 .et
986 5301 1319 5382 domestici,
1373 5299 1800 5382 casamentmu,
1823 5299 2068 5376 "301136;

411 5364 822 5456 rusticagtial.
869 5369 1074 5456 (crine.
1119 5379 1180 5431 In
1234 5364 1422 5434 const.
1485 5364 2066 5456 chbii’iiiiﬁi‘ﬁlé‘é

411 5435 594 5518 verba
615 5435 1016 5518 reperiuntur.

481 5507 994 5602 EQl-i-ie‘ppnitu:
1103 5516 1330 5602 tabulis
1347 5521 1735 5602 pemocharis
1767 5533 2068 5602 sexagesi-

413 5589 548 5667 mus
567 5581 1086 5667 isecunldunsu‘Obiit
1111 5604 1273 5667 anno
1304 5595 1467 5667 μυξη,
1501 5595 1606 5667 qui
1633 5581 2066 5660 sedem—stime-

410 5649 686 5732 pilando
721 5651 876 5732 tOtlp.
906 5654 980 5732 De
1021 5653 1153 5729 ipso
1195 5661 1279 5732 sic
1304 5649 1616 5732 legitur‘in
1643 5649 1837 5726 vate;
1854 5649 2068 5731 £133.1-

408 5719 582 5792 scrip.
615 5719 911 5779 Chronic.:
929 5719 1108 5783 Αηήο
1129 5719 1440 5790 millesimo
1460 5719 2066 5812 deéihb'éieizﬁ‘oﬁl

2215 1823 2266 1880 te
2295 1821 2705 1884 consecrantis
2747 1827 3014 1900 potentia
3066 1827 3307 1884 roboret
3351 1826 3431 1885 ad
3483 1824 3876 1883 sumendum.

2209 1913 2500 1972 Promittit
2529 1909 2710 1987 digne
2737 1913 3116 1974 sumentibus
3145 1913 3336 1974 beata:
3367 1927 3536 1990 spem
3561 1915 3879 1972 immorta-

2207 1999 2416 2060 litatis:
2471 2003 2768 2076 judicium
2824 2001 3094 2062 minatur
3149 2003 3430 2075 indignis,
3482 2009 3547 2060 ut
3593 2005 3684 2060 est
3728 1999 3878 2060 illud

2207 2091 2504 2164 Apostoli:
2540 2091 2665 2160 Qui
2687 2093 3017 2150 manducat
3045 2099 3100 2151 et
3118 2091 3260 2150 bibit
3281 2091 3546 2164 indigne,
3567 2091 3878 2162 judicium

2206 2180 2322 2236 sibi
2356 2181 2685 2239 manducat
2737 2189 2792 2240 et
2824 2179 2969 2240 bibit
3001 2181 3062 2255 (Ι
3101 2181 3238 2240 Cor.
3273 2195 3348 2251 xi,
3375 2181 3486 2255 27).
3517 2184 3647 2248 Quo
3677 2181 3876 2250 multi,

2208 2269 2500 2326 scelerum
2530 2285 2778 2328 suorum
2802 2272 3228 2330 conscientiam
3246 2270 3664 2346 perhorrentes
3685 2275 3879 2328 atten-

2207 2357 2342 2428 tius,
2377 2375 2439 2418 se
2470 2357 2650 2432 longe
2678 2359 2908 2418 faciunt
2935 2360 2996 2418 in
3029 2366 3408 2419 sacramento
3433 2361 3589 2434 vitae,
3634 2373 3761 2418 non
3791 2367 3878 2419 at-

2206 2447 2516 2506 tendentes
2543 2461 2731 2526 quam
2754 2449 3088 2508 terribiliter
3127 2449 3416 2508 Dominus
3443 2450 3872 2520 comminatur,

2203 2537 2444 2596 dicens:
2481 2539 2618 2597 Nisi
2646 2540 3158 2598 manducaueritis
3187 2555 3430 2598 carnem
3453 2539 3575 2613 ﬁlii
3610 2539 3872 2598 hominis

2202 2631 2258 2684 et
2281 2625 2544 2686 biberitis
2565 2631 2696 2700 ejus
2722 2645 3100 2704 sanguinem,
3132 2646 3253 2688 non
3285 2625 3571 2688 habebitis
3603 2631 3788 2688 vitam
3806 2633 3872 2688 in

2201 2719 2362 2774 vobis
2393 2718 2592 2789 (Joan.
2625 2737 2706 2790 v1,
2735 2721 2847 2792 54).
2881 2721 3056 2788 Quod
3087 2717 3512 2778 alternantium
3540 2733 3870 2778 causarum

2193 2803 2490 2879 judicium
2517 2805 2907 2878 intuentibus,
2950 2823 3191 2867 summa
3237 2807 3540 2882 vigilentia
3564 2809 3653 2868 est
3699 2810 3872 2867 adhi-

2198 2894 2401 2953 benda
2438 2899 2504 2954 ut
2533 2896 2869 2955 emendatis
2898 2897 3134 2956 actibus
3162 2913 3289 2957 nec.
3316 2899 3563 2972 indigne
3594 2905 3864 2969 sumant,

2199 2999 2310 3042 nec
2339 2985 2672 3059 perniciose
2701 2984 3019 3058 refugiant.

2628 3077 2964 3152 EPISTOLA
3001 3074 3068 3134 Vt
3100 3077 3282 3150 [olim
3319 3076 3430 3152 v1].

2813 3149 3008 3222 (Anno
3051 3149 3232 3217 1008).

2611 3237 2766 3294 Noto
2797 3243 2974 3296 notus
3004 3239 3068 3296 Β.
3101 3241 3441 3297 FULBERTUS.

2266 3325 2390 3382 Hoc
2421 3335 2458 3383 a
2481 3325 2654 3384 vobis
2683 3327 2860 3399 exigo
2892 3344 2906 3383 :
2939 3329 3319 3386 securitatem
3349 3328 3424 3386 de
3453 3340 3592 3386 mea
3641 3327 3764 3386 vita
3809 3332 3867 3385 et

2193 3415 2504 3488 membris,
2535 3421 2594 3472 et
2633 3421 2792 3474 terra
2822 3429 3012 3491 quam
3042 3418 3234 3476 habes
3265 3415 3484 3490 [habeo
3508 3417 3579 3490 ⁸1],
3618 3418 3714 3475 vel
3757 3433 3866 3492 per

2192 3507 2460 3562 vestrum
2512 3504 2831 3562 consilium
2865 3505 3200 3579 acquiram.
3263 3509 3344 3564 De
3391 3505 3615 3564 auxilio
3660 3511 3862 3563 vestro

2193 3596 2402 3650 contra
2431 3605 2644 3652 omnes
2674 3594 2972 3664 homines,
2993 3593 3159 3653 salva
3186 3595 3473 3654 ﬁdelitate
3498 3594 3758 3668 Roberti,
3785 3595 3862 3652 de

2191 3685 2436 3756 receptu
2486 3682 2800 3741 Vindonici
2829 3685 3007 3741 castn'
3047 3685 3126 3742 ad
3151 3697 3356 3742 meum
3404 3695 3584 3742 usum
3613 3687 3672 3742 et
3697 3697 3862 3743 meo-

2191 3783 2328 3829 rum
2361 3771 2653 3844 ﬁdelium,
2684 3772 2789 3846 qui
2813 3773 2987 3830 vobis
3014 3775 3452 3832 assecurahunt
3475 3774 3644 3844 illud;
3701 3789 3863 3832 com-

2191 3861 2648 3920 mendationem
2691 3867 3030 3920 vestrorum
3060 3861 3338 3935 militum,
3389 3865 3495 3939 qui
3524 3863 3600 3922 de
3654 3869 3861 3922 uestro

2189 3954 2540 4010 casamento
2574 3952 2708 4025 (20")
2733 3953 3099 4011 beneﬁcium
3128 3955 3350 4026 tenent,
3379 3955 3546 4012 salva
3575 3955 3860 4014 ﬁdelitate

2187 4045 2424 4110 vestra;
2450 4041 2746 4114 justitiam
2773 4042 2851 4100 de
2879 4043 3260 4116 querimonia
3293 4044 3632 4102 Sanctionis
3659 4047 3720 4102 et
3747 4048 3862 4102 Hu-

2185 4130 2359 4200 berti,
2424 4135 2479 4189 et
2535 4131 2610 4188 de
2657 4133 3051 4206 querimoniis
3101 4135 3536 4192 eanonicorum
3584 4134 3859 4193 Ecclesiae
3936 4205 3937 4209 η

2185 4225 2422 4283 nostrae.
2455 4225 2514 4279 et
2535 4221 2612 4278 de
2636 4220 2872 4294 legibus
2897 4223 3188 4281 atriorum
3227 4228 3592 4282 nostrorum.
3641 4223 3701 4283 Si
3729 4225 3860 4282 huic

2186 4307 2382 4368 facere
2429 4307 2628 4381 vultis,
2660 4315 2922 4385 paratus
2969 4325 3107 4370 sum
3157 4314 3622 4372 conventionem
3666 4329 3858 4389 quam

2185 4397 2505 4456 vobiscum
2532 4391 2642 4456 inii
2671 4398 3032 4471 observare;
3075 4402 3124 4459 si
3152 4417 3278 4461 non
3305 4402 3506 4475 vultis,
3544 4403 3730 4462 nolite
3759 4419 3856 4462 me

2109 4467 2156 4524 D
2184 4485 2392 4544 itinere
2441 4485 2715 4559 fatigare.
2747 4487 2966 4546 Valete.

2591 4579 2931 4654 EPISTQLA
2959 4581 3052 4636 vn
3092 4575 3276 4652 [cum
3310 4583 3446 4654 vn].

2809 4651 3005 4724 (Anno
3045 4651 3228 4722 1008).

2183 4738 2395 4814 Gloria
2417 4744 2474 4796 et
2519 4737 2744 4814 honore
2767 4739 2949 4811 digno
2971 4743 3146 4812 patri
3171 4747 3228 4799 et
3269 4742 3718 4814 archiepiscopo
3745 4760 3852 4802 suo

2257 4813 2602 4885 Leurnsnico
2633 4813 2748 4885 (2t)
2779 4814 3100 4885 Fumsnrus
3121 4813 3366 4871 humilis
3382 4813 3692 4885 episcopus
3716 4833 3851 4874 cum

2257 4883 2590 4940 venerabili

2253 4953 2531 5011 salutem.

2257 5041 2521 5100 Scientes
2556 5053 2666 5100 vos
2693 5036 2918 5102 habere
2944 5044 3135 5101 zelum
3164 5037 3382 5102 divinae
3409 5043 3579 5120 legis,
3611 5061 3724 5106 nec
3745 5048 3849 5105 mi-

2669 4884 3155 4942 enomanensium
3201 4891 3472 4958 episcopo
3499 4884 3850 4960 Avisgaudo

2177 5183 2325 5262 θοι).
2341 5185 2504 5262 misit
2523 5187 2852 5262 Wa";
2873 5201 3051 5262 suum
3061 5201 3195 5243 eum
3207 5188 3560 5262 [κραιῂαῖοο
3575 5190 3844 5262 archiep.

2177 5255 2504 5329 Senonensi
2524 5257 2582 5329 ei
2609 5257 2924 5329 Reynaldo
2952 5259 3210 5329 episcop.
3230 5259 3560 5317 Parisiens.
3586 5261 3672 5318 ad
3699 5255 3846 5318 obsi-

2177 5325 2440 5400 dendum
2459 5326 2664 5383 urbem
2689 5325 3087 5400 Senonensem
3105 5325 3162 5386 ei
3177 5331 3536 5400 capiendum
3557 5347 3680 5389 non
3701 5334 3846 5390 Ber-

2177 5396 2441 5478 narclum
2490 5403 2846 5478 tyrannum,
2877 5399 2984 5456 sed
3008 5396 3382 5478 Regnoliium
3411 5401 3618 5478 filiuni
3638 5403 3841 5478 From.

2177 5467 2428 5547 cornitis;
2475 5467 2557 5547 Et
2610 5467 2848 5547 tandem
2902 5467 3222 5547 capta'est
3279 5467 3530 5547 consilio
3575 5475 3838 5547 Raynal.

2175 5538 2354 5620 epist).
2377 5539 2578 5596 Paris.
2603 5541 2698 5620 fit
2727 5546 2931 5620 autem
2959 5538 3184 5620 mentio
3208 5544 3536 5620 Ayisgaudi
3572 5538 3836 5620 episcop.

2177 5610 2649 5690 Cenomanensis
2695 5613 2826 5690 qui
2856 5614 2918 5670 in
2971 5615 3193 5690 tabulis
3254 5610 3536 5673 Democh.
3594 5610 3840 5674 vocatur

2177 5681 2556 5752 Avisgaudus
2576 5689 2632 5741 et
2661 5681 2748 5742 est
2775 5685 3126 5743 viscesimus
3157 5691 3427 5744 octavus.
