3952 6382
103 300 213 352 205

99 511 210 566 sed
243 516 299 566 et
325 511 656 582 plurimum
687 527 863 584 posse
896 531 906 578 ;
943 513 1299 570 tiducialiter
1329 532 1363 571 a
1397 516 1565 571 vobis
1605 515 1770 571 auxi-

96 601 253 656 lium
285 603 546 674 petimus
575 602 634 657 in
670 603 1125 660 necessitatibus
1153 606 1391 672 nostris,
1422 606 1478 660 in
1510 622 1771 679 praecur-

99 708 305 746 sorem
338 692 673 746 Antichristi
705 693 1025 749 Hebertum
1055 695 1334 751 comitem
1363 700 1630 764 Cenom.,
1669 695 1772 767 qui

100 781 316 836 sedem
374 781 779 854 episcopalem
813 783 1085 852 ejusdem
1118 786 1366 842 civitatis
1405 791 1665 842 evertere
1690 784 1776 839 ni-

100 869 264 924 titur.
301 870 663 942 Episcopum
716 873 875 926 enim
926 873 1279 943 prtedictum
1311 875 1582 930 videlicet
1613 874 1776 928 Avis-

100 959 381 1027 gaudum
411 960 472 1014 in
504 977 574 1014 ea
606 977 743 1015 cum
802 977 950 1032 pace
1000 979 1245 1020 manere
1283 980 1405 1019 non
1455 964 1591 1019 sinit
1624 981 1636 1018 :
1671 964 1776 1018 do-

99 1065 241 1103 mos
270 1049 400 1119 ejus
438 1053 494 1103 et
527 1053 730 1116 terras,
786 1055 841 1104 et
881 1050 1078 1121 fruges
1109 1057 1166 1107 et
1212 1054 1416 1108 omnia
1473 1053 1771 1119 victualia,

97 1139 354 1209 insuper
376 1143 430 1192 et
451 1138 810 1209 praabendas
839 1141 1158 1196 canonicas
1183 1143 1450 1198 Ecclesiae
1491 1142 1770 1214 pervasit.

102 1227 246 1281 Haec
273 1225 474 1298 itaque
509 1244 618 1281 vos
652 1227 730 1282 ad
782 1228 984 1284 vivum
1039 1230 1252 1286 sentire
1290 1231 1588 1299 volumus,
1615 1231 1775 1286 nisu-

100 1332 224 1388 que
256 1315 698 1371 indissimulato
751 1318 1082 1390 propellere
1119 1337 1131 1374 :
1179 1325 1233 1376 et
1271 1324 1335 1375 ut
1387 1320 1620 1376 facilem
1650 1337 1777 1375 mo-

101 1405 258 1460 dum
288 1403 507 1459 liabeat
532 1405 734 1476 petitio
765 1411 989 1474 nostra,
1018 1425 1337 1479 precamur
1369 1426 1474 1465 vos
1505 1409 1589 1465 illi
1618 1425 1776 1465 com-

103 1494 498 1550 monitorium
534 1494 812 1562 scribere,
867 1501 928 1551 ut
949 1498 1076 1567 jam
1131 1499 1290 1556 dicto
1321 1501 1608 1572 episcopo
1667 1515 1776 1553 sua

103 1583 341 1652 reddat,
367 1588 423 1637 et
451 1599 590 1638 eum
610 1583 672 1638 in
699 1599 848 1655 pace
872 1585 1064 1641 vivere
1110 1587 1283 1644 sinat.
1332 1588 1608 1661 Alioquin
1665 1604 1774 1660 pro

105 1676 270 1726 certo
297 1671 530 1726 noverit
557 1688 618 1726 se
651 1688 687 1727 a
709 1672 880 1728 vobis
916 1678 971 1728 et
993 1674 1388 1746 suffraganeis
1416 1663 1621 1732 vestris
1680 1693 1775 1732 ex-

105 1760 624 1816 communicatum
649 1760 738 1826 iri,
772 1778 842 1815 ex
887 1763 988 1818 illo
1018 1763 1114 1819 die
1171 1782 1293 1837 quo
1351 1784 1489 1822 eum
1538 1782 1774 1821 excom-
1806 1784 1845 1836 ις

107 1850 507 1907 municaverit
550 1851 929 1920 Avisgaudus
983 1853 1322 1926 episcopus.
1375 1855 1776 1913 Commonito-

105 1941 267 1996 rium
298 1944 501 1996 autem
555 1941 721 2014 quod
777 1941 860 1996 illi
917 1943 1206 2014 sacrilego
1260 1950 1458 2001 vestra
1505 1944 1773 2012 dignatio

107 2031 318 2096 mittet,
348 2029 521 2084 nobis
553 2029 864 2086 transcribi
898 2031 1194 2096 volumus,
1250 2037 1306 2088 et
1330 2033 1498 2090 mitti.
1531 2032 1670 2088 Vale
1713 2032 1773 2088 in

107 2120 434 2187 inﬁnitum,
467 2120 716 2189 angelus
746 2121 953 2191 magni
984 2122 1212 2178 consilii
1243 2127 1317 2195 te,
1338 2123 1582 2180 consule
1615 2122 1774 2180 Chri-

109 2214 222 2279 sto,
248 2213 456 2264 servet.

527 2318 862 2373 EPISTOLA
884 2321 998 2374 Vlll
1031 2321 1214 2389 [olim.
1250 2320 1352 2390 IX}.

610 2421 798 2477 (Circa
829 2439 1060 2480 annum
1095 2426 1272 2497 1008.)

113 2535 454 2599 FchsanIs,
485 2531 594 2585 Dei
615 2533 818 2600 gratia
871 2533 1254 2589 Carnotensis
1294 2535 1623 2603 episcopus,
1677 2535 1776 2589 do-

182 2624 347 2677 mino
376 2625 419 2675 ll
429 2665 464 2689 .,
499 2623 930 2678 Turonensium
961 2624 1297 2680 subdecano
1325 2625 1440 2679 sibi
1462 2625 1774 2680 dilectissi-

182 2728 297 2777 mo,
327 2713 592 2782 gratiam
623 2717 674 2766 el
705 2712 1163 2768 benedictionem
1199 2715 1319 2769 Dei.

184 2839 334 2892 Cum
363 2840 621 2890 vestram
671 2835 1020 2891 charitatem
1075 2837 1347 2892 noverim
1384 2836 1659 2910 plurimis
1716 2835 1776 2892 in

113 2924 419 2998 obsequiis
445 2923 697 2980 libenter
724 2920 870 2979 milii
894 2925 1184 2997 paruisse,
1224 2926 1420 2982 adhuc
1465 2926 1645 2981 etiam
1675 2943 1777 2999 pa-

113 3031 236 3070 rere
270 3015 632 3086 cupientem,
667 3014 764 3068 vix
788 3013 907 3086 {ob}
941 3015 1268 3071 satietatem
1293 3017 1520 3082 cedere,
1551 3015 1778 3071 mando

114 3106 284 3160 vobis
315 3105 535 3159 obnixe
568 3120 820 3175 precans
853 3110 912 3159 ut
968 3105 1366 3176 acciugamini
1412 3105 1488 3162 ad
1529 3123 1777 3162 causam
1809 3139 1848 3192 Ο

114 3211 300 3266 quam
331 3210 588 3266 expono.
624 3194 798 3265 Apud
829 3211 934 3248 vos
977 3195 1326 3252 morabatur
1355 3195 1497 3251 olim
1529 3195 1778 3268 quidam

114 3283 417 3340 bonorum
443 3288 720 3350 extortor,
745 3284 945 3354 legum
1003 3290 1322 3352 contortor,
1357 3286 1636 3342 Girardus
1679 3301 1784 3341 n0-

115 3370 295 3438 mine,
350 3368 454 3440 qui
511 3374 853 3441 susceptum
887 3385 1076 3424 unum
1135 3369 1502 3426 caballuma
1555 3370 1781 3425 famulo

115 3459 322 3509 nostro
357 3452 620 3508 Dcodato
653 3453 861 3508 debuit
892 3470 1244 3527 comparare
1279 3454 1515 3523 triginta
1542 3454 1782 3510 duobus

118 3541 345 3608 solidis,
378 3557 488 3614 pro
521 3541 858 3597 arrhabone
918 3542 1071 3598 datis
1125 3543 1445 3598 duodecim
1494 3543 1780 3612 nummis,

117 3647 379 3705 cumque
407 3630 668 3703 reliquos
701 3636 966 3703 speraret
1025 3632 1320 3687 Dcodatus
1347 3632 1423 3687 ad
1465 3632 1781 3704 praefixum

119 3722 443 3776 terminum
494 3737 555 3776 sc
585 3725 987 3793 recepturum,
1045 3721 1244 3777 fefellit
1273 3738 1412 3776 eum
1440 3722 1533 3776 ille
1568 3722 1784 3776 subdo-

119 3807 227 3878 lus,
262 3827 299 3866 a
331 3809 505 3865 nobis
522 3813 817 3866 Turouem
848 3809 1215 3883 profugiens,
1250 3827 1358 3867 nec
1385 3827 1610 3884 equum
1641 3825 1782 3882 pos-

122 3904 212 3955 tea
250 3917 365 3956 nec
399 3901 654 3972 pretium
705 3901 1029 3977 i'pmittcns,
1071 3901 1351 3974 quamvis
1383 3918 1521 3956 eum
1559 3900 1786 3955 Deoda-

120 3992 211 4043 tus
244 4006 410 4062 saepe
435 3989 784 4045 utrumlibet
806 4005 981 4059 agere
997 4007 1104 4063 per
1123 3990 1351 4060 legatos
1377 3989 1780 4064 postulaverit.

125 4080 238 4134 Hac
268 4079 343 4134 de
374 4095 555 4135 causa
586 4079 755 4134 mitto
809 4077 888 4134 ad
928 4095 1034 4135 vos
1070 4095 1259 4134 unum
1311 4097 1382 4134 ex
1417 4080 1636 4135 nostris
1683 4079 1787 4134 110-

126 4168 410 4235 minibus,
432 4169 534 4242 qui
567 4169 774 4241 ipsum
791 4168 1105 4224 Girardum
1131 4173 1340 4225 notum
1368 4170 1541 4226 vobis
1590 4170 1784 4236 faciat,

122 4256 181 4313 in
213 4259 639 4331 audientiaquc
672 4265 868 4314 vestra
891 4259 1014 4315 vice
1046 4259 1287 4316 Deodati
1318 4261 1473 4316 hanc
1501 4261 1612 4333 ipsi
1645 4276 1788 4333 que-

124 4347 308 4405 relam
336 4349 622 4417 intendat,
651 4349 914 4421 qualibet
944 4349 1072 4419 lege
1123 4351 1467 4406 censueritis
1499 4351 1790 4406 revinctu-

125 4447 223 4488 rus
252 4450 414 4500 eum,
450 4433 498 4488 si
531 4434 698 4498 forte,
748 4439 812 4489 ut
842 4438 929 4490 est
980 4435 1281 4508 impurus,
1329 4434 1796 4490 dissimulaverit

129 4538 184 4576 se
215 4541 344 4579 rem
368 4524 544 4578 istam
569 4523 737 4590 scire,
771 4529 873 4579 aut
895 4525 940 4578 si
973 4523 1052 4580 ita
1078 4541 1230 4588 esse,
1258 4525 1435 4580 etiam
1463 4524 1788 4590 negaverit.
1828 4495 1867 4547 Ι)

127 4611 413 4684 Deinceps
442 4610 624 4665 talem
651 4612 711 4666 in
741 4629 879 4667 eum
935 4614 1177 4686 qualem
1217 4614 1316 4684 jus
1371 4615 1587 4686 poscit,
1632 4613 1792 4682 date,

130 4717 354 4772 quaeso,
386 4699 760 4766 sententiam,
797 4707 862 4755 ut
899 4701 990 4756 vel
1022 4702 1286 4756 Deodato
1329 4719 1456 4758 rem
1507 4719 1682 4757 suam
1711 4701 1793 4756 1e-

133 4786 336 4853 galiter
362 4785 574 4853 solvat,
611 4783 700 4838 vel
723 4783 958 4840 debitas
997 4801 1211 4857 poenas
1233 4785 1378 4841 luat.
1409 4786 1612 4854 Vigeat
1636 4801 1794 4841 sem-

134 4890 233 4945 per
261 4875 537 4932 alacritas
576 4878 787 4929 vestra.

605 5003 934 5057 EPISTULA
977 5005 1035 5056 l.\'
1070 5003 1233 5071 [olim
1256 5004 1315 5073 Χ]

629 5109 821 5180 (Circa
847 5125 1078 5165 annum
1113 5111 1296 5180 1008.)

363 5217 540 5272 Pal-ri
561 5221 613 5270 et
642 5215 1055 5272 consace-rdoti
1079 5231 1184 5270 suo
1211 5215 1558 5270 FULBERTITS.

206 5323 404 5389 Crede,
453 5324 646 5389 Pater,
705 5322 936 5378 nullam
991 5337 1087 5376 me
1141 5321 1640 5394 compositionem
1686 5338 1799 5378 un-

139 5411 334 5475 guenti
363 5411 691 5479 laborasse,
715 5417 1043 5484 postquam
1075 5412 1152 5467 ad
1185 5411 1461 5467 ordinem
1493 5412 1804 5485 cpisc0pa-

141 5493 249 5552 lem
286 5500 532 5565 accessi,
565 5501 731 5571 quod
785 5504 989 5556 tamen
1039 5499 1374 5572 pauxillum
1404 5516 1476 5554 ex
1501 5500 1662 5556 dono
1706 5517 1805 5556 cu-

138 5582 377 5650 jusdam
431 5588 646 5643 medici
677 5592 1004 5661 supererat,
1057 5587 1205 5643 mihi
1230 5588 1518 5643 fraudans
1569 5590 1674 5645 tibi
1695 5590 1806 5645 lar-

145 5673 282 5743 gior,
301 5683 510 5747 rogato
539 5677 838 5750 sospitatis
873 5683 1114 5734 auctore
1143 5679 1377 5734 Christo
1413 5685 1474 5735 ut
1521 5679 1623 5734 tibi
1657 5679 1802 5735 illud

147 5760 313 5822 faciat
343 5767 623 5824 salutare.
661 5766 815 5823 Vale.

1634 300 2004 358 EPISTOLA‘J.

97 437 220 476 nus
249 421 526 494 opitulari
554 421 703 477 velle
758 438 944 496 quam
975 423 1193 480 debere
1224 424 1506 482 fratribus
1537 425 1765 492 vestris,
1802 429 1849 480 Α

3437 318 3546 369 '206

2337 433 2671 488 smsrom
2703 435 2743 488 x
2775 433 2934 502 {olim
2971 435 3117 504 xm.

2517 521 2711 591 (Anno
2745 521 2922 592 1008).

1884 605 2204 662 Fl'LBERTlTS
2242 609 2354 664 Dei
2379 612 2581 679 gratia
2611 611 2919 678 cpiscopus
2946 613 3248 666 Glrxunro
3290 616 3544 670 Ht'BERTO

1953 696 2299 765 vicecomiti,
2330 701 2596 765 Rocsmo,
2633 701 2914 771 Brmnno,
2947 700 3160 756 Hucom
3187 703 3316 770 ﬁlio
3345 705 3548 775 Hugo-

1957 780 2069 842 nis,
2103 781 2345 847 O‘l‘ltEDO,
2400 785 2707 850 Humum,
2768 785 2976 840 Hucom
3005 787 3135 853 ﬁiio
3179 789 3544 860 Herbrandi,

1955 871 2006 918 el
2037 867 2218 920 uxori
2244 868 2617 932 Guismandi,
2660 874 2714 923 et
2744 869 3015 925 omnibus
3065 873 3188 926 illis
3218 875 3324 942 qui
3344 879 3547 930 tenent

1957 962 2361 1010 casmnentum
2392 963 2618 1013 sanclw
2655 959 2869 1014 Μανία)
2929 962 3311 1017 Carnotensis
3342 964 3545 1020 Eccle-

1954 1045 2057 1099 sia?
2082 1059 2194 1113 per
2217 1047 2438 1101 donum
2465 1048 2792 1117 Reginaldi
2819 1050 3100 1118 episcopi.

1957 1135 2112 1187 Voco
2167 1150 2274 1188 vos
2333 1139 2389 1190 et
2441 1136 2742 1191 admoneo
2771 1152 2843 1191 ex
2900 1143 3068 1211 parte
3102 1139 3198 1194 Dei
3242 1146 3298 1195 et
3325 1148 3544 1199 sanctae

1885 1221 2074 1276 Mariae
2105 1225 2161 1276 et
2189 1228 2414 1292 nostra,
2445 1229 2509 1279 ut
2529 1224 2683 1280 infra
2712 1226 3057 1297 proximum
3089 1229 3315 1285 Pascha
3340 1231 3544 1287 venia-

1882 1310 1956 1364 tis
1987 1311 2062 1366 ad
2097 1326 2229 1381 nos,
2266 1317 2369 1368 aut
2404 1318 2674 1370 nostrum
2735 1315 3040 1372 servitium
3092 1317 3304 1383 facere,
3338 1322 3440 1374 aut
3469 1319 3544 1374 de

1885 1399 2095 1454 vestris
2135 1403 2495 1458 casamcntis
2541 1403 2869 1474 legitimam
2925 1406 3217 1462 rationem
3273 1408 3540 1463 reddere.

1886 1488 2057 1552 Quod
2090 1489 2136 1543 si
2160 1505 2280 1545 non
2308 1491 2577 1559 feceritis,
2596 1494 3137 1549 excommunicabo
3166 1511 3272 1551 vos
3303 1501 3546 1568 propter
3575 1511 3592 1526 κ

1887 1578 2313 1634 contumeliam
2347 1586 2626 1651 vestram,
2677 1587 2734 1637 et
2761 1582 3108 1638 interdicam
3163 1589 3229 1640 ut
3261 1600 3383 1640 non
3441 1601 3544 1640 au-

1887 1666 2061 1721 diatis
2089 1667 2364 1724 divinum
2395 1669 2679 1736 ofﬁcium,
2728 1687 2836 1727 nec
2882 1672 2999 1728 vivi
3031 1673 3326 1745 recipiatis
3378 1691 3543 1729 com-

1887 1757 2259 1822 munionem,
2293 1774 2488 1832 neque
2518 1761 2737 1817 mortui
2762 1762 3151 1834 sepulturam.
3181 1763 3333 1829 Quin
3365 1763 3544 1820 etiam

1886 1847 2196 1902 castellum
2230 1849 2640 1906 Vindocinium
2669 1857 2725 1906 et
2761 1853 3114 1908 territorium
3145 1854 3275 1924 ejus
3305 1855 3547 1909 anathe-

1887 1935 2203 2002 matizabo,
2235 1941 2298 1992 ut
2324 1937 2382 1992 in
2425 1939 2507 1994 eis
2537 1939 2808 1994 divinum
2842 1940 3105 1996 ofﬁcium
3139 1955 3261 1998 non
3290 1941 3544 1998 celebre-

1887 2030 1998 2094 tur,
2027 2041 2224 2097 neque
2261 2033 2535 2082 mortuus
2581 2029 2918 2100 sepeliatur.
2972 2033 3180 2086 Postea
3225 2047 3367 2087 vero
3415 2032 3548 2104 ipsa

1885 2120 2238 2170 casamenta
2260 2131 2397 2187 quae
2425 2117 2633 2172 tenetis
2660 2124 2762 2173 aut
2789 2120 2892 2174 uni
2913 2125 3011 2175 aut
3057 2119 3330 2192 pluribus
3359 2121 3543 2190 dabo,

1885 2202 2039 2258 ultra
2057 2203 2235 2259 etiam
2256 2204 2569 2260 vobiscum
2597 2206 2672 2262 de
2692 2206 2804 2262 illis
2833 2223 2954 2263 non
2977 2209 3545 2279 concordabo,Deus

1882 2307 1988 2346 vos
2014 2297 2339 2359 convertat,
2366 2293 2469 2348 filii
2500 2293 2638 2349 mei.

2268 2382 2606 2437 EPISTOLA
2649 2386 2712 2438 XI
2745 2385 2926 2453 latim.
2962 2388 3158 2456 xxuu.

2501 2471 2698 2539 (Amo
2733 2474 2910 2542 locs.)

1885 2559 2278 2612 Dilectissimo
2298 2560 2472 2627 patri
2496 2565 2546 2615 et
2575 2561 3022 2629 archiepiscopo
3047 2577 3153 2616 suo
3179 2565 3546 2634 LEL‘Ttll-JIHCO,

1955 2648 2278 2701 Fummrcs
2304 2648 2414 2701 Dei
2431 2649 2633 2716 gratia
2663 2650 3051 2705 Carnotensis
3082 2653 3386 2720 episcopus
3415 2667 3548 2710 ora-

1959 2736 2133 2790 tionis
2164 2737 2547 2806 suffragium.

1960 2823 2201 2880 Multum
2235 2825 2456 2881 amoris
2498 2830 2676 2898 atque
2733 2826 3030 2884 tidelitatis
3060 2827 3184 2896 tibi,
3207 2832 3393 2896 Pater,
3447 2846 3546 2887 me

1886 2911 2104 2968 debere
2136 2928 2369 2980 censeo,
2413 2929 2520 2985 per
2547 2914 2723 2985 cujus
2745 2930 2994 2971 manum
3030 2932 3067 2972 a
3123 2920 3238 2972 Deo
3265 2918 3547 2974 benedic-

1888 3004 2110 3058 tionem
2137 3008 2192 3058 et
2222 3020 2455 3059 sacram
2489 3004 2831 3060 unctionem
2857 3007 3078 3079 accepi.
3114 3008 3279 3064 Unde
3309 3009 3549 3064 animus

1887 3109 2058 3148 meus
2088 3094 2167 3148 ita
2198 3095 2419 3166 pendet
2447 3111 2520 3149 ex
2551 3099 2672 3166 tuo,
2707 3101 2771 3150 ut
2823 3096 3118 3169 quidquid
3167 3103 3222 3154 te
3246 3099 3409 3168 justa
3458 3115 3551 3156 ra-

1889 3183 2048 3238 tione
2071 3187 2172 3237 aut
2199 3183 2505 3238 contristat
2536 3189 2637 3238 aut
2667 3183 2900 3251 bilarat,
2938 3184 3094 3240 idem
3129 3203 3225 3241 me
3257 3188 3303 3242 si
3348 3187 3552 3244 rescis-

1891 3288 2026 3326 cam
2049 3270 2226 3326 simili
2261 3271 2442 3326 modo
2491 3271 2730 3327 afﬁciet.
2775 3274 3170 3343 Congratulor
3212 3275 3413 3347 itaque
3445 3275 3552 3332 tibi

1893 3377 2073 3433 super
2093 3361 2345 3416 inventis
2369 3361 2598 3429 sacris;
2656 3367 2712 3418 et
2744 3366 2881 3432 Deo,
2936 3363 3080 3436 quia
3135 3369 3404 3438 tempore
3448 3369 3552 3422 tuo

1889 3449 2154 3505 revelare
2186 3449 2413 3520 maluit,
2443 3465 2670 3521 pronus
2694 3451 2917 3518 gratias
2963 3466 3101 3521 ago.
3150 3453 3372 3510 Deinde
3409 3469 3552 3511 vero

1892 3538 2056 3610 quod
2088 3537 2465 3609 Arnulphum
2511 3543 2785 3594 casatum
2839 3539 3114 3595 Ecclesiae
3172 3547 3388 3597 nostrae
3447 3541 3553 3597 tibi

1892 3627 2128 3698 tuisque
2158 3626 2440 3698 scripsisti
2473 3627 2778 3698 injurium,
2835 3644 2990 3699 aegre
3044 3633 3252 3685 contra
3281 3630 3449 3686 illum
3497 3633 3556 3686 et

1893 3716 2096 3788 accepi
2123 3722 2179 3771 et
2202 3717 2345 3771 fero.
2383 3717 2547 3772 Unde
2576 3733 2718 3772 mox
2747 3717 2826 3773 ad
2847 3717 3053 3774 villam
3105 3719 3400 3789 Alogiam,
3451 3719 3556 3775 ubi

1895 3811 2035 3862 tunc
2058 3822 2186 3860 esse
2216 3805 2548 3874 dicebatur,
2602 3807 2734 3862 misi
2767 3807 3031 3876 legatum
3085 3825 3310 3876 meum,
3358 3809 3463 3865 sed
3493 3809 3556 3865 in

1895 3895 2042 3952 alias
2067 3900 2266 3968 partes
2293 3895 2537 3951 abierat.
2573 3900 2729 3953 Uxor
2754 3902 2956 3953 tamen
2984 3899 3113 3969 ejus
3143 3899 3288 3954 mihi
3318 3915 3557 3956 reman-

1894 3985 2060 4040 davit
2115 3983 2302 4056 quod,
2372 3984 2472 4039 ubi
2530 3985 2788 4054 redierit,
2840 3987 3039 4042 statim
3099 3988 3175 4044 ad
3207 4003 3303 4044 me
3340 3989 3556 4045 veniet.

1897 4073 2069 4139 Quod
2100 4073 2147 4127 si
2177 4073 2423 4128 veniens
2457 4073 2554 4129 tibi
2583 4075 2927 4131 satisfacere
2953 4075 3224 4144 voluerit,
3256 4093 3364 4150 per
3393 4093 3561 4134 meas

1894 4162 2119 4218 litteras
2183 4163 2352 4219 scies.
2405 4163 2683 4237 Alioquin
2741 4165 2894 4220 ultra
2927 4165 3247 4222 terminum
3299 4167 3408 4239 qui
3445 4171 3563 4222 ate

1898 4253 2180 4325 praetixus
2210 4257 2316 4322 est,
2348 4253 2407 4308 in
2455 4259 2658 4310 nostra
2689 4256 3116 4311 communione
3154 4272 3279 4312 non
3317 4257 3444 4312 erit.
3474 4255 3563 4312 Si-

1901 4343 2250 4398 moniacum
2280 4359 2423 4398 vero
2446 4344 2888 4416 presbyterum,
2918 4345 2994 4401 de
3045 4362 3168 4418 quo
3199 4346 3345 4400 mihi
3390 4359 3565 4401 man-

1900 4431 2077 4501 dasti,
2111 4433 2168 4486 in
2200 4431 2506 4487 dioecesim
2539 4433 2900 4488 ordinatoris
2945 4434 3036 4488 sui
3068 4435 3265 4507 repelli
3294 4435 3520 4489 suadeo
3549 4452 3564 4502 ;

1901 4527 2026 4590 aut,
2068 4521 2114 4575 si
2145 4521 2205 4576 in
2234 4526 2334 4577 tua
2361 4522 2669 4590 manserit,
2703 4521 2780 4576 ab
2809 4521 3008 4577 ofﬁcio
3040 4523 3346 4596 suspendi,
3366 4540 3439 4578 ne
3469 4526 3568 4578 Ec-

1901 4609 2093 4664 clesiae
2122 4613 2237 4664 ture
2285 4608 2513 4664 candor
2541 4607 2873 4664 immundae
2923 4610 3166 4665 haeresis
3213 4611 3568 4680 contagione

1903 4699 2228 4754 sordescat.
2261 4699 2417 4764 Vale,
2446 4701 2614 4754 Pater
2645 4697 2891 4769 optime,
2923 4697 3027 4754 ﬁlii
3053 4699 3133 4755 tui
3163 4716 3415 4756 memor.

2298 4787 2637 4843 EPISTOIA
2663 4787 2754 4842 xu
2785 4787 2950 4857 [olim
2980 4789 3180 4860 XXIV.)

2405 4881 2577 4932 Anno
2616 4880 2751 4932 1008
2782 4875 2877 4932 vel
2907 4881 3063 4933 1009.

1906 4967 2308 5022 Dilectissimo
2336 4967 2509 5035 patri
2527 4972 2580 5021 et
2599 4967 3046 5036 archiepiscopo
3077 4983 3181 5023 suo
3211 4970 3574 5038 Licrrnsmco,

1983 5059 2301 5111 Ισύωιειιτιῑε.
2336 5057 2444 5112 Dei
2493 5058 2698 5126 gratia
2759 5057 3218 5112 Carnotensium
3271 5059 3578 5128 episcopus

1984 5144 2345 5214 suffragium
2377 5145 2668 5200 orationis
2701 5151 2751 5201 et
2783 5144 3122 5214 obsequium
3150 5145 3482 5214 ﬁdetitatis.

1993 5233 2371 5306 Arnulphum
2393 5233 2632 5289 ﬁdelem
2663 5249 2867 5289 meum
2891 5233 3203 5302 arguendo
3234 5235 3484 5292 conveni
3509 5236 3585 5292 de

1909 5324 2002 5380 his
2034 5323 2262 5394 injuriis
2293 5323 2454 5379 unde
2480 5323 2628 5378 mihi
2657 5321 3101 5396 querimoniam
3133 5323 3589 5398 ssripsistis.Sed

1911 5413 2006 5469 ille
2037 5411 2345 5484 respondit
2371 5429 2431 5466 se
2485 5428 2605 5466 non
2661 5411 2951 5479 diffugere
2999 5411 3294 5481 judicium
3328 5419 3341 5467 ξ
3377 5421 3588 5488 sponte

1912 5502 2111 5559 venire
2141 5501 2214 5556 a'l
2245 5499 2554 5572 placitum.
2591 5500 2753 5554 Unde
2782 5515 2890 5572 per
2919 5501 3235 5557 consilium
3269 5507 3592 5559 etsuasum

1917 5592 2046 5662 ejus
2069 5593 2255 5644 totam
2284 5589 2442 5644 hanc
2477 5604 2723 5643 causam
2750 5588 2808 5642 in
2834 5593 3094 5645 vestram
3132 5590 3588 5663 dispositionem

1916 5678 2228 5744 mittimus,
2265 5680 2327 5731 ut
2352 5676 2723 5732 constituatis
2781 5675 2964 5744 diem,
2994 5694 3117 5750 quo
3147 5697 3254 5734 vos
3285 5683 3342 5733 et
3372 5695 3502 5745 nos,
3533 5678 3600 5733 et

1919 5768 2017 5826 alii
2037 5783 2296 5841 quarum
2325 5765 2554 5831 intcret,
2582 5765 2899 5822 convenire
2929 5767 3262 5838 possimus,
3285 5766 3457 5837 juxta
3488 5784 3585 5822 ca-
