3952 6382
453 286 556 339 207

1520 278 1578 331 S.
1622 272 1962 330 FULBER'I‘I
2004 268 2483 326 CARNOTENSSI
2529 267 2864 325 EPISCOPI.

3800 265 3903 318 208

455 404 694 464 stellum
724 400 913 467 Ebraa,
946 396 1219 454 videlicet
1246 413 1431 472 super
1460 398 1661 472 ipsam
1681 401 1900 455 terram
1935 393 2128 451 sancti
2154 396 2202 448 A
2238 407 2408 449 ream
2467 390 2773 452 Caribdim
2810 387 3141 459 naufragus
3195 385 3579 458 demergeris.
3612 389 3805 458 Regat
3854 390 3909 443 te

453 491 777 562 Benedicti,
806 490 883 547 de
902 505 1028 563 qua
1074 488 1379 546 contentio
1426 494 1531 545 est.
1591 486 1938 560 Arnulphus
1966 484 2129 542 enim
2236 498 2457 539 manus
2481 481 2685 539 valida
2710 477 3139 553 omnipotentis
3170 476 3424 534 Domini.
3458 475 3615 534 Vale.

453 583 514 642 in
583 579 1030 656 expeditionem
1085 594 1227 635 cum
1289 577 1496 636 Odone
1558 577 1774 634 comite
1829 573 2129 650 proﬁcisci

453 670 780 731 constituit.
809 667 975 726 Unde
998 683 1111 723 vos
1144 665 1326 724 talem
1356 666 1516 723 diem
1544 664 1929 740 praescribere
1951 678 2130 736 opor-

452 766 554 832 tet,
585 764 727 818 utet
767 757 867 816 ille
895 756 972 814 de
1010 754 1391 830 expeditione
1443 754 1631 829 possit
1674 770 1804 810 esse
1828 767 2124 821 reversus,

453 855 511 907 et
538 866 652 921 ego
677 847 830 906 meis
859 845 1116 918 negotiis
1146 850 1551 919 exoccupatus
1576 842 1801 918 possim
1829 840 2004 899 vobis
2024 856 2125 897 oc-

452 954 710 997 currere.
742 935 899 994 Vale.

846 1026 1183 1082 Episrom
1205 1027 1320 1081 xm
1355 1025 1517 1096 [olim
1556 1024 1727 1094 xxv.]

930 1109 1128 1181 (Anno
1157 1112 1293 1165 1008
1323 1107 1643 1179 autJOOQ.)

450 1201 673 1259 Sancto
718 1206 774 1257 el
818 1198 1152 1256 venerabili
1204 1212 1311 1254 suo
1367 1199 1739 1268 Lscruemco,
1800 1197 2119 1251 FttLBEBTlIS

524 1291 929 1361 episcoporum
984 1287 1358 1344 humillimus
1413 1285 1726 1355 ﬁdelitatis
1754 1284 2033 1354 a/feclum
2066 1287 2120 1339 el

521 1379 888 1451 obsequium.

523 1471 603 1526 De
626 1467 980 1544 presbytero
1009 1469 1206 1522 vestro
1233 1464 1314 1522 ab
1340 1463 1458 1521 alio
1487 1463 1777 1537 episcopo
1805 1478 1914 1535 per
1942 1477 2119 1535 pecu-

450 1557 618 1615 niam
645 1556 942 1624 ordinato,
974 1571 1048 1612 ex
1069 1553 1418 1612 auctoritate
1441 1556 1787 1609 sanctorum
1812 1566 2119 1609 canonum

452 1645 567 1703 tale
590 1644 765 1702 vobis
787 1642 1110 1700 consilium
1149 1641 1336 1698 dono.
1387 1640 1653 1697 Primum
1707 1637 2115 1710 degradetur;

2586 596 2922 653 EPISTULA
2959 596 3067 650 xv:
3107 594 3273 665 [olim
3304 592 3551 666 LXXllI].

2742 682 2929 757 (Circa
2953 697 3183 739 annum
3218 682 3400 754 1008.)

2236 777 2554 832 Ριτιιιειιτυε
2610 775 2723 832 Dei
2791 774 2996 846 gratia
3059 772 3523 830 Carnotensium
3592 772 3909 843 episcopus

2498 866 2779 922 GAUSLINO
2809 862 3016 920 abbati
3034 862 3403 934 regulariter
3430 877 3629 934 agere.

2304 970 2523 1028 Praesul
2561 969 3039 1037 Aurelianorum,
3072 967 3175 1042 qui
3197 985 3309 1025 vos
3331 965 3905 1035 excommunicavit,

2230 1059 2623 1134 coepiscopos
2652 1074 2797 1115 suos
2820 1057 2981 1115 idem
3035 1057 3229 1114 facere
3256 1056 3467 1130 poscit.
3494 1061 3567 1113 At
3606 1072 3742 1128 ego,
3779 1071 3910 1113 cor-

2228 1148 2507 1206 rectionis
2559 1152 2772 1205 vestras
2811 1163 2937 1204 non
2978 1161 3192 1220 expers
3221 1145 3283 1203 in
3315 1145 3562 1203 Kalend.
3609 1144 3822 1204 Octob.
3853 1145 3911 1202 ei

2227 1241 2566 1310 respectum
2596 1235 2757 1293 dedi.
2795 1235 2960 1293 Unde
2981 1250 3166 1305 nunc,
3207 1234 3409 1305 frater,
3427 1250 3791 1291 commoneo
3812 1238 3907 1301 ut,

2228 1322 2455 1393 gradus
2487 1323 2838 1381 humilitatis
2895 1322 3136 1381 interim
3164 1323 3260 1380 vel
3313 1339 3505 1397 usque
3530 1323 3609 1380 ad
3660 1321 3909 1379 tertium

2225 1411 2548 1483 relegendo
2577 1412 2862 1488 episcopo
2906 1415 3108 1469 vestro
3160 1411 3589 1485 'subjiciamini,
3617 1411 3771 1468 sicut
3795 1411 3907 1467 de-

2225 1505 2335 1557 cet.
2372 1505 2483 1558 Aut
2505 1501 2554 1558 si
2582 1500 2757 1559 vobis
2798 1518 2922 1560 non
2949 1501 3032 1560 ita
3085 1502 3431 1559 faciendum
3478 1517 3611 1559 esse
3639 1500 3904 1569 videtur,

2225 1596 2333 1647 cur
2360 1590 2487 1648 fieri
2513 1606 2639 1648 non
2675 1590 2895 1649 debeat
2921 1591 3219 1650 rationem
3244 1590 3420 1648 nobis
3466 1590 3744 1647 intimare
3776 1606 3908 1647 non

2227 1678 2447 1752 pigeat.
2485 1681 2607 1751 Ego
2634 1680 2797 1737 enim
2826 1696 3024 1754 neque
3076 1680 3272 1752 legem
3297 1695 3494 1754 neque
3523 1678 3779 1736 modum
3811 1695 3910 1735 ra-

532 1734 543 1747 -
1040 1730 1051 1741 ·
1136 1750 1145 1759 .
1939 1727 1950 1738 ·
2227 1727 2447 1752 r'o‘""'
2489 1727 2604 1751 -υν
2637 1727 2797 1737 *κ’-
2827 1727 3024 1754 ···ν“ι··-ν
3076 1727 3272 1752 "av-
3298 1727 3492 1754 υν-ινη
3523 1727 3778 1736 -νν---·
3814 1727 3885 1735 "-

450 1734 707 1843 ἀθεηίῖθν,
721 1732 802 1843 ῗξῖ
814 1728 2119 1843 $31933.?f£§’ift‘iz_“.‘i?3"if_fT‘i.."f:
2148 1746 2190 1802 ³
2225 1766 2624 1825 ιίοοίηειιίοιιίε
2650 1768 2919 1826 invenire
2946 1785 3219 1843 possum.
3250 1768 3354 1841 qui
3379 1784 3489 1824 vos
3517 1784 3553 1825 α
3576 1768 3729 1839 jugo
3762 1767 3907 1824 sub-

450 1841 594 1882 vera
616 1822 966 1898 paenitentia
986 1821 1290 1889 multetur,
1323 1825 1390 1877 ut
1413 1819 1662 1877 honoris
1693 1819 1938 1891 gradus,
1959 1833 2115 1892 quos

450 1914 643 1988 pretio
675 1916 999 1977 laxaverat,
1055 1910 1340 1984 lacrymis
1371 1910 1723 1982 conquirere
1753 1913 1810 1966 et
1836 1922 2116 1982 reparare

452 2004 794 2062 contendat.
830 2006 1058 2071 Postea,
1118 2001 1167 2057 si
1218 2000 1400 2071 digne
1429 1999 1788 2073 paenituerit,
1827 2002 2116 2055 restaure-

452 2098 565 2149 tur.
600 2096 734 2148 Haec
753 2106 896 2147 vero
926 2106 1062 2162 quae
1085 2088 1368 2156 diximus,
1400 2105 1540 2145 cum
1570 2088 1631 2144 in
1656 2088 1786 2145 aliis
1814 2087 1961 2144 locis
1988 2092 2116 2144 tum

452 2182 594 2240 satis
645 2196 927 2254 expresse
981 2178 1293 2235 invenietis
1326 2177 1387 2235 in
1440 2193 1674 2236 canone
1720 2176 2003 2234 Toletano
2054 2191 2114 2243 ιι,

451 2288 585 2345 cap.
610 2277 664 2327 9.
699 2273 989 2326 Caeterum
1019 2267 1514 2341 rebaptizationcs
1542 2270 1600 2324 et
1642 2265 2114 2323 reordinationes

451 2360 599 2426 fieri,
632 2373 895 2415 canones
950 2360 1173 2414 vetant.
1234 2360 1551 2429 Propterea
1591 2355 1935 2429 depositum
1990 2370 2115 2410 non

452 2446 893 2515 reordinabitis,
929 2446 1037 2502 sed
1063 2445 1323 2502 reddctis
1352 2444 1406 2501 ei
1434 2462 1577 2501 suos
1607 2444 1832 2514 gradus
1863 2460 1971 2518 per
1999 2444 2117 2499 ins-

455 2540 756 2594 trumenta
787 2539 844 2590 et
871 2550 979 2607 per
1002 2534 1359 2590 vestimenta
1409 2549 1545 2607 quae
1575 2532 1653 2589 ad
1698 2532 1862 2606 ipsos
1891 2532 2116 2603 gradus

449 2624 769 2699 pertinent,
809 2623 890 2680 ita
911 2622 1210 2680 dicendo:
1263 2621 1467 2679 Reddo
1500 2620 1601 2678 tibi
1653 2621 1911 2692 gradum
1940 2620 2117 2677 ostia-

451 2714 543 2785 rii,
576 2718 633 2771 et
658 2719 892 2770 caetera.
927 2716 992 2768 In
1020 2711 1263 2768 nomine
1293 2711 1497 2779 Patris,
1530 2716 1589 2768 et
1617 2711 1743 2767 Filii
1781 2715 1839 2767 et
1869 2711 2118 2784 Spiritus

450 2802 663 2861 sancti.
697 2803 1027 2860 Novissime
1057 2806 1260 2859 autem
1290 2800 1706 2858 benedictione
1744 2799 2117 2857 lastificabitis

452 2910 591 2951 eum
616 2892 699 2949 sic
731 2890 1149 2949 concludendo
1182 2908 1195 2945 :
1227 2889 1564 2946 Benedictio
1596 2893 1694 2947 Dei
1716 2889 1918 2958 Patris,
1947 2894 2005 2945 et
2036 2889 2117 2946 Fi-

451 2982 533 3051 lii,
560 2986 618 3039 et
649 2980 898 3057 Spiritus
950 2980 1138 3037 sancti
1191 2996 1372 3053 super
1417 2984 1470 3035 te
1514 2979 1863 3049 descendat,
1923 2984 1987 3035 ut
2033 2978 2114 3034 sis

451 3069 841 3127 confirmatus
870 3068 930 3126 in
961 3068 1171 3126 ordine
1215 3067 1588 3138 sacerdotali,
1644 3074 1701 3125 et
1728 3069 1946 3157 offeras
1992 3067 2115 3142 pla-
2145 3099 2188 3157 ο

452 3158 677 3216 cabiles
704 3158 935 3215 hostias
982 3173 1093 3231 pro
1141 3157 1401 3231 peccatis
1448 3162 1629 3230 atque
1679 3156 2116 3214 offensionibus

452 3247 663 3323 populi
689 3247 1087 3322 omnipotenti
1115 3250 1256 3316 Deo,
1283 3247 1381 3304 cui
1410 3252 1497 3303 est
1527 3248 1722 3304 honor
1749 3251 1806 3303 et
1835 3246 2025 3317 gloria
2052 3247 2112 3304 in

454 3336 677 3394 saecula
702 3336 1081 3394 saeculorum.
1114 3341 1325 3393 Amen.

848 3428 1182 3485 EPISTOLA
1211 3429 1322 3483 xw
1350 3428 1515 3498 [olim
1542 3428 1737 3498 xxm

967 3515 1156 3585 (Circa
1179 3531 1411 3572 annum
1436 3518 1614 3587 1008.)

450 3606 733 3662 Plurima
760 3606 1009 3663 scientia
1031 3610 1084 3661 el
1105 3606 1427 3662 sanctilale
1446 3605 1711 3675 pollenti
1732 3606 1906 3675 patri
1942 3610 1996 3662 el
2017 3621 2114 3663 ar—

523 3694 896 3767 chiepiscopo
954 3697 1321 3764 Lstsrmzmco,
1381 3694 1615 3750 utinam
1655 3695 1770 3751 Del
1814 3696 2114 3765 parvulus

526 3786 816 3842 orationis
843 3784 1228 3855 scr/fragium.

528 3873 701 3939 Quod
750 3871 1170 3930 adversarium
1201 3876 1477 3930 nostrum
1530 3876 1828 3931 Gozonem
1871 3891 2116 3932 excom-

453 3961 826 4032 municastis,
877 3978 911 4017 a
943 3961 1200 4018 Domino
1226 3961 1587 4031 mercedem,
1615 3967 1674 4020 et
1708 3980 1746 4020 a
1769 3964 1948 4022 nobis
1974 3964 2118 4021 ﬁde-

452 4048 540 4105 les
569 4048 791 4120 gratias
816 4048 1114 4106 babeatis.
1149 4052 1269 4107 lloc
1297 4050 1461 4108 enim
1516 4051 1810 4121 faciendo,
1838 4058 1896 4110 et
1924 4052 2120 4110 Domi-

452 4154 535 4196 no
556 4138 896 4212 praebuistis
945 4138 1327 4212 obsequium,
1376 4145 1433 4197 et
1468 4146 1665 4199 vestro
1706 4141 2002 4216 discipulo
2027 4142 2118 4199 di-

449 4227 720 4286 lectionis
747 4227 1058 4285 indicium.
1087 4229 1463 4303 Quapropter
1487 4230 1536 4288 si
1568 4247 1665 4287 me
1692 4237 1887 4289 vestra
1906 4231 2117 4303 digna-

450 4316 533 4375 tio
555 4316 632 4373 de
660 4316 775 4374 hac
805 4332 876 4374 ac
899 4316 974 4374 de
1014 4316 1130 4374 alia
1164 4334 1363 4377 causa
1413 4320 1730 4390 rogaverit,
1787 4319 2115 4391 benignam

450 4420 515 4462 se
542 4403 715 4461 vobis
743 4408 802 4462 et
828 4402 1264 4478 obsequentem
1292 4410 1497 4465 nostra
1546 4407 1851 4466 humilitas
1877 4409 2115 4466 exhibe-

445 4492 554 4551 bit.
585 4492 803 4551 Valete.

830 4566 1167 4623 EPISTOI.A
1205 4567 1292 4622 xv
1322 4568 1482 4639 [olim
1510 4569 1733 4641 xxvm

947 4654 1135 4727 (Circa
1165 4671 1397 4714 annum
1430 4660 1613 4730 1008.)

447 4744 796 4804 Clarissima
846 4745 1020 4816 patri
1063 4752 1119 4802 et
1173 4744 1545 4818 archiepisco
1600 4765 1708 4805 suo
1764 4751 2109 4806 Lar'rmzmco

938 4837 1258 4892 FULBERTUS
1286 4838 1617 4907 cpiscopus.

499 4925 739 4980 Proreta
750 4920 924 4978 navis
956 4921 1131 4993 regiae
1160 4927 1375 4980 cautus
1394 4927 1452 4980 et
1466 4923 1934 4999 circumspectus
1956 4931 2103 4983 esto.

440 5010 677 5069 Terreni
698 5009 938 5085 spiritus
966 5009 1292 5067 insolenter
1311 5010 1642 5068 assibilant.
1668 5012 1901 5070 Fluctus
1925 5014 2108 5086 hujus

443 5099 645 5157 saeculi
671 5099 1098 5157 intumescunt.
1132 5100 1543 5158 Promontoria
1566 5102 1894 5159 mundanae
1915 5109 2110 5177 potes:

441 5186 577 5244 tatis
595 5187 862 5260 pericula
878 5188 1271 5257 minantur,et
1283 5204 1450 5245 more
1472 5188 1801 5262 piratarum
1818 5192 2107 5249 insidian-

442 5277 539 5330 tur
556 5274 1066 5347 hypocritanlnter
1090 5276 1215 5334 haec
1237 5278 1823 5337 omniatendendum
1856 5281 1935 5338 ad
1966 5298 2105 5356 por-

442 5365 572 5419 tum
600 5363 851 5419 caelestis
880 5364 1396 5439 patrim.Noliergo
1429 5371 1546 5424 tute
1568 5368 1697 5441 ipse
1732 5369 1833 5425 tibi
1861 5370 2105 5428 bilatas-

442 5464 580 5504 sum
606 5448 924 5507 dubietatis
948 5469 1018 5509 ac
1038 5452 1400 5528 duplicitatis
1416 5455 1479 5511 in
1510 5456 1687 5512 corde
1712 5463 1812 5513 tuo
1829 5458 2099 5516 miscere.

444 5536 710 5610 Simplex
737 5543 831 5594 est
855 5540 1013 5597 enim
1045 5543 1143 5600 via
1172 5545 1428 5617 Domini,
1461 5550 1519 5603 et
1542 5547 1648 5620 qui
1668 5547 1941 5605 ambulat
1962 5550 2102 5606 sim-

442 5624 688 5699 pliciter,
721 5625 994 5684 ambulat
1017 5630 1470 5691 confidenter.Si
1500 5636 1574 5691 de
1596 5636 1689 5693 via
1710 5637 1857 5707 legis
1878 5640 2097 5697 «livinze

439 5712 710 5790 qualibet
734 5715 1053 5774 occasione
1083 5719 1363 5779 seductus
1391 5723 1783 5797 aberraveris,
1826 5729 1885 5784 in
1913 5735 2093 5788 tarta-

2220 1856 2496 1929 jectionis
2549 1857 2733 1929 hujus
2790 1857 3083 1915 absolvat.
3142 1862 3214 1913 At
3261 1857 3309 1912 si
3337 1857 3474 1930 quis
3510 1856 3663 1913 alius
3683 1861 3906 1925 praeter

2224 1962 2334 2004 vos
2364 1946 2668 2005 invenisse
2692 1948 2969 2012 fateatur,
3022 1963 3252 2004 novum
3277 1946 3447 2003 illum
3492 1946 3798 2003 rhetorem
3825 1947 3902 2003 de

2223 2034 2376 2091 caelo
2392 2034 2588 2107 magis
2604 2034 2888 2092 cecidisse
2909 2051 3099 2109 quam
3114 2034 3497 2092 descendisse
3514 2033 3900 2091 crediderim.

2224 2124 2425 2182 Videte
2450 2141 2526 2182 ne
2554 2124 2691 2199 quis
2716 2140 2825 2182 vos
2858 2124 3106 2182 seducat
3135 2124 3415 2181 inanibus
3435 2123 3654 2181 verbis.

2623 2234 2959 2291 EPISTOLA
2980 2233 3113 2289 XVII
3148 2232 3312 2304 [olim
3340 2232 3495 2304 XLI].

2727 2317 2920 2389 (Circa
2951 2332 3183 2374 annum
3209 2320 3388 2381 1008.)

2336 2402 2552 2458 Fratri
2578 2408 2633 2459 el
2655 2403 3001 2472 coepiscopo
3023 2418 3130 2459 suo
3158 2404 3393 2458 Fumom
3427 2404 3767 2458 thasnrrs.

2294 2506 2469 2574 Quod
2494 2506 2574 2564 ad
2592 2523 2871 2581 praesens
2901 2512 3169 2564 vestrum
3217 2506 3527 2579 placitum,
3571 2523 3697 2564 non
3734 2507 3899 2565 adeo

2222 2590 2298 2648 de
2329 2591 2557 2650 malitia
2596 2593 2780 2664 hujus
2810 2591 3097 2667 temporis
3122 2597 3265 2648 ortae
3304 2592 3684 2650 difficultates
3704 2592 3897 2649 obsis-

2223 2685 2375 2751 tunt,
2406 2680 2579 2737 vobis
2595 2680 2970 2756 exponendas
2996 2698 3105 2755 per
3131 2680 3321 2738 otium
3353 2700 3367 2750 ;
3418 2682 3525 2738 sed
3553 2681 3723 2755 quod
3743 2698 3900 2756 prte-

2224 2786 2363 2827 sens
2392 2770 2674 2840 dicerem,
2698 2787 2806 2845 per
2848 2772 2959 2828 hos
3016 2771 3218 2844 apices
3275 2771 3611 2843 significare
3662 2772 3897 2829 curavi.

2225 2860 2575 2917 Defensores
2603 2859 2806 2931 legum
2830 2877 3081 2934 paucos,
3109 2861 3565 2935 impugnatores
3594 2876 3736 2917 vero
3762 2861 3897 2934 plu-

2220 2964 2317 3006 res
2343 2965 2473 3005 esse
2502 2949 2732 3007 videtis.
2758 2950 2914 3017 Quin
2963 2951 3146 3007 etiam
3200 2950 3484 3008 dominus
3510 2956 3711 3007 noster
3766 2967 3894 3019 rex,

2222 3055 2364 3095 cum
2397 3056 2710 3096 summum
2750 3040 2991 3112 justitite
3036 3046 3219 3114 caput
3272 3040 3587 3111 incumbit,
3640 3040 3897 3114 perﬁdia

2223 3127 2525 3185 malorum
2556 3129 2639 3186 sic
2669 3128 3114 3187 circumventus
3146 3134 3253 3199 est,
3289 3135 3354 3187 ut
3381 3130 3460 3187 ad
3488 3146 3757 3205 praesens
3795 3147 3897 3187 ne-

2214 3234 2340 3292 que
2371 3234 2433 3274 se
2458 3217 2784 3286 vindicare,
2818 3234 3014 3294 neque
3057 3235 3171 3277 nos
3203 3225 3267 3277 ut
3322 3224 3557 3294 oportet
3602 3219 3895 3291 adjuvare

2222 3308 2567 3382 praevaleat.
2596 3313 2724 3367 Non
2752 3309 2882 3367 haec
2932 3310 3155 3368 idcirco
3203 3311 3478 3380 dixerim,
3510 3316 3575 3369 ut
3603 3311 3895 3370 fortitudi-

2223 3414 2362 3455 nem
2396 3398 2583 3456 animi
2611 3399 2795 3457 vestri
2824 3400 3100 3472 frangere
3130 3401 3329 3471 velim,
3362 3401 3468 3459 sed
3493 3406 3560 3458 ut
3604 3418 3757 3459 sana
3775 3402 3897 3458 dis-

2222 3488 2484 3547 cretione
2544 3505 2794 3547 causam
2864 3496 3129 3548 vestram
3181 3496 3431 3550 tractare
3477 3492 3890 3550 memineritis.

2223 3578 2406 3649 Igitur
2435 3579 2484 3636 si
2503 3579 2696 3638 abbas
2728 3580 2917 3638 sancti
2940 3580 3242 3638 Benedicti
3264 3581 3341 3638 de
3366 3587 3564 3640 vestro
3587 3587 3896 3656 contemp-

2224 3673 2289 3725 tu
2318 3668 2563 3743 culpam
2593 3686 2766 3727 suam
2814 3670 3246 3741 recognoverit,
3302 3676 3359 3728 et
3385 3672 3550 3729 illam
3607 3672 3893 3746 deinceps

2222 3757 2659 3830 subjectionem
2689 3760 3030 3833 promiserit
3055 3777 3193 3833 qum
3212 3760 3387 3818 vobis
3405 3761 3694 3819 canonice
3711 3761 3894 3818 debe-

2223 3847 2550 3917 tur,hortor
2565 3854 2623 3905 et
2643 3849 2872 3907 suadeo
2894 3850 3300 3923 utrecipiatis;
3334 3856 3713 3909 sacramenta
3729 3867 3890 3920 vero,

2224 3941 2280 3992 et
2302 3941 2518 3995 caetera
2572 3955 2711 4011 qua;
2763 3938 2843 3995 ad
2894 3938 3273 3997 mundanam
3320 3940 3517 4011 legem
3572 3941 3891 4015 pertinent,

2224 4030 2469 4099 propter
2520 4044 2793 4085 amorem
2822 4029 2980 4100 regis
3031 4029 3263 4086 domini
3310 4031 3499 4088 missa
3541 4031 3799 4101 faciatis,
3833 4036 3898 4088 ut

2225 4114 2577 4185 religionem
2622 4117 2815 4189 magis
2853 4134 3042 4192 quam
3090 4119 3441 4177 saecularem
3499 4121 3896 4179 ambitionem

2225 4220 2335 4260 vos
2365 4204 2578 4261 sectari
2609 4212 2954 4276 cognoscat.
2986 4212 3059 4263 At
3114 4207 3160 4264 si
3193 4207 3386 4266 abbas
3418 4209 3481 4266 in
3526 4215 3757 4268 tantam
3803 4227 3897 4267 su-

2224 4292 2501 4366 perbiam
2530 4293 2899 4364 intumuerit,
2950 4300 3015 4352 ut
3060 4297 3259 4371 ipsam
3302 4315 3547 4374 quoque
3581 4299 3898 4371 subjectio-

2226 4399 2368 4439 nem
2398 4382 2754 4441 canonicam
2784 4384 2956 4441 vobis
2985 4386 3277 4459 derogare
3304 4389 3647 4460 contendat,
3688 4406 3896 4463 super-

2141 4455 2189 4512 Ῑ)
2224 4470 2363 4544 bim,
2395 4471 2492 4528 cui
2542 4487 2666 4528 non
2715 4472 2907 4546 parcit
2948 4476 3124 4544 Deus,
3143 4455 3278 4533 'Dei
3326 4494 3533 4535 servus
3578 4455 3893 4552 quombdo

2225 4565 2457 4635 parcat,
2496 4561 2719 4618 nescio.
2754 4562 2971 4620 Valete.

2549 4671 2885 4728 EPISTOLA
2922 4674 3083 4730 xvm
3114 4674 3280 4747 [olim
3312 4678 3553 4750 LXXIV].

2732 4756 2891 4827 (Post
2919 4772 3150 4815 annum
3184 4762 3362 4833 1008).

2222 4844 2544 4902 FULBERTUS
2568 4846 2683 4903 Dei
2700 4847 2906 4918 gratia
2931 4847 3318 4907 Carnotensis
3345 4851 3655 4921 episcopus
3682 4853 3746 4909 G.
3779 4868 3885 4909 suo

2934 4938 3170 4996 clerico.

2289 5022 2594 5097 Quidquid
2613 5024 2759 5082 boni
2780 5025 2856 5083 de
2886 5031 2941 5083 te
2962 5041 3203 5100 sperare
3240 5041 3773 5101 prmsumpseram,
3806 5037 3885 5089 to-

2218 5113 2347 5168 tum
2368 5129 2505 5169 vere
2524 5113 2586 5169 in
2616 5115 2987 5172 contrarium
3021 5115 3203 5171 cedit:
3222 5131 3347 5171 non
3368 5116 3565 5174 solum
3579 5120 3741 5177 enim
3758 5120 3884 5177 nul-

2214 5198 2342 5256 lum
2365 5216 2439 5257 ex
2460 5206 2516 5257 te
2543 5204 2859 5259 consilium
2878 5203 3273 5261 velauxilium
3289 5205 3702 5279 capio,verum
3721 5209 3882 5267 insu-

2214 5304 2323 5361 per
2343 5289 2554 5346 odium
2573 5307 2685 5363 pro
2700 5292 3013 5349 dilectione
3029 5293 3316 5366 reddis,et
3332 5294 3412 5367 inj
3423 5296 3566 5353 uriis
3575 5315 3673 5355 me
3694 5300 3879 5357 aﬂicis

2212 5377 2653 5436 immerentem.
2682 5384 2760 5436 De
2791 5381 3014 5454 quibus
3040 5384 3169 5454 jam
3207 5385 3373 5458 apud
3397 5390 3449 5441 te
3479 5403 3586 5459 per
3613 5388 3877 5447 verbale—

2212 5465 2335 5536 gati
2384 5465 2477 5521 bis
2506 5468 2955 5540 querimoniam
2987 5470 3119 5541 feci,
3151 5489 3261 5547 per
3291 5474 3512 5548 scripta
3536 5492 3675 5534 mea
3717 5494 3875 5535 nunc

2211 5556 2381 5612 tertio
2402 5572 2641 5629 queror.
2676 5558 2857 5616 Doleo
2883 5576 3149 5635 namque
3178 5563 3344 5636 quod
3371 5565 3757 5639 temetipsum
3780 5571 3874 5624 Ec-

2213 5643 2407 5701 clesia:
2436 5651 2653 5702 nostra:
2694 5648 3020 5707 ministerio
3043 5650 3306 5721 fraudas,
3344 5652 3615 5725 profanae
3655 5656 3790 5714 vitae
3819 5662 3873 5713 et

2213 5738 2460 5792 armata:
2482 5736 2704 5794 militiae
2738 5739 3147 5815 mancipatum
3172 5741 3372 5816 ;quod
3396 5741 3662 5801 decimas
3690 5749 3749 5802 et
3775 5746 3871 5804 ob-
