3952 6444
111 308 239 362 109

105 523 465 580 nachorum
495 530 840 581 nostrorum
867 526 1150 582 ecclesias
1181 527 1469 595 invasisti,
1498 527 1667 601 quod
1709 526 1793 583 tui

106 610 441 670 domestici
480 615 910 672 canonicorum
958 616 1132 672 villas
1182 618 1390 690 praeda
1432 622 1489 674 et
1516 617 1794 673 incendio

104 708 366 759 vastant
394 722 407 760 :
442 705 571 759 haec
612 704 873 779 denique
902 706 1128 777 omnia,
1161 712 1225 763 ut
1249 707 1473 763 dictum
1507 712 1613 774 est,
1646 706 1794 763 indi-

106 806 244 859 gne
279 793 424 849 mihi
456 795 565 849 abs
592 800 645 850 te
674 795 800 851 ﬁeri
832 812 1072 868 queror,
1106 797 1200 852 cui
1232 797 1377 853 nihil
1407 814 1679 871 unquam
1709 796 1794 853 iu~

103 883 431 939 commodi
488 884 583 939 vel
641 900 826 958 Opera
872 902 1011 942 mea
1056 886 1147 943 vel
1198 887 1479 944 instinctu
1545 886 1790 943 memini

102 973 466 1043 contigisse.
489 974 662 1040 Quod
688 975 733 1031 si
763 975 912 1048 quid
942 981 1103 1033 esset
1131 977 1293 1033 unde
1318 994 1416 1034 me
1442 982 1788 1051 suspectum

98 1058 400 1130 haberes,
431 1079 540 1135 pro
570 1063 797 1121 incerta
827 1082 1011 1122 causa
1041 1071 1232 1123 certas
1266 1067 1627 1123 offensiones
1666 1082 1788 1122 non

100 1156 422 1222 oporteret
449 1153 683 1209 inferre.
718 1160 789 1211 At
819 1156 868 1211 si
898 1156 1045 1228 quid
1090 1156 1151 1213 in
1197 1161 1250 1213 te
1300 1157 1609 1214 manifeste
1649 1173 1788 1230 pec-

100 1254 377 1309 cassem,
410 1245 465 1297 et
491 1246 557 1297 tu
603 1243 1044 1317 Scripturarum
1096 1246 1361 1302 consiliis
1406 1245 1788 1319 acquiescere

99 1326 323 1397 velles,
357 1333 527 1386 tuum
555 1336 755 1387 tamen
786 1334 1107 1405 prtesulem
1139 1351 1278 1391 eum
1309 1334 1595 1408 patientia
1622 1334 1792 1389 susti-

96 1431 310 1472 neres.
349 1418 459 1474 Sed
491 1418 639 1475 dum
690 1421 1062 1478 discretionis
1120 1424 1363 1480 oculum
1420 1424 1509 1479 ira
1566 1423 1786 1487 turbat,

98 1504 415 1576 cupiditas
445 1513 648 1577 caecat,
691 1526 801 1565 nec
841 1528 1088 1568 causam
1135 1512 1279 1568 satis
1338 1513 1651 1583 diligenter
1698 1517 1784 1568 at-

98 1594 331 1665 tendis,
358 1612 467 1652 nec
498 1613 676 1671 opem
700 1600 928 1656 consilii
961 1602 1234 1658 salutaris
1280 1602 1562 1659 admittis.
1619 1602 1783 1659 Unde

91 1683 240 1753 jam
273 1684 376 1740 tibi
403 1686 545 1741 satis
577 1694 920 1761 exspectato
938 1691 1278 1763 prtenuntio
1309 1693 1495 1766 quod,
1547 1692 1593 1748 si
1643 1697 1778 1749 ante

98 1775 318 1831 Natale
358 1777 593 1834 Domini
642 1779 998 1852 resipiscens
1054 1784 1131 1838 ad
1175 1783 1601 1840 correctionem
1654 1800 1775 1840 non
1818 1791 1856 1843 It

94 1865 603 1936 veneris,senties
635 1885 731 1924 me
762 1870 996 1927 divinas
1028 1871 1190 1942 leges
1222 1873 1433 1929 acriter
1461 1873 1775 1946 insequen-

96 1958 253 2021 tem,
287 1972 467 2029 quem
497 1958 682 2014 modo
712 1959 964 2030 negligis
1018 1961 1278 2018 suaviter
1325 1964 1772 2019 admonentem.

95 2043 249 2099 Vale
277 2045 532 2103 interim.

474 2139 805 2214 EPISTDLA
845 2143 951 2197 XIX
1000 2144 1162 2212 [olim
1204 2144 1414 2214 LXXV].

628 2210 789 2278 (Post
818 2210 1048 2269 annum
1075 2218 1251 2285 1008).

352 2279 553 2335 Charo
609 2296 715 2337 suo
762 2286 825 2339 D.
872 2287 1186 2341 FULBERTUS
1213 2279 1529 2343 sacerdos.

178 2368 294 2421 Nec
323 2368 598 2437 turberis,
631 2370 714 2426 ﬁli
746 2372 848 2439 mi,
892 2388 1000 2429 nec
1045 2374 1281 2431 decidat
1328 2392 1431 2432 cor
1472 2382 1641 2432 tuum
1695 2376 1773 2433 ab

97 2472 315 2510 amore
344 2462 400 2512 et
429 2457 653 2517 ﬁducia
690 2462 896 2518 nostri.
955 2467 1079 2519 Non
1134 2465 1294 2521 enim
1351 2466 1667 2539 dereliquit
1719 2472 1772 2523 te

95 2544 311 2600 anima
342 2562 479 2603 mea
511 2565 524 2602 :
555 2550 661 2605 sed
687 2550 831 2622 quia
862 2553 1062 2609 minus
1089 2554 1327 2609 credere
1361 2554 1472 2609 sibi
1515 2560 1571 2610 et
1626 2556 1769 2612 obe-

93 2634 277 2690 diens
302 2652 430 2691 esse
460 2637 784 2707 videbaris,
833 2643 1146 2714 paululum
1188 2644 1563 2701 dissimulato
1601 2646 1769 2702 vultu

93 2723 181 2778 ad
231 2726 581 2799 exemplum
635 2729 871 2786 Domini
922 2732 1004 2787 ire
1064 2749 1125 2789 se
1169 2733 1409 2803 longius
1458 2734 1645 2791 ﬁnxit.
1699 2739 1770 2792 At

90 2828 264 2868 nunc
287 2814 364 2869 ad
389 2816 857 2889 hospitalitatem
888 2820 1067 2877 amici
1094 2824 1352 2895 pectoris
1381 2823 1631 2879 dulciter
1681 2840 1766 2881 re-

1665 312 1771 366 EPI
1782 310 2041 366 STOLJC.

105 430 379 489 lationes
410 438 646 490 nostras
678 451 831 491 ausu
862 435 1150 508 sacrilego
1174 436 1424 505 detines,
1465 436 1631 511 quod
1661 452 1791 493 mo-
1830 438 1877 491 A

3476 324 3582 375 2l0

2235 441 2568 496 EPISTOLX
2627 441 2733 497 XXI
2788 441 2949 511 [olim
2993 443 3253 514 LXXVII].

2425 531 2585 596 (Post
2610 543 2841 584 annum
2882 532 3053 600 t008).

1906 615 2228 670 Frrnrznrrs
2256 618 2367 673 Dei
2393 619 2599 688 gratia
2632 620 3089 674 Carnotensimn
3143 620 3448 690 episcopus
3496 623 3573 676 si-

2029 705 2264 773 quidem
2294 705 2571 774 ﬁdelibus
2603 707 2827 775 adhuc,
2858 712 2921 761 ut
2948 708 3141 772 aiunt,
3176 710 3240 764 Ii.
3269 709 3338 763 [ἶ.
3372 711 3444 766 Α.

1972 794 2085 848 Nec
2118 798 2289 865 porta
2325 793 2556 858 iustitize
2585 811 2697 852 nec
2721 796 2911 866 janua
2942 796 3362 854 misericordiae
3401 798 3570 854 vobis

1899 880 2107 937 cluusa
2134 888 2221 938 est
2249 884 2409 957 apud
2442 900 2572 939 nos.
2605 888 2805 958 Neque
2835 902 2975 941 vero
3002 886 3075 941 de
3110 885 3317 943 Brictio
3343 888 3572 961 episco-

1898 986 1978 1042 po
2032 971 2282 1027 fecimus
2338 973 2674 1043 ostiarium,
2731 974 2835 1046 qui
2864 992 2990 1047 vos,
3044 980 3108 1030 ut
3139 975 3568 1046 significatis,a

1896 1061 2114 1116 nostris
2143 1062 2550 1133 penetralibus
2578 1068 2823 1134 arceret,
2855 1064 2960 1119 sed
2983 1068 3306 1138 utrumque
3336 1066 3566 1124 aditum

1896 1150 2262 1207 servandum
2292 1152 2504 1208 rationi
2537 1152 2972 1210 commisimus.
3040 1154 3097 1211 Si
3141 1155 3319 1212 vultis
3347 1155 3566 1215 intrare

1894 1255 2002 1313 per
2026 1246 2262 1313 portam
2287 1242 2552 1313 justitiie,
2587 1242 2887 1300 defendite
2919 1244 3182 1317 culpam.
3242 1246 3299 1303 Si
3348 1264 3454 1320 per
3476 1248 3565 1319 ja-

1894 1344 2082 1387 nuam
2135 1331 2596 1401 misericordia),
2653 1332 2809 1402 agite
2860 1334 3275 1407 paenitentiam
3305 1378 3319 1404 ,
3395 1336 3565 1393 aliter

1893 1417 2054 1474 enim
2081 1435 2184 1474 vos
2210 1420 2358 1475 ratio
2385 1436 2508 1476 non
2534 1421 2823 1479 admittet.
2878 1423 3008 1478 Haec
3051 1421 3309 1479 breviter
3356 1425 3560 1481 rescri-

1892 1505 2120 1577 bentes,
2152 1508 2465 1565 vobiscum
2495 1509 2709 1566 sentire
2736 1514 3041 1584 putamus,
3094 1510 3242 1566 dum
3274 1512 3558 1568 terminos

1892 1602 2233 1652 sanctorum
2265 1600 2504 1654 Patrum
2536 1614 2644 1654 nec
2671 1597 2785 1671 ipsi
2812 1598 3427 1669 transgredimur,nec
3458 1617 3558 1657 vo.

1888 1683 1979 1739 bis
2012 1685 2339 1755 transgredi
2371 1687 2697 1743 suademus
2722 1687 2932 1744 valete.

2208 1795 2541 1850 EPISTULA
2578 1796 2710 1851 XXII
2763 1795 2927 1866 [olim
2978 1796 3265 1867 LXXVIII].

2404 1883 2563 1951 (Post
2590 1899 2820 1940 annum
2858 1887 3033 1956 tOLt8).

1887 1991 2202 2044 Passurus
2232 1990 2341 2044 Dei
2379 1990 2584 2059 gratia
2616 1990 3076 2047 Carnotmsium
3122 1993 3429 2063 episcopus
3479 1998 3545 2049 Α.

2156 2080 2428 2149 episcopo
2456 2080 2768 2150 designato
2817 2082 3112 2152 quidquid
3136 2083 3267 2138 sibi.

1956 2182 2046 2239 Sic
2070 2183 2207 2239 estis
2235 2201 2343 2257 per
2374 2184 2472 2239 Dei
2501 2185 2755 2255 gratiam
2800 2186 2858 2241 in
2891 2186 3114 2243 arbitrii
3164 2188 3341 2244 vestri
3370 2188 3547 2245 liber-

1882 2276 1998 2328 tate
2024 2273 2220 2345 positi,
2255 2281 2308 2329 et
2335 2274 2726 2331 ﬁnitimorum
2758 2276 3182 2350 episcoporum
3213 2278 3386 2351 copia
3434 2279 3545 2335 ful-

1882 2359 1942 2426 ti,
1976 2364 2040 2415 ut
2086 2359 2145 2416 in
2195 2378 2415 2417 manus
2460 2362 2726 2435 episcopi
2783 2364 3235 2421 Silvanectensis
3285 2366 3545 2423 incidere

1880 2449 2045 2505 nulla
2073 2466 2177 2505 vos
2221 2450 2602 2507 necessitudo
2642 2453 2981 2525 compellat.
3037 2454 3150 2511 Sed
3201 2471 3275 2511 ne
3325 2454 3544 2512 civitati

1878 2537 1971 2593 vel
2000 2539 2269 2595 Ecclesiae
2300 2539 2767 2597 Catalaunorum
2796 2559 2975 2598 suum
3021 2543 3317 2613 dcrogetis
3355 2545 3543 2601 hono-

1878 2643 2026 2696 rem,
2094 2628 2440 2685 meminisse
2494 2646 2601 2686 vos
2652 2629 2822 2686 decet
2862 2632 3029 2704 quod
3068 2632 3128 2688 in
3171 2633 3419 2707 antiqua
3442 2635 3541 2690 de-

1878 2716 2196 2790 scriptione
2223 2718 2542 2790 provinciae
2572 2718 2817 2790 Belgicae
2865 2721 3143 2777 secundae
3173 2721 3304 2795 ipsa
3333 2724 3538 2779 civitas

1875 2820 1910 2861 a
1943 2805 2214 2863 Remensi
2243 2806 2481 2863 tertium
2512 2806 2714 2864 locum
2748 2808 2988 2865 habeat.
3038 2809 3295 2883 Sapienti
3319 2828 3533 2884 pauca.

89 2906 334 2972 vocata,
389 2909 444 2960 et
490 2905 691 2963 oblato
736 2910 892 2964 Pane
940 2894 1282 2967 divinarum
1325 2912 1764 2984 Scripturarum
1872 2894 2066 2951 valete
2096 2894 2376 2952 intrando
2406 2912 2512 2969 Per
2545 2896 2764 2953 Ostium
2795 2897 2854 2953 in
2886 2897 3035 2954 ονίῙθ
3058 2899 3283 2956 (“ium-

88 2989 936 3111 ῖὲξξξεξξξιέξιέρξέξῖεξηὶξ
961 3000 1760 3111 {restjﬁeefeﬂearﬂwé
2227 3040 2563 3097 ams—rom
2605 3042 2763 3096 xm
2820 3041 2983 3111 [οιεηι
3021 3043 3174 3111 xm.

226 3080 263 3101 _.
358 3080 368 3091 .
792 3087 802 3098 ,
1071 3089 1081 3100 ,
1390 3091 1400 3101 ,
1495 3091 1568 3102 ,,
1726 3093 1736 3103 ,
2230 3079 2563 3097 .....,..,....
2606 3079 2763 3096 .......

91 3079 557 3199 ῗῖῗῗῗὶεῖῗὶῗῖῗξῗ
584 3085 1221 3199 (ΞιῗξῗῗὲίξιῗῖΫΡίἾξυὲ
1233 3092 1578 3199 ῗξῖθῗῖίίβεῖξ
1600 3109 1763 3199 T99"
1799 3149 1838 3199 ρ
2388 3130 2543 3199 (Post
2570 3143 2801 3186 annum
2836 3131 3014 3199 «044).

86 3172 227 3223 tens
251 3169 566 3229 hilarescit.
596 3177 807 3231 Precor
831 3177 1051 3251 itaque,
1085 3178 1134 3233 si
1160 3179 1335 3252 copia
1352 3179 1759 3238 vehiculorum
1799 3169 1838 3200 ¹⁴
2389 3169 2425 3199 μ
2449 3169 2543 3187 w'
2570 3169 2801 3186 “unum
2839 3169 3014 3248 lim.”
3036 3236 3048 3249 .

88 3259 379 3307 suum,”
414 3266 477 3307 Μ
508 3279 618 3307 nm
649 3267 1034 3307 mmmam”
1051 3269 1287 3307 vim“.
1324 3269 1367 3307 Ως
1399 3286 1518 3307 mm
1578 3289 1606 3307 ο
1649 3288 1755 3307 ,πμ
1881 3235 2226 3291 Venerando
2254 3235 2748 3293 Normannorum
2778 3252 3043 3307 prmczpz
3075 3239 3361 3292 Riemann
3394 3239 3532 3292 FUL-

88 3259 381 3331 suppetit,
414 3266 477 3318 ut
508 3279 618 3319 nos
649 3267 1034 3339 corporaliter
1051 3269 1289 3337 visites;
1323 3269 1369 3325 si
1399 3286 1542 3339 non,
1576 3289 1613 3328 a
1649 3288 1756 3328 no-
1889 3259 2748 3339 V“mm?!"""€‘7'"3’“'"
2777 3259 3043 3339 ξ’νηξιηη
3075 3259 3159 3339 mf

85 3325 192 3403 bis
216 3325 323 3406 tibi
351 3325 502 3408 mini
523 3354 656 3425 jure
685 3325 951 3414 debitam
977 3359 1254 3415 mandes.
1279 3325 1541 3418 'Valef'
1580 3325 1611 3328 ﬂ
1937 3340 2165 3396 “mus,
2192 3325 2306 3383 θεέ
2331 3328 2532 3397 θναίία
2560 3327 3019 3385 σανηοίθηδίαπι
3061 3328 3387 3397 θρίδσθρων
3438 3342 3532 3383 δα·

456 3444 778 3486 Rplmnu
829 3450 907 3486 ﬂ
963 3449 1122 3486 [ah-ﬂ,
1161 3450 1175 3486 ι
1203 3450 1379 3486 "vn
1938 3414 2118 3471 tatem
2150 3419 2205 3470 et
2235 3416 2575 3472 orationum
2605 3416 2922 3486 suffragia.

454 3444 788 3502 EPISTOLA
827 3450 910 3503 XX
962 3449 1123 3519 [olim
1161 3450 1395 3521 LXXVI].

611 3536 767 3606 (Post
796 3552 1026 3594 annum
1060 3540 1236 3610 1003),
1362 3520 1367 3521 ⁷
1936 3522 2110 3579 Multa
2154 3521 2317 3578 bona
2366 3521 2585 3579 fecistis
2630 3520 2902 3610 ecclesias
2941 3524 3177 3610 Sanctae
3207 3522 3399 3580 Mariae
3429 3523 3535 3579 do-

90 3619 415 3677 FULBBarus
482 3624 593 3679 Dei
644 3627 849 3708 gratia
921 3628 1378 3708 Caruotensium
1450 3632 1756 3701 episcopus

1964 3627 2043 3666 me
2072 3616 2291 3666 nostra:
2318 3612 2452 3681 (22).
2478 3609 2783 3666 Retribuat
2812 3609 2983 3665 vobis
3016 3613 3168 3665 Deus
3207 3627 3314 3682 per
3351 3610 3530 3667 inter-

1864 3698 2199 3755 cessionem
2249 3698 2457 3771 ipsius.
2518 3702 2633 3753 Nos
2679 3713 2924 3770 quoque
2978 3714 3089 3770 pro
3136 3697 3250 3753 illis
3310 3699 3528 3755 animm

682 3698 867 3754 charo
895 3715 1001 3755 suo
1030 3703 1162 3757 Hea.

166 3786 386 3839 Auctor
416 3784 665 3855 Signataa
693 3788 992 3845 schedula!
1021 3808 1209 3864 quam
1236 3793 1381 3848 mihi
1404 3793 1632 3849 mittere
1658 3809 1760 3849 vo-
1864 3792 2071 3845 vestraa
2102 3786 2457 3861 corporique
2490 3791 2684 3843 vestro
2714 3792 2772 3843 et
2796 3786 3001 3842 fideles
3033 3804 3242 3842 sumus
3290 3792 3348 3842 et
3371 3805 3527 3844 sem-

1865 3894 1971 3951 per
2000 3893 2133 3933 esse
2159 3876 2490 3934 valeamus.
2542 3876 2657 3933 Sed
2698 3892 2892 3949 nuper
2937 3877 3013 3933 ad
3070 3892 3175 3932 vos
3226 3876 3530 3949 insperata

87 3870 271 3939 luisti,
307 3890 413 3929 seu
442 3874 694 3932 fideliter
734 3877 857 3933 sive
890 3879 1123 3953 impure
1172 3882 1234 3937 id
1277 3898 1447 3954 agas,
1503 3883 1759 3940 consulit

88 3965 297 4016 tamen
322 3963 484 4033 justa
513 3964 840 4041 leniterque
866 3967 1192 4027 blanditur.
1215 3974 1448 4028 Iustum
1480 3977 1569 4029 est
1595 3973 1756 4030 enim
1865 3966 2021 4024 venit
2047 3966 2264 4037 legatio
2299 3984 2311 4023 :
2341 3966 2508 4039 quod
2530 3967 2729 4040 ipsam
2761 3970 2980 4023 terram
3009 3982 3198 4039 quam
3226 3965 3401 4021 nobis
3428 3966 3528 4023 de-

1864 4057 2032 4113 distis
2073 4056 2377 4113 Baldricus
2406 4056 2676 4113 minister
2704 4055 3108 4123 revocaverit;
3160 4059 3369 4112 nostro
3415 4055 3527 4111 mi-

89 4049 418 4108 Ecelesiam
476 4058 530 4109 te
583 4055 644 4111 in
695 4074 819 4129 qua
875 4058 954 4114 sis
996 4060 1309 4117 ordinatus
1354 4063 1557 4134 quoad
1595 4062 1655 4119 in
1686 4079 1756 4119 ea

1863 4146 2073 4211 nistro,
2103 4162 2289 4219 quem
2316 4145 2399 4202 ibi
2438 4145 2836 4219 praefecimus,
2891 4144 3118 4219 aliquid
3169 4144 3528 4219 disponendi

88 4144 218 4195 tuto
271 4140 487 4212 degere
527 4146 744 4218 possis,
802 4163 926 4204 non
983 4149 1288 4223 decerere,
1345 4167 1605 4226 ovesque
1652 4152 1755 4209 tibi

1862 4242 2216 4311 potestatem
2238 4237 2639 4307 interdixerit;
2670 4254 2814 4293 suas
2845 4236 3025 4293 etiam
3074 4252 3167 4292 res
3206 4235 3526 4304 invaserit;

88 4230 447 4289 commissas
496 4235 759 4292 studiose
814 4254 1043 4295 curare.
1097 4240 1390 4297 Blandum
1439 4242 1615 4298 etiam
1670 4247 1757 4299 est

87 4320 380 4393 appellari
424 4323 633 4393 ﬁlium,
676 4326 1042 4385 desiderium
1099 4329 1436 4401 signiﬁcare
1492 4332 1752 4401 vivendi,
1865 4326 2083 4384 nostris
2136 4327 2483 4384 hominibus
2540 4342 2762 4382 novam
2830 4325 3143 4396 angariam
3208 4324 3527 4391 induxerit,

1862 4417 2210 4475 banniendo
2242 4417 2462 4474 scilicet
2490 4421 2556 4473 ut
2582 4417 2734 4473 irent
2763 4415 2842 4472 ad
2880 4414 3295 4487 mplendinum
3339 4413 3527 4468 sancti

87 4410 473 4468 corollarium
501 4416 703 4485 gratiae
732 4417 1015 4489 polliceri.
1067 4420 1250 4493 Unde,
1278 4420 1326 4477 si
1350 4421 1475 4477 haec
1504 4422 1756 4478 fideliter

85 4498 293 4555 oblata
324 4501 694 4573 probaveris,
746 4505 998 4564 ﬁdeliter
1035 4513 1235 4566 autem
1287 4510 1424 4566 dico
1473 4510 1598 4566 sine
1641 4510 1753 4566 cir-
1789 4497 1833 4551 Ι)
1862 4506 2155 4575 Audoeni,
2213 4506 2481 4578 quinque
2534 4505 2739 4573 leucis,
2802 4508 2864 4560 ut
2911 4504 3111 4575 fertur,
3170 4503 3249 4559 ab
3316 4518 3525 4558 eorum

86 4589 513 4646 cumventione
570 4594 788 4651 animae
838 4601 951 4653 tuae
994 4615 1007 4652 :
1048 4614 1157 4671 per
1198 4599 1381 4655 noxia
1412 4600 1757 4670 juramenta
1862 4594 2137 4669 hospitiis
2170 4599 2488 4650 remotum.
2532 4593 2590 4651 Si
2619 4594 2767 4659 haec,
2823 4593 3046 4665 optime
3099 4591 3395 4664 princeps,
3424 4606 3525 4646 ve-

86 4694 213 4734 non
244 4677 503 4735 suadeor
541 4682 814 4740 refutare.
847 4689 996 4743 Nam
1043 4689 1210 4761 quod
1263 4688 1324 4745 in
1381 4688 1755 4747 ordinatione
1862 4690 1984 4742 stro
2008 4685 2204 4756 jussu,
2261 4683 2428 4757 quod
2478 4682 2724 4739 minime
2778 4682 3100 4750 credimus,
3160 4681 3317 4739 facta
3364 4684 3523 4747 sunt,

89 4766 278 4841 ipsius
305 4773 568 4825 erratum
599 4776 705 4837 est,
735 4789 930 4847 neque
963 4780 1024 4831 tu
1056 4777 1350 4849 corrigere
1399 4784 1590 4852 potes,
1644 4796 1755 4836 nec
1861 4774 2190 4848 plurimum
2223 4771 2395 4828 vestri
2426 4787 2608 4828 causa
2637 4769 2937 4841 dolemus,
2978 4772 3034 4825 et
3062 4773 3126 4825 ut
3154 4768 3528 4838 corrigantur
3600 4803 3620 4823 .

91 4852 316 4909 amodo
346 4852 429 4910 sic
459 4858 562 4911 tua
590 4857 785 4929 refert,
816 4863 881 4914 ut
909 4859 989 4915 ob
1014 4860 1269 4919 aliorum
1311 4864 1553 4937 culpam
1582 4869 1755 4922 tuum
1864 4861 2209 4936 suppliciter
2255 4860 2656 4935 postulamus.
2715 4858 2867 4926 Quin
2911 4859 3089 4915 etiam
3133 4857 3345 4929 jubeat
3390 4874 3528 4931 pru-

89 4941 317 4997 debeas
347 4941 614 5002 ofﬁcium
644 4945 924 5005 devitarc.
971 4952 1195 5007 Tamen
1233 4951 1532 5026 quidquid
1573 4954 1754 5025 hujus
1862 4952 2065 5009 dentia
2094 4956 2293 5007 vestra
2320 4949 2607 5007 ministris
2634 4948 2845 5005 vestris
2884 4964 2959 5005 ne
3007 4947 3252 5004 ulterius
3292 4946 3524 5020 inquie-

89 5031 281 5100 egeris
333 5048 473 5089 cum
500 5035 751 5105 Rogerio
802 5036 1085 5111 episcopo
1134 5044 1188 5095 te
1227 5045 1364 5097 ante
1393 5046 1755 5115 pertractare
1861 5046 1985 5099 tent
2014 5046 2249 5099 nostros
2277 5040 2571 5108 homines,
2627 5043 2684 5095 et
2725 5038 3008 5111 deinceps
3057 5042 3275 5093 terram
3312 5035 3527 5110 praedi-

90 5136 330 5189 moneo,
364 5126 421 5177 et
449 5139 589 5181 cum
618 5124 847 5183 domno
887 5128 1226 5200 Rudolpho,
1269 5130 1364 5187 cui
1402 5135 1601 5188 tecum
1635 5149 1755 5191 una
1862 5136 2021 5189 ctam
2051 5132 2134 5189 ita
2164 5147 2275 5187 nos
2305 5128 2606 5203 possidere
2640 5128 2855 5196 sinant,
2897 5133 2961 5183 ut
2985 5143 3122 5183 eam
3168 5125 3525 5196 benignissi-

89 5226 273 5267 causa
302 5216 412 5279 est,
444 5217 502 5269 et
524 5230 636 5287 par
664 5231 847 5289 paena
895 5217 1104 5274 exsilii.
1157 5219 1295 5276 Vale
1352 5236 1474 5276 non
1532 5221 1754 5279 dubius
1861 5239 1965 5279 ma
2014 5226 2211 5279 vestra
2268 5236 2458 5277 manu
2514 5218 2909 5293 suscepimus.
2964 5217 3167 5289 Vigeat
3194 5215 3525 5273 diutissime

88 5299 361 5357 amicitia:
391 5318 562 5360 meae.
1860 5312 2245 5370 incolumitas
2274 5314 2332 5367 et
2357 5309 2621 5385 potentia
2650 5312 2862 5365 vestra.

161 5407 275 5477 (22)
315 5407 578 5487 Habetur
624 5410 686 5467 in
715 5413 1084 5487 manuscrip.
1142 5420 1349 5472 nostro
1403 5418 1694 5476 Chronico
1736 5439 1749 5476 :
1865 5429 1959 5478 tor
2006 5421 2254 5478 exstitit.
2306 5422 2455 5476 Nota
2499 5417 2735 5475 interim
2782 5416 3033 5473 verbum
3073 5416 3432 5486 banniendo,
3464 5414 3528 5471 id

89 5478 677 5563 annoumiltesigno“
696 5486 870 5563 tertio
928 5478 1154 5563 decimo
1212 5488 1354 5544 obiit
1400 5492 1753 5563 ﬂio/tardus
1863 5497 1971 5563 est,
2004 5490 2353 5561 obligando.
2386 5494 2450 5546 ln
2476 5495 2664 5563 const,
2695 5492 2823 5545 Car.
2857 5492 3057 5563 Mag._:
3090 5489 3173 5563 _I_Jt
3200 5478 3426 5563 plutius
3446 5488 3530 5563 ad

92 5550 217 5635 dux
253 5550 603 5635 Normagziw
630 5555 1031 5635 Pius,_tertiu_s
1052 5558 1518 5635 1\_’omnan.dum,
1544 5578 1752 5619 mona-
1854 5550 2164 5635 pla'cilun;
2206 5563 2555 5635 bonniatur,
2608 5560 2788 5635 idest
2815 5550 3382 5635 adjurisdictiones,
3432 5558 3531 5635 vel

93 5620 336 5676 chorum
366 5630 603 5707 auctor,
621 5620 903 5693 provisor
941 5631 1319 5707 clericorum,
1371 5639 1424 5689 et
1468 5620 1756 5707 p'ersona-
1854 5620 2108 5707 'judicia,
2163 5634 2272 5707 vel
2297 5620 2627 5707 conventus
2680 5631 2781 5707 (sic
2825 5620 2985 5707 enim
3032 5630 3252 5705 placita
3290 5620 3529 5707 sonant)

92 5708 222 5776 rum
274 5696 812 5776 ecclesiasticarum
835 5771 852 5776 Α
876 5701 1272 5776 sum-agatur,
1307 5696 1753 5776 fami-tonorum
1860 5696 2181 5776 obligetur.
2215 5704 2454 5776 Videtur
2486 5696 2694 5776 autem
2735 5696 3061 5761 deductum
3105 5720 3144 5760 a
3165 5706 3370 5762 nostro
3411 5696 3529 5758 bmi

95 5768 271 5833 tutor,
304 5770 360 5820 et
391 5765 711 5824 viduarum
742 5765 1041 5839 defensor,
1073 5765 1153 5828 ἰή
1184 5765 1609 5843 γηίιιῑίε’ὺειιί,ς
1639 5778 1754 5843 υἱέε
1865 5765 2106 5849 Gallico,
2138 5783 2195 5839 et
2222 5773 2452 5834 arriére
2476 5775 2613 5836 ban.
