3952 6372
735 363 1070 420 EPISTOIA
1108 366 1261 420 XXIV
1300 366 1462 435 [olim
1501 365 1678 434 Χνιη.

1005 437 1200 505 (Anno
1238 438 1413 509 1015).

375 528 700 582 Fcuenrcs
727 524 835 579 Dei
860 526 1063 594 gratia
1090 526 1475 582 Carnotensis
1504 527 1810 596 episcopus
1840 523 2044 596 comiti

447 600 561 653 Gn
575 611 822 668 autumo
852 601 906 652 et
937 597 1142 668 comiti
1172 599 1488 654 tiliALTl-ZRIO
1519 594 1862 668 cretei-isque
1896 594 2040 663 ﬁliis

443 666 840 740 ﬁdelibusque
867 667 1012 738 suis,
1043 667 1295 724 salutem
1327 673 1382 725 et
1415 666 1894 725 benedictionem.

451 751 680 822 Sciatis,
710 753 936 820 fratres,
969 755 1113 828 quia
1142 771 1244 811 rex
1275 754 1566 813 Robertus
1588 755 1881 812 benefacit
1903 770 2041 810 cum

379 831 744 903 Christianos
775 843 1042 916 adjuvat,
1085 847 1140 900 et
1170 845 1478 902 haereticos
1523 846 1792 902 damnat.
1840 845 1907 900 Et
1963 843 2043 900 ad

377 935 493 992 hoc
523 929 745 990 debent
790 951 927 992 eum
969 934 1306 992 confortare
1359 939 1416 993 et
1471 937 1755 1010 adjuvare
1805 925 2040 992 mecum

381 1040 594 1080 omnes
621 1023 711 1079 sui
744 1019 975 1096 ﬁdeles,
997 1024 1140 1097 quia
1177 1025 1290 1080 hoc
1337 1025 1732 1081 ministerium
1773 1024 1902 1095 ejus
1932 1025 2042 1092 est,

389 1127 500 1186 per
525 1111 693 1187 quod
723 1113 924 1169 salvus
949 1129 1080 1170 esse
1110 1111 1306 1170 debet.
1366 1111 1573 1172 Sciatis
1619 1114 1832 1170 iterum
1882 1111 2047 1187 quod

381 1191 876 1276 archiepiscopus
905 1202 1374 1260 Cenomanensis
1403 1201 1709 1277 requisivit
1739 1219 1774 1258 a
1793 1217 1889 1258 me
1913 1216 2050 1258 con-

382 1289 603 1360 silium,
635 1290 782 1364 quid
804 1287 1048 1349 deberet
1077 1289 1270 1360 facere
1297 1289 1372 1348 de
1389 1291 1728 1361 Raginardo
1749 1289 2048 1356 literctico,

381 1375 485 1450 qui
517 1377 991 1454 persequebatur
1025 1380 1348 1438 Ecclesiam
1371 1369 1504 1438 Deiﬁ
1552 1371 1617 1438 Et
1663 1385 1776 1451 ego
1820 1381 1872 1437 ei
1914 1379 2052 1440 dedi

384 1464 498 1522 tale
526 1465 843 1524 consilium
872 1469 1050 1543 quale
1082 1469 1158 1526 ad
1192 1487 1370 1528 suum
1393 1469 1666 1527 ordinem
1693 1469 2051 1546 pertinebat-

384 1559 451 1612 Et
479 1573 613 1613 ecce
664 1555 832 1615 mitto
885 1557 1054 1615 vobis
1100 1562 1424 1634 utrumque
1471 1553 1778 1634 scriptum;
1809 1549 1866 1616 et
1893 1576 2054 1616 com-

383 1645 694 1720 planatum
737 1664 937 1715 suum,
970 1653 1025 1705 et
1051 1645 1366 1706 consilium
1397 1665 1600 1706 meum
1631 1650 1798 1724 quod
1823 1648 1959 1705 dedi
2000 1649 2052 1706 ei

385 1735 719 1792 secundum
749 1729 1024 1793 ordinem
1055 1749 1256 1795 suum.
1287 1737 1510 1812 Siquis
1539 1735 1740 1795 autem
1774 1739 2050 1796 ialsarius
2085 1744 2125 1797 Β

385 1823 546 1880 dicat
572 1825 737 1898 quod
767 1842 879 1896 ego
909 1825 1162 1883 alterum
1193 1827 1244 1883 ei
1275 1827 1592 1884 consilium
1635 1829 1918 1900 deinceps
1958 1827 2051 1883 vel

386 1912 724 1986 scripserim
755 1914 843 1972 vel
867 1915 1118 1972 dixerim
1148 1917 1243 1973 vel
1291 1917 1730 1986 mandaverim,
1783 1933 1932 1983 rogo
1988 1921 2052 1972 ut

384 2018 482 2058 me
509 2002 660 2059 sicut
689 2005 918 2061 Patrem
961 2009 1228 2062 vestrum
1272 2007 1644 2080 spiritualem
1686 2006 2046 2074 defendatis,

385 2091 532 2166 quia
559 2091 912 2150 tiducialiter
933 2095 1054 2150 hoc
1083 2094 1278 2153 facere
1306 2095 1578 2168 potestis.
1609 2095 1823 2152 Valete.

783 2184 1119 2240 EPISTOLA
1156 2186 1287 2240 XXV
1326 2185 1492 2255 [olim
1528 2185 1656 2256 XII].

974 2272 1167 2343 (Anno
1191 2272 1462 2342 incerto).

387 2361 642 2416 Domino
671 2376 896 2426 servus,
927 2377 1147 2431 magno
1170 2364 1426 2432 praesuli
1453 2363 1745 2420 FIZLBl-ZRTO
1774 2366 2054 2420 Ηιωεω-

459 2447 860 2506 ulnssuormn
899 2434 1179 2506 minimus
1227 2435 1387 2506 quod
1417 2437 1576 2506 potis
1605 2438 1717 2494 erit
1743 2443 2049 2493 strenuam

456 2501 770 2572 ﬁdelitatis
801 2503 1162 2576 obsequium.

463 2591 540 2647 Ex
571 2587 706 2659 hoc,
747 2591 991 2650 domine
1047 2591 1129 2651 mi
1179 2593 1694 2664 reverendissime,
1753 2583 1919 2671 quod
1975 2601 2050 2665 te,

389 2686 635 2755 propter
663 2698 862 2739 mores
894 2686 1026 2740 tuos
1057 2689 1295 2741 matura
1345 2685 1652 2742 sanctitate
1697 2686 2054 2743 suavissime

389 2768 743 2842 redolentes,
775 2786 917 2842 erga
945 2771 1047 2830 tibi
1079 2759 1353 2829 subditos
1385 2787 1454 2829 eo
1485 2772 1691 2830 animo
1721 2789 1850 2830 esse
1896 2775 2059 2832 intel-

389 2859 511 2930 ligo
542 2866 613 2916 ut
636 2860 832 2916 bonos
867 2859 1078 2918 sinceri
1128 2861 1350 2918 amoris
1401 2851 1589 2934 gratia
1619 2864 2054 2938 complectar-is,

393 2949 566 3005 malis
616 2949 698 3022 pii
748 2951 946 3012 cordis
985 2951 1444 3010 miserationem:
1475 2951 1815 3025 impendas,
1867 2955 2057 3010 ullum

393 3054 530 3093 vero
561 3038 760 3094 odisse
788 3039 951 3095 velut
979 3041 1476 3106 nocentissimam
1503 3047 1732 3114 pestem
1763 3043 2009 3098 horreas
2043 3061 2056 3111 ;

389 3142 628 3196 magnae
686 3127 1064 3188 revelationis
1120 3130 1399 3188 solatium
1450 3130 1595 3188 mihi
1650 3137 2059 3206 comparatur,

387 3214 559 3271 valde
590 3217 894 3284 metuenti,
915 3233 986 3274 eo
1017 3218 1183 3291 quod
1209 3217 1388 3278 nimis
1409 3236 1546 3276 sum
1570 3219 1649 3278 ad
1679 3218 2059 3294 irascendum

388 3319 638 3377 pronus,
671 3305 862 3376 gratia
901 3311 1002 3362 tua
1045 3307 1148 3363 etsi
1205 3323 1328 3374 non
1371 3306 1642 3391 funditus
1685 3307 2060 3388 aliquatenus

389 3396 593 3448 tamen
620 3393 899 3453 caruisse.
941 3395 1044 3451 (lui
1068 3392 1250 3462 enim,
1283 3395 1462 3474 etiam
1498 3395 1878 3465 gravioribus
1921 3395 2063 3454 deli-

391 3477 498 3536 ctis
543 3480 829 3550 obnoxio,
889 3483 1052 3557 apud
1097 3487 1216 3540 tam
1271 3477 1447 3541 bonae
1481 3481 1835 3541 moratitatis
1865 3485 2060 3542 virum

391 3569 772 3644 desperanda
820 3572 894 3628 sit
951 3571 1172 3629 venia?
1227 3571 1607 3629 considerato
1665 3574 1829 3646 quod
1873 3571 2063 3630 delin-

390 3659 595 3743 quenti
624 3659 823 3734 potius
866 3660 1224 3735 compateris
1277 3675 1465 3735 quam
1519 3662 1672 3730 odis,
1701 3663 2070 3736 compatien'

394 3754 511 3805 tem
537 3766 677 3806 vero
707 3749 786 3808 ad
813 3748 1254 3823 ignoscendum
1283 3750 1530 3808 minime
1563 3768 1694 3808 esse
1717 3750 2023 3809 difﬁcilem
2049 3771 2062 3820 ;

391 3839 592 3912 ipsum
619 3838 886 3914 quidem,
921 3841 1260 3898 dummodo
1291 3839 1724 3898 correctionem
1763 3839 2064 3908 exhibeat,

395 3922 642 3998 majoris
696 3927 806 3984 abs
850 3932 904 3984 te
951 3927 1395 3985 usumfructum
1447 3927 1781 3999 dilectionis
1825 3927 2064 3986 habitu-

395 4031 552 4072 rum.
585 4017 770 4072 Tanta
797 4013 998 4091 itaque
1027 4017 1086 4072 vi
1113 4017 1398 4074 bonitatis
1442 4014 1747 4076 animatus
1793 4019 2065 4093 supplico

396 4105 628 4159 utcum
659 4103 805 4162 mihi
853 4122 965 4180 pro
1013 4107 1162 4162 meis
1212 4105 1461 4164 offensis
1493 4105 1890 4176 'miserescas,
1937 4112 2067 4166 tum

398 4192 600 4260 etiam,
631 4194 716 4250 eis
749 4194 1158 4252 renuntiatum
1188 4191 1272 4252 ire
1303 4197 1547 4252 conanti
1577 4193 1936 4270 veniamque
1963 4213 2067 4273 po-

399 4281 639 4340 stulanti
671 4299 947 4358 parcens,
997 4285 1220 4341 amoris
1276 4285 1476 4342 sinum
1523 4285 1782 4360 amplius
1811 4287 2063 4342 relaxes.

403 4371 566 4427 Unde
599 4372 754 4431 absit
787 4377 847 4430 ut
875 4379 929 4430 te
962 4379 1296 4430 remoretur
1332 4371 1434 4432 illa
1463 4374 1763 4446 cogitatio,
1796 4389 1894 4432 me
1919 4373 2070 4431 scili-

399 4462 611 4518 cetirae
643 4463 784 4518 vitio
809 4479 1136 4537 perennem
1189 4464 1398 4520 fecisse
1441 4463 1826 4530 deditionem,
1878 4479 2068 4538 quan-

399 4550 728 4626 doquidem
773 4553 974 4610 multis
1021 4554 1374 4627 astantibus,
1431 4570 1540 4610 nec
1595 4569 1715 4610 non
1773 4554 1952 4610 etiam
2004 4553 2066 4611 in

400 4641 716 4714 prtesentia
742 4643 845 4711 tui,
870 4643 965 4700 cui
986 4644 1122 4718 plus
1153 4641 1438 4701 omnibus
1467 4643 1695 4700 cultum
1724 4644 2066 4700 reverentiae

399 4731 614 4803 debeo,
647 4732 960 4808 aliquoties
993 4734 1166 4791 irasci
1194 4749 1317 4790 non
1349 4733 1658 4791 omittam!
1686 4736 1850 4792 Certe
1880 4747 2070 4808 quan-

401 4825 460 4876 to
491 4821 756 4878 crebrius
785 4821 1136 4896 hujusmodi
1165 4822 1374 4880 vitium
1393 4821 1830 4893 manifestatur,
1857 4822 1914 4878 et
1943 4835 2069 4878 ma-

394 4913 524 4985 jore
553 4911 1238 4989 hominumvfrequentia
1263 4913 1660 4984 redarguitur,
1707 4916 1870 4970 tanto
1915 4911 2068 4970 cele-

398 4999 522 5058 rius
551 4999 691 5059 hinc
717 5016 1039 5060 evasurum
1070 5003 1194 5077 qui,
1227 5017 1365 5060 vere
1395 5001 1669 5076 captivus
1697 4999 1852 5073 ejus,
1879 5000 2070 5075 [liber]

399 5089 556 5148 efﬁci
586 5092 856 5161 voluerit,
891 5097 1134 5150 auctore
1161 5091 1402 5151 abbatis
1435 5090 1779 5164 Serapionis
1809 5091 2073 5148 collatio-

399 5197 498 5242 ne,
531 5181 908 5241 crediderim.
941 5185 1156 5254 Quare,
1191 5195 1328 5239 cum
1356 5179 1506 5238 alios
1539 5179 1684 5238 mihi
1716 5195 2069 5239 succensere

403 5268 664 5340 cupiam,
702 5275 754 5326 te
783 5273 1166 5342 potissimum
1195 5275 1262 5328 ut
1287 5270 1348 5326 id
1378 5269 1589 5326 sedulo
1643 5285 1790 5340 agas
1835 5283 1962 5326 oro.
1995 5273 2070 5327 Te

404 5355 565 5411 enim
623 5373 805 5429 super
845 5365 1093 5417 cunctos
1133 5359 1436 5430 mortales,
1494 5358 1660 5432 quod
1721 5358 2070 5432 simplicitas

405 5443 766 5502 adulationis
792 5445 1004 5518 ignara
1033 5451 1265 5518 fatetur,
1318 5450 1533 5506 animae
1564 5453 1715 5505 meae.
1744 5447 2072 5505 visceribus

405 5533 778 5604 diligendum
808 5539 1116 5596 mandavi.
1153 5543 1296 5598 Sum
1325 5555 1590 5613 namque
1621 5538 1825 5596 divina
1861 5555 2074 5614 procu-

405 5628 576 5680 rante
602 5627 813 5694 gratia,
843 5627 1172 5702 disciplinas
1197 5636 1316 5688 tum
1342 5631 1706 5688 vernaculus
1758 5646 1794 5687 a
1833 5645 2024 5703 puero
2055 5649 2068 5699 ;

405 5725 517 5768 nec
547 5711 650 5768 ulli
694 5730 966 5788 unquam
1013 5721 1178 5775 tanta
1221 5735 1372 5775 mete
1417 5719 1795 5778 conscientia:
1822 5722 2069 5787 secreta,

1443 243 1498 297 S.
1539 239 1881 296 FULBERTI
1922 235 2402 294 CARNOTENSIS
2443 236 2776 293 EPISCOPI.

3721 237 3833 290 212

2069 361 2110 414 Α
2148 375 2292 416 nam
2318 359 2450 417 aliis
2479 360 2764 433 quaedam
2797 357 2901 414 tibi
2933 356 3140 414 omnia
3165 357 3382 414 detexi.
3437 359 3652 422 Quaeso
3683 372 3834 428 ergo

2151 453 2226 514 te,
2253 449 2537 522 profusus
2568 449 2854 521 lacrymis
2875 447 3090 504 faciem
3114 447 3354 514 mentis,
3385 463 3484 518 ne,
3533 446 3651 502 mei
3681 461 3834 502 cura

2149 538 2512 612 posthabita,
2547 537 2959 596 necessariam
2989 535 3403 606 castigationis
3433 535 3528 592 vel
3555 535 3836 594 admoni-

2149 627 2326 684 tionis
2357 627 2811 700 eleemosynam
2841 625 2991 684 mihi
3020 623 3366 683 subtrahas.
3408 629 3557 682 Nam
3597 624 3645 680 si
3688 625 3832 694 hoc,

2149 720 2379 774 avertat
2420 721 2623 780 autem
2676 715 2883 774 divina
2935 715 3158 789 pietas!
3230 714 3442 786 egeris,
3503 730 3836 788 nunquam

2151 809 2318 862 tanta
2364 805 2522 866 mole
2566 806 2812 875 frangar
2867 803 3264 870 incommodi,
3316 819 3505 876 quam
3545 820 3684 860 cum
3733 820 3836 860 me

2150 894 2358 952 videro
2383 893 2465 952 sic
2495 897 2608 952 ate
2635 894 2978 966 neglectum
3025 892 3114 950 iri.
3166 895 3431 963 Rogatus
3467 892 3838 968 opusculum

2153 999 2358 1040 meum
2399 983 2713 1053 corrigere,
2771 982 2918 1046 vale,
2973 998 3214 1038 summa
3267 998 3404 1054 spes
3443 982 3675 1039 consilii
3713 982 3838 1039 mei

2153 1078 2295 1148 post
2321 1073 2666 1132 Dominum.
2691 1076 2907 1130 Amen.

2516 1163 2853 1220 EPISTOLA
2890 1163 3045 1218 XXVI
3088 1161 3252 1231 [olim
3296 1161 3468 1232 LXII].

2557 1304 2564 1310 .
2794 1252 2984 1321 (Anno
3016 1251 3195 1322 1016).

2319 1341 2534 1398 Fratri
2583 1332 2959 1409 TurionOmco,
3011 1341 3333 1396 Fuwenrus
3395 1339 3672 1396 sacerdos

2235 1431 2410 1498 Quod
2461 1436 2514 1488 te
2569 1429 2807 1504 pridem
2836 1429 3116 1488 ordinare
3162 1429 3490 1500 noluimus,
3535 1428 3844 1486 mirantur

2162 1526 2380 1589 tecum,
2414 1524 2478 1578 ut
2501 1519 2689 1588 aiunt,
2717 1519 2896 1576 amici
2925 1519 3030 1589 tui,
3063 1519 3313 1593 insuper
3339 1524 3396 1575 et
3424 1518 3711 1576 dominus
3735 1534 3846 1573 no-

2161 1615 2422 1681 sterrex,
2454 1614 2532 1679 et,
2560 1626 2667 1666 cur
2713 1609 3010 1668 omissum
3058 1608 3132 1664 sit
3175 1624 3425 1666 causam
3463 1607 3842 1676 ignorantes,

2160 1715 2372 1756 omnes
2399 1697 2518 1755 fere
2547 1697 2608 1754 id
2639 1697 2857 1771 injuste
2889 1715 2958 1754 ac
2991 1695 3421 1754 contumeliose
3449 1695 3676 1764 factum
3725 1695 3848 1752 cla-

2159 1793 2348 1845 mant.
2383 1792 2500 1845 Nos
2525 1804 2689 1855 vero,
2721 1788 2822 1862 qui
2855 1804 2981 1845 non
3011 1787 3228 1859 injuste
3259 1803 3369 1842 nec
3401 1785 3846 1843 contumeliose

2159 1879 2383 1937 factum
2407 1895 2537 1934 esse
2565 1877 2812 1946 scimus,
2844 1893 2969 1934 non
2993 1893 3181 1934 unam
3207 1881 3465 1941 tantum,
3497 1875 3602 1930 sed
3631 1875 3845 1948 plures

2159 1984 2332 2024 veras
2364 1973 2420 2024 et
2450 1966 2822 2023 au'thenticas
2854 1966 2993 2022 inde
3023 1965 3333 2021 reddimus
3362 1963 3647 2032 rationes,
3697 1980 3842 2037 quae

2161 2057 2265 2112 tibi
2318 2062 2374 2112 et
2424 2056 2538 2112 illis
2585 2055 2770 2112 ﬁnem
2818 2054 2960 2110 recti
3009 2053 3436 2126 persuadeant,
3468 2069 3538 2108 ac
3569 2069 3605 2108 a
3644 2068 3846 2126 prava

2162 2145 2501 2220 suspicione
2532 2148 2898 2202 removeant.
2943 2146 3070 2200 Una
3100 2142 3281 2212 igitur
3331 2157 3658 2198 causarum
3707 2141 3844 2198 haec

2163 2235 2288 2304 fuit,
2319 2235 2466 2308 quia
2494 2232 2589 2289 die
2639 2233 2740 2289 illo
2787 2248 2911 2306 quo
2960 2231 3293 2288 sacrandus
3341 2247 3469 2286 esse
3508 2229 3842 2298 videbaris,

2162 2323 2762 2397 comprovincialium
2793 2324 3238 2395 episcoporum,
3266 2320 3369 2393 qui
3400 2320 3672 2388 aberant,
3725 2335 3845 2376 nec

2161 2415 2384 2471 litteras
2414 2429 2523 2470 nec
2553 2413 2783 2482 legatos
2831 2412 3180 2468 habuimus.
3234 2410 3406 2476 Quod
3457 2409 3657 2465 solum
3707 2415 3846 2466 tan-

2162 2510 2290 2560 tum
2313 2502 2490 2569 valet,
2519 2506 2603 2569 ut,
2629 2502 2677 2558 si
2705 2501 2873 2558 nullo
2913 2500 3172 2573 amplius
3203 2499 3574 2555 adminiculo
3603 2498 3844 2568 indige-

2163 2609 2278 2662 res,
2304 2597 2503 2648 tamen
2535 2591 2663 2646 sine
2691 2589 2805 2646 isto
2836 2589 3185 2660 regulariter
3213 2587 3482 2644 ordinari
3518 2603 3642 2643 non
3691 2604 3842 2661 pos-

2166 2699 2283 2739 ses.
2315 2681 2515 2737 Talem
2541 2680 2703 2736 enim
2733 2679 3178 2735 ordinationem
3205 2678 3434 2734 irritam
3462 2694 3591 2734 esse
3621 2682 3848 2733 testan-

2165 2777 2261 2828 tur
2289 2771 2486 2828 Niceni
2538 2769 2772 2826 concilii
2815 2768 3149 2841 capitulum
3197 2773 3502 2841 quartum,
3553 2772 3610 2824 et
3639 2768 3846 2824 Antio-

2167 2859 2602 2916 cheninonum
2627 2857 2956 2914 decimum.
3012 2860 3142 2913 Haec
3189 2861 3394 2913 tamen
3440 2872 3631 2913 causa
3675 2855 3845 2912 datis

2167 2949 2422 3006 induciis
2450 2947 2665 3018 corrigi
2703 2946 3010 3020 potuisset.
3064 2946 3260 3002 Altera
3308 2946 3438 3018 fuit,
3493 2945 3660 3018 quod
3721 2946 3844 3002 sub

2167 3037 2300 3111 ipso
2327 3035 2672 3093 deliberata;
2701 3034 3097 3094 ordinationis
3127 3034 3396 3105 articulo,
3437 3038 3686 3108 propter
3735 3035 3845 3090 cri-

2171 3139 2308 3183 men
2330 3124 2657 3194 homicidii,
2685 3124 2852 3197 quod
2877 3123 3169 3192 audierat,
3202 3123 3462 3180 missum
3507 3139 3545 3180 a
3589 3123 3844 3180 domino

2171 3231 2333 3290 papa
2361 3215 2624 3270 vidimus
2654 3213 3057 3270 interdictum.
3085 3213 3258 3278 Quod
3291 3212 3340 3268 si
3368 3212 3465 3268 ille
3493 3227 3615 3268 non
3646 3213 3846 3270 mitte-

2171 3311 2278 3372 ret,
2303 3309 2460 3360 esset
2488 3309 2688 3360 tamen
2717 3301 3104 3359 observanda
3130 3303 3421 3358 sententia
3449 3303 3718 3375 Apostoli
3758 3303 3846 3358 di-

2172 3395 2381 3466 centis,
2412 3398 2684 3466 oportere
2713 3407 2837 3448 non
2868 3391 3066 3448 solum
3097 3391 3475 3464 episcopum,
3529 3391 3634 3447 sed
3683 3409 3849 3465 pres-

2172 3483 2451 3556 byterum
2481 3497 2724 3554 quoque
2771 3485 2830 3537 et
2852 3480 3185 3537 diaconum
3231 3479 3358 3536 sine
3403 3479 3649 3536 crimine
3693 3497 3846 3538 esse.

2177 3576 2290 3629 Nec
2323 3571 2733 3644 spernendum
2763 3569 2912 3626 illud
2950 3569 3116 3642 quod
3143 3569 3516 3642 apertissime
3559 3569 3850 3643 scriptum

2177 3666 2265 3717 est
2292 3661 2353 3717 in
2378 3659 2688 3730 Rhegiensi
2717 3659 2990 3726 concilio,
3023 3659 3116 3714 his
3145 3659 3344 3716 verbis
3378 3677 3390 3714 :
3424 3659 3540 3726 Qui
3567 3659 3846 3730 deinceps

2174 3767 2292 3807 non
2317 3749 2733 3820 provehantur
2760 3749 2842 3806 ad
2859 3749 3257 3806 sacerdotium
3288 3763 3362 3805 ex
3404 3750 3629 3818 regulis
3670 3763 3850 3806 cano-

2173 3857 2340 3911 num,
2371 3841 2702 3897 necessario
2729 3840 3024 3896 credimus
3051 3839 3455 3906 inserendum,
3509 3839 3576 3894 id
3619 3845 3706 3896 est
3745 3840 3853 3910 qui

2174 3933 2238 3986 in
2265 3932 2472 4002 aliqua
2499 3931 2749 3986 crimine
2785 3931 3004 3986 detecti
3047 3934 3210 3996 sunt,
3262 3933 3319 3984 et
3365 3933 3598 3996 caetera,
3650 3943 3847 4002 usque

2173 4019 2523 4088 subiacebit.
2547 4022 2618 4075 A‘t
2647 4018 2695 4074 si
2717 4017 2854 4092 quis
2879 4017 3124 4090 objiciet
3153 4018 3417 4091 aliquem
3453 4033 3532 4074 ex
3571 4017 3846 4074 Patribus

2175 4112 2311 4182 post
2333 4111 2640 4180 peractam
2670 4106 3083 4180 paenitentiam
3123 4110 3181 4163 et
3225 4107 3474 4175 longam
3517 4107 3849 4163 anachore-

2176 4197 2289 4254 sim
2320 4199 2564 4272 propter
2619 4195 2968 4268 religionem
3027 4211 3202 4253 suam
3245 4201 3491 4270 raptum
3544 4196 3728 4252 fuisse
3767 4197 3848 4253 ad

2175 4287 2610 4362 episcopatum,
2642 4287 3042 4360 respondetur
3067 4287 3234 4360 quod
3270 4287 3387 4358 legi
3435 4287 3748 4342 communi
3795 4291 3854 4344 et

2175 4375 2500 4432 universali
2531 4375 2863 4444 singulares
2893 4389 3167 4448 personae
3196 4376 3288 4432 vel
3320 4391 3520 4432 causee
3546 4387 3670 4431 non
3702 4389 3854 4448 prae-

2169 4467 2462 4538 judicant.
2511 4465 2736 4521 Deinde
2774 4471 2929 4521 certe
2975 4465 3140 4537 quod
3171 4465 3316 4520 nihil
3347 4469 3502 4520 esset
3545 4465 3850 4538 exemplo-

2174 4567 2310 4613 rum
2340 4553 2626 4622 inductio,
2658 4554 2764 4610 ubi
2790 4568 2987 4628 neque
3016 4569 3418 4627 personarum
3447 4569 3644 4627 neque
3665 4567 3853 4625 nego-

2177 4647 2395 4704 tiorum
2432 4643 2764 4702 similitudo
2785 4644 3191 4718 consequitur.
3220 4649 3386 4701 Nunc
3409 4650 3622 4701 caetera
3649 4645 3854 4702 videa-

2175 4749 2330 4792 mus.
2381 4733 2634 4792 Tertiam
2689 4733 2865 4790 nobis
2894 4748 3145 4791 causam
3195 4739 3300 4790 tua
3338 4733 3636 4791 confessio
3662 4734 3849 4806 dedit,

2174 4837 2311 4898 quae
2367 4839 2480 4880 nos
2513 4823 2780 4880 maxime
2840 4837 2876 4880 a
2933 4827 3037 4880 tua
3087 4823 3468 4880 ordinatione
3516 4823 3848 4892 deterruit;

2174 4929 2319 4972 nam
2345 4929 2456 4988 pro
2479 4917 2658 4988 captu
2698 4917 2919 4970 nostrae
2971 4913 3369 4987 simplicitatis
3429 4917 3673 4970 caeteras
3723 4914 3855 4986 qui-

2175 5003 2315 5060 dem
2347 5016 2580 5074 graves,
2613 5003 2721 5060 sed
2746 5002 2982 5060 tertiam
3009 5003 3166 5059 hanc
3199 5002 3394 5073 magis
3441 5001 3853 5075 periculosam

2176 5107 2305 5150 esse
2336 5093 2446 5150 rati
2472 5107 2703 5150 sumus.
2735 5092 3047 5166 Proprium
3079 5092 3410 5165 capitulum
3437 5092 3619 5163 hujus
3650 5103 3852 5148 cansae

2177 5181 2483 5238 noluimus
2515 5182 2832 5249 ascribere,
2863 5182 2967 5238 sed
3015 5197 3341 5238 commune
3381 5182 3496 5238 hoc
3526 5184 3614 5236 est
3657 5181 3856 5237 conci-

2176 5270 2236 5327 lii
2265 5271 2465 5327 Niceni
2485 5269 2823 5343 capitulum
2856 5287 3090 5326 nonum
3128 5289 3141 5326 :
3170 5273 3240 5329 Si
3267 5273 3373 5342 qui
3397 5271 3524 5327 sine
3547 5271 3852 5327 examina-

2179 5361 2338 5416 tione
2356 5361 2622 5429 promoti
2643 5361 2987 5429 presbyteri
3014 5367 3174 5430 sunt,
3219 5369 3272 5418 et
3295 5367 3504 5430 postea
3543 5361 3850 5416 examina-

2181 5450 2229 5504 ti
2257 5449 2518 5518 confessi
2540 5453 2682 5504 sunt
2708 5453 2959 5518 peccata
2987 5463 3119 5521 sua,
3170 5456 3225 5506 et
3270 5465 3403 5506 cum
3435 5449 3695 5519 confessi
3729 5463 3848 5504 non

2177 5537 2457 5610 fuissent,
2489 5544 2696 5595 contra
2723 5539 2998 5608 regulam
3027 5540 3322 5596 venientes
3353 5537 3619 5595 homines
3636 5551 3849 5593 manus

2182 5628 2262 5685 eis
2312 5633 2528 5685 temere
2579 5630 3038 5698 imposuerunt,
3108 5627 3213 5685 hos
3269 5627 3702 5685 ecclesiasticus
3755 5643 3849 5682 or-

2181 5718 2256 5774 do
2313 5731 2436 5773 non
2482 5719 2715 5790 recipit.
2772 5720 2836 5773 In
2889 5716 3175 5776 omnibus
3238 5717 3401 5775 enim
3471 5716 3641 5792 quod
3705 5715 3848 5773 irre-
