3952 6410
86 263 227 316 213

1669 260 2040 320 ΕΡΙΒΤΟΙΑΕ.

3463 275 3568 328 illi

90 383 529 454 prehensibile
556 389 644 442 est
668 384 936 443 defendit
991 387 1274 444 Ecclesia.
1333 389 1598 454 Quarum
1651 402 1792 442 vero
1828 389 1874 442 Α
1909 390 1964 440 et
1994 386 2193 444 timeo.
2215 391 2428 446 Audito
2457 393 2632 461 igitur
2660 393 2810 450 inter
2838 393 2954 450 alia
2984 393 3147 466 quod
3180 393 3451 467 proxima
3473 413 3566 450 so-

89 473 425 544 promovit
457 474 811 548 proscriptio
841 475 1273 545 refragantium
1333 477 1682 534 clericorum
1739 479 1798 530 et

92 567 353 624 extorta
409 562 621 619 timore
679 563 908 632 electio,
955 581 1163 622 verum
1214 583 1337 623 non
1363 566 1590 622 electio.
1647 568 1795 622 Nam

92 667 268 708 cum
301 651 374 707 sit
405 651 610 708 electio
651 652 830 710 unius
856 653 929 709 de
952 654 1225 728 pluribus
1241 656 1504 715 maxime
1527 653 1794 727 compla-

93 740 220 798 citi
256 742 596 802 secundum
623 742 879 798 liberam
913 742 1137 800 arbitrii
1162 745 1537 810 voluntatem
1593 761 1799 817 accep-

91 831 196 886 tio
259 831 570 904 quomodo
601 832 807 888 electio
859 838 1016 890 recte
1067 835 1182 890 dici
1227 835 1437 910 possit,
1470 835 1573 892 ubi
1625 836 1706 890 sic
1760 851 1795 892 a

91 921 394 998 principe
420 938 577 978 unus
606 921 964 994 obtruditur,
993 929 1194 980 utnec
1224 925 1400 992 clero,
1430 942 1537 982 nec
1568 925 1795 1000 populo

92 1024 235 1066 nec
268 1009 413 1084 ipsis
444 1011 698 1068 summis
732 1012 1234 1073 sacerdotibusad
1267 1014 1453 1072 alium
1483 1014 1795 1070 deﬂectere

91 1098 511 1156 concedatur.
551 1102 625 1155 De
656 1099 938 1158 violentia
969 1102 1323 1173 hujusmodi
1369 1103 1793 1160 Constantinus

89 1189 429 1258 Augustus
465 1189 643 1248 talem
675 1195 885 1248 contra
915 1208 976 1248 se
1007 1197 1063 1248 et
1084 1197 1293 1250 contra
1320 1193 1468 1250 alios
1489 1192 1790 1266 principes

92 1278 482 1336 sententiam
515 1279 710 1336 dedit:
746 1282 1143 1356 Quaecunque,
1188 1282 1401 1357 inquit,
1455 1290 1668 1339 contra
1708 1283 1788 1337 le—

90 1383 214 1436 ges
246 1369 485 1437 fuerint
516 1385 551 1424 a
597 1371 932 1439 pricipibus
965 1373 1223 1434 obtenta.
1268 1389 1387 1429 non
1422 1374 1684 1428 valeant.
1726 1374 1793 1426 Et

90 1455 452 1526 Rhegiense
481 1458 801 1514 concilium
835 1477 847 1514 :
876 1461 997 1516 Sed
1026 1477 1132 1518 nec
1186 1462 1309 1528 ille,
1352 1460 1567 1534 inquit,
1622 1460 1788 1516 dein-

95 1561 256 1616 ceps
281 1547 590 1616 cpiscopus
621 1548 755 1618 erit,
785 1563 955 1618 quem
988 1565 1096 1605 nec
1127 1552 1324 1608 clerus
1373 1565 1479 1605 nec
1525 1549 1788 1619 populus

92 1637 385 1705 propria:
414 1637 673 1694 civitatis
705 1638 968 1708 elegerit.
1002 1641 1146 1696 Ecce
1177 1639 1282 1696 tibi
1315 1639 1644 1713 promissas
1690 1655 1787 1694 ra-

1903 474 2205 533 lemnitate
2237 480 2456 536 Natalis
2483 481 2717 538 Domini
2745 482 3061 538 consilium
3110 483 3424 539 habiturus
3484 485 3562 540 sis

1903 581 2041 622 cum
2073 568 2445 642 principibus
2476 571 2645 641 regni
2669 571 2743 627 de
2763 588 2914 644 pace
2944 573 3386 646 componenda,
3415 590 3562 642 gau-

1901 653 2035 712 deo.
2069 656 2182 712 Sed
2220 659 2426 715 audito
2453 661 2613 733 quod
2651 661 2970 717 Aureliana
3002 662 3209 718 civitas
3239 662 3312 718 sit
3364 663 3562 718 incen—

1901 742 2000 798 dio
2031 750 2282 814 vastata,
2319 749 2640 817 sacrilegiis
2671 749 3005 823 profanata,
3044 756 3099 805 ct
3153 750 3403 823 insuper
3459 768 3560 806 ex-

1902 836 2445 893 communicatione
2473 839 2784 907 damnata,
2831 857 2939 896 nec.
2995 846 3127 912 post
3157 842 3557 910 reconciliata,

1903 923 2106 994 miror,
2141 929 2196 981 et
2227 943 2436 999 paveo.
2473 931 2706 994 Quanto
2752 929 2909 984 enim
2942 929 3146 985 dolore
3198 935 3372 1002 putas
3429 931 3558 986 atti-

1902 1013 2145 1069 cicndos
2171 1033 2301 1070 esse
2332 1017 2673 1073 sacerdotes
2703 1017 2906 1072 ﬁdeles
2942 1023 3097 1088 tuos,
3133 1019 3237 1091 qui
3262 1019 3336 1075 ad
3367 1020 3558 1075 hono-

1901 1100 2255 1160 riﬁcentiam
2289 1105 2389 1159 Dei
2415 1110 2470 1160 et
2502 1110 2668 1162 tuam
2694 1106 2826 1180 ipso
2857 1107 2950 1162 die
2976 1108 3557 1178 congregandisunt,

1902 1189 1950 1244 si
1979 1189 2037 1245 in
2067 1206 2137 1246 eo
2164 1190 2296 1248 loco
2323 1192 2541 1250 fuerint
2571 1193 2672 1250 ubi
2703 1210 2812 1250 nec
2839 1195 2983 1266 ipsis
3010 1195 3346 1252 sacrificare
3366 1196 3556 1266 liceat,

1897 1292 2008 1332 nec
2037 1279 2144 1336 tibi
2176 1286 2623 1337 sacrosanctam
2647 1283 3066 1338 eucharistiam
3095 1283 3365 1340 absolute
3422 1302 3556 1358 pcr-

1899 1366 2093 1440 cipere
2124 1369 2151 1424 ‘?
2181 1370 2346 1426 Absit
2371 1371 2482 1426 hoc
2506 1387 2542 1426 a
2572 1371 2997 1440 te,charissime
3020 1372 3282 1439 domine,
3316 1378 3378 1428 ut
3407 1380 3465 1428 tu
3495 1374 3557 1428 in

1897 1460 2064 1513 tanta
2096 1458 2467 1516 solemnitate
2526 1465 2630 1516 aut
2684 1461 2901 1516 divinis
2949 1461 3156 1517 ofﬁciis
3183 1479 3407 1532 careas,
3455 1469 3558 1520 aut

1897 1545 2090 1602 illicite
2121 1547 2212 1603 vel
2241 1548 2505 1620 indigne,
2535 1554 2588 1605 te
2617 1550 2856 1615 sciente,
2899 1550 3175 1623 usurpari
3203 1553 3509 1625 permittas
3542 1553 3553 1608 !

1897 1637 2068 1700 Quod
2097 1637 2232 1694 ideo
2264 1642 2317 1694 te
2351 1655 2723 1711 praemonere
2752 1641 2975 1706 curavi,
3013 1647 3074 1695 ut
3111 1640 3203 1697 vel
3261 1641 3428 1696 illum
3471 1642 3555 1696 lo-

96 1723 314 1784 tiones
341 1725 728 1782 exsolvimus.
761 1729 900 1792 Quae
935 1727 986 1784 si
1018 1729 1199 1800 justze
1258 1734 1416 1799 sunt,
1476 1729 1787 1803 displicere
1820 1742 1857 1794 Β
1895 1741 2035 1782 cum
2061 1726 2246 1782 facias
2279 1728 2667 1796 reconciliari,
2707 1734 2809 1786 aut
2841 1729 2940 1785 ubi
2969 1731 3181 1786 melius
3214 1730 3286 1787 sit
3338 1732 3554 1786 solem-

95 1829 245 1869 non
273 1813 514 1870 debent.
543 1814 888 1889 Adjecimus
922 1817 1101 1874 etiam
1132 1835 1330 1894 pauca
1358 1824 1600 1894 propter
1649 1819 1786 1874 bre-

97 1903 366 1961 vitatem
393 1905 654 1978 capitula
685 1906 900 1963 divinae
931 1907 1102 1976 legis.
1147 1911 1341 1980 Quam
1399 1910 1595 1983 primo
1651 1909 1786 1982 qui-

97 1993 261 2053 dem
291 1993 547 2050 condere
574 1994 781 2064 magni
813 1997 1064 2070 consilii,
1105 2003 1317 2071 postea
1374 1998 1596 2056 violare
1628 2016 1789 2054 sum-

97 2097 232 2137 mae
294 2081 708 2154 irreverentiaa,
757 2100 995 2142 servare
1026 2085 1318 2146 hactenus
1368 2085 1571 2158 gloriae
1604 2091 1782 2144 tantae

98 2171 247 2240 fuit,
282 2176 347 2230 ut
385 2173 658 2246 quisquis
708 2175 1044 2230 secundum
1097 2175 1260 2232 illam
1315 2177 1543 2247 vixerit,
1577 2177 1787 2252 procul

99 2261 307 2318 dubio
362 2263 513 2319 inter
568 2263 776 2320 beatos
833 2269 1220 2340 computatus
1252 2267 1342 2323 sit.
1378 2270 1621 2341 Propter
1676 2268 1786 2324 has

99 2349 320 2424 itaque
346 2351 605 2408 rationes
623 2368 745 2409 non
768 2353 1058 2410 audentes
1079 2355 1180 2412 tibi
1209 2371 1430 2413 manus
1454 2356 1784 2428 imponere,

99 2444 173 2495 ut
206 2444 351 2514 pote
379 2440 663 2514 deinceps
694 2441 1016 2498 ordinandi
1046 2445 1309 2520 potentia
1342 2444 1602 2513 carituri,
1632 2461 1786 2517 prae-

100 2529 483 2586 varicatores
515 2530 661 2601 legis
693 2547 823 2587 esse
856 2532 1177 2592 noluimus.
1206 2536 1248 2592 Ο
1302 2533 1653 2606 sacrilegam
1679 2534 1788 2592 im-

99 2618 400 2692 pietatem
429 2620 441 2676 !
466 2619 525 2675 in
554 2621 689 2692 ipso
717 2620 852 2676 sinu
896 2627 1118 2678 sanctae
1176 2622 1385 2679 matris
1419 2623 1691 2680 Ecclesiae
1750 2641 1786 2682 ἢ

100 2708 452 2765 fautoribus
484 2709 599 2765 tuis
630 2725 782 2782 pene
810 2712 1104 2785 perempti
1133 2729 1344 2768 sumus
1374 2731 1386 2779 ;
1429 2717 1487 2768 et
1536 2712 1784 2786 quidem

97 2798 189 2852 ita
217 2812 434 2852 carum
464 2796 574 2854 fuit
600 2799 868 2858 evasisse
897 2799 1086 2869 vivos,
1107 2803 1170 2856 ut
1200 2800 1532 2856 subsecuta:
1563 2800 1783 2874 praedae

100 2883 262 2939 levis
285 2900 417 2940 esse
445 2886 683 2958 jactura
709 2888 984 2945 videatur
1016 2907 1028 2958 ;
1063 2888 1169 2945 sed
1197 2888 1340 2964 quia
1367 2889 1495 2948 haec
1527 2889 1781 2946 scanda-

97 2974 162 3029 la
195 2980 450 3057 pr0pter
476 2980 528 3032 te
561 2977 737 3033 nobis
763 2978 935 3049 ﬁunt,
962 2979 1092 3050 jam
1127 2983 1191 3036 ut
1215 2979 1505 3037 desistant
1534 2984 1587 3036 te
1619 2979 1784 3053 apud

101 3080 213 3119 eos
249 3063 517 3120 obtinere
539 3070 801 3146 oportet,
835 3066 998 3140 apud
1017 3084 1171 3146 quos
1197 3068 1354 3124 hanc
1385 3068 1785 3144 persequendi
1814 3097 1856 3153 ρ

104 3154 459 3210 sacerdotes
482 3157 737 3226 gratiam
767 3157 1061 3216 invenisti.
1099 3159 1256 3214 Nosti
1283 3159 1442 3216 enim
1474 3159 1622 3232 quid
1651 3175 1786 3234 por-

104 3244 396 3301 tendatur
422 3245 654 3302 homini
684 3264 790 3320 per
814 3265 998 3326 quem
1056 3248 1415 3310 scandalum
1476 3249 1654 3306 venit.
1706 3253 1784 3307 De

105 3338 328 3390 caetero
359 3339 583 3406 autem,
615 3335 813 3406 frater,
848 3343 936 3395 est
993 3339 1160 3413 quod
1215 3343 1266 3394 te
1294 3339 1485 3398 celare
1528 3356 1652 3398 non
1678 3339 1782 3398 de-

105 3423 352 3495 bemus,
374 3425 596 3482 videris
626 3429 786 3482 enim
816 3427 991 3484 nobis
1017 3428 1402 3486 vehementer
1430 3445 1647 3498 errare,
1679 3429 1786 3504 qui

107 3514 239 3570 sine
272 3519 548 3592 respectu
575 3516 676 3572 Dei
733 3518 1125 3592 prmsulatum
1170 3518 1467 3574 violentus
1525 3519 1780 3577 invadis.

108 3604 265 3658 Nam
296 3601 347 3658 si
372 3602 499 3658 sola
529 3602 857 3660 damnatur
889 3605 1159 3676 ambitio,
1187 3606 1336 3680 quid
1361 3606 1435 3662 de
1485 3606 1782 3664 violentia:

107 3692 562 3778 importunitate
591 3694 935 3751 censebitur
962 3696 989 3754 ‘?
1020 3697 1237 3753 Verum
1266 3711 1390 3752 non
1421 3694 1613 3753 solum
1644 3696 1780 3769 hoc,

112 3781 223 3840 sed
254 3782 317 3837 in
343 3782 475 3856 ipsa.
499 3783 721 3840 violata
750 3800 860 3840 nec
892 3789 1104 3858 postea
1140 3783 1526 3842 reconciliata
1583 3785 1780 3843 Eccle-

110 3873 203 3929 sia
223 3871 548 3928 missarum
573 3873 865 3936 solemnia
877 3873 1175 3930 celebrare
1197 3875 1515 3947 praesumis
1543 3893 1554 3944 ;
1580 3879 1780 3932 utrum

109 3964 318 4019 tamen
347 3959 780 4038 imprudenter,
816 3979 895 4018 an
929 3963 1207 4022 consulto
1240 3963 1424 4020 facias
1477 3965 1628 4036 haec,
1678 3964 1782 4022 ha-

109 4049 328 4106 bemus
361 4050 676 4110 incertum.
707 4052 820 4108 Sed
852 4051 903 4108 si
933 4052 1368 4127 imprudenter,
1430 4053 1782 4112 instruenda

110 4139 466 4215 simplicitas
495 4159 508 4210 ;
543 4143 591 4200 si
617 4157 758 4199 vero
791 4142 1085 4214 consulto,
1117 4143 1509 4220 praesumptio
1535 4148 1623 4200 est
1672 4161 1781 4220 pu-

107 4228 355 4285 nienda.
387 4233 536 4286 Nam
568 4231 616 4286 si
646 4236 699 4287 te
728 4248 990 4288 canones
1035 4232 1182 4287 scire
1212 4237 1467 4304 constat,
1496 4236 1552 4290 et
1578 4237 1779 4296 tamen

108 4316 525 4398 imprudenter
550 4321 975 4378 obsurdescere
1005 4326 1061 4377 et
1089 4322 1383 4378 contraire
1441 4323 1776 4392 contendis,

109 4422 234 4463 non
264 4409 450 4466 modo
477 4411 866 4486 praesulatum
899 4410 1226 4483 fugientem
1255 4427 1378 4468 non
1411 4413 1774 4488 assequeris,
1807 4449 1852 4505 Β

111 4496 217 4584 sed
247 4512 360 4552 nec
389 4498 554 4570 quod
601 4500 1070 4584 apprehendisse
1118 4500 1415 4560 debueras
1466 4501 1775 4576 presbyte-

108 4583 266 4640 rium
297 4585 554 4640 tenuisti.
591 4583 754 4643 Vale.

458 4710 794 4770 EPISTOLA
831 4714 1012 4774 xxvn
1050 4712 1214 4782 [olim
1242 4714 1423 4772 XCIII.

577 4819 772 4888 (Anno
808 4823 943 4874 1016
982 4827 1089 4877 aut
1129 4822 1312 4892 1017.)

116 4922 633 4984 Excellentissimo
685 4933 738 4986 et
783 4928 973 4986 chara
1025 4928 1267 4985 domino
1335 4944 1441 4986 suo
1517 4932 1776 4985 Ronenro

194 5020 514 5072 FULBERTUS
538 5018 998 5075 Carnotensium
1023 5019 1331 5088 episcopus
1377 5034 1617 5075 cursum
1675 5020 1776 5076 ho-

185 5109 338 5170 nesti
368 5108 718 5165 continuum
747 5109 827 5166 ad
846 5109 1232 5168 beatitudinis
1258 5109 1459 5177 ﬁnem.

187 5218 339 5272 Inter
367 5215 590 5272 multas
623 5215 1055 5273 sollicitudines
1108 5232 1298 5288 meas,
1348 5232 1492 5273 cura
1516 5216 1620 5285 tui,
1671 5215 1776 5272 do-

119 5303 294 5376 mine,
317 5320 415 5362 me
441 5320 566 5369 non
621 5304 999 5370 mediocriter
1055 5304 1274 5362 aﬂlicit.
1328 5308 1476 5363 Cum
1529 5304 1690 5361 enim
1721 5309 1775 5364 te

121 5394 442 5466 prudenter
462 5409 639 5464 agere
663 5395 913 5468 accipio,
944 5395 1144 5463 lector;
1174 5395 1266 5450 sin
1302 5399 1523 5467 autem,
1578 5395 1775 5451 tristor

191 5521 293 5594 (23)
325 5525 473 5578 Nota
494 5522 554 5595 id
574 5523 726 5593 juris
751 5521 893 5584 tunc
917 5523 1098 5582 fuisse
1140 5522 1534 5595 suﬁraganeis
1563 5527 1629 5579 ut
1681 5523 1773 5580 in-

122 5594 399 5650 teressent
426 5597 484 5649 et
511 5594 780 5652 faverent
802 5595 1283 5653 ordinationibus
1310 5594 1558 5652 suorum
1613 5611 1774 5653 com-

123 5664 571 5736 provincialium
601 5666 1044 5744 episcoporum.

1895 1815 2142 1873 nitatem
2173 1817 2470 1874 celebrare
2497 1819 2862 1876 memineris.
2894 1819 3079 1874 Velini
3102 1826 3302 1878 autem
3346 1821 3555 1877 suade-

1895 1921 1956 1960 re
1991 1906 2113 1973 tibi,
2144 1906 2192 1962 si
2222 1907 2475 1981 possim,
2501 1925 2576 1964 ne
2606 1908 2890 1977 dimittas,
2923 1915 3166 1982 propter
3194 1911 3366 1979 iram,
3419 1928 3555 1983 quae

1889 1995 2182 2066 justitiam
2239 1998 2336 2052 Dei
2391 2014 2514 2056 non
2558 2004 2860 2070 operatur,
2918 2000 3063 2072 quin
3111 2002 3395 2073 episeopo
3454 2007 3555 2056 tuo

1895 2089 2167 2154 treugam
2200 2085 2329 2154 des,
2354 2087 2670 2159 polliceare
2695 2088 3007 2160 justitiam,
3040 2090 3287 2161 insuper
3317 2095 3373 2145 et
3414 2107 3555 2145 con-

1895 2175 2144 2230 ductum
2170 2176 2463 2249 prmbeas
2499 2177 2547 2232 si
2575 2178 2731 2247 velit,
2762 2178 2839 2234 ad
2861 2179 3336 2234 reconciliaudas
3370 2180 3559 2235 Eccle-

1897 2264 2015 2321 sias
2044 2281 2206 2322 suas.
2235 2267 2409 2331 Quod
2439 2273 2487 2321 si
2518 2267 2947 2335 detrectaverit,
2982 2268 3107 2342 ipse
3159 2269 3219 2324 in
3272 2269 3556 2342 periculo,

1897 2357 1960 2408 tu
1990 2355 2309 2424 navigabis
2335 2355 2394 2410 in
2423 2360 2619 2428 portu.
2659 2359 2968 2424 Caeterum,
3025 2356 3167 2430 quia
3219 2359 3332 2413 tuis
3384 2359 3557 2414 obse-

1896 2445 2052 2516 quiis
2093 2461 2189 2500 me
2239 2450 2379 2500 tunc
2429 2447 2778 2502 adfuturum
2837 2463 2964 2503 esse
3017 2449 3340 2517 mandasti,
3395 2450 3559 2522 apud

1898 2535 2179 2589 Sanctum
2213 2535 2600 2591 Maximinum
2632 2536 2921 2609 hospitari
2950 2537 3208 2609 postulo,
3241 2538 3410 2610 quod
3450 2556 3558 2593 nec

1894 2623 2210 2678 monachis
2239 2623 2484 2696 quidem
2510 2623 2698 2696 ipsius
2726 2624 2840 2679 loci
2863 2625 2986 2679 fore
3039 2624 3341 2693 ingratum
3372 2633 3554 2698 puto:

1895 2716 1959 2766 ut
1982 2711 2064 2767 ibi
2098 2712 2369 2768 Natalitia
2393 2716 2567 2768 nocte
2621 2713 2932 2769 celebratis
2981 2715 3220 2785 vigiliis,
3290 2715 3559 2787 sequenti

1893 2816 2072 2856 mane
2103 2802 2162 2856 in
2193 2807 2364 2857 tuum
2398 2802 2704 2858 servitium
2721 2803 2948 2876 possim
2974 2820 3101 2859 esse
3126 2808 3392 2877 paratus.
3419 2803 3556 2858 Vale

1895 2906 2150 2963 semper,
2186 2895 2243 2946 et
2262 2908 2614 2965 prosparere
2644 2891 2704 2947 in
2738 2893 3010 2949 Domino.

2217 3019 2552 3074 EPISTOLA
2589 3021 2791 3076 XXVIII
2826 3020 2987 3089 [olim
3014 3023 3235 3091 XXVIII]

2410 3126 2572 3196 (Post
2597 3141 2826 3182 annum
2861 3131 3041 3198 40-17.)

2002 3233 2426 3288 Senonensium
2463 3235 2716 3302 praesuli
2753 3236 3096 3290 LEl'THEIHCO
3133 3238 3448 3290 FI'LBEH'H'S

2407 3324 2708 3378 Carnolus
2735 3324 3032 3379 sacerdos.

1967 3426 2142 3492 Quod
2168 3442 2286 3494 me,
2313 3430 2498 3492 Pater,
2522 3427 2786 3482 amicum
2809 3427 3101 3500 appellas,
3130 3433 3432 3497 gratanter
3455 3429 3557 3485 ad-

1892 3531 2143 3571 nuerem
2175 3515 2222 3569 si
2252 3519 2307 3570 te
2337 3531 2581 3587 quoque
2611 3515 2922 3571 exhiberes
2948 3517 3232 3572 amicum.
3270 3517 3383 3572 Sed
3414 3534 3552 3574 cum

1895 3607 2023 3660 sine
2046 3620 2182 3660 meo
2210 3604 2460 3659 consilio
2486 3604 2804 3677 episcopos
2835 3604 3174 3660 ordinando
3205 3607 3315 3677 (23)
3363 3606 3552 3676 digni-

1894 3697 2074 3750 tatem
2102 3709 2275 3748 suam
2303 3692 2575 3748 Ecclesiae
2601 3693 2944 3748 Carnotensi
2966 3693 3242 3763 derogas,
3290 3711 3551 3767 cumque
3602 3682 3605 3684 ’

1890 3783 1952 3839 in
1982 3783 2195 3838 eodem
2253 3782 2494 3852 negotio
2546 3782 2742 3852 legem
2790 3782 3144 3838 canonicam
3195 3783 3549 3840 multimode

1893 3872 2098 3939 solvis,
2147 3887 2270 3928 non
2301 3871 2498 3927 solum
2529 3887 2626 3927 me
2673 3871 2864 3942 lmdis,
2907 3871 3007 3927 sed
3069 3888 3280 3928 omnes
3332 3873 3552 3946 pariter

1891 3963 1997 4036 qui
2021 3962 2318 4034 justitiam
2347 3962 2570 4032 colunt,
2603 3966 2660 4019 et
2678 3978 2790 4034 ego
2816 3962 3062 4036 quidem
3084 3979 3323 4019 mecum
3352 3964 3551 4019 adhuc

1892 4051 2081 4108 multa
2101 4052 2314 4124 patior.
2359 4050 2474 4108 Sed
2503 4052 2597 4108 lex
2618 4051 2750 4124 ipsa
2780 4051 2983 4108 divina
3048 4069 3222 4108 suam
3269 4051 3550 4124 injuriam

1891 4141 2047 4198 bene
2077 4158 2150 4198 ex
2168 4146 2338 4216 parte
2362 4142 2646 4209 vindicat,
2679 4159 2836 4215 quae,
2869 4142 3017 4198 dum
3045 4159 3080 4198 a
3113 4147 3166 4200 te
3212 4143 3548 4208 resolvitur,

1893 4235 1996 4288 tua
2021 4247 2208 4305 opera
2233 4236 2449 4289 cassat.
2485 4235 2604 4288 Hoc
2633 4231 2866 4307 pridem
2898 4232 2958 4288 in
2985 4235 3044 4288 T.
3091 4231 3335 4298 factum,
3379 4233 3438 4287 in
3485 4235 3546 4287 (ἱ.

1892 4337 2088 4394 nuper
2116 4321 2365 4388 iterasti,
2395 4322 2500 4394 qui
2532 4323 2614 4378 sic
2641 4338 2678 4378 a
2706 4326 2761 4377 te
2786 4326 2992 4394 pastor
3012 4325 3098 4376 est
3125 4321 3446 4387 institutus,
3488 4325 3553 4375 ut

1893 4428 2003 4468 nec
2029 4427 2273 4483 gregem
2306 4412 2418 4467 sibi
2439 4411 2831 4468 commissum
2863 4411 3113 4480 noverit,
3137 4427 3246 4466 nec
3286 4426 3428 4480 grex
3458 4410 3548 4482 ip-

1877 4518 2028 4557 sum
2059 4502 2320 4574 recipere
2349 4501 2507 4556 velit.
2542 4501 2914 4574 Reprobatus
2948 4501 3149 4572 itaque
3181 4505 3237 4556 et
3265 4516 3301 4556 a
3329 4498 3550 4554 ﬁnibus

1892 4591 2275 4664 episcopatus
2348 4589 2619 4657 extorris,
2709 4607 2850 4645 cum
2915 4587 3119 4664 palam
3165 4589 3384 4644 intrare
3445 4603 3551 4660 per

1893 4680 2112 4736 ostium
2136 4695 2259 4735 non
2286 4682 2499 4752 potest,
2523 4683 2588 4734 ut
2623 4679 2921 4750 legitimus
2950 4682 3176 4752 pastor,
3216 4695 3325 4734 nec
3357 4678 3548 4734 aliun-

1891 4769 1966 4825 de
1996 4768 2248 4824 furtivus
2277 4767 2621 4837 ascendere,
2653 4784 2760 4842 per
2787 4767 3132 4824 violentiam
3160 4767 3316 4838 regis
3337 4767 3550 4822 irrum-

1891 4875 2032 4932 pere
2084 4859 2288 4915 nititur
2315 4861 2382 4914 ut
2436 4862 2728 4932 tyrannus
2778 4859 2906 4930 (24).
2947 4861 3059 4914 Nec
3086 4858 3271 4913 miror
3301 4856 3452 4913 adeo
3502 4857 3550 4912 si

1887 4948 2124 5020 juvenis
2181 4949 2277 5004 ille
2327 4949 2428 5004 tali
2480 4948 2672 5022 potuit
2697 4948 3024 5006 ambitione
3053 4947 3284 5020 tentari,
3317 4947 3412 5002 cui
3459 4947 3550 5002 vel

1891 5042 2033 5094 aetas
2065 5038 2185 5106 illa,
2217 5038 2307 5094 vel
2339 5055 2474 5113 quae
2497 5039 2627 5111 ejus
2659 5039 2846 5096 aetatis
2876 5037 3206 5111 pedisequa
3223 5036 3370 5092 solet
3397 5053 3547 5106 esse,
3629 5052 3632 5056 λ

1887 5127 2091 5183 locum
2121 5127 2370 5184 forsitan
2401 5127 2668 5184 obtineat
2695 5125 3042 5184 excusandi.
3074 5127 3185 5182 Sed
3214 5130 3296 5196 tu,
3356 5127 3548 5195 Pater,

1887 5230 2012 5271 non
2044 5215 2241 5272 solum
2295 5215 2610 5273 mirandus
2661 5215 2767 5273 sed
2813 5215 3060 5290 insuper
3108 5215 3548 5286 exhorrendus,

1885 5320 2068 5377 quem
2094 5320 2203 5360 nec
2234 5304 2640 5379 imprudentia
2662 5303 2825 5373 fallit,
2853 5319 2963 5360 nec
2989 5319 3164 5360 casus
3190 5303 3410 5374 turbat,
3439 5319 3552 5360 nec

1885 5398 2058 5464 urget
2090 5393 2211 5450 ulla
2238 5395 2559 5450 necessitas
2587 5412 2600 5450 :
2653 5393 2758 5450 sed
2790 5393 3043 5449 scienter
3067 5398 3123 5450 et
3179 5395 3352 5467 quasi
3410 5411 3550 5450 cum

1960 5521 2244 5594 (24)ῌίΠο
2276 5527 2437 5594 patet
2468 5521 2775 5594 airegibus
2804 5521 3046 5594 nostris,
3084 5521 3190 5577 etsi
3221 5525 3362 5594 tunc
3407 5528 3551 5578 tem-

1885 5591 2055 5666 poris
2079 5591 2298 5666 liberas
2338 5593 2744 5666 permitterent
2798 5592 3137 5666 electiones,
3200 5593 3550 5662 designatos

1885 5663 1942 5794 et
1971 5663 2358 5792 rentliuntiatos
2369 5665 2552 5722 fuisse
2579 5665 2899 5739 episcopos
2927 5665 3054 5722 sine
3084 5681 3385 5722 concursu
3410 5666 3550 5721 cleri

1883 5752 1913 5793 e
1963 5752 2087 5813 pop
2151 5753 2192 5794 ι.
