3952 6392
350 278 455 328 21ῐί
1416 268 1473 323 S.
1516 266 1857 323 FULBERTI
1898 262 2378 321 CARNOTENSIS
2419 264 2727 322 EPISCOPI

3681 268 3796 322 216

349 393 780 451 deliberatione
802 392 1072 466 quadam
1096 392 1252 447 ultro
1274 395 1329 447 te
1355 396 1537 463 atque
1563 389 1713 447 alios
1770 386 2012 462 perdas.
2044 390 2091 442 Α
2128 387 2236 444 tati
2264 388 2648 446 renuntiaret.
2676 394 2757 446 Ac
2795 394 2937 447 tunc
2963 389 3211 463 quidem
3232 389 3581 463 scripsimus
3614 390 3797 447 vobis

352 488 465 542 Nec
494 483 640 539 illud
665 498 812 538 sane
845 482 953 538 tibi
972 486 1168 537 tacere
1199 481 1413 551 debeo,
1445 479 1613 554 quod
1646 479 1720 535 ad
1750 483 1884 535 tuas
1922 493 2018 533 or-

353 571 693 627 dinationes
744 570 1064 627 dominum
1101 572 1158 626 F.
1192 572 1644 625 Trecassensem
1670 567 2022 641 episcopum

354 660 691 735 periculose
723 659 826 714 tibi
880 658 1115 715 socium
1169 658 1363 726 addis,
1422 674 1606 731 quem
1663 662 1888 713 certam
1944 654 2025 711 ob

351 765 602 805 causam
627 765 755 804 esse
788 764 907 804 non
978 745 1219 803 dubitas
1269 746 1656 819 imparatum.
1718 749 1782 801 ln
1811 760 1935 818 qua
1962 760 2024 801 re.

354 838 675 913 dupliciter
700 843 755 893 te
790 837 1137 911 delinquere
1171 841 1424 901 constat,
1452 852 1592 892 cum
1614 851 1776 906 eum,
1794 834 1873 890 ad
1897 837 2024 890 tan-

357 937 477 987 tam
548 928 1085 1002 praesumptionem
1144 926 1494 997 animando,
1547 925 1621 981 de
1678 923 2026 998 poenitentia

356 1018 572 1093 prioris
603 1017 794 1091 culpa
820 1016 967 1073 facis
998 1032 1127 1072 esse
1161 1031 1463 1071 securum.
1497 1016 1577 1070 De
1629 1014 1723 1070 his
1772 1030 1914 1083 ergo
1973 1015 2030 1069 et

354 1106 707 1178 hujusmodi
739 1111 792 1161 te
822 1105 1171 1179 resipiscere
1196 1105 1325 1177 jam
1355 1109 1413 1160 et
1458 1103 1745 1177 poenitere
1771 1107 2022 1176 oportet,

358 1198 405 1252 si
457 1214 595 1252 cum
651 1194 940 1269 Apostolo
988 1193 1359 1250 horrendum
1411 1192 1603 1249 credis
1653 1192 1914 1249 incidere
1964 1190 2026 1249 in

358 1303 580 1342 manus
618 1284 852 1341 Domini
873 1285 1144 1341 viventis.
1176 1283 1289 1342 Sed
1326 1298 1439 1353 ego
1488 1282 1758 1339 fortassis
1817 1298 2026 1355 aspere

359 1374 524 1447 loqui
548 1373 776 1443 videar,
811 1372 975 1446 apud
1036 1378 1086 1428 te
1118 1377 1343 1439 tamen,
1385 1376 1451 1428 ut
1478 1370 1679 1438 credo,
1702 1386 1825 1427 non
1869 1370 2026 1427 male

358 1462 593 1532 mcreri,
630 1462 681 1517 si
713 1463 792 1517 sis
819 1461 893 1517 de
915 1477 1038 1534 quo
1060 1461 1275 1516 dicitur
1300 1477 1313 1514 :
1345 1461 1555 1530 Argue
1578 1460 1925 1529 sapientem,
1972 1466 2026 1516 et

359 1553 569 1623 diliget
595 1558 649 1608 te
674 1552 880 1623 (Prov.
910 1567 989 1622 IX,
1025 1550 1097 1620 8).
1134 1553 1423 1607 {laterum
1454 1548 1513 1604 in
1536 1548 2028 1621 iinehujussche-

366 1641 525 1697 dula
551 1645 865 1695 exoratum
898 1643 952 1695 te
978 1638 1136 1704 volo,
1163 1654 1239 1693 ne
1263 1636 1485 1693 amodo
1502 1636 1679 1708 (sicut
1698 1637 1875 1709 soles)
1894 1637 2030 1693 scri-

2129 475 2205 533 de
2230 477 2407 533 malis
2437 494 2573 551 qua
2604 477 2825 550 irrogat
2868 479 3143 535 Ecclesia
3201 483 3419 536 nostra
3473 478 3799 536 Gaufridus

2128 566 2464 623 vicecomes
2491 569 2624 642 (25),
2641 569 2747 642 qui
2767 585 2877 626 nec
2911 569 3229 626 Dominum
3251 584 3360 625 nec
3376 567 3799 625 excellentiam

2130 659 2395 713 vestram
2426 672 2487 712 se
2526 657 2780 715 revereri
2822 658 2963 715 satis
2993 673 3295 731 superque
3352 656 3598 721 indicat,
3649 670 3799 712 cum

2132 749 2189 803 et
2216 746 2529 803 castellum
2556 747 2631 803 de
2663 748 3018 817 Galardone,
3049 764 3086 805 a
3122 748 3297 805 vobis
3326 747 3470 804 olim
3498 747 3796 812 dirutum,

2132 834 2402 903 restituit,
2433 834 2507 891 de
2537 852 2661 909 quo
2698 836 2895 894 dicere
2926 853 3285 910 possumus:
3316 838 3470 893 Ecce
3496 837 3572 893 ab
3600 836 3802 891 on'en-

2136 930 2191 981 te
2215 926 2512 994 panditur
2530 928 2757 983 malum
2784 928 2928 998 (Jer.
2960 944 3000 999 ι,
3034 927 3120 999 14)
3152 926 3426 983 Ecclesia
3454 931 3691 983 nostra.
3728 926 3803 979 Et

2135 1030 2344 1069 rursus
2375 1014 2629 1071 alterum
2648 1016 2947 1074 adiﬁcare
2976 1015 3362 1091 prasumpsit
3389 1014 3553 1089 apud
3580 1013 3801 1070 lsleras

2136 1103 2291 1160 intra
2315 1103 2487 1160 villas
2518 1106 2745 1162 Sancta
2774 1106 2990 1173 Maria,
3023 1106 3098 1162 de
3142 1122 3265 1180 quo
3304 1110 3362 1163 et
3415 1119 3625 1161 revera
3672 1100 3799 1158 dici

2135 1198 2364 1267 potest:
2392 1194 2489 1251 En
2519 1195 2595 1251 ab
2625 1196 2925 1252 occidente
2951 1197 3179 1253 malum
3208 1195 3400 1268 (Ibid.)
3434 1198 3598 1251 Nunc
3643 1208 3803 1266 quo—

2135 1298 2253 1355 que
2283 1282 2357 1339 de
2396 1282 2611 1340 iisdem
2652 1283 2828 1340 malis
2879 1285 3215 1341 necessario
3273 1283 3598 1341 scribentes
3648 1297 3803 1337 con-

2137 1372 2447 1445 querimur
2476 1372 2639 1445 apud
2665 1373 3138 1431 misericordiam
3168 1379 3449 1444 vestram,
3477 1370 3803 1428 consilium

2138 1466 2195 1519 et
2220 1461 2511 1518 auxilium
2541 1467 2807 1535 petentes
2837 1463 2915 1519 ab
2936 1479 3027 1532 ea,
3050 1463 3340 1537 quoniam
3364 1479 3401 1519 a
3447 1461 3570 1518 ﬁlio
3600 1463 3806 1517 vestro

2139 1552 2388 1622 Hugone
2420 1569 2601 1626 super
2628 1554 2757 1610 hac
2779 1552 2941 1610 mala
2964 1553 3111 1610 nihil
3139 1554 3273 1627 opis
3302 1552 3398 1610 vel
3440 1548 3807 1609 consolatio-

2136 1643 2230 1698 nis
2252 1642 2600 1716 accipimus.
2634 1646 2743 1700 Pro
2772 1643 3016 1717 quibus,
3049 1643 3187 1700 tacti
3240 1643 3447 1700 dolore
3487 1640 3684 1699 cordis
3708 1639 3808 1696 in-

359 1734 463 1803 pta
505 1746 638 1785 mea
668 1727 1038 1803 publicando
1069 1726 1217 1783 mihi
1240 1725 1517 1783 inimicos
1543 1725 1805 1800 aquiras.
1841 1727 2026 1797 Unde,
2059 1743 2101 1799 Β
2137 1732 2456 1803 trinsecus,
2476 1732 2604 1804 jam
2620 1733 2682 1790 in
2712 1738 2945 1790 tantum
2971 1748 3291 1790 magrorem
3332 1736 3606 1789 nostrum
3656 1744 3810 1804 pro-

361 1820 406 1875 si
443 1835 673 1875 morem
716 1823 887 1875 tuum
915 1817 1235 1873 immutare
1258 1816 1432 1884 nolis,
1473 1831 1586 1885 ego
1617 1820 1819 1873 tamen
1860 1815 2032 1873 idcir-

362 1926 433 1964 co
456 1924 599 1964 vera
625 1907 721 1963 vel
745 1907 941 1963 dicere
964 1905 1061 1961 vel
1086 1905 1344 1961 scribere
1375 1921 1498 1961 non
1520 1904 1826 1962 desistam.
1870 1905 2028 1964 Vale.

751 1998 1083 2054 EPISTOLA
1124 1998 1274 2053 xxux
1314 1996 1478 2067 [olim
1520 1996 1646 2067 XL].

859 2085 1047 2156 (Circa
1087 2100 1318 2141 annum
1360 2090 1543 2153 1018.)

372 2178 518 2233 Vitae
541 2176 782 2244 pariter
809 2179 865 2231 et
905 2174 1197 2230 doctrina
1219 2175 1444 2230 meritis
1471 2174 1811 2231 venerando
1833 2173 2038 2231 abbati

437 2253 491 2303 et
521 2245 976 2315 archiepiscopo
1006 2247 1069 2301 G.
1104 2248 1423 2301 FULBERTI'S
1451 2246 1696 2302 humilis
1725 2246 2035 2315 episcopus

435 2318 749 2388 utriusque
770 2317 963 2386 ofﬁcii
984 2319 1239 2386 praemia
1269 2318 1553 2387 gloriosa.

438 2404 495 2462 Si
524 2405 599 2459 de
627 2419 765 2461 mea
790 2403 1106 2462 dilectione
1135 2403 1406 2471 conﬁdis,
1434 2407 1622 2473 Pater,
1657 2404 1810 2461 sicut
1830 2403 2035 2461 littera

365 2498 481 2549 tua
522 2492 885 2563 signiﬁcant,
912 2508 1157 2550 securus
1187 2498 1332 2562 esto,
1364 2493 1510 2567 quia
1537 2509 1664 2550 rem
1692 2498 1873 2562 tenes,
1911 2508 2037 2549 non

364 2588 420 2638 te
447 2580 602 2637 fallit
648 2581 874 2653 opinio.
905 2581 1157 2638 Proinde
1195 2581 1495 2655 quidquid
1523 2598 1561 2638 a
1580 2598 1677 2638 me
1698 2585 2039 2656 competen-

368 2675 454 2726 ter
484 2668 787 2742 exposcis,
820 2668 990 2726 facile
1015 2670 1329 2744 impetras,
1359 2675 1417 2726 et
1439 2687 1602 2727 nunc
1622 2670 1870 2744 quidem
1901 2686 2035 2744 spe-

367 2760 592 2816 cialiter
622 2759 698 2815 de
726 2759 1033 2817 audientia
1060 2759 1271 2817 domui
1290 2762 1351 2817 T.
1379 2760 1740 2817 venerabilis
1761 2759 2036 2817 sacerdo-

366 2850 461 2916 tis,
496 2865 573 2905 ne
603 2854 891 2923 queratur
915 2848 1140 2906 diutius
1196 2849 1543 2907 defraudari
1589 2849 2038 2925 opportunitate

361 2937 593 3010 judicii.
622 2938 796 3005 Quod
825 2953 938 3008 ego
971 2937 1085 2994 sibi
1114 2937 1427 3007 hactenus,
1463 2942 1650 2996 Deum
1680 2943 1883 3011 testor,
1913 2955 2036 2995 non

364 3026 714 3083 insidiando
753 3026 975 3094 distuli,
1009 3026 1114 3082 sed
1138 3028 1513 3101 providendo
1539 3028 1816 3098 dissuasi,
1845 3029 2038 3085 sciens

367 3115 516 3188 quia
557 3130 741 3171 causa
772 3115 903 3186 ejus
935 3115 1159 3171 intima
1201 3116 1585 3190 turpitudinis
1613 3122 1737 3187 est;
1773 3123 1830 3175 et
1858 3116 2038 3174 senti-

365 3220 459 3259 na
488 3203 697 3271 modo,
730 3219 853 3276 quo
875 3203 1137 3277 amplius
1162 3205 1519 3277 agitatur,eo
1549 3206 1737 3263 dirius
1762 3207 2040 3264 fetet.Nec

366 3308 511 3348 vero
549 3292 740 3365 turpis
773 3297 1028 3360 tantum,
1059 3294 1165 3350 sed
1186 3299 1243 3351 et
1270 3294 1606 3369 periculosa
1631 3300 1742 3367 est,
1771 3296 1923 3353 adeo
1954 3301 2038 3367 ut,

371 3382 421 3437 si
452 3382 683 3438 venerit
711 3382 790 3439 ad
809 3382 1125 3455 judicium,
1152 3389 1257 3441 aut
1280 3384 1409 3458 ipse
1440 3389 1546 3442 aut
1573 3390 1887 3443 accusator
1912 3387 2042 3458 ejus

379 3487 521 3527 cum
552 3488 778 3541 magna
808 3472 883 3529 sit
912 3473 1277 3530 contumelia
1300 3474 1749 3546 degradandus.
1781 3479 1901 3534 Huc
1928 3476 2041 3534 ita-

372 3576 489 3633 que
520 3561 861 3634 providens,
903 3566 960 3618 et
980 3562 1128 3619 illud
1154 3563 1568 3635 evangelicum
1618 3570 1817 3623 mente
1846 3565 2040 3624 revol-

370 3666 520 3706 vens
548 3666 561 3705 :
590 3651 792 3707 Nolite
805 3653 1111 3724 judicare,
1141 3655 1328 3710 nolite
1355 3654 1773 3727 condemnare,
1799 3659 1859 3713 et
1877 3659 2045 3712 cate-

373 3755 460 3805 ra,
486 3739 794 3797 harebam
824 3740 1099 3799 timorate
1130 3758 1487 3816 suspensus,
1521 3749 1578 3800 et
1604 3750 1961 3819 exspectans
1979 3750 2045 3803 ut

371 3829 662 3885 Dominus
691 3834 927 3887 tantum
956 3830 1219 3887 dedecus
1237 3832 1509 3889 Ecclesia
1527 3850 1671 3902 sua,
1701 3836 1773 3907 [e]
1801 3835 2046 3909 publica

374 3916 772 3982 discussione,
828 3918 920 3974 vel
965 3918 1347 3977 insultatione
1402 3922 1758 3996 [oriturum],
1831 3924 2041 3999 piaret.

378 4008 547 4076 Nunc
576 4010 780 4062 autem
807 4006 1182 4083 impatientia
1211 4010 1423 4067 domni
1471 4015 1531 4069 T.
1591 4028 1717 4070 non
1760 4014 2048 4088 permittit

376 4094 494 4148 hoc
529 4094 678 4161 ﬁeri,
713 4095 819 4151 sed
849 4096 1227 4169 pertinaciter
1256 4100 1459 4171 instat,
1504 4117 1576 4158 ac
1624 4102 1720 4175 pie
1768 4103 2047 4160 dissimu-

376 4182 570 4238 lantes
597 4183 678 4240 ad
700 4184 999 4256 judicium
1018 4187 1432 4246 vehementius
1461 4195 1655 4262 urget.
1682 4195 1939 4249 Tantum
1960 4210 2047 4250 er-

378 4288 455 4341 go
488 4274 773 4345 quamvis
798 4275 1056 4333 invictus
1095 4277 1266 4347 cedo,
1297 4279 1580 4354 diemque
1606 4285 1663 4338 et
1706 4281 1932 4352 locum,
1983 4289 2050 4341 ut

375 4362 625 4435 rogasti,
659 4364 975 4434 constituo,
1004 4367 1135 4437 jam
1164 4384 1288 4425 non
1320 4370 1555 4427 audens
1579 4370 1914 4446 relinquere
1960 4372 2046 4430 in-

2140 1821 2427 1892 didimus,
2450 1826 2517 1879 ut
2545 1823 2718 1894 signa
2744 1827 2949 1880 nostra
2971 1822 3410 1894 jucunditatem
3440 1824 3498 1877 et
3530 1819 3809 1876 latitiam

2143 1911 2481 1981 signiﬁcare
2519 1911 2713 1983 solita,
2768 1911 2847 1969 ab
2894 1911 3227 1969 intonando
3252 1910 3545 1978 desinere,
3577 1914 3637 1966 et
3678 1907 3813 1965 tris-

2142 1999 2331 2057 titiam
2359 2006 2633 2057 nostram
2656 1999 2915 2057 attestari
2935 1998 3394 2074 quodammodo
3416 1997 3807 2070 jusserimus,

2142 2088 2528 2164 officiumque
2554 2089 2846 2160 divinum,
2874 2090 3164 2146 hactenus
3204 2088 3265 2144 in
3310 2087 3567 2144 Ecclesia
3595 2090 3812 2143 nostra

2141 2194 2249 2252 per
2278 2178 2378 2235 Dei
2409 2178 2663 2250 gratiam
2694 2195 2833 2236 cum
2861 2194 3087 2249 magna
3110 2175 3308 2235 cordis
3337 2182 3392 2234 et
3421 2176 3540 2233 oris
3582 2175 3811 2248 jubila-

2143 2267 2300 2324 tione
2327 2267 2612 2325 celebrari
2638 2268 2882 2325 solitum
2911 2269 3042 2341 (26),
3074 2267 3373 2341 depressis
3401 2264 3586 2322 modo
3621 2266 3810 2321 mise-

2142 2354 2405 2413 rabiliter
2423 2357 2670 2414 vocibus
2691 2363 2748 2414 et
2775 2373 2928 2431 pene
2951 2357 3182 2413 silentio
3207 2355 3498 2430 proximis
3517 2353 3662 2411 ﬁeri.
3692 2357 3811 2412 Un-

2143 2445 2218 2501 de
2238 2446 2519 2519 pietatem
2550 2450 2832 2515 vestram,
2864 2462 3004 2503 cum
3032 2446 3176 2503 ﬂetu
3200 2444 3398 2502 cordis
3452 2446 3506 2500 et
3556 2443 3807 2512 mentis,

2145 2552 2343 2607 genua
2373 2536 2510 2593 flexi
2540 2552 2877 2611 precamur,
2911 2535 3232 2593 succurrite
3255 2539 3476 2592 sancta
3508 2534 3608 2592 Dei
3634 2534 3809 2591 Geni-

2144 2626 2303 2683 tricis
2327 2626 2617 2694 Ecclesia,
2644 2625 2739 2683 cui
2779 2642 2893 2683 nos
2948 2625 3155 2683 ﬁdeles
3204 2630 3448 2695 vestros,
3501 2629 3808 2699 quantum

2143 2732 2494 2791 possumus,
2521 2714 2657 2773 licet
2683 2714 2986 2789 indignos,
3018 2730 3278 2791 praeesse
3298 2711 3571 2773 voluistis
3604 2733 3618 2785 ;
3648 2728 3809 2789 quo-

2142 2824 2279 2864 rum
2310 2822 2346 2864 a
2374 2805 2545 2862 vobis
2573 2806 2957 2863 solummodo
2986 2810 3122 2881 post
3141 2806 3463 2864 Dominum
3477 2805 3539 2863 in
3554 2804 3645 2862 his
3664 2821 3811 2880 qua

2144 2897 2497 2969 ingeruntur
2553 2896 2838 2953 molestiis
2868 2896 3196 2954 consolatio
3223 2901 3281 2953 et
3306 2896 3618 2971 respiratio
3672 2894 3813 2952 fun-

2145 2987 2303 3045 ditus
2332 2985 2573 3062 pendet.
2605 2987 2865 3059 Cogitate
2895 3003 3038 3059 ergo
3062 2986 3316 3062 qualiter
3342 2987 3420 3044 ab
3446 2987 3539 3044 his
3591 2986 3814 3044 libere-

2067 3097 2110 3155 C
2146 3093 2305 3148 mur,
2339 3082 2396 3134 et
2416 3081 2482 3134 ut
2506 3093 2829 3134 maerorem
2867 3083 3142 3135 nostrum
3169 3076 3526 3135 convertatis
3546 3077 3606 3133 in
3654 3093 3813 3149 gau-

2148 3165 2340 3237 dium,
2369 3165 2748 3223 obsecrando
2774 3167 3052 3224 comitem
3080 3165 3352 3224 Odonem
3381 3167 3577 3240 (27),et
3599 3166 3653 3223 ei
3682 3183 3815 3223 ves-

2148 3260 2238 3313 tra
2254 3253 2439 3327 regali
2455 3254 2801 3314 auctoritate
2821 3254 3008 3314 vivaci
3016 3262 3101 3314 ter
3111 3254 3466 3332 imperando
3482 3259 3546 3313 ut
3563 3254 3817 3331 pradic-

2150 3350 2241 3402 tas
2261 3345 2539 3404 diabolici
2561 3345 2873 3403 instinctus
2898 3347 3215 3404 machinas
3245 3363 3389 3403 vero
3418 3346 3622 3403 animo
3673 3346 3813 3403 des-

2150 3435 2267 3492 trui
2299 3434 2530 3508 jubeat,
2571 3435 2661 3492 vel
2685 3435 2814 3511 ipse
2844 3436 3129 3508 destruat,
3170 3441 3415 3512 propter
3462 3435 3811 3505 Dominum,

2152 3529 2209 3582 et
2230 3523 2577 3582 ﬁdelitatem
2605 3530 2888 3595 vestram,
2921 3531 2978 3583 et
3006 3531 3227 3584 sancta
3256 3526 3447 3584 Maria
3490 3526 3812 3593 honorem,

2151 3620 2208 3672 et
2234 3614 2423 3672 nostri
2447 3615 2647 3673 adhuc
2673 3616 2765 3672 sui
2788 3615 2981 3673 ﬁdelis
3025 3632 3316 3674 amorem.
3378 3615 3551 3684 Quod
3599 3615 3647 3672 si
3701 3632 3815 3673 nec

2151 3722 2260 3779 per
2277 3722 2386 3762 vos
2416 3720 2525 3761 nec
2546 3720 2653 3778 per
2680 3703 2850 3763 illum
2878 3705 3042 3763 irrita
3062 3706 3237 3764 fuerit
3259 3707 3383 3763 hac
3400 3705 3574 3780 quasi
3597 3722 3813 3781 perpe-

2151 3801 2257 3854 tua
2279 3795 2466 3854 nostri
2494 3795 2609 3853 loci
2635 3796 2930 3868 confusio,
2962 3796 3108 3871 quid
3136 3800 3318 3854 restat
3346 3795 3530 3865 aliud,
3574 3796 3692 3854 nis1
3750 3800 3818 3853 ut

2152 3886 2390 3960 penitus
2444 3883 2810 3943 interdicatis
2838 3886 2937 3958 agi
2966 3886 3235 3944 divinum
3269 3885 3537 3945 ofﬁcium
3578 3885 3640 3943 in
3690 3889 3817 3943 toto

2153 3976 2507 4051 episcopatu
2533 3980 2741 4034 nostro
2762 3977 2791 4033 ?
2820 3976 2935 4051 ipsi
2964 3976 3123 4047 inde,
3141 3976 3295 4033 heu!
3324 3976 3512 4049 inviti,
3543 3979 3601 4035 et
3628 3974 3821 4033 maxi-

2153 4083 2256 4124 ma
2284 4067 2639 4124 necessitate
2671 4066 2882 4132 coacti,
2901 4066 3105 4141 aliquo
3137 4067 3503 4137 exsulantes,
3536 4084 3645 4124 nec
3674 4082 3818 4123 ocu-

2153 4157 2228 4214 lis
2249 4157 2467 4214 nostris
2497 4157 2696 4214 videre
2725 4157 2952 4214 diutius
2982 4161 3205 4215 sancta
3237 4157 3337 4215 Dei
3370 4157 3642 4214 Ecclesia
3668 4172 3818 4214 con-

2156 4247 2554 4305 culcationem
2586 4246 2863 4304 ferentes.
2902 4247 3075 4314 Quod
3117 4264 3192 4304 ne
3250 4247 3445 4305 facere
3502 4263 3816 4319 cogamur,

2154 4342 2418 4395 vestram
2466 4336 2943 4394 misericordiam
2966 4337 3177 4394 iterum
3225 4338 3565 4411 iterumque
3612 4335 3821 4394 ﬂebili-

376 4427 722 4507 digcuss’um
752 4452 920 4525 quod
947 4427 1136 4512 ﬁgam
1167 4462 1313 4529 puto
1341 4458 1499 4515 noue
1536 4427 1871 4533 metuar;
1890 4427 2046 4519 ἰωῇ.
2075 4453 2124 4509 ι)
2157 4432 2242 4484 ter
2272 4444 2520 4485 oramus
2543 4443 2620 4484 ne
2643 4431 2701 4533 et
2721 4427 2905 4530 .illud,
2938 4428 3105 4533 quod
3153 4427 3354 4533 absit}
3411 4427 3576 4503 apud
3597 4431 3820 4533 “extra.

376 4543 525 4596 tum.
560 4544 624 4596 In
653 4546 1013 4616 perpetuum
1034 4544 1188 4602 vale.

792 4634 1127 4692 EPlSTOLA
1165 4638 1292 4694 ΧΧΧ
1325 4637 1489 4709 [olim
1519 4639 1629 4710 lll].

901 4722 1055 4793 (Post
1084 4740 1316 4781 annum
1347 4728 1525 4798 1019.)

376 4806 776 4889 Do_mino__suo_
802 4811 935 4882 regi
952 4888 955 4889 ν
976 4815 1350 4889 serenissima
1404 4818 1662 4873 Rosea-ro
1703 4821 2043 4889 Fumanrus,

451 4878 697 4935 humilis
728 4878 1189 4941 Carnotensium
1213 4888 1542 4958 episcopus,
1557 4890 1622 4945 in
1635 4891 1844 4962 gratia
1868 4878 2047 4963 Regis

446 4964 655 5021 regum
681 4966 916 5023 semper
942 4970 1206 5013 manere.

449 5040 678 5097 Gratias
707 5042 1021 5101 referimus
1049 5045 1403 5118 benignitati
1428 5053 1633 5107 vestra
1657 5052 1825 5125 quod
1854 5068 2048 5127 nuper

375 5126 620 5186 misistis
644 5130 913 5201 legatum
942 5140 1207 5192 vestrum
1233 5136 1311 5194 ad
1363 5154 1495 5209 nos,
1526 5140 1633 5213 qui
1676 5147 1733 5198 et
1788 5126 2046 5200 vestram

376 5215 553 5271 nobis
576 5219 859 5292 sospitate
889 5224 1176 5282 nuntians
1202 5241 1314 5283 nos
1337 5227 1677 5299 latiﬁcaret,
1706 5237 1764 5287 et
1792 5231 2045 5289 fortuna

379 5309 599 5361 nostra
631 5309 887 5367 modum
912 5313 1247 5373 sciscitatus
1275 5333 1312 5375 a
1341 5318 1535 5391 nobis,
1558 5326 1767 5378 vestra
1823 5323 2046 5396 majes-

378 5498 430 5519 a
452 5428 685 5519 (3532-99,
707 5433 979 5519 (Ιυοάθπέ
1000 5440 1284 5519 (ἔθιὲίξὲίὲρ
1330 5442 1486 5519 .duce
1539 5445 1795 5504 habetur
1819 5448 2045 5506 mentio

375 5506 450 5586 in
469 5506 653 5586 veteri
675 5507 1088 5586 manuscripto
1115 5511 1458 5571 bibliothec.
1493 5532 1616 5586 reg.
1634 5521 1910 5574 Navarra
1928 5519 2046 5576 col-

375 5526 437 5554 ω
476 5526 653 5580 veteri
675 5526 982 5563 manuscri
1030 5526 1088 5566 ιο
1115 5526 1458 5571 mmrothec.
1493 5532 1616 5586 reg.
1634 5526 1910 5574 Navarra
1928 5526 2041 5576 col-

375 5568 863 5659 ltewagnhoc.modo
891 5596 904 5633 :
937 5526 1067 5636 [jac
1085 5588 1367 5659 tempore,
1384 5586 1673 5659 nimirum
1694 5589 1851 5659 regis
1866 5590 2041 5658 Bob.,

379 5640 805 5731 gaude/tritius.
820 5647 949 5705 dua:
979 5640 1333 5731 comitatum,
1348 5640 1753 5731 fudiiéﬁéi
1761 5640 2042 5731 12913531

380 5712 541 5769 latus
566 5719 671 5775 est.
706 5717 870 5785 Puto,
902 5726 1203 5792 quantum
1232 5712 1581 5796 conjectura
1594 5712 2038 5803 56831183523-

2154 4535 2336 4575 neum
2360 4534 2565 4590 regem
2595 4517 2689 4576 vel
2717 4517 3143 4592 imperatorem
3172 4518 3343 4575 fateri
3380 4518 3821 4593 compellamur

2156 4623 2193 4665 a
2219 4607 2390 4664 vobis
2416 4608 2676 4679 exsules,
2693 4607 2956 4666 noluisse
2971 4626 3079 4665 vos
3099 4608 3192 4665 vel
3218 4625 3342 4666 non
3353 4608 3616 4666 valuisse
3637 4624 3819 4683 spon-

2157 4714 2290 4754 sam
2334 4697 2547 4755 Christi
2601 4701 2875 4755 sanctam
2926 4698 3270 4765 Ecclesiam,
3325 4698 3495 4755 vobis
3538 4698 3737 4770 [nobis
3770 4697 3819 4770 ἓ]

2152 4803 2359 4859 regere
2388 4787 2798 4858 commissam,
2825 4788 2995 4846 tueri.

2562 4908 2896 4964 EPISTOLA
2934 4909 3083 4964 xxx:
3110 4907 3274 4979 [olim
3305 4908 3413 4979 IV].

2675 4996 2831 5067 (Post
2857 5011 3088 5053 annum
3123 4996 3304 5067 1019.)

2158 5088 2408 5145 Domino
2433 5101 2539 5143 suo
2566 5088 2848 5156 Rossnro,
2881 5087 3011 5157 regi
3030 5086 3822 5157 benignissimojumnwms,

2225 5159 2339 5216 Dei
2365 5163 2418 5215 et
2447 5158 2543 5214 sui
2567 5158 2772 5229 gratia
2799 5159 3185 5215 Carnotensis
3213 5158 3542 5227 episcopus,
3595 5161 3825 5213 statum

2221 5232 2422 5302 plena
2448 5230 2788 5299 felicitatis.

2226 5321 2557 5393 Postquam
2568 5317 3046 5377 transmissimus
3057 5317 3463 5375 vobislitteras
3474 5332 3581 5390 per
3590 5319 3826 5388 Regen—

2155 5448 2525 5530 qu‘i,_de_here
2552 5449 2669 5530 legi
2700 5449 3146 5530 Carnotensern,
3245 5522 3255 5530 Δ
3285 5519 3296 5530 .

2249 5522 2341 5595 26)
2362 5523 2560 5595 _[_Jsum
2590 5519 2893 5595 temporis
2907 5526 3063 5595 nota
3083 5520 3178 5576 hic
3204 5519 3456 5595 etinfra.

2249 5589 2340 5665 27)
2362 5593 2485 5675 I-i‘oc
2514 5589 2785 5675 tempore
2812 5593 2940 5675 Qdo
2984 5591 3154 5675 ﬁlius.
3188 5590 3423 5675 Odonis
3452 5589 3818 5675 _(_3a_mpania

2157 5658 2362 5720 comes
2390 5658 2679 5720 Blesensis
2706 5668 2764 5720 et
2810 5662 3209 5732 Carnotensis,
3258 5661 3427 5733 duxit
3452 5658 3820 5733 Mathildem,

2153 5733 2342 5793 ﬁliam
2371 5735 2668 5809 Richardi,
2694 5735 2875 5813 primi
2898 5735 3071 5793 ducis
3100 5732 3502 5793 Normannia.
