3952 6404
109 292 213 343 217

110 410 335 467 fridum
366 410 671 481 clericum,
693 408 1106 482 quaerimonite
1137 414 1374 477 nostre‘,
1429 408 1502 463 de
1533 418 1777 478 oppres-
1807 405 1854 456 Α

109 501 275 557 sione
306 517 493 574 quam
530 500 789 556 Ecclesia
820 504 1024 555 nostra
1063 501 1304 572 patitur,
1346 498 1526 557 locuti
1560 510 1771 551 sumus

107 608 248 646 cum
274 591 524 647 domino
554 606 692 660 rege
727 589 1132 661 Hugone,ﬁlio
1156 595 1372 657 vestro,
1406 586 1769 645 sciscitantes

106 681 187 736 ab
210 697 281 737 eo
314 698 419 736 cur
445 680 620 736 nobis
640 680 703 735 in
734 683 898 736 tanta
919 680 1269 736 necessitate
1297 696 1419 736 non
1469 692 1771 733 succurre-

104 769 198 826 rit.
231 770 341 836 Qui
372 786 433 824 se
464 773 673 825 contra
687 786 797 824 nos
836 769 1418 842 humiliterpurgans
1461 765 1773 840 respondit

102 858 251 931 quia
279 859 490 933 procul
520 875 555 914 a
576 858 751 914 nobis
779 863 925 929 erat,
968 859 1103 914 ideo
1129 859 1473 915 facultatem
1533 856 1647 912 sibi
1675 870 1770 909 ve-

102 946 310 1003 niendi
344 948 404 1003 in
437 948 729 1003 auxilium
776 951 1048 1002 nostrum
1108 964 1230 1003 non
1274 947 1479 1017 fuisse,
1512 946 1634 1001 imo
1675 960 1767 999 co-

101 1037 270 1109 piam
300 1037 567 1093 virorum
597 1037 701 1110 qui
729 1054 790 1092 se
820 1037 1251 1093 comitarentur
1299 1053 1425 1092 non
1455 1034 1761 1091 habuisse.

100 1127 287 1197 Cujus
312 1143 423 1183 nos
452 1126 826 1200 purgationis
855 1143 1104 1182 causam
1148 1126 1395 1182 minime
1426 1123 1767 1180 discreden-

100 1219 209 1283 tes,
234 1233 344 1288 pro
366 1216 464 1271 illo
494 1221 755 1272 vestram
785 1216 1163 1272 clementiam
1218 1232 1485 1281 oramus,
1557 1229 1632 1269 ne
1662 1212 1767 1268 ﬁat

100 1303 299 1359 aliena
323 1320 359 1360 a
388 1309 585 1360 vestro
618 1305 817 1374 genito
875 1305 1247 1378 paternitatis
1295 1308 1506 1360 vestrae
1553 1301 1763 1372 gratia,

102 1393 147 1449 si
176 1397 399 1448 sanctae
426 1394 696 1449 Ecclesiae
720 1411 843 1449 non
868 1394 1137 1465 praestitit
1154 1410 1354 1466 opem,
1379 1407 1515 1465 quze
1537 1392 1764 1462 impos-

99 1482 288 1537 sibilis
315 1487 441 1539 erat
462 1482 514 1538 ei
544 1484 835 1555 praestari.
880 1484 967 1538 Ad
1026 1501 1130 1539 vos
1181 1483 1449 1549 tandem,
1510 1480 1767 1536 dilectis-

100 1572 250 1627 sime
273 1572 536 1639 domine,
565 1573 753 1628 nostri
792 1572 1071 1644 adjutorii
1114 1590 1354 1628 summa
1384 1570 1555 1639 redit,
1591 1570 1763 1639 cujus

97 1661 359 1732 gratuita
384 1662 648 1717 bonitate
680 1660 952 1734 praesulis
974 1663 1203 1718 honore
1224 1661 1554 1731 fungimur,
1588 1662 1645 1713 et
1674 1662 1763 1713 tu-

1617 278 2001 335 EPISTOLZE.

3438 300 3543 353 218

2228 413 2562 468 EPISTOLA
2588 416 2787 471 xxxm
2820 416 2981 486 [olim
3005 418 3195 489 LXXI].

2402 522 2586 591 (Circa
2616 539 2757 577 ann.
2801 525 3029 593 eumd.)

1885 616 2319 700 Qucdhjugiiur
2338 624 2400 679 in
2423 627 2557 700 sinu
2579 629 2879 683 memoria:
2904 628 3068 696 fovet
3102 630 3340 686 domino
3364 632 3542 687 abba-

1954 691 2001 744 ti
2032 691 2097 745 G.
2135 695 2452 751 FITLBER‘I‘L'S
2503 691 2963 755 Carnotensium
3022 702 3297 757 sacerdos
3357 703 3543 758 abun-

1954 762 2227 820 dantiam
2257 767 2593 823 eharitatis.

1952 868 2305 937 Peregrinus
2335 873 2587 944 quidam
2622 874 2801 930 frater
2847 877 3090 932 nomine
3123 880 3541 948 Hermengaud

1878 970 1990 1012 nos
2016 961 2487 1019 consolationem
2516 965 2805 1037 petiturus
2829 966 2990 1033 adiit,
3024 968 3214 1035 vultu,
3267 986 3541 1024 sermone

1882 1048 2167 1105 eth'abitu
2198 1052 2557 1122 paenitentis.
2622 1056 2833 1111 Sentus
2873 1056 3035 1111 enim
3093 1061 3151 1113 et
3203 1058 3537 1131 squalidus,

1878 1137 2243 1212 pallentique
2276 1143 2464 1197 macie
2487 1144 2879 1216 deformatus,
2906 1162 3015 1202 sua
3052 1146 3230 1219 culpa
3264 1148 3337 1203 de
3364 1150 3539 1204 vestri

1880 1228 2137 1283 coenobii
2168 1231 2454 1301 paradiso
2488 1250 2547 1287 se
2573 1236 3057 1306 conquerebatur
3080 1236 3400 1308 expulsum
3425 1257 3436 1305 ;
3478 1238 3539 1293 in

1879 1332 2129 1389 corpore
2188 1319 2345 1373 fesso
2412 1322 2765 1377 morientem
2816 1323 3085 1379 animam
3136 1325 3535 1383 circumferre.

1880 1408 2047 1471 Quod
2076 1407 2327 1464 verbum
2366 1411 2633 1467 interitus
2694 1413 3073 1469 admittentes
3119 1416 3538 1486 compassione

1878 1511 2099 1563 carere,
2123 1514 2352 1570 vosque
2384 1515 2493 1571 pro
2510 1501 2607 1557 illo
2639 1519 2764 1557 non
2804 1518 3015 1573 rogare
3038 1504 3378 1575 nequimus.
3412 1509 3541 1561 Pre-

1874 1602 2087 1641 camur
2115 1585 2338 1659 itaque,
2363 1588 2411 1643 si
2430 1589 2538 1657 vis,
2573 1592 2619 1646 si
2647 1592 2736 1647 fas
2767 1596 2873 1659 est,
2914 1592 2975 1647 in
3002 1592 3245 1647 nomine
3276 1594 3405 1664 ejus
3423 1597 3536 1649 Do-

1876 1674 2022 1730 mini
2049 1676 2151 1747 qui
2171 1677 2343 1746 juxta
2369 1683 2457 1734 est
2485 1680 2576 1735 his
2615 1682 2716 1753 qui
2749 1681 3032 1737 tribulato
3082 1686 3221 1737 sunt
3241 1683 3441 1749 corde,
3470 1688 3535 1739 ut

96 1750 426 1841 mlaiclllus
457 1768 635 1824 P0sse
662 1751 809 1823 eripi
840 1768 877 1807 δι
897 1751 1200 1807 malorum
1232 1749 1467 1841 injuriis
1511 1747 1763 1841 omPinQ
1803 1760 1843 1814 Β
1874 1767 2126 1836 paterna
2146 1765 2363 1836 pietate
2391 1747 2687 1839 recipiatis
2726 1770 2887 1825 hunc
2910 1769 3103 1825 ﬁlium
3130 1771 3258 1841 jam
3292 1747 3535 1826 tandem

97 1840 480 1896 confidimus.
526 1841 639 1897 Sed
660 1841 737 1897 ab
756 1842 823 1896 iis
834 1858 971 1913 quae
990 1841 1171 1896 modo
1196 1840 1372 1896 nobis
1404 1837 1765 1894 incumbunt

102 1930 232 1985 sine
257 1930 446 1986 multo
475 1930 681 1987 labore
720 1936 916 1986 vestro
948 1946 1264 2003 speramus
1294 1929 1441 1996 erui,
1478 1928 1764 1983 dummo-

96 2019 175 2075 do
206 2036 384 2092 prece
405 2026 462 2077 et
487 2020 905 2077 obsecratione
937 2037 1077 2076 cum
1105 2020 1310 2076 Odone
1348 2018 1562 2074 comite
1594 2014 1764 2072 obni-

95 2127 165 2166 xe
189 2110 384 2179 agatis
413 2116 716 2183 quatenus
744 2110 905 2167 idem
932 2127 1044 2166 nos
1071 2110 1149 2166 ab
1171 2109 1284 2165 illis
1316 2108 1613 2181 expediat.
1645 2109 1762 2163 CER-

94 2204 289 2255 terum
331 2199 776 2255 serenissimam
849 2201 1133 2273 pietatem
1190 2204 1451 2255 vestram
1499 2195 1761 2270 appella-

94 2306 230 2345 mus
254 2306 368 2363 pro
398 2290 612 2346 eodem
640 2306 779 2361 rege
801 2289 923 2346 ﬁlio
956 2294 1175 2359 vestro,
1232 2288 1338 2361 qui
1368 2287 1511 2343 satis
1553 2302 1761 2357 super-

95 2396 209 2452 que
239 2379 551 2435 desolatus
580 2379 820 2436 incedit.
849 2384 1049 2453 Neque
1082 2379 1244 2434 enim
1265 2378 1324 2434 in
1356 2378 1541 2433 domo
1563 2380 1759 2432 vestra

96 2485 230 2524 cum
252 2469 565 2525 securitate
597 2469 691 2524 vel
712 2469 997 2525 charitate
1022 2468 1157 2525 licet
1182 2468 1234 2524 ei
1261 2484 1523 2534 manere,
1559 2482 1756 2538 neque

94 2558 237 2615 foris
267 2562 358 2615 est
387 2559 438 2614 ei
466 2560 627 2614 unde
647 2560 804 2615 vivat
834 2577 972 2615 cum
999 2561 1227 2615 honore
1256 2558 1382 2629 regi
1418 2561 1761 2629 competen-

93 2653 165 2705 te.
203 2649 370 2705 Unde
391 2665 500 2704 vos
531 2653 767 2722 oportet
795 2648 1022 2722 aliquid
1052 2649 1198 2705 boni
1239 2646 1468 2704 consilii
1497 2646 1757 2719 reperire

94 2742 148 2794 et
175 2738 255 2794 illi
287 2738 661 2811 impendere,
694 2755 769 2794 ne
801 2740 949 2794 dum
971 2739 1066 2795 ille
1098 2738 1272 2812 quasi
1312 2737 1666 2811 peregrinus
1701 2740 1759 2790 et

92 2828 386 2900 profugus
447 2828 589 2899 agit,
617 2828 850 2901 paterni
890 2828 1075 2885 animi
1128 2828 1291 2883 fama
1342 2826 1513 2882 vobis
1572 2824 1755 2896 depe-

90 2922 233 2974 reat.

443 3102 779 3157 EPISTULA
807 3104 982 3157 xxx"
1015 3102 1179 3173 [olim
1213 3102 1380 3173 LXX].

588 3209 747 3281 (Post
772 3226 1003 3267 annum
1030 3214 1211 3278 1019.)

88 3369 410 3423 FL’LBERTUS
461 3366 744 3435 indignus
788 3366 1094 3434 episcopus
1148 3363 1752 3435 z'ne/I‘abilitercharo

152 3439 337 3495 Patri
361 3444 414 3494 et
445 3434 684 3492 domino
729 3452 833 3492 suo
867 3438 1096 3492 ODILONI
1155 3452 1289 3492 cum
1348 3434 1639 3491 cherubin
1696 3438 1754 3487 et

152 3510 446 3580 seraphin
478 3510 622 3565 odas
655 3510 837 3579 loqui.

156 3676 426 3740 Quantas
469 3671 675 3727 animo
725 3670 1037 3742 concipere
1094 3685 1345 3741 possum
1392 3668 1495 3723 tibi
1528 3668 1753 3739 gratias

90 3762 302 3831 habeo,
334 3766 536 3818 sancte
569 3764 756 3829 Pater,
787 3759 892 3831 qui
918 3776 1054 3815 meo
1107 3758 1398 3813 arbitratu
1440 3758 1750 3813 teediosam

91 3857 143 3909 et
169 3853 267 3908 vix
292 3850 663 3908 tolerabilem
694 3848 1207 3923 importunitatem
1230 3862 1429 3902 meam
1446 3847 1621 3919 quasi
1642 3863 1752 3919 pro

90 3942 309 3999 deliciis
330 3942 521 3998 habes
552 3959 563 3997 :
599 3955 891 4012 servoque
914 3940 1029 4010 (28)
1083 3942 1139 3993 et
1205 3953 1316 3992 sua
1374 3936 1479 3992 tibi
1510 3936 1753 3992 debenti

90 4034 291 4089 omnia
317 4048 491 4088 versa
516 4031 642 4087 vice
672 4030 956 4085 dominus
1000 4044 1181 4102 paras
1241 4026 1554 4099 obsequia.
1607 4030 1751 4082 Vere

89 4123 228 4179 vivit
250 4124 349 4179 hic
375 4128 431 4178 et
460 4122 719 4193 fulgurat
744 4120 846 4176 illa
876 4119 1041 4174 fortis
1077 4122 1131 4173 et
1169 4117 1441 4190 speciosa
1467 4117 1747 4185 charitas,

90 4229 218 4285 quae
251 4214 589 4269 secundum
620 4209 983 4284 Apostolum
1039 4208 1273 4282 patiens
1320 4211 1427 4277 est,
1486 4206 1752 4277 benigna

90 4307 143 4357 et
167 4305 341 4375 cujus
371 4303 543 4373 vigor
563 4317 883 4374 nunquam
904 4298 1140 4355 excidit.
1168 4301 1285 4353 Hac
1315 4297 1575 4369 denique
1606 4312 1754 4368 prte-

90 4392 408 4449 sentialiter
435 4390 671 4446 fruendi
699 4388 994 4445 desiderio
1016 4403 1308 4454 maceror,
1343 4385 1449 4441 sed
1480 4385 1649 4455 gravi
1674 4384 1755 4439 ad

89 4499 350 4555 praesens
377 4479 725 4536 difﬁcultate
773 4478 1063 4535 detineor.
1101 4476 1436 4534 Malefactor
1466 4475 1628 4530 enim
1660 4473 1721 4529 ill

92 4571 427 4637 Gaufridus,
467 4584 650 4641 quem
677 4586 788 4643 pro
844 4568 1044 4624 multis
1102 4566 1469 4623 facinoribus
1513 4582 1755 4620 excom-

91 4662 565 4727 municaveram,
596 4658 819 4713 incerto
865 4662 1068 4713 utrum
1099 4657 1452 4729 desperatus
1512 4671 1591 4710 an
1621 4671 1753 4709 ver-

93 4770 187 4807 sus
208 4753 271 4809 in
326 4747 677 4816 amentiam,
756 4746 1003 4802 collecta
1060 4745 1441 4802 multitudine
1499 4744 1757 4800 militum

92 4858 210 4913 quo
248 4837 512 4897 ducendi
553 4840 751 4893 essent
806 4835 1240 4907 ignorantium,
1299 4834 1467 4889 villas
1519 4837 1757 4889 nostras

93 4930 412 5005 improviso
442 4926 721 4984 incendio
762 4924 1187 4992 concremavit,
1238 4924 1535 4995 nobisque
1565 4938 1757 4995 quan-

94 5022 179 5075 tas
205 5022 402 5093 potest
424 5015 809 5073 machinatur
836 5012 1107 5068 insidias.
1169 5014 1359 5084 Super
1412 5012 1505 5067 his
1530 5012 1754 5083 itaque,

95 5124 165 5163 ne
194 5112 373 5165 tantae
405 5122 604 5162 causae
628 5104 979 5160 indiscussaa
1008 5102 1103 5157 vel
1147 5102 1347 5157 inultae
1378 5106 1752 5167 remaneant,

95 5197 427 5254 necessario
443 5195 591 5251 mihi
619 5192 1068 5249 conveniendus
1096 5196 1186 5246 est
1201 5190 1476 5263 primitus
1508 5190 1635 5247 Odo
1663 5206 1759 5245 co-

96 5303 237 5343 mes.
269 5286 443 5348 Quod
473 5285 521 5340 si
542 5281 1031 5349 dissimulaverit,
1074 5280 1322 5336 restabit
1348 5280 1504 5349 regis
1551 5283 1609 5334 et
1665 5278 1755 5333 Ri-

96 5377 298 5434 chardi
320 5392 531 5447 rogare
554 5372 907 5447 patrocinia.
943 5371 1118 5437 Quod
1150 5370 1198 5425 si
1221 5370 1317 5426 isti
1349 5385 1593 5442 quoque
1624 5368 1753 5441 opi-

97 5466 265 5523 tulari
293 5464 678 5536 neglexerint,
713 5462 861 5536 quid
890 5460 1107 5517 melius
1136 5459 1284 5515 mihi
1313 5463 1493 5515 restet
1520 5474 1643 5514 non
1673 5458 1756 5513 vi-

96 5550 224 5619 deo,
255 5569 443 5625 quam
465 5554 592 5608 haec
622 5552 809 5608 missa
840 5549 1057 5619 facere,
1089 5553 1144 5606 et
1202 5548 1431 5603 Christo
1474 5546 1754 5601 secretius

100 5638 410 5699 deservire.
441 5642 659 5699 Valete.

1876 1868 2008 1908 sero
2034 1854 2402 1925 postliminio
2425 1862 2820 1913 revertentem
2887 1875 2899 1913 :
2957 1875 3079 1931 quo
3129 1860 3203 1915 de
3248 1876 3535 1915 converso

1874 1947 2187 2014 peccatore
2214 1960 2336 2000 non
2384 1949 2619 2002 tantum
2674 1948 2873 2018 angeli
2912 1949 3034 2018 Dei,
3096 1966 3307 2005 verum
3355 1950 3534 2005 etiam

1871 2032 1985 2105 ipsi
2002 2033 2232 2100 fratres,
2261 2051 2522 2107 quorum
2552 2037 2800 2110 propius
2851 2039 3111 2105 interest,
3143 2040 3532 2108 gratulentur.

1872 2122 2069 2179 Valete
2101 2140 2399 2179 memores
2429 2126 2626 2193 vestri,
2661 2127 2848 2182 nostri
2900 2144 3023 2183 non
3054 2129 3460 2185 immemores.

2234 2242 2568 2297 EPISTOLA
2621 2245 2818 2298 XXXIV
2857 2244 3020 2313 [olim
3047 2244 3177 2313 CV.]

2370 2349 2529 2419 (Post
2585 2365 2815 2404 annum
2850 2351 3033 2421 1019.)

1868 2456 2267 2529 Βὶζεριίεεὺηο
2297 2456 2535 2512 domino
2584 2473 2690 2513 suo
2733 2461 2991 2513 Roeenro
3050 2461 3181 2529 regi
3208 2474 3279 2514 ac
3310 2461 3535 2529 regina:

1942 2528 2305 2581 Coxsmxrm
2364 2530 2597 2584 utinam
2628 2530 2690 2583 in
2713 2530 2967 2584 Domino
3000 2528 3531 2598 Constantissima',

1942 2599 2265 2671 FItLBenrirs
2298 2598 2543 2653 humilis
2575 2601 3035 2655 Carnotensium
3068 2602 3374 2671 episcopus
3393 2602 3536 2669 ﬁde-

1944 2670 2129 2743 litatis
2162 2670 2501 2739 obsequium
2520 2677 2571 2726 et
2590 2673 2879 2726 orationis
2899 2674 3215 2741 su/fragia,
3240 2670 3530 2743 quantum

1941 2741 2049 2795 scil
2083 2756 2155 2795 ac
2174 2746 2393 2809 potest.

1943 2846 2191 2916 Cognita
2225 2862 2332 2918 per
2359 2847 2641 2903 nuntium
2671 2852 2935 2904 vestrum
2979 2848 3282 2905 alacritate
3310 2852 3529 2917 vestra,

1871 2936 2094 3005 gaudio
2115 2951 2341 3005 magno
2367 2936 2573 3008 repleti
2603 2954 2836 3005 sumus,
2871 2941 2990 2993 Deo
3020 2938 3241 3007 gratias
3263 2943 3527 3007 agentes.

1870 3024 2049 3080 Vobis
2080 3025 2240 3080 enim
2281 3024 2708 3097 incolumibus,
2756 3043 2867 3082 nos
2905 3027 3059 3083 bene
3103 3028 3387 3083 valituros
3425 3044 3534 3100 per

1795 3112 1836 3167 C
1870 3115 1970 3171 Dei
1997 3115 2251 3186 gratiam
2282 3120 2338 3171 et
2394 3120 2653 3172 vestram
2709 3133 3044 3189 speramus.
3096 3117 3392 3183 Quoniam
3424 3134 3532 3173 au-

1867 3206 1987 3256 tem
2016 3199 2240 3273 placuit
2285 3200 2541 3257 bonitati
2585 3206 2792 3257 vestrae
2831 3202 3141 3258 consulere
3185 3219 3297 3257 nos
3354 3219 3534 3274 super

1864 3286 2077 3341 habitu
2105 3290 2332 3356 nostro,
2353 3285 2670 3341 scribimus
2693 3286 2863 3342 vobis
2903 3287 3106 3342 multis
3129 3303 3240 3342 nos
3281 3287 3359 3342 ad
3382 3303 3533 3359 pree-

1866 3386 2004 3426 sens
2030 3370 2437 3426 incommodis
2469 3372 2684 3441 urgeri,
2718 3388 2854 3443 quae
2900 3371 3075 3427 nobis
3100 3371 3275 3427 infert
3300 3372 3532 3428 Gaufri-

1865 3460 1981 3515 dus
2014 3460 2345 3515 vieecomes
2394 3460 2469 3515 de
2517 3461 2718 3515 Castro
2767 3460 3043 3514 dunensi.
3106 3460 3323 3516 Reiecit
3372 3462 3532 3517 enim

1866 3554 2003 3605 ante
2033 3548 2234 3605 Natale
2258 3549 2494 3604 Domini
2515 3549 2827 3605 castellum
2858 3549 2933 3603 de
2974 3548 3333 3614 Galardone,
3365 3548 3532 3620 quod

1866 3638 2010 3694 olim
2040 3637 2432 3704 destruxistis,
2461 3642 2518 3692 et
2547 3654 2682 3693 ecce
2732 3637 2903 3692 tertia
2959 3637 3054 3692 die
3092 3641 3229 3708 post
3278 3636 3535 3708 Epipha-

1864 3729 2027 3784 diam
2054 3727 2308 3783 Domino
2331 3727 2510 3798 ccepit
2528 3726 2722 3782 facere
2750 3726 3002 3782 alterum
3027 3725 3337 3782 castellum
3365 3724 3533 3797 apud

1866 3819 2077 3875 Isleras
2116 3816 2273 3872 intra
2304 3816 2478 3871 villas
2499 3818 2552 3873 S.
2588 3817 2799 3873 Mariae.
2844 3817 3009 3872 Unde
3038 3816 3267 3887 legatos
3293 3820 3533 3870 nostros

1868 3908 2144 3965 misimus
2184 3907 2263 3962 ad
2284 3906 2475 3961 ﬁlium
2504 3910 2772 3962 vestrum
2804 3922 3007 3976 regem
3040 3905 3356 3961 Henricum
3394 3905 3528 3975 [leg.

1868 3996 2202 4067 Hugonem]
2223 4000 2279 4051 et
2300 3995 2568 4051 Odonem
2594 3996 2899 4065 comitem,
2952 3995 3157 4051 incerti
3184 4000 3387 4051 utrum
3409 3993 3535 4049 illo-

1866 4105 2002 4144 rum
2025 4102 2279 4143 ascensu
2310 4090 2477 4141 tanta
2502 4085 2664 4141 mala
2689 4086 3160 4159 praesumpserit;
3187 4085 3353 4141 aliter
3373 4084 3534 4140 enim

1869 4181 1997 4235 haec
2028 4177 2198 4233 illum
2222 4176 2470 4246 aggredi
2498 4177 2596 4232 vix
2622 4175 2927 4249 opinabile
2958 4180 3065 4231 est.
3099 4175 3212 4232 Sed
3242 4175 3290 4230 si
3310 4174 3392 4229 illi
3421 4191 3533 4229 nos

1868 4270 1932 4326 in
1958 4273 2136 4325 tantis
2178 4266 2642 4322 adversitatibus
2696 4282 2819 4322 non
2878 4265 3236 4336 adjuverint,
3295 4264 3372 4320 ad
3428 4280 3534 4318 vos

1868 4356 2335 4432 postDominum
2357 4356 2734 4428 respicimus,
2758 4360 2824 4410 ut
2848 4370 2955 4427 per
2982 4371 3091 4409 vos
3118 4353 3196 4407 ab
3226 4354 3536 4422 hujusmo-

1725 4490 1757 4529 θ
1790 4467 1836 4521 Ι)
1871 4447 1934 4502 di
1963 4444 2353 4519 oppressione
2384 4444 2727 4499 liberemur.
2760 4443 3041 4498 Dolemus
3073 4447 3275 4497 autem
3322 4457 3431 4495 vos
3453 4440 3535 4495 ita

1871 4552 2033 4592 nunc
2060 4534 2121 4589 in
2153 4533 2282 4589 aliis
2304 4533 2575 4604 partibus
2606 4535 2952 4602 occupatos,
2980 4536 3046 4585 ut
3070 4534 3266 4585 vestro
3292 4544 3535 4583 succur-

1873 4642 1943 4681 su
1972 4625 2046 4680 de
2076 4622 2355 4697 praesenti
2383 4621 2677 4692 respirare
2708 4635 3104 4691 nequeamus.
3141 4617 3313 4683 Quod
3346 4617 3393 4672 si
3420 4616 3535 4673 cito

1870 4714 2047 4770 nobis
2078 4729 2113 4768 a
2142 4711 2265 4767 ﬁlio
2304 4715 2501 4766 vestro
2553 4709 2917 4764 subventum
2955 4724 3079 4764 non
3127 4706 3320 4774 fuerit,
3369 4723 3535 4762 com-

1870 4802 2042 4859 muni
2072 4806 2415 4857 nostrorum
2455 4798 2724 4867 consilio,
2755 4797 3031 4853 divinum
3089 4795 3355 4853 ofﬁcium
3385 4795 3536 4851 desi-

1870 4898 2073 4949 turum
2104 4891 2164 4947 in
2196 4895 2317 4947 toto
2370 4889 2721 4962 episcopatu
2771 4892 2978 4943 nostro
3010 4886 3311 4943 noveritis.
3348 4885 3405 4942 Si
3434 4901 3535 4940 co-

1869 5000 1998 5039 mes
2030 4982 2157 5039 Odo
2191 4980 2355 5054 apud
2384 4997 2493 5035 vos
2516 4984 2623 5051 est,
2657 4982 2898 5034 monete
2927 4976 3100 5032 illum
3128 4981 3192 5031 ut
3219 4975 3539 5031 subveniat

1868 5072 2046 5129 nobis
2066 5076 2307 5145 propter
2334 5070 2658 5126 Dominum
2688 5074 2745 5124 et
2767 5067 3114 5123 ﬁdelitatem
3144 5070 3425 5122 vestram.

2248 5181 2583 5235 EPISTOLA
2605 5179 2777 5233 XXXV
2809 5177 2971 5247 [olim
3001 5176 3163 5246 Vill.]

1822 5268 1825 5271 ⁴
1883 5271 2222 5329 Venerabili
2243 5271 2435 5340 fratri
2464 5275 2517 5325 et
2542 5269 2880 5338 coepiscopo
2902 5268 3182 5322 FRANCONI
3217 5269 3536 5323 FULBERTUS

2562 5342 2838 5395 salutem.

1945 5448 2327 5523 Superfluum
2358 5447 2506 5502 duxi
2534 5446 2783 5517 longam
2815 5445 3085 5502 fabulam
3134 5445 3322 5502 nostri
3381 5447 3539 5503 senis

1869 5539 2362 5609 transcribere,et
2390 5537 2619 5593 mittere
2641 5537 2766 5605 tibi,
2822 5553 2962 5592 cum
2994 5541 3183 5593 totam
3238 5537 3539 5594 rationem

1868 5632 2023 5702 ejus,
2049 5630 2098 5685 si
2127 5644 2251 5701 qua
2280 5631 2387 5695 est,
2421 5644 2494 5682 ex
2523 5642 2660 5682 mea
2694 5626 2860 5683 brevi
2917 5628 3309 5699 responsione
3363 5626 3538 5684 facile

175 5840 290 5910 (28)
320 5839 673 5904 Fulbertum
706 5838 820 5896 sub
850 5836 1104 5895 0dilone
1132 5836 1505 5897 monachum
1529 5835 1709 5893 fuisse
1734 5833 2161 5894 hmcvidentur
2192 5828 2462 5886 innuerc.
