3952 6368
380 235 489 293 219

1387 234 1442 291 8.
1492 234 1831 292 FULBERTI
1885 230 2389 291 CARNOTENS\S
2445 230 2781 289 EPISCOPI.

3718 232 3829 289 220

382 356 687 431 percipere
718 357 914 430 possis
947 375 962 425 ;
993 357 1223 431 fuitque
1261 359 1647 431 hujusmodi:
1701 382 1729 409 «
1764 360 1945 417 Fratri
1972 359 2035 415 in
2064 361 2113 414 Α
2147 356 2260 413 bas
2285 373 2424 415 cum
2455 356 2827 428 quibusdam
2880 353 3197 417 monachis
3223 353 3452 424 aberat,
3512 354 3638 415 sine
3668 370 3827 431 quo-

385 447 637 503 Domino
669 451 723 502 et
755 448 1169 505 consacerdoti
1208 466 1318 505 suo
1344 450 1690 520 Avisgaudo
1714 450 2041 506 Fulbertus.

382 537 567 606 Absit,
598 536 798 605 frater,
842 542 906 594 ut
937 538 1215 594 credatur
1233 555 1447 595 verum
1473 556 1623 608 esse,
1656 539 1823 614 quod
1859 538 2045 613 scrip-

384 625 528 693 sisti,
555 642 763 687 Ineum
792 626 1281 700 archipraesulem
1310 631 1367 685 et
1393 644 1490 684 me
1520 632 1689 686 tuam
1720 625 2047 684 confessio-

382 730 523 770 nem
542 714 882 788 publicasse
913 717 925 771 !
957 733 1078 772 non
1112 722 1199 773 est
1224 718 1385 773 enim
1409 733 1639 774 verum.
1663 721 1868 790 Tuque
1898 716 2047 773 dum

382 803 524 861 talia
556 804 784 872 scribis,
818 805 974 865 bene
1003 805 1228 863 meritis
1266 806 1342 863 de
1373 810 1427 865 te
1457 806 1728 876 ingratus
1757 822 1840 878 es,
1873 810 1929 861 et
1955 805 2047 863 in-

380 893 537 964 juste
568 894 999 955 contumeliam
1025 895 1193 953 facis.
1240 895 1296 954 Si
1327 911 1451 968 qua
1485 895 1645 955 enim
1676 897 1931 955 honesta
1948 898 2049 951 tua

382 982 668 1043 novimus
700 989 805 1043 aut
820 984 1482 1059 speravimus,ﬁdeliter
1501 996 1573 1044 ea
1602 984 2048 1061 publicavimus

383 1071 464 1128 ad
480 1072 887 1131 testimonium
916 1078 1031 1137 tute
1061 1074 1397 1148 probitatis,
1439 1079 1648 1133 contra
1694 1074 1826 1135 ilics
1855 1073 2044 1135 maxi-

383 1178 482 1219 me
509 1161 615 1236 qui
635 1162 1063 1221 discessionem
1086 1169 1253 1225 tuam
1279 1165 1357 1221 ab
1389 1164 1742 1239 episcopatu
1760 1163 2041 1231 avaritiae,

380 1249 471 1309 vel
500 1250 776 1321 ignaviae,
802 1252 895 1309 vel
925 1252 1279 1326 turpitudini
1300 1253 1597 1311 ascribere
1612 1250 2044 1311 nitebantur.Si

382 1354 519 1411 quae
547 1356 684 1397 vero
714 1340 965 1410 occulta,
994 1358 1132 1415 quae
1180 1341 1531 1417 paenitenda
1578 1340 1791 1410 forent,
1825 1343 2043 1399 nostrae

381 1427 524 1484 ﬁdei
552 1428 873 1501 credidisti,
905 1436 1079 1488 caute
1105 1430 1296 1491 celata
1328 1435 1485 1491 sunt.
1516 1434 1588 1488 At
1635 1430 1684 1487 si
1712 1429 1855 1488 talia
1908 1445 2047 1486 con-

381 1518 577 1574 fessus
608 1535 671 1575 es
693 1536 831 1594 quae
861 1521 1110 1597 etprius
1167 1526 1225 1581 et
1274 1520 1669 1597 postmodum
1728 1536 1829 1577 ore
1878 1520 2044 1591 vulgi

382 1607 667 1669 ventilata
697 1610 832 1678 sint,
865 1626 936 1666 ea
964 1627 1076 1668 nos
1115 1610 1417 1671 occultare
1474 1610 1816 1685 nequimus.
1875 1612 2045 1667 Com-

2153 462 2291 503 rum
2333 445 2616 503 consultu
2660 445 2832 503 vobis
2892 442 3244 517 responderi
3300 458 3425 501 non
3484 444 3824 523 oportebat.

2155 537 2337 603 Quos,
2367 534 2470 591 ubi
2525 534 2850 604 redierunt,
2911 532 3263 593 commonui
3312 536 3378 593 ut
3427 548 3555 589 sese
3601 532 3683 590 ad
3717 548 3825 591 au-

2154 624 2442 683 dientiam
2464 628 2896 698 prresentarent
2925 628 3133 685 contra
3153 622 3451 679 domuum
3472 622 3824 685 Tetfridum.

2156 719 2289 788 Ipse
2320 731 2464 777 vero
2495 714 2935 787 responderunt
2955 728 3018 769 se
3048 712 3313 769 messivo
3336 716 3605 785 tempore
3637 729 3821 770 occu-

2153 808 2350 877 patos,
2390 804 2518 863 lites
2546 804 2625 861 ad
2654 819 2922 877 praesens
2952 801 3177 872 agitare
3197 816 3321 857 non
3341 817 3541 874 posse.
3577 801 3691 859 Sed
3715 800 3827 861 idi-

2153 894 2271 951 bus
2299 893 2571 950 Octobris
2599 893 2660 950 in
2689 891 3102 951 Aurelianensi
3128 890 3399 961 consilio,
3440 890 3610 965 quod
3655 890 3822 951 futu-

2153 1000 2291 1043 rum
2322 1000 2453 1039 esse
2483 982 2941 1051 destinavimus,
3002 981 3366 1039 constituent
3421 980 3591 1039 vobis
3621 980 3825 1054 proxi-

2152 1090 2324 1133 mum
2362 1073 2680 1133 audientiae
2707 1076 2764 1129 et
2789 1073 2953 1133 diem
2998 1076 3055 1128 et
3110 1070 3335 1127 locum.
3377 1068 3823 1133 Tantummodo

2153 1162 2395 1225 fratrem
2428 1179 2608 1219 suum
2629 1162 2963 1229 Dodonem,
2995 1160 3097 1234 qui
3132 1165 3225 1216 est
3254 1159 3421 1233 apud
3449 1174 3579 1231 vos,
3601 1157 3845 1235 redda-_

2154 1253 2325 1309 tiseis
2349 1252 2505 1315 infra
2535 1251 2888 1325 praedictum
2934 1250 3282 1311 terminum.
3322 1252 3553 1306 Interea
3607 1247 3826 1309 oblata!

2155 1345 2294 1398 sunt
2338 1340 2513 1398 nobis
2579 1340 2863 1413 quaedam
2926 1339 3132 1403 litterae
3179 1339 3296 1394 sub
3329 1342 3528 1411 vestro
3574 1337 3825 1401 nomine

2153 1428 2504 1502 conscriptae
2577 1428 2656 1485 ad
2736 1428 3035 1487 domuum
3107 1428 3487 1503 Arnulphum
3535 1426 3825 1485 abbatem

2156 1518 2352 1577 Sancti
2406 1518 2577 1587 Petri,
2638 1518 3044 1588 signiﬁcantes
3107 1534 3214 1574 vos
3263 1516 3825 1577 excommunicasse

2152 1609 2487 1665 monachos
2517 1613 2779 1666 nostros.
2809 1608 2924 1667 Sed
2952 1607 3367 1667 auctoritatem
3398 1623 3521 1683 qua
3552 1605 3727 1665 vobis
3759 1604 3824 1669 id

381 1698 509 1770 peri
538 1703 741 1757 autem
758 1716 832 1756 ex
852 1700 1056 1757 litteris
1087 1701 1202 1759 tuis
1230 1700 1337 1757 tibi
1367 1700 1688 1761 molestum
1719 1716 1847 1756 esse
1876 1699 2043 1775 quod
2071 1716 2115 1774 Β
2149 1695 2342 1765 liceat,
2365 1713 2461 1754 me
2479 1713 2601 1754 non
2632 1696 2882 1759 memini
2910 1695 3152 1752 vidisse.
3186 1699 3277 1763 At,
3312 1695 3359 1751 si
3392 1693 3556 1769 apud
3584 1709 3695 1751 vos
3715 1693 3825 1753 ha-

380 1791 438 1842 te
470 1789 820 1846 monasticae
860 1791 990 1849 vitae
1016 1790 1279 1849 diximus
1304 1795 1660 1862 amatorem,
1682 1789 1869 1864 quod,
1900 1788 2046 1863 quia

379 1892 595 1934 nocere
618 1894 742 1937 non
769 1878 1055 1951 intelligo,
1074 1879 1397 1937 molestum
1421 1895 1549 1939 esse
1574 1878 2047 1939 demiror.Amor

382 1981 648 2045 namque
673 1968 977 2039 religionis
1008 1969 1335 2044 episcopali
1361 1968 1576 2040 gradu,
1617 1985 1801 2043 quem
1821 1969 2045 2043 reperis

381 2055 635 2124 dignum
666 2061 720 2113 te
741 2057 939 2131 potius
969 2074 1159 2131 quam
1197 2057 1517 2129 indignum
1565 2057 1841 2128 efﬁceret,
1877 2059 1925 2119 si
1952 2058 2044 2114 ni-

382 2144 466 2200 hil
495 2144 659 2201 aliud
688 2146 1023 2221 impediret.
1058 2150 1264 2204 Utrum
1286 2152 1488 2206 autem
1535 2148 1627 2217 sit,
1660 2148 1755 2205 vel
1796 2147 1945 2221 quid
1975 2147 2048 2203 sit

382 2229 549 2301 quod
596 2229 906 2303 impediat,
958 2233 1346 2301 sagacitatem
1413 2237 1581 2289 tuam
1625 2248 1751 2288 non
1792 2232 2047 2288 arbitror

382 2313 679 2382 ignorare.
718 2315 774 2371 Si
803 2316 1089 2388 quaedam
1111 2318 1308 2387 gravis
1335 2332 1521 2374 causa
1544 2333 1733 2391 quam
1762 2317 2044 2373 dissimu-

382 2401 473 2457 las
494 2418 618 2459 non
645 2403 930 2473 obstaret,
965 2422 1036 2463 ea
1062 2411 1151 2464 est
1173 2407 1546 2479 hujusmodi.
1581 2406 1640 2464 Si
1668 2407 1743 2464 de
1779 2410 2048 2480 repetens

383 2490 463 2547 do
494 2491 801 2566 episcopio
826 2495 1272 2567 querimoniam
1310 2496 1572 2569 incipere
1598 2496 1764 2560 velis,
1792 2512 1916 2552 non
1948 2512 2044 2551 sa-

383 2582 454 2637 tis
486 2588 737 2657 apparet
763 2585 857 2641 cui
890 2601 1026 2643 eam
1051 2585 1186 2658 jure
1226 2587 1534 2644 intendere
1579 2587 1796 2665 possis.
1840 2586 2044 2644 Nullus

380 2671 542 2726 enim
573 2676 627 2727 te
658 2675 1117 2747 expulit,nullus
1148 2677 1499 2733 cathedram
1540 2681 1728 2744 tuam,
1792 2681 1846 2734 te
1886 2676 2043 2734 reni—

381 2763 558 2833 tente,
589 2764 853 2839 pervasit
886 2784 898 2835 ;
933 2765 1041 2822 sed
1072 2770 1321 2823 tutemet
1356 2766 1510 2822 ultro
1534 2783 1719 2823 causa
1749 2767 2046 2836 aegritudi-

380 2850 494 2921 nis,
524 2855 589 2908 ut
612 2852 843 2924 aiebas,
886 2871 1096 2915 curam
1123 2855 1531 2935 episcopalem
1563 2855 1743 2912 simul
1767 2859 1824 2912 et
1847 2856 2044 2915 cathe-

380 2940 556 2996 dram
585 2940 893 3019 reliquisti,
930 2947 996 3003 ut
1020 2944 1340 3017 perhibent
1372 2963 1384 3002 :
1428 2948 1484 3001 et
1515 2945 1633 3001 sive
1664 2947 2044 3007 Franconem

2152 1787 2344 1855 betur,
2376 1786 2553 1847 nobis
2610 1803 2746 1847 eam
2771 1785 3002 1843 debetis
3054 1783 3389 1851 ostendere,
3426 1800 3503 1839 ne
3556 1783 3730 1851 forte,
3775 1781 3825 1843 si

2151 1893 2277 1935 non
2296 1877 2669 1945 ostendatur,
2701 1880 2806 1935 aut
2831 1880 3051 1933 temere
3110 1878 3215 1933 aut
3267 1872 3517 1931 minime
3575 1888 3825 1935 excom-

2151 1966 2441 2023 municati
2470 1982 2604 2022 esse
2629 1965 2926 2023 dicantur.
2953 1968 3017 2019 In
3056 1960 3260 2019 litteris
3286 1960 3467 2021 etiam
3487 1975 3642 2034 quas
3671 1955 3821 2017 mihi

2151 2056 2496 2129 nuperrime
2526 2054 2846 2121 direxistis,
2894 2052 3214 2111 conﬁctam
3258 2048 3459 2109 inveni
3503 2048 3825 2122 reprehen-

2155 2147 2389 2203 sionem
2414 2162 2615 2209 meam
2641 2145 2716 2207 de
2758 2142 3134 2203 ordinatione
3188 2140 3525 2198 Salomonis
3582 2137 3824 2197 abbatis

2153 2237 2269 2292 hoc
2296 2235 2483 2292 modo
2516 2233 2849 2295 :miramur
2878 2249 3001 2307 qua
3050 2230 3399 2288 auctoritate
3453 2228 3583 2285 ﬁeri
3624 2226 3825 2302 potuit

2156 2326 2220 2381 ut
2243 2322 2369 2380 sine
2400 2322 2704 2388 audientia
2736 2320 3012 2377 subditus
3037 2320 3282 2392 praelato
3327 2317 3688 2395 praepositus
3720 2315 3817 2373 sit.

2156 2411 2349 2479 Quod,
2382 2416 2447 2468 ut
2484 2415 2652 2484 puto,
2687 2409 2891 2471 mirari
2929 2424 3055 2465 non
3084 2407 3333 2475 debetis,
3367 2406 3512 2480 quia
3559 2420 3681 2465 non
3707 2407 3817 2473 est,

2153 2498 2261 2555 sed
2290 2499 2439 2559 illud
2463 2500 2664 2574 potius
2695 2498 2999 2559 attendere
3023 2497 3186 2570 quod
3226 2501 3333 2554 est.
3362 2500 3490 2554 Non
3520 2510 3679 2551 enim
3700 2493 3821 2549 hoc

2153 2588 2280 2645 sine
2305 2589 2611 2652 audientia
2638 2588 2862 2647 factum
2902 2591 3008 2643 est.
3068 2591 3269 2659 Neque
3330 2584 3608 2645 subditus
3651 2582 3819 2639 Salo-

2152 2694 2299 2735 mon
2323 2678 2580 2738 Teffrido
2602 2679 2801 2739 adhuc
2831 2677 3080 2751 praelato
3110 2675 3469 2751 praepositus
3503 2678 3608 2730 est.
3642 2676 3823 2730 Dom-

2150 2784 2267 2825 nus
2296 2784 2563 2843 namque
2591 2767 2883 2827 Tetfridus
2911 2782 2947 2825 a
2997 2766 3120 2824 suis
3163 2765 3478 2827 monachis
3535 2762 3829 2825 crimina-.

2152 2863 2269 2930 tus,
2304 2863 2366 2914 ut
2392 2859 2572 2926 scitis,
2613 2857 2780 2932 apud
2807 2873 2904 2912 me
2935 2855 3010 2912 de
3037 2854 3289 2912 infamia
3322 2870 3435 2910 sua
3497 2851 3822 2926 quaerimo-

2151 2947 2318 3003 niam
2350 2947 2504 3015 fecit,
2530 2962 2863 3019 eorumque
2897 2945 3189 3000 malitiam
3211 2960 3272 2999 se
3304 2944 3455 2999 ferre
3483 2956 3607 2999 non
3635 2956 3821 3014 posse

381 3028 685 3132 decanum
739 3032 1083 3089 Parisiensis
1155 3033 1429 3089 Ecclesiae
1515 3034 1637 3090 sive
1718 3034 2044 3108 quemlibet
2075 3075 2117 3132 Ο
2155 3037 2361 3093 dicens
2418 3036 2533 3092 sub
2554 3034 2861 3093 audientia
2892 3051 3029 3091 mea
3058 3038 3117 3091 et
3158 3050 3369 3101 eorum
3417 3031 3524 3107 qui
3576 3047 3822 3087 mecum

382 3116 569 3175 alium
596 3119 913 3191 subrogari
934 3121 1045 3180 tibi
1070 3121 1268 3179 verbis
1295 3126 1351 3181 et
1379 3122 1614 3197 scriptis
1638 3139 1674 3181 a
1702 3138 1839 3193 rege
1869 3123 2045 3197 petis-

382 3202 447 3258 ti.
492 3202 664 3266 Quod
696 3204 744 3260 si
773 3205 855 3262 ita
875 3210 986 3278 est,
1019 3210 1076 3263 et
1103 3206 1188 3263 sic
1210 3206 1315 3263 tibi
1346 3212 1785 3283 consequenter
1829 3208 2045 3264 substi-

382 3290 545 3347 tutus
575 3291 663 3347 est
691 3290 1211 3363 Franco,e1igente
1241 3291 1421 3361 clero,
1458 3292 1826 3363 suffragante
1858 3309 2046 3368 popu-

380 3371 460 3441 lo,
493 3373 655 3430 dono
684 3375 863 3447 regis,
895 3377 1330 3455 approbatione
1356 3378 1606 3434 Roman.
1641 3377 1905 3455 pontiﬁc.
1939 3394 2047 3452 per

382 3478 636 3520 manum
667 3466 1106 3541 metropolitan.
1145 3467 1522 3536 Senonensis,
1568 3467 1809 3524 fulcitur
1838 3468 2045 3542 utique

384 3552 723 3612 substitutio
754 3558 811 3614 et
858 3556 1226 3615 consecratio
1277 3557 1408 3630 ejus
1462 3556 1664 3613 favore
1703 3573 1948 3637 quoque
1989 3561 2047 3619 et

384 3642 734 3700 auctoritate
762 3644 923 3703 beati
949 3648 1187 3716 Gregor.
1220 3662 1420 3721 papae,
1452 3645 1559 3721 qui
1612 3646 1844 3723 scriptis
1899 3646 2042 3723 suis,

385 3732 538 3792 sicut
564 3734 712 3791 nulli
748 3736 1106 3810 pontiﬁcum
1162 3753 1287 3793 non
1339 3736 1561 3811 petenti
1616 3754 1726 3812 pro
1774 3736 2043 3819 qualibet

385 3823 735 3893 (egritudine
767 3825 1218 3883 succedendum
1247 3826 1372 3882 fore
1399 3826 1622 3897 docuit,
1647 3827 1728 3885 ita
1775 3827 2044 3884 volunta-

384 3911 467 3966 rie
496 3913 862 3971 renuntianti
888 3915 1013 3970 sedi
1046 3931 1167 3973 suae
1223 3932 1636 3972 successorem
1691 3916 2046 3974 nullomodo

384 4001 724 4074 denegavit.
760 4004 873 4063 Sed
903 4005 1052 4081 quid
1072 4005 1239 4062 aliud
1268 4011 1355 4062 est
1379 4023 1566 4081 quare
1605 4010 1662 4063 te
1692 4007 2047 4082 episcopatu

387 4107 590 4148 carere
627 4098 920 4169 oporteat,
947 4099 1012 4153 ut
1039 4100 1095 4152 te
1120 4096 1373 4154 noveris.
1412 4096 1512 4154 Sin
1542 4101 1764 4168 autem,
1786 4096 1903 4156 hoc
1921 4102 2046 4154 tan-

385 4183 427 4237 ti
454 4181 631 4241 nobis
660 4199 788 4241 esse
817 4184 1072 4258 videtur,
1108 4187 1169 4245 ni
1196 4187 1333 4260 [leg.
1383 4188 1466 4264 ut]
1500 4190 1554 4244 te
1602 4186 1797 4244 facere
1848 4188 2049 4245 valeat

384 4274 851 4347 recuperationis
881 4280 1196 4333 exsortem.
1250 4278 1626 4356 Quapropter
1677 4277 1885 4333 desine
1942 4294 2045 4334 cu-

384 4362 577 4421 riosos
602 4364 982 4436 instigatores
1005 4365 1232 4436 audire,
1276 4366 1482 4423 desine
1531 4382 1702 4438 reges
1734 4370 1790 4423 et
1818 4383 2044 4441 praesu-

383 4454 469 4511 les
499 4453 822 4513 ineﬂicacis
860 4454 1249 4528 querimoniae
1299 4456 1559 4513 taediosis
1602 4440 2043 4533 scriptitationi—
2073 4440 2117 4493 Ῑ)

383 4543 498 4601 bus
519 4542 788 4613 fatigare,
822 4548 879 4607 et
908 4543 1182 4607 Ecclesiae
1225 4545 1539 4607 Parisiensi
1589 4551 1643 4607 te
1702 4546 2045 4622 importune

386 4633 705 4695 obtrudere
734 4634 906 4699 velle.
941 4636 1104 4703 Quae,
1136 4639 1203 4692 ut
1225 4635 1463 4715 fatetur,
1483 4652 1595 4695 nec
1634 4640 1963 4710 patronum
1990 4643 2046 4696 te

383 4722 668 4785 habuisse
696 4723 906 4799 gavisa
935 4729 1043 4797 est,
1073 4740 1183 4782 nec
1214 4723 1403 4783 doluit
1445 4725 1719 4784 amisisse
1748 4746 1762 4798 ;
1820 4728 2045 4809 quippe

387 4830 526 4870 cum
576 4829 775 4887 neque
832 4831 905 4870 ex
959 4814 1278 4890 praesentia
1336 4818 1438 4873 tua
1481 4815 1768 4875 doctrina:
1821 4818 2047 4893 profec-

385 4907 515 4965 tum
560 4919 759 4978 neque
825 4920 900 4967 ex
955 4903 1227 4967 absentia
1292 4905 1545 4963 senserit
1597 4905 2043 4967 detrimentum.

386 4990 524 5047 Vale
554 5008 792 5053 memor
820 4993 1034 5054 nostri.

707 5085 1043 5141 EPISTOLA
1072 5085 1269 5140 XXXVI
1293 5082 1455 5154 [olim
1486 5085 1722 5158 XXXIX].

888 5172 1081 5244 (Circa
1114 5187 1346 5228 annum
1371 5175 1555 5241 1020.)

401 5266 740 5342 Venerabili
788 5272 1259 5328 Bituricensz’um
1294 5272 1554 5342 prwsuli
1603 5272 1668 5327 G.
1723 5274 2048 5330 FULBERTUS

465 5337 921 5460 glutinotmsium
954 5344 1198 5399 humilis
1238 5337 1545 5412 episcopus
1576 5344 1908 5401 incremata
1935 5347 2051 5401 vir-

604 5424 681 5460 m.

604 5424 681 5462 m.

468 5496 754 5565 Legatum
782 5503 1050 5557 vestrum
1072 5502 1180 5559 diu
1202 5503 1451 5575 detinui,
1470 5506 1615 5579 quia
1628 5505 1914 5564 Salomon
1940 5506 2050 5564 ab-

2155 3132 2346 3199 erant,
2379 3125 2714 3201 praalationi
2756 3142 2881 3180 suae
2936 3124 3362 3197 perpetualiter
3412 3120 3820 3178 renuntiavit:

2156 3220 2429 3273 astruens
2457 3215 2743 3272 abbatem
2771 3214 3212 3270 monachorum
3243 3216 3419 3269 Bonae
3449 3210 3621 3268 vallis
3667 3208 3824 3267 ulte-

2154 3306 2279 3362 rius
2307 3322 2369 3361 se
2398 3321 2523 3371 non
2564 3320 2693 3361 esse
2736 3302 3025 3361 futurum.
3087 3302 3320 3376 Sicque,
3366 3300 3550 3376 petita
3578 3318 3615 3361 a
3643 3299 3824 3357 nobis

2155 3396 2458 3467 migrandi
2477 3394 2735 3464 licentia,
2770 3393 3044 3451 transivit
3074 3392 3155 3449 ad
3174 3409 3299 3449 vos.
3357 3392 3629 3451 Monachi
3675 3406 3824 3448 vero

2153 3486 2343 3559 quiin
2376 3489 2539 3542 Bona
2570 3485 2721 3541 valle
2743 3487 3178 3554 remanserant,
3198 3484 3313 3540 hoc
3328 3482 3601 3553 scientes,
3631 3481 3823 3538 alium

2152 3576 2485 3649 quemdam
2515 3592 2590 3630 ex
2618 3574 2898 3630 fratribus
2925 3573 3046 3628 suis
3073 3572 3352 3638 electum,
3378 3588 3450 3627 eo
3476 3571 3644 3645 quod
3672 3570 3821 3627 irre—

2152 3664 2571 3739 prehensibilis
2602 3679 2731 3719 esse
2761 3662 3100 3731 videbatur,
3124 3661 3469 3718 obtulerunt
3500 3660 3691 3717 Odoni
3716 3676 3822 3715 co-

2154 3754 2284 3811 miti
2309 3754 2555 3811 abbatia
2583 3753 2684 3810 illa
2705 3752 3062 3809 donandum
3093 3752 3226 3823 (29),
3269 3754 3334 3806 ut
3353 3766 3486 3806 mos
3517 3754 3662 3819 erat,
3708 3749 3823 3805 mi-

2154 3844 2337 3917 hique
2377 3843 2594 3899 deinde
2653 3842 3154 3899 consecrandum.
3206 3844 3273 3895 1n
3328 3840 3567 3897 interim
3615 3839 3821 3896 locum

2155 3933 2416 4006 pastoris
2446 3938 2621 3989 tenet.
2657 3931 2714 3989 Si
2752 3931 2887 4004 quis
2909 3947 3051 4001 ergo
3083 3934 3193 3998 est,
3220 3929 3325 4003 qui
3352 3945 3450 3985 me
3501 3944 3684 4002 super
3704 3930 3821 3985 hoc

2155 4022 2313 4078 facto
2333 4021 2823 4096 praesumptionis
2858 4024 3091 4092 arguat,
3151 4019 3381 4075 noverit
3426 4035 3523 4075 me
3566 4033 3822 4091 respon-

2155 4110 2295 4167 dere
2325 4116 2627 4184 paratum,
2660 4114 2716 4166 et
2739 4110 2854 4166 hoc
2885 4114 3009 4166 tam
3039 4107 3270 4165 ratione
3322 4122 3512 4181 quam
3567 4107 3824 4163 auctori-

2154 4205 2272 4257 tate
2294 4201 2795 4275 approbaturum.
2815 4199 2985 4266 Quod
3006 4198 3212 4272 siquis
3233 4196 3548 4265 abbatum,
3577 4196 3671 4253 vel
3688 4197 3822 4253 ani-

2155 4290 2344 4347 mivel
2360 4290 2627 4364 corporis
2654 4289 3004 4359 aegritudine
3016 4288 3386 4359 molestatus,
3404 4287 3824 4360 praelationem

2158 4396 2334 4438 suam
2358 4381 2422 4436 in
2443 4385 2805 4455 perpetuum
2843 4378 3249 4434 renuntiondo
3278 4377 3533 4446 deserat,
3592 4376 3826 4449 episco-

2156 4487 2271 4545 pus
2300 4471 2489 4545 ipsius
2516 4468 2772 4526 diocesis
2788 4468 2850 4524 in
2876 4468 3006 4525 leco
3036 4467 3167 4539 ejus
3193 4467 3447 4523 alterum
3472 4466 3693 4524 debeat
3719 4482 3822 4524 ore

2154 4561 2385 4622 dinare.
2418 4560 2635 4619 Valete.

2469 4670 2806 4729 EPISTULA
2855 4670 3077 4724 xxxvu
3105 4667 3269 4741 [olim
3293 4667 3493 4757 XXIX]

2619 4788 2811 4860 (Circa
2840 4803 3071 4849 annum
3097 4788 3281 4859 1020.)

2238 4879 2586 4935 Venerando
2640 4879 3070 4939 Senonensium
3096 4878 3354 4948 praesuli
3394 4877 3747 4948 Lsurnaaico

2299 4951 2622 5007 FULBERTl'S
2669 4950 3051 5007 Camotensz’s
3096 4942 3343 5009 humilis
3372 4942 3672 5004 sacerdos.

2229 5057 2472 5121 Litteras
2503 5074 2577 5115 ex
2605 5062 2773 5131 parte
2804 5062 3008 5115 vestra
3037 5054 3440 5128 suscepimus,
3493 5055 3820 5129 suadentes

2156 5148 2419 5221 recipere
2448 5148 2613 5221 quod
2643 5147 2960 5209 homicidae
2980 5146 3455 5214 Silvanectenses
3480 5144 3739 5215 offerant
3755 5150 3821 5215 ut

2155 5241 2500 5296 mereantur
2530 5236 2778 5295 absolvi.
2813 5240 2927 5292 Nos
2955 5240 3178 5307 autem,
3218 5235 3282 5304 in
3311 5234 3534 5309 quibus
3562 5240 3817 5315 opprtet,

2158 5327 2332 5383 vobis
2361 5341 2598 5399 semper
2627 5325 2871 5382 obedire
2899 5325 3094 5398 parati
3124 5342 3355 5393 sumus,
3385 5324 3490 5397 sed
3517 5324 3583 5381 in'
3600 5325 3717 5381 hoc
3738 5324 3820 5395 ad

2158 5433 2419 5490 praesens
2436 5416 2571 5473 ideo
2587 5433 2710 5473 non
2731 5421 2981 5489 oportet,
3001 5416 3147 5489 quia
3158 5432 3355 5490 neque
3367 5416 3600 5487 justum
3618 5431 3818 5489 neque

2160 5506 2553 5563 commodum
2582 5509 2689 5562 est.
2722 5508 2790 5562 Et
2804 5505 3035 5577 justum
3064 5521 3189 5564 non
3212 5522 3341 5562 esse
3383 5505 3547 5578 leges
3581 5504 3817 5577 scriptae

466 5698 582 5769 (29)
607 5698 711 5754 lus
730 5712 874 5769 ergo
902 5701 1258 5762 nominandi
1286 5708 1366 5766 ad
1384 5708 1662 5769 abbatias
1690 5709 2001 5771 habebant
2029 5710 2280 5771 comites
2302 5714 2705 5770 carnotenses.
