3952 6394
143 257 244 308 221

1685 248 2059 308 EPISTOLE.

3485 257 3592 314 222

142 379 582 433 demonstrant.
615 377 1018 433 Commodum
1071 394 1213 434 vero
1245 393 1367 434 non
1407 382 1496 433 est
1541 379 1604 432 ut
1648 389 1810 430 mors
1853 374 1897 427 A
1929 378 2044 447 tur,
2075 393 2230 449 quos
2259 383 2457 436 tamen
2482 379 2710 450 judicio
2743 379 2842 436 Dei
2874 383 3029 436 terra
3059 377 3225 436 vivos
3257 377 3588 434 absorbuit.

143 473 510 532 sanctorum,
547 482 682 537 quae
713 467 773 520 in
802 473 1127 540 conspectu
1159 468 1394 523 Domini
1417 466 1676 539 pretiosa
1702 468 1810 530 est,

141 557 310 629 apud
339 556 614 612 homines
648 556 748 610 vili
777 556 966 626 pretio
994 561 1240 613 constet.
1271 560 1433 622 Quos
1464 555 1512 610 si
1548 553 1683 626 quis
1730 553 1814 608 in-

141 646 411 710 stituerit,
441 646 717 702 omnium
745 650 1092 700 sanctorum
1120 646 1220 718 qui
1263 646 1477 702 eadem
1506 661 1691 701 causa
1715 659 1814 715 pe-

139 735 310 791 rituri
349 741 507 804 sunt,
538 751 675 791 reus
735 735 1049 802 sanguinis
1105 735 1229 791 erit.
1281 735 1571 792 Sanctitas
1620 737 1816 790 vestra

138 823 336 880 valeat
365 839 603 896 semper
633 829 689 880 et
707 824 923 894 vigeat.

454 915 792 970 EPlSTOLA
832 915 1076 968 xxxvm
1119 915 1281 983 [olim
1313 915 1507 982 XLVI].

648 1003 838 1074 (Circa
873 1018 1102 1058 annum
1137 1005 1313 1073 1020).

139 1094 216 1148 Α.
261 1095 433 1149 claro
465 1093 958 1149 Landunensz‘um
1007 1096 1258 1162 praesuli
1305 1097 1622 1149 FULBERTUS
1663 1094 1812 1150 Car-

645 1185 981 1240 notensium
1012 1185 1306 1240 sacerdos.

215 1273 294 1326 De
324 1273 542 1338 grandi
568 1272 789 1341 injuria
815 1273 992 1328 nobis
1024 1271 1179 1330 facta
1201 1272 1628 1345 eonquerimur
1647 1271 1813 1343 apud

138 1364 217 1430 te,
246 1376 467 1429 magne
497 1366 687 1431 Pater,
711 1379 896 1434 quem
931 1381 1002 1419 ex
1033 1364 1234 1420 debito
1265 1363 1568 1420 eharitatis
1608 1367 1664 1418 et
1688 1361 1816 1419 oﬂi-

139 1448 215 1503 cii
245 1449 386 1505 talia
419 1467 628 1506 curare
655 1457 907 1522 oportet.
943 1454 1136 1509 Causa
1169 1469 1308 1508 vero
1329 1452 1678 1522 hujusmodi
1701 1457 1810 1507 est.

139 1538 421 1602 Quodam
481 1539 752 1594 Ecclesia:
810 1546 1028 1595 nostrae
1097 1542 1446 1597 subdeeano
1508 1541 1810 1610 defuncto,

137 1626 306 1698 petiit
335 1643 372 1682 a
397 1627 574 1682 nobis
611 1630 669 1682 Β.
707 1628 1166 1686 Silvanectensis
1199 1631 1516 1702 episcopus
1538 1629 1666 1685 dari
1699 1629 1813 1684 sibi

139 1720 244 1770 aut
269 1715 434 1771 fratri
467 1733 575 1771 suo
608 1717 1002 1774 ministerium
1034 1721 1308 1789 ejus.Nos
1339 1724 1538 1774 autem
1566 1735 1813 1790 respon-

139 1803 346 1858 dimus
406 1821 530 1860 non
587 1809 905 1863 convenire
967 1808 1098 1875 sibi,
1152 1825 1223 1863 eo
1274 1809 1441 1880 quod
1499 1808 1816 1880 episcopus

138 1899 315 1961 esset,
349 1910 547 1967 neque
578 1896 742 1952 fratri
773 1903 943 1954 aetate
981 1899 1182 1954 adhuc
1214 1904 1270 1955 et
1299 1899 1570 1954 moribus
1608 1899 1820 1954 imma-

136 1987 295 2039 turo.
339 1987 499 2039 Tunc
531 1985 821 2055 elegimus
880 1987 954 2042 de
999 2004 1253 2044 numero
1307 1988 1686 2044 sacerdotum
1716 2004 1820 2043 no-

140 2077 410 2128 strorum
449 2075 526 2130 ad
573 2075 719 2132 illud
747 2076 1015 2132 officium
1067 2078 1435 2133 Eberardum
1466 2078 1815 2149 quemdam,

138 2162 429 2219 scientem
460 2179 528 2219 ac
560 2165 912 2235 religiosum
942 2167 1160 2222 virum.
1215 2168 1388 2233 Quod
1413 2169 1639 2224 factum
1670 2184 1818 2239 prte-

132 2252 332 2307 rtietus
362 2256 428 2310 Β.
463 2259 776 2326 materque
808 2261 863 2311 et
891 2256 1102 2311 fratrer
1157 2257 1343 2329 ipsius
1393 2257 1544 2312 adeo
1592 2256 1819 2312 invide-

130 2346 296 2411 runt,
331 2347 396 2398 ut
423 2349 630 2400 saneto
658 2345 804 2413 viro,
841 2362 1047 2401 coram
1079 2347 1353 2419 pluribus
1384 2347 1487 2419 qui
1531 2351 1704 2402 testes
1734 2346 1818 2401 in-

132 2431 212 2486 de
256 2437 416 2500 sunt,
475 2435 757 2490 terribilia
804 2435 1195 2492 minarentur.
1261 2441 1326 2492 Et
1375 2437 1605 2492 dictum
1659 2436 1816 2492 facto

129 2535 259 2574 non
286 2521 492 2577 caruit.
529 2525 826 2578 Venerunt
855 2525 1013 2580 enim
1056 2525 1131 2580 de
1175 2525 1408 2582 civitate
1469 2524 1816 2582 Silvanectis

134 2610 217 2665 ad
273 2615 544 2667 nostram
591 2613 844 2685 quidam
904 2631 975 2669 ex
1028 2615 1373 2670 domesticis
1435 2633 1666 2683 eorum,
1733 2615 1815 2670 sic

135 2702 466 2758 necessarii
500 2708 563 2756 ut
592 2703 865 2760 absentia
886 2705 1126 2759 illorum
1158 2721 1266 2760 nec
1295 2722 1401 2778 per
1432 2722 1622 2761 unum
1653 2705 1813 2761 diem

134 2789 398 2859 ignorari
435 2793 712 2863 potuerit,
762 2793 867 2864 qui
898 2793 1157 2849 interdiu
1205 2795 1453 2866 quidem
1492 2796 1810 2863 latuerunt,

136 2880 264 2946 sed,
297 2881 603 2952 profunda
648 2889 818 2937 nocte
852 2884 1094 2951 egressi,
1150 2889 1425 2939 sanetum
1457 2884 1626 2940 illum
1679 2900 1813 2957 pre-

138 2964 450 3036 sbyterum
497 2983 687 3021 more:
723 2967 897 3023 solito
936 2969 1275 3025 venientem
1333 2970 1410 3025 ad
1465 2970 1809 3037 Ecclesium,

137 3053 314 3124 quasi
341 3053 556 3126 lupum
587 3055 890 3124 rabidum,
923 3056 1148 3113 lanceis
1193 3058 1423 3114 falcatis
1475 3060 1649 3129 [alias
1705 3058 1810 3114 fal—

136 3142 354 3213 lastrisj
381 3149 437 3199 et
463 3144 674 3214 gladiis
706 3145 766 3200 in
793 3146 926 3218 ipso
959 3147 1107 3202 atrio
1148 3149 1498 3220 principalis
1541 3148 1810 3204 Ecelesim

138 3233 608 3291 trucidaverunt.
646 3236 852 3292 Clerici
880 3243 1079 3293 autem
1124 3241 1273 3310 ejus,
1316 3240 1420 3311 qui
1467 3240 1811 3312 expeditum

139 3322 462 3378 Dominum
495 3325 657 3379 tarde
686 3326 871 3381 secuti
896 3332 1052 3394 sunt,
1076 3328 1432 3385 invenerunt
1451 3346 1589 3385 eum
1613 3330 1812 3386 adhuc

137 3416 408 3468 extrema
438 3413 622 3469 verba
670 3419 1126 3489 protomartyris
1162 3419 1446 3490 Stephani
1478 3419 1811 3490 przedican-

141 3506 281 3556 tem.
341 3505 517 3558 Porro
573 3505 882 3560 carniﬁces
940 3506 1220 3577 praesidio
1276 3508 1467 3564 noctis
1527 3508 1812 3578 incogniti

131 3592 261 3661 jam
304 3591 686 3662 diffugerant,
744 3599 800 3649 et
827 3595 924 3650 cui
965 3596 1189 3652 crimen
1240 3598 1353 3652 hoe
1385 3597 1810 3664 intenderetur,

137 3687 265 3737 erat
292 3682 608 3752 incertum,
641 3701 778 3739 cum
811 3685 1063 3756 quidam
1091 3690 1336 3758 propter
1366 3687 1562 3742 minas
1608 3692 1808 3758 praete-

136 3771 282 3826 ritas
325 3773 581 3828 domum
631 3777 692 3828 Β.
749 3790 883 3846 quae
933 3781 1060 3830 erat
1097 3777 1264 3847 apud
1293 3793 1428 3845 nos,
1464 3781 1810 3848 suspectam

134 3861 452 3932 habentes,
493 3869 840 3935 repererunt
866 3863 925 3919 in
957 3881 1030 3920 ea
1056 3864 1450 3920 vernaculum
1481 3866 1810 3938 quemdam

136 3955 329 4006 vestes
351 3968 491 4006 suas
523 3957 579 4007 et
610 3952 1017 4008 calceamenta
1045 3954 1165 4009 lota
1193 3955 1535 4010 siccantem.
1587 3959 1666 4010 Ex
1688 3972 1811 4027 quo

137 4041 313 4110 signo
379 4043 724 4114 conjectura
755 4049 841 4099 est
890 4044 1184 4117 incoepta;
1239 4062 1377 4100 cum
1433 4046 1512 4101 ad
1561 4062 1811 4102 causam

135 4133 323 4202 hujus
374 4132 599 4189 lavacri
639 4133 963 4190 dicendam
1010 4135 1196 4191 homo
1240 4136 1436 4192 aerius
1479 4142 1808 4207 urgeretur,

137 4239 201 4278 se
229 4222 384 4278 facto
411 4223 485 4278 de
523 4239 646 4295 quo
690 4224 984 4292 agebatur
1041 4225 1301 4281 adfuisse
1350 4227 1660 4283 confessus
1701 4232 1809 4298 est,

137 4311 457 4384 sociosque
487 4314 769 4385 prodidit,
803 4319 858 4369 et
888 4315 1162 4372 ordinem
1186 4315 1268 4371 rei
1299 4322 1478 4387 gestae
1509 4319 1806 4390 exposuit.

136 4404 256 4455 Nos
281 4400 562 4472 denique,
609 4405 800 4456 totum
825 4403 938 4458 hoc
970 4404 1143 4460 altius
1169 4411 1607 4476 perscrutantes
1625 4449 1641 4477 ,
1697 4423 1807 4479 pro

136 4493 300 4544 certo
323 4488 406 4543 ita
437 4504 567 4543 esse
600 4490 1024 4561 comperimus.
1062 4493 1495 4564 Comperimus,
1530 4495 1804 4565 inquam,

135 4578 379 4634 invidize
405 4577 677 4647 livorem,
703 4580 978 4636 fraudem
1010 4582 1273 4648 malitiae,
1320 4583 1611 4652 sacrilegii
1641 4585 1808 4641 nefas

136 4665 399 4732 crudele,
458 4671 764 4722 eruentem
801 4674 860 4723 et
914 4670 1215 4739 singulare
1263 4671 1499 4727 facinus
1548 4673 1609 4728 in
1657 4673 1810 4729 occi-

138 4758 306 4813 sione
360 4756 718 4812 sanctissimi
777 4760 1124 4815 sacerdotis.
1209 4763 1374 4815 Nunc
1418 4777 1564 4832 ergo
1644 4767 1810 4820 tanta

138 4863 345 4916 causa,
369 4847 512 4918 quia
543 4847 826 4902 iudicatio
856 4849 986 4918 ejus
1032 4849 1293 4905 obscura
1323 4866 1443 4906 non
1475 4853 1804 4923 est,solam,

139 4940 208 4992 ut
235 4935 419 5004 vides,
456 4935 741 4991 ultionem
775 4937 1131 5009 expostulat.
1187 4939 1299 4994 Sed
1358 4956 1495 4994 eum
1539 4942 1690 5011 juris
1735 4942 1808 4997 sit

140 5026 220 5082 ad
243 5026 550 5082 utilitatem
577 5027 921 5100 reipublicae
961 5032 1208 5084 cunctos
1238 5029 1452 5100 punire
1480 5031 1804 5100 maleﬁcos,

138 5113 273 5170 illos
329 5118 531 5170 tamen
584 5116 996 5172 vehementius
1040 5117 1357 5172 exturbare
1407 5134 1648 5174 necesse
1698 5125 1804 5192 est,

139 5203 330 5276 quiin
362 5208 549 5260 Deum
581 5210 638 5262 et
669 5211 905 5262 sanctos
964 5206 1095 5276 ejus
1157 5211 1276 5262 tam
1327 5206 1507 5280 impie
1561 5212 1808 5280 tamque

139 5293 452 5349 crudeliter
511 5295 752 5352 audent.
811 5295 919 5362 Qui
974 5295 1132 5352 enim
1187 5295 1330 5352 mali
1392 5297 1657 5360 ulterius,
1714 5295 1808 5352 vel

139 5387 293 5438 certe
325 5400 495 5456 teque
527 5402 818 5454 magnum
851 5386 1175 5456 excogitari
1214 5390 1442 5455 queat?
1487 5388 1662 5444 Multo
1716 5387 1804 5442 ni-

137 5472 361 5528 mirum
395 5473 578 5528 levius
607 5474 690 5529 illi
717 5476 1037 5548 compliees
1070 5477 1215 5532 Core
1264 5493 1552 5549 peccasse
1596 5477 1804 5533 viden-

1925 468 2073 520 Nam
2101 467 2144 521 si
2178 468 2258 522 illi
2290 473 2527 524 sanctos
2559 469 2658 524 Dei
2685 473 3190 541 contempserant,
3223 484 3346 523 non
3388 468 3590 540 utique

1923 555 2314 614 trucidarant.
2353 559 2523 624 Quod
2555 559 2606 613 si
2657 558 2800 615 tales
2852 558 3128 614 socordia
3177 558 3268 614 vel
3309 557 3591 631 iniquitas

1919 644 2196 714 judicum
2247 647 2548 720 reliquerit
2595 648 2948 720 impunitos,
3009 665 3148 704 cum
3223 649 3338 704 hoc
3395 647 3590 704 facere

1924 734 2268 806 conspirare
2301 737 2374 792 sit
2405 737 2464 793 in
2515 736 2946 793 contumeliam
3001 737 3124 805 Dei,
3185 741 3240 793 et
3293 753 3590 811 exponere

1926 839 2132 879 servos
2165 827 2295 896 ejus
2323 827 2400 882 ad
2433 827 2661 882 caedem
2691 845 2703 882 :
2741 826 2889 900 quid
2931 830 3136 897 restat,
3169 827 3284 882 nisi
3306 831 3369 883 ut
3398 827 3588 901 ipsius

1926 914 2149 970 summi
2173 915 2393 984 judicis
2421 916 2510 971 ira
2533 916 2883 983 deszeviens,
2914 921 2970 973 et
2997 917 3108 972 hos
3157 921 3213 972 et
3239 916 3372 973 illos
3417 916 3590 973 inau-

1923 1002 2048 1059 dita
2103 1006 2312 1060 mortis
2363 1009 2672 1062 atrocitate
2696 1006 3053 1079 disperdat?
3084 1007 3334 1063 Proinde
3391 1006 3588 1075 nobis,

1922 1094 2145 1166 quibus
2201 1095 2362 1151 idem
2419 1097 2708 1152 Dominus
2762 1097 3036 1154 Ecclesiae
3094 1113 3216 1152 suae
3272 1096 3593 1155 tribunalia

1923 1184 2272 1251 eommissit,
2316 1186 2588 1258 apprime
2631 1186 3038 1242 necessarium
3095 1191 3183 1242 est
3227 1202 3432 1256 regem
3481 1202 3590 1241 no-

1923 1276 2112 1328 strum
2142 1288 2374 1346 nosque
2403 1273 2655 1330 invicem
2679 1275 2875 1331 modis
2905 1275 3188 1332 omnibus
3215 1275 3492 1344 excitare,
3516 1291 3591 1330 ne

1921 1366 2162 1434 repente
2186 1362 2469 1418 feriamur
2485 1363 2546 1418 in
2568 1364 2919 1435 hujusmodi
2943 1365 3220 1421 socordia
3248 1365 3586 1420 oscitantes.

1924 1453 2094 1512 Quod
2126 1469 2238 1523 ego
2270 1457 2322 1508 te
2367 1453 2564 1509 facere
2611 1454 2919 1528 deprecor,
2978 1470 3198 1524 magne
3252 1457 3439 1520 Pater,
3496 1454 3590 1509 cui

1928 1545 2079 1596 Deus
2109 1542 2263 1597 bene
2297 1543 2594 1598 suadendi
2622 1544 2860 1615 copiam
2911 1543 3451 1616 incomparabilem
3491 1542 3591 1597 de-

1924 1627 2028 1697 dit,
2059 1629 2354 1702 simulque
2387 1637 2450 1687 ut
2479 1632 2606 1704 ipse
2636 1650 2873 1688 meeum
2919 1633 3235 1706 praedictos
3283 1631 3590 1688 maleﬁcos

1857 1717 2072 1789 Bcitra
2150 1718 2480 1788 legitimam
2541 1722 3004 1778 satisfactionem
3082 1721 3586 1787 excommunices,

1928 1824 2080 1878 quos
2113 1813 2312 1864 tamen
2345 1827 2536 1882 usque
2586 1811 2646 1866 in
2693 1812 2877 1868 ﬁnem
2922 1829 2957 1868 a
3005 1813 3430 1868 communione
3475 1811 3590 1884 pri-

1927 1896 2157 1952 vandos
2188 1913 2315 1953 esse
2349 1915 2469 1954 non
2500 1901 2716 1956 neseis.
2740 1901 2900 1956 Vale.

2252 1990 2586 2044 EPISTOLA
2637 1993 2830 2045 XXXIX
2879 1991 3038 2060 [olim
3098 1990 3269 2059 XLIX]

2428 2062 2442 2129 (
2453 2061 2618 2116 Circa
2654 2077 2883 2116 annum
2914 2062 3090 2131 1020).

1941 2129 2279 2185 Venerabili
2306 2132 2846 2188 .S'ilvanecte-nsium
2890 2129 3159 2202 episcbpo
3193 2135 3255 2187 R.
3305 2133 3418 2203 (30)
3461 2134 3593 2187 FUL-

2061 2235 2268 2276 BERTUS
2296 2222 2408 2276 Dei
2433 2225 2636 2291 gratia
2669 2223 3128 2278 Carnotensium
3158 2222 3454 2277 sacerdos.

2001 2308 2150 2373 Quia
2176 2309 2402 2378 judicio
2462 2311 2821 2367 contendere
2872 2312 3067 2381 magis
3118 2327 3306 2383 quam
3356 2309 3593 2366 veniam

1927 2398 2229 2469 postulare
2261 2401 2564 2471 statuistis,
2595 2406 2775 2457 restat
2805 2402 2971 2457 vobis
2997 2401 3315 2457 convenire
3336 2400 3590 2471 judices,

1925 2487 2050 2558 qui,
2085 2489 2344 2559 praeﬁxis
2374 2490 2507 2545 leco
2539 2496 2595 2546 et
2625 2496 2912 2564 tempore,
2958 2508 3070 2547 nos
3121 2491 3184 2546 in
3243 2491 3592 2546 alterutrum

1923 2575 2101 2644 legali
2159 2577 2386 2633 ratione
2439 2579 2786 2649 justiﬁcent.
2843 2584 2970 2636 Non
3022 2580 3182 2635 enim
3221 2595 3591 2651 usurpamus

1925 2664 2189 2721 ofﬁcium
2217 2668 2435 2737 judicis
2464 2668 2526 2723 in
2556 2668 2668 2724 isto
2694 2669 2954 2737 negotio,
2988 2669 3140 2724 sicut
3163 2685 3271 2726 vos
3310 2668 3459 2723 velle
3508 2667 3592 2723 di~

1926 2754 2073 2826 citis,
2099 2772 2238 2812 eum
2269 2757 2467 2812 nullus
2496 2774 2626 2813 esse
2656 2759 2844 2830 possit
2875 2775 2997 2814 suae
3025 2775 3221 2814 causae
3252 2763 3309 2814 et
3333 2761 3592 2814 assertor

1924 2848 1979 2899 et
1998 2845 2204 2914 judex.
2238 2848 2765 2904 Verumenimvero
2789 2848 2930 2904 satis
2957 2848 3244 2904 admirari
3265 2847 3589 2919 nequimus

1924 2933 2217 3004 quidnam
2249 2935 2392 2990 mali
2419 2941 2507 2990 est
2529 2936 2695 3007 quod
2725 2941 2850 2992 tam
2878 2937 3163 2992 audacter
3191 2935 3270 2991 ad
3290 2934 3588 3006 judicium

1925 3024 2278 3094 properatis,
2311 3025 2424 3079 nisi
2455 3025 2623 3097 forte,
2673 3026 2839 3098 quod
2882 3026 3203 3082 abhorrere
3249 3026 3588 3080 humanum

1922 3117 2028 3179 est,
2062 3113 2298 3185 publice
2330 3114 2607 3170 damnari
2637 3115 2848 3186 eligitis
2881 3132 3068 3188 quam
3101 3120 3326 3171 secreta
3356 3113 3587 3170 satisfa-

1922 3201 2113 3257 ctione
2145 3204 2410 3274 purgari.
2445 3204 2553 3269 Qui
2584 3205 2744 3260 enim
2775 3205 2938 3261 aliud
2995 3205 3055 3260 in
3100 3205 3327 3275 judicio
3357 3220 3589 3260 merea-

1922 3295 2015 3347 tur
2044 3293 2375 3349 manifestae
2408 3294 2597 3367 culpa)
2645 3295 2858 3351 odiosa
2913 3295 3180 3350 defensio
3202 3296 3230 3350 ‘I
3285 3297 3352 3350 Et
3395 3299 3588 3350 vestra

1921 3381 2168 3452 quidem
2195 3383 2372 3454 culpa
2402 3383 2483 3439 sic
2515 3383 2832 3440 manifesta
2863 3389 2968 3451 est,
3022 3387 3088 3439 ut
3125 3383 3291 3440 nullo
3339 3399 3588 3440 excusa-

1926 3471 2096 3526 tionis
2153 3488 2367 3541 genere
2420 3473 2613 3528 valeat
2668 3473 3038 3529 obumbrari.
3095 3476 3215 3528 Vox
3264 3474 3424 3529 enim
3455 3490 3589 3528 san-

1923 3558 2120 3627 guinis
2179 3560 2376 3616 fratris
2431 3562 2602 3616 vestri
2663 3566 2720 3617 et
2771 3561 3096 3618 sacerdotis
3128 3561 3392 3628 Evrardi,
3423 3566 3587 3634 post-

1921 3664 2107 3719 quam
2157 3649 2234 3704 ad
2283 3665 2457 3704 aures
2506 3650 2770 3721 supremi
2823 3650 3041 3721 judicis
3100 3650 3417 3717 ascendit,
3478 3667 3588 3723 per

1923 3742 2107 3792 totam
2166 3738 2411 3794 Galliam
2473 3739 2850 3795 vehementer
2914 3739 3235 3795 infremuit.
3297 3739 3456 3808 Qui,
3522 3745 3587 3796 ut

1922 3829 2080 3882 certo
2131 3827 2373 3898 scimus,
2430 3844 2554 3884 non
2601 3833 2689 3885 est
2718 3829 2950 3885 occisus
2981 3830 3060 3884 ob
3092 3829 3273 3885 aliam
3312 3845 3584 3898 causam,

1921 3933 2107 3987 quam
2139 3917 2217 3972 ob
2249 3923 2458 3974 vestrae
2486 3919 2826 3990 cupiditatis
2867 3920 3154 3989 injustam
3192 3919 3582 3975 calumniam.

1921 4005 2181 4063 Viderint
2204 4007 2436 4078 judices
2468 4013 2668 4064 utrum
2707 4008 2950 4065 effectus
2994 4008 3282 4066 referatur
3321 4010 3399 4066 ad
3453 4025 3589 4065 cau-

1922 4112 2072 4152 sam.
2107 4097 2266 4153 Vale.

2351 4172 2684 4227 EPISTOLA
2723 4174 2807 4227 XL
2867 4172 3034 4241 [alim
3073 4172 3155 4242 L].

2458 4242 2648 4308 (Circa
2679 4242 2880 4298 eumd.
2924 4243 3045 4314 an).

1931 4311 2270 4368 Venerabili
2295 4314 2834 4369 Sitvanectensz’um
2868 4311 3137 4384 episeopo
3169 4317 3232 4369 Β.
3268 4317 3585 4369 FlTLBERTlIS

2170 4404 2281 4457 Dei
2306 4405 2510 4470 gratia
2546 4403 3001 4459 Carnotensium
3032 4405 3328 4460 sacerdos.

1991 4494 2118 4545 Non
2167 4497 2399 4562 oportet
2450 4492 2636 4547 nostri
2689 4493 2915 4547 ordinis
2964 4492 3124 4548 viros
3166 4492 3226 4547 in
3268 4492 3586 4564 superfluis

1919 4579 2452 4652 seriptitationibus
2482 4581 2786 4653 occupari,
2819 4581 3009 4637 multa
3058 4581 3218 4637 enim
3268 4586 3324 4636 et
3361 4598 3587 4652 magna

1918 4669 2157 4738 negotia
2186 4669 2363 4724 nobis
2404 4669 2800 4742 expedienda,
2829 4669 2877 4724 si
2932 4686 3056 4726 non
3101 4670 3583 4740 dissimulamus,

1915 4757 2293 4813 incumbunt.
2327 4757 2635 4815 Sufﬁciant
2663 4758 2838 4814 nobis
2871 4775 3048 4832 super
3102 4759 3194 4815 his
3239 4760 3400 4816 unde
3459 4762 3584 4831 agi-

1917 4863 2074 4915 mus,
2101 4847 2304 4903 litterze
2335 4863 2529 4920 nuper
2583 4864 2618 4904 a
2658 4847 2832 4903 nobis
2885 4848 3105 4916 missze,
3152 4865 3415 4920 quarum
3461 4855 3588 4906 erat

1917 4937 2257 4994 extremitas
2295 4955 2306 4992 :
2351 4938 2618 4992 Viderint
2638 4938 2874 5008 judices
2904 4944 3108 4993 utrum
3157 4938 3397 5008 effectus
3436 4941 3588 5010 refe-

1917 5031 2095 5083 ratur
2132 5028 2213 5083 ad
2242 5041 2505 5084 causam.
2538 5029 2680 5092 Quae
2712 5027 2873 5083 enim
2899 5025 2980 5082 ibi
3011 5026 3230 5100 scripta
3270 5033 3426 5097 sunt,
3485 5033 3588 5090 aut

1917 5130 1989 5170 ea
2040 5114 2306 5184 legitima
2361 5114 2688 5172 assertione
2746 5115 3268 5184 conﬁrmabimus,
3325 5121 3430 5174 aut
3480 5134 3586 5173 vos

1915 5209 2220 5264 inﬁrmare
2274 5211 2328 5262 et
2385 5221 2714 5280 pernegare
2762 5204 3083 5278 patiemur,
3136 5205 3183 5262 si
3233 5205 3374 5262 data
3414 5206 3589 5264 fuerit

1917 5297 2150 5354 consilii
2198 5297 2527 5368 judiciique
2571 5295 2855 5351 occasio:
2901 5295 2989 5350 sin
3044 5300 3266 5362 autem,
3325 5297 3585 5354 contenti

1917 5389 2138 5445 erimus
2166 5405 2235 5443 ea
2267 5385 2702 5460 praemonuisse
2729 5400 2865 5458 quae
2892 5401 3000 5442 vos
3031 5386 3330 5442 credimus
3380 5403 3585 5442 emen-

1920 5481 2062 5535 dare
2094 5477 2394 5533 debuisse.
2427 5475 2586 5530 Vale.

213 5652 322 5722 (30)
391 5651 491 5708 Hic
549 5652 874 5727 episcopus
934 5655 1412 5728 Sylvanectensis
1471 5662 1720 5716 vocatur
1765 5658 2078 5716 Rolandus
2137 5673 2172 5713 a
2229 5653 2604 5723 Demochari,
2653 5657 2712 5712 et
2765 5661 3201 5715 annumeratur
3247 5657 3585 5716 tricesimus

145 5756 368 5798 [1011113.
