3952 6404
341 265 445 318 223

765 381 1106 437 EPISTOIA
1146 382 1254 436 xu
1293 380 1456 450 [olim
1489 379 1595 449 Ll].

884 471 1068 542 (Circa
1100 469 1301 526 eumd.
1336 468 1460 540 an.)

349 565 666 618 FULBERTUS
696 561 1025 630 episcopus,
1067 559 1404 615 venerabili
1450 554 1861 613 consacerdoti
1905 568 2010 608 suo

553 653 615 706 Β.
647 649 757 720 (31)
791 649 929 704 boni
945 648 1244 718 propositi
1271 649 1450 716 ﬁnem
1485 646 1791 715 optimum.

420 739 618 797 Mulier
641 738 740 794 illa
769 738 843 793 de
876 738 1048 808 cujus
1075 754 1260 793 causa
1297 741 1567 792 nostram
1612 732 2010 790 humilitatem

348 829 656 886 consulere
676 827 962 893 voluistis,
995 827 1283 900 impedita
1313 830 1400 882 est
1441 823 1681 881 vinculo
1706 825 2011 895 juramen-

347 919 410 987 ti,
443 934 552 974 nec
583 920 778 990 potest
800 917 946 972 inire
974 915 1350 971 connubium
1381 915 1506 970 sine
1537 914 1782 970 crimine
1807 913 2008 986 perju-

348 1009 440 1075 rii,
470 1007 583 1063 nisi
609 1023 715 1079 per
745 1022 1110 1062 consensum
1145 1010 1248 1061 aut
1275 1009 1412 1078 post
1442 1004 1673 1060 obitum
1715 1003 1872 1058 illius
1915 1001 2011 1057 cui

353 1114 413 1153 se
441 1097 541 1153 tali
563 1097 906 1168 juramento
937 1094 1419 1151 conditionaliter
1448 1092 1751 1164 obligavit.
1779 1092 1937 1149 Vale.

743 1205 1080 1260 EPISTOLA
1118 1205 1252 1258 XLII
1295 1203 1458 1272 [olim
1496 1201 1626 1272 Lll].

886 1293 1076 1363 (Circa
1120 1291 1325 1347 eumd.
1359 1290 1482 1361 an.)

360 1399 698 1455 Venerabili
724 1399 1289 1469 Rothomagensium
1316 1397 1743 1467 archiprc'esuli
1758 1400 2014 1452 Rosenro

422 1491 740 1543 FULBERTUS
771 1489 1014 1544 humilis
1046 1489 1371 1556 episcopus,
1416 1489 1471 1542 si
1511 1487 1670 1558 quod
1701 1488 1857 1542 valet
1885 1501 2018 1542 ora-

426 1577 601 1632 tionis
630 1578 1014 1647 suffragium.

420 1666 756 1722 Procacitas
815 1669 901 1734 G.,
957 1666 1131 1736 cujus
1175 1666 1322 1721 mihi
1369 1665 1737 1722 mentionem
1775 1664 2013 1734 fecistis,

353 1755 496 1810 satis
554 1771 854 1828 superque
893 1755 1162 1824 fatigavit
1208 1772 1303 1812 me
1351 1755 1426 1811 de
1478 1755 1648 1811 novis
1699 1753 2016 1811 connubiis
2050 1735 2090 1788 Β

352 1846 736 1918 expetendis;
797 1846 901 1902 sed
953 1862 1064 1917 ego
1116 1863 1352 1919 semper
1399 1846 1618 1913 obstiti,
1652 1845 1859 1902 dicens
1892 1861 2016 1901 non

348 1933 525 1991 licere
551 1936 603 1990 ei
634 1951 744 1990 sua
777 1951 958 1990 uxore
981 1935 1210 1990 vivente
1234 1936 1481 1992 alteram
1513 1951 1826 2008 usurpare.
1849 1938 2013 1990 Nunc

351 2039 495 2093 ergo
525 2024 771 2079 tandem
791 2023 1026 2093 rogavit
1053 2040 1170 2091 me,
1205 2042 1310 2080 seu
1354 2025 1565 2081 callide
1615 2025 1738 2080 sive
1786 2022 2013 2095 simpli-

351 2113 515 2182 citer,
549 2118 614 2168 ut
640 2113 755 2168 sibi
785 2117 888 2168 aut
925 2129 1174 2168 uxorem
1223 2129 1397 2170 suam
1441 2114 1756 2184 fugitivam
1807 2113 2014 2168 redde-

351 2218 482 2258 rem
512 2207 615 2256 aut
639 2218 794 2269 eam,
851 2202 900 2256 si
947 2203 1314 2273 reniteretur,
1375 2202 2011 2267 excommunicarem;

355 2291 620 2363 alioquin
652 2291 872 2347 diceret
900 2293 1066 2364 quod
1096 2307 1208 2361 ego
1246 2298 1302 2348 et
1351 2293 1451 2349 illa
1493 2293 1826 2348 faceremus
1876 2309 2016 2348 eum

353 2380 662 2436 maechari.
719 2383 1023 2437 Conventa
1069 2382 1248 2451 igitur
1295 2382 1369 2438 de
1414 2383 1527 2438 hac
1573 2398 1756 2438 causa
1781 2381 2013 2450 mulier,

353 2469 660 2542 respondit
690 2470 836 2525 mihi
867 2487 1182 2543 nunquam
1212 2488 1272 2527 se
1300 2471 1627 2527 redituram
1675 2471 1752 2528 ad
1796 2472 1966 2528 illum
2001 2491 2014 2540 ;

354 2563 431 2626 et,
462 2559 605 2632 quia
632 2565 790 2615 certo
822 2565 1071 2617 noverat
1113 2577 1310 2618 mores
1365 2578 1504 2617 suos
1563 2579 1699 2618 cum
1746 2561 2017 2619 moribus

356 2652 419 2705 G.
449 2649 768 2704 convenire
799 2665 920 2705 non
948 2667 1145 2723 posse,
1179 2651 1326 2707 velle
1354 2669 1415 2707 se
1439 2652 1638 2725 potius
1675 2653 2017 2709 renuntiare

357 2737 576 2795 saeculo
599 2743 654 2794 et
680 2741 1048 2796 monacham
1077 2741 1375 2809 devenire,
1436 2746 1668 2798 tantum
1715 2743 1764 2798 si
1806 2742 2015 2798 Guale-

352 2841 582 2882 rannus
620 2825 732 2881 sibi
755 2827 849 2882 vel
879 2832 1120 2884 centum
1142 2829 1325 2885 libras
1356 2846 1750 2886 nummorum
1795 2833 2015 2888 Carno-

353 2915 612 2971 tensium
639 2917 747 2987 (32)
776 2915 1052 2972 ferendas
1081 2917 1161 2973 ad
1190 2919 1624 2976 monasterium
1653 2921 1840 2976 daret.
1896 2923 2017 2991 Ego

355 3009 557 3059 autem
586 3004 737 3060 inter
757 3005 886 3060 haec
915 3007 1284 3062 monacham
1314 3007 1479 3064 illam
1519 3025 1630 3064 nec
1658 3009 1784 3065 ﬁeri
1813 3009 2017 3082 prohi-

353 3093 489 3161 beo,
519 3109 628 3148 nec
656 3094 972 3166 compello,
1007 3096 1112 3151 sed
1142 3112 1252 3151 nec
1281 3102 1348 3152 ut
1379 3097 1459 3153 ad
1488 3098 1686 3154 virum
1717 3098 2019 3155 odientem

357 3182 620 3255 peritura
673 3182 896 3249 redeat,
957 3189 1258 3240 coarctare
1304 3202 1628 3258 praesumo.
1689 3189 1751 3243 G.
1816 3187 2018 3244 autem

358 3287 516 3344 saepe
568 3271 745 3326 mittit
795 3272 873 3327 ad
933 3289 1049 3340 me,
1102 3273 1402 3330 licentiam
1454 3276 1701 3332 ineundi
1734 3277 2019 3334 connubii

356 3359 498 3416 novi
527 3364 772 3432 petens;
830 3361 994 3417 illam
1053 3378 1114 3418 se
1155 3364 1448 3436 gurpisse,
1497 3381 1791 3439 suamque
1836 3382 2017 3438 pecu-

359 3449 525 3504 niam
551 3450 872 3522 recepisse,
890 3450 1024 3507 licet
1049 3467 1172 3507 non
1194 3469 1330 3508 vere
1347 3457 1705 3526 protestans.
1733 3458 1852 3525 Ego
1879 3472 2019 3511 vero

357 3537 647 3594 interdico
678 3538 731 3594 ei
754 3539 1054 3596 licentiam
1107 3541 1301 3610 istam,
1347 3542 1540 3599 donec
1570 3560 1722 3600 uxor
1751 3545 1878 3615 ejus
1918 3551 2023 3600 aut

359 3629 661 3684 monacha
687 3627 844 3684 facta
873 3630 966 3696 sit,
999 3635 1100 3685 aut
1137 3631 1438 3687 defuncta.
1502 3634 1769 3698 Quorum
1820 3639 2021 3690 utrum

358 3717 524 3790 prius
553 3717 822 3772 futurum
852 3719 944 3789 sit,
973 3719 1196 3774 nescio.
1265 3720 1321 3776 Si
1371 3736 1512 3790 ergo
1563 3721 1636 3776 de
1679 3723 1792 3778 hac
1837 3740 2022 3780 causa

359 3823 566 3861 meum
592 3808 907 3864 consilium
938 3809 1139 3873 vultis,
1174 3811 1340 3882 quod
1370 3828 1481 3882 ego
1513 3811 1687 3878 facio,
1720 3812 1882 3868 idem
1913 3830 2021 3869 vos

363 3900 553 3953 tacere
585 3896 834 3965 suadeo,
862 3898 976 3953 hoc
1003 3899 1292 3970 adjiciens
1346 3905 1425 3967 ut,
1475 3901 1525 3956 si
1568 3919 1815 3958 causam
1864 3903 2022 3960 hanc

361 3984 485 4040 acri
511 4000 764 4040 censura
807 3991 1169 4058 pertractare
1199 3990 1408 4060 velitis,
1442 4007 1514 4046 ex
1540 4008 1678 4048 mea
1705 3997 1872 4064 parte
1897 4009 2022 4048 non

361 4073 892 4130 contradictionem
925 4076 1028 4131 sed
1046 4076 1400 4147 suffragium
1421 4095 1530 4134 vos
1553 4080 1776 4135 habere
1802 4081 2019 4138 sciatis.

363 4162 634 4234 Capitula
671 4179 974 4220 canonum
1032 4166 1112 4220 ad
1159 4168 1314 4222 hanc
1363 4184 1612 4225 causam
1666 4170 2025 4242 pertinentia

361 4251 536 4306 nobis
594 4252 969 4311 subscribere
1017 4271 1139 4310 non
1197 4257 1428 4313 vacavit
1473 4258 1552 4314 ad
1594 4275 1878 4332 pra-.sens,
1919 4260 2026 4315 ho-

361 4341 540 4396 stium
569 4343 981 4414 persecutione
1027 4346 1294 4402 turbatis.
1349 4347 1688 4403 Scribemus
1736 4354 1938 4405 autem
1968 4355 2026 4406 et

359 4431 489 4486 haec
545 4434 601 4486 et
656 4430 774 4486 alia
825 4431 1076 4489 libenter
1117 4434 1177 4489 in
1233 4435 1594 4508 obsequium
1642 4443 1925 4505 vestrum,
1974 4439 2026 4494 si
2056 4446 2102 4500 D

362 4523 516 4576 Deus
546 4523 905 4577 concesserit
927 4524 1104 4579 nobis
1139 4524 1392 4581 salutem
1435 4531 1493 4582 et
1516 4543 1752 4599 pacem.
1805 4529 2022 4586 Valete.

738 4667 1075 4721 EPISTOLA
1114 4668 1271 4723 xuu
1311 4669 1472 4738 [olim
1503 4671 1656 4740 Llll].

897 4756 1086 4825 (Circa
1117 4757 1318 4812 eumd.
1361 4759 1482 4829 an.)

629 4861 832 4917 Charo
861 4877 968 4916 suo
994 4864 1059 4918 Β.
1085 4865 1404 4919 FULBERTUS
1431 4866 1759 4935 episcopus.

433 4969 772 5041 Occupatus
805 4984 948 5039 erga
969 4969 1230 5041 plurima
1259 4971 1471 5042 paucis
1505 4971 1608 5027 tibi
1647 4973 1729 5029 sic
1776 4991 2026 5048 respon-

360 5055 498 5111 dere
530 5057 878 5130 compellor.
913 5057 1190 5114 Ecclesiae
1221 5075 1465 5127 nomen,
1499 5065 1665 5118 extra
1694 5079 1881 5134 quam
1904 5065 2028 5120 veri

362 5145 634 5201 sacriﬁcii
662 5163 788 5202 non
817 5152 905 5202 est
932 5147 1125 5218 locus,
1155 5149 1638 5220 interpretatione
1681 5169 1791 5208 sua
1831 5153 2030 5225 plura-

362 5231 586 5288 litatem
617 5234 828 5291 innuit.
866 5237 1260 5294 Sacerdotalis
1290 5254 1535 5311 quoque
1577 5240 1858 5297 salutatio
1905 5258 2030 5315 qua

362 5322 652 5377 Dominus
685 5325 981 5382 vobiscum
1011 5327 1245 5395 dicitur,
1290 5342 1414 5383 non
1467 5333 1553 5383 est
1579 5345 1769 5386 unum
1809 5331 2026 5399 solum,

368 5408 474 5463 sed
505 5409 580 5465 ad
621 5410 822 5482 plures
854 5412 1142 5485 dirigitur.
1198 5415 1311 5473 Sed
1361 5421 1421 5472 et
1454 5415 1549 5473 ille
1598 5418 1926 5474 versiculus
1954 5419 2029 5475 de

440 5568 550 5640 (31)
592 5570 995 5648 Archiprzesul
1045 5574 1140 5628 ille
1190 5578 1687 5648 Rothomagensis
1738 5595 1774 5634 a
1824 5581 2033 5634 Demo-

369 5639 548 5715 chare
577 5639 828 5715 vocatur
842 5643 1140 5715 ﬁobertus
1191 5639 1521 5715 Richardi:
1547 5653 2031 5708 Normannorum

367 5709 538 5765 ducis
567 5711 768 5784 primi,
795 5711 974 5768 ﬁlius.

1388 257 1444 312 S.
1488 253 1821 310 FULBERTI
1864 250 2346 307 CARNOTENSIS
2389 249 2720 306 EPISCOPI.

3679 242 3794 296 224

2037 378 2084 430 Α
2119 389 2242 447 quo
2271 373 2420 430 mihi
2449 372 2843 446 quaastionem
2884 368 3095 435 fecisti,
3147 367 3327 441 plane
3376 365 3492 422 sibi
3538 365 3796 421 circum-

2121 467 2343 519 stantes
2368 463 2632 536 requirit.
2661 464 2771 517 Pro
2804 459 2897 515 his
2925 474 3065 529 ergo
3093 462 3274 531 atque
3300 456 3431 512 aliis
3477 455 3582 527 huj
3593 470 3796 511 usmo-

2119 552 2177 608 di
2209 569 2332 609 non
2363 569 2434 608 ex
2461 551 2808 609 auctoritate
2837 548 3088 622 quidem
3118 561 3445 611 canonum,
3463 560 3618 616 quos
3643 540 3794 598 mihi

2120 641 2304 698 modo
2332 645 2652 699 retractare
2679 655 2802 695 non
2829 638 3010 705 licuit,
3048 636 3154 692 sed
3195 651 3330 691 meo
3361 633 3598 690 interim
3634 630 3794 688 arbi-

2120 735 2274 788 tratu
2293 732 2476 788 tutius
2502 747 2631 787 esse
2663 729 2888 786 suadeo
2917 733 2970 784 te
3003 743 3038 783 a
3069 725 3394 782 missarum
3442 720 3792 779 celebratio-

2118 837 2194 877 ne
2221 820 2612 894 suspendere,
2645 835 2831 892 quam
2861 833 2964 873 eas
2996 817 3122 872 sine
3150 815 3410 870 duarum
3443 812 3655 870 saltem
3686 813 3796 867 aut

2119 910 2299 966 trium
2349 909 2619 966 ﬁdelium
2671 907 3044 964 attestatione
3095 904 3414 961 celebrare.
3461 899 3794 974 Scrupulus

2121 1005 2323 1057 autem
2350 998 2446 1055 ille
2477 999 2552 1054 de
2581 997 2969 1054 offerentibus
3019 995 3099 1050 ita
3152 993 3303 1049 solvi
3356 995 3570 1065 potest,
3623 987 3794 1063 quod

2121 1087 2269 1143 dum
2297 1087 2714 1143 sacriﬁcamus
2737 1073 2828 1140 illi
2858 1099 2967 1157 pro
2989 1082 3213 1156 quibus
3245 1080 3462 1152 agitur,
3509 1094 3619 1152 per
3662 1092 3796 1132 ma-

2121 1193 2238 1232 nus
2268 1179 2505 1231 nostras
2535 1174 2781 1230 offertur
2809 1174 2929 1228 Deo
2975 1169 3335 1228 sacriﬁcium
3379 1167 3576 1224 laudis
3629 1166 3792 1237 (32").

2123 1268 2257 1321 Haac
2287 1264 2366 1321 ad
2395 1279 2661 1336 praesens
2687 1279 2783 1318 me
2810 1260 3192 1334 respondisse
3232 1261 3545 1314 cantentus
3593 1258 3793 1311 aveto.

2126 1353 2298 1422 Quod
2327 1353 2376 1409 si
2404 1369 2565 1409 nova
2587 1351 2842 1423 legendo
2874 1350 2964 1406 vel
3009 1347 3393 1406 retractando
3445 1361 3657 1402 verum
3715 1342 3796 1398 de

2123 1444 2216 1498 his
2246 1441 2561 1515 quidpiam
2588 1441 2782 1510 magis
2812 1443 3010 1496 ratum
3044 1439 3350 1506 invenero,
3399 1434 3504 1491 tibi
3533 1431 3798 1489 charita-

2125 1529 2239 1585 tive
2269 1529 2618 1586 rescribam.
2677 1533 2748 1584 At
2773 1528 2822 1584 si
2847 1532 2911 1584 tu
2937 1533 2990 1584 te
3032 1525 3196 1600 prior
3225 1523 3453 1598 aliquid
3475 1521 3590 1578 tale
3619 1535 3795 1592 repe-

2123 1619 2288 1688 reris,
2322 1619 2602 1676 eamdem
2634 1619 2809 1675 nobis
2838 1617 3054 1674 exhibe
3086 1616 3456 1672 charitatem.
3488 1611 3646 1669 Vale.

2498 1709 2832 1765 EPISTOLA
2870 1709 3026 1762 XLIV
3065 1706 3226 1777 [olim
3253 1705 3404 1774 LIV].

2669 1796 2861 1870 (Circa
2886 1795 3090 1852 eumd.
3120 1794 3242 1864 an.)

2135 1887 2484 1944 Venerando
2515 1888 2832 1943 Remorum
2859 1883 3286 1953 archipra’suli
3327 1883 3514 1936 EBALO
3556 1881 3807 1934 Fumea-

2339 1993 2442 2031 rus
2482 1975 2941 2032 Camotensium
2970 1972 3213 2028 humilis
3244 1971 3574 2040 episcopus.

2197 2065 2499 2135 Angustia:
2521 2069 2637 2120 tum
2664 2061 3036 2135 compatiens
3064 2059 3335 2117 Odonem
3365 2056 3646 2114 comitem
3699 2071 3804 2111 ar-

2125 2153 2366 2225 guendo
2398 2153 2654 2209 conveni
2687 2171 2699 2209 :
2731 2150 3042 2224 respondit
3068 2149 3313 2205 tandem
3335 2145 3502 2220 quod
3526 2145 3587 2200 in
3613 2148 3667 2200 te
3700 2144 3810 2200 de-

2123 2244 2380 2316 liquerat
2409 2242 2731 2300 emendare
2759 2257 2822 2296 se
2851 2239 3021 2311 velle,
3050 2243 3125 2305 et,
3169 2237 3246 2294 ad
3296 2235 3622 2292 tollendam
3672 2232 3808 2291 ani-

2125 2333 2209 2390 mi
2234 2333 2316 2389 tui
2347 2331 2785 2403 aegritudinem,
2819 2329 3126 2400 adjuvare,
3154 2327 3319 2400 quod
3349 2325 3612 2382 maxime
3637 2322 3805 2379 desi-

2126 2423 2322 2486 deras,
2352 2428 2416 2479 ut
2442 2421 2751 2478 Remensis
2785 2418 3044 2475 Ecclesia
3085 2416 3334 2490 respiret
3371 2415 3450 2471 ad
3478 2413 3806 2488 pristinam

2126 2511 2501 2581 dignitatem.
2559 2511 2615 2567 Si
2661 2510 2792 2565 haec
2835 2508 2937 2564 tibi
2983 2508 3176 2563 facere
3219 2502 3493 2572 voluerit,
3533 2501 3806 2575 recipere

2127 2601 2375 2670 suadeo,
2404 2604 2470 2656 ut
2488 2598 2944 2673 quamprimum
2975 2594 3287 2668 expeditus
3317 2593 3530 2649 redeas
3559 2590 3639 2648 ad
3667 2589 3806 2647 ofﬁ-

2125 2691 2283 2746 cium
2316 2694 2508 2746 tuum.
2543 2687 2762 2744 Deinde
2789 2700 3069 2755 suggero,
3113 2688 3171 2740 et
3196 2683 3389 2738 sinon
3427 2681 3683 2752 indiges,
3740 2684 3808 2735 ut

2126 2779 2205 2836 ad
2236 2794 2452 2851 pacem
2489 2792 2830 2850 pauperum
2885 2771 3374 2846 componendam
3424 2775 3549 2827 tota
3596 2772 3804 2825 mente

2127 2861 2388 2938 satagas,
2413 2882 2568 2940 quos
2600 2865 2690 2920 sui
2737 2879 2910 2934 reges
2963 2867 3020 2918 et
3062 2861 3364 2935 principes
3411 2860 3807 2916 vehementer

2128 2956 2422 3027 afﬂigunt.
2454 2959 2743 3011 Praeterea
2768 2952 3016 3009 Beroldo
3047 2951 3333 3024 episcopo
3362 2948 3650 3006 referente
3701 2963 3810 3005 au-

2128 3046 2250 3102 divi
2318 3046 2400 3101 sic
2460 3048 2514 3100 te
2569 3058 2826 3100 mcerore
2881 3040 3189 3109 afﬂictum,
3251 3043 3316 3096 ut
3365 3054 3572 3095 curam
3603 3037 3811 3108 gregis

2133 3136 2366 3192 Domini
2394 3135 2729 3207 relinquere
2759 3132 2928 3189 velis.
2963 3130 3134 3195 Quod
3155 3145 3268 3200 ego
3298 3129 3510 3186 acriter
3523 3131 3581 3184 et
3609 3128 3810 3183 amice

2130 3225 2452 3295 redarguo,
2486 3228 2708 3279 testans
2741 3227 2815 3294 te,
2846 3221 2895 3276 si
2923 3221 3038 3276 hoc
3077 3219 3289 3289 egeris,
3322 3233 3446 3274 non
3477 3216 3659 3272 fuisse
3689 3231 3806 3288 pa-

2131 3319 2371 3371 storem.
2398 3313 2536 3369 Vale
2567 3328 2802 3369 memor
2827 3310 2944 3367 mci
2977 3307 3312 3383 paccatoris
3333 3307 3396 3364 in
3425 3305 3806 3363 orationibus

2129 3404 2265 3460 tuis.

2533 3491 2868 3548 EPISTOLA
2904 3493 3036 3547 XLV
3077 3490 3238 3560 [olim
3277 3487 3407 3558 LV].

2679 3579 2868 3648 (Circa
2902 3595 3000 3636 an.
3034 3577 3262 3644 eumd.)

2131 3672 2452 3742 Diligendo
2482 3686 2713 3740 semper
2741 3676 2922 3742 atque
2963 3667 3303 3726 venerando
3346 3667 3664 3723 Remorum
3710 3680 3809 3722 ar-

2205 3762 2578 3830 chiepiscopo
2608 3763 2795 3815 EBALO
2825 3761 3140 3815 FULBERTUS
3187 3756 3572 3814 Carnotensis
3614 3755 3807 3811 humi-

2207 3852 2281 3905 lis
2312 3851 2641 3919 episcopus,
2670 3849 3110 3904 communicare
3137 3848 3362 3916 fontem
3391 3845 3620 3901 intima:
3660 3844 3804 3901 cha-

2205 3939 2425 3994 ritatis.

2210 4028 2289 4083 De
2321 4032 2523 4083 vestra
2551 4027 2836 4092 bonitate,
2869 4041 2993 4082 non
3019 4025 3094 4081 de
3133 4029 3338 4080 nostro
3364 4023 3576 4080 merito
3620 4023 3808 4079 conti-

2133 4118 2364 4184 dentes,
2397 4115 2818 4187 deprecamur,
2851 4117 3076 4188 optime
3104 4118 3294 4186 Pater,
3326 4117 3392 4168 ut
3436 4117 3648 4168 notum
3698 4113 3806 4168 ha-

2132 4207 2276 4263 bere
2331 4205 2666 4275 dignemini
2719 4205 2880 4261 hunc
2939 4205 3192 4260 charum
3244 4206 3520 4259 nostrum
3557 4202 3804 4258 nomine

2134 4296 2486 4361 Hubertum,
2513 4293 2658 4367 quia
2687 4293 2762 4349 de
2804 4293 2998 4367 patria
3043 4309 3152 4349 sua
3181 4300 3366 4349 causa
3395 4291 3665 4348 dicendae
3695 4291 3804 4347 ho-

2133 4384 2384 4441 nestatis
2411 4399 2710 4453 egressus,
2743 4388 2801 4439 et
2829 4383 2994 4455 apud
3032 4398 3145 4438 nos
3196 4381 3551 4454 aliquandiu
3599 4381 3805 4438 demo-

2132 4479 2324 4541 ratus,
2342 4473 2524 4530 talem
2550 4489 2611 4528 se
2637 4471 2814 4528 nobis
2844 4472 3133 4544 exhibuit,
3154 4476 3220 4528 ut
3248 4487 3373 4527 non
3398 4470 3598 4526 minus
3618 4487 3807 4544 quam

2132 4565 2315 4621 frater
2343 4563 2611 4619 uterinus
2652 4563 2842 4619 amari
2870 4568 2926 4619 et
2961 4561 3249 4619 honorari
3296 4561 3596 4618 meruerit.
3638 4564 3805 4617 Nunc

2133 4671 2274 4711 vero
2304 4652 2518 4710 eadem
2548 4669 2734 4710 causa
2775 4657 3108 4726 permotus,
3159 4651 3594 4708 monasterium
3643 4651 3804 4707 beati

2135 4743 2406 4814 Remigii,
2433 4742 2600 4816 quod
2628 4747 2894 4799 vestrum
2914 4746 3021 4810 est,
3048 4741 3286 4797 visitare
3317 4739 3617 4812 disposuit
3654 4757 3667 4796 :
3702 4739 3805 4795 ubi

2136 4834 2184 4890 si
2210 4835 2270 4889 in
2297 4833 2502 4906 aliquo
2528 4832 2704 4889 fuerit
2731 4832 2972 4904 indigus
2997 4836 3209 4887 vestrae
3232 4831 3385 4904 opis,
3403 4830 3616 4887 sentiat
3637 4845 3803 4903 quae-

2137 4939 2351 4979 sumus
2381 4922 2613 4979 viscera
2639 4922 2898 4995 pietatis.
2927 4921 3089 4977 Vale.

2513 5032 2850 5088 EPISTOLA
2889 5031 3044 5084 XLVI
3083 5029 3250 5099 [olim
3282 5029 3434 5100 LVI].

2691 5119 2882 5191 (Circa
2905 5134 3003 5175 an.
3038 5118 3264 5189 eumd.)

2149 5225 2490 5284 Venerabili
2551 5225 2999 5295 archiepiscopo
3052 5225 3618 5296 Rothomagensium
3671 5229 3802 5283 Bon.

2283 5317 2605 5370 FULBERTUS
2639 5313 2885 5370 humilis
2905 5315 3082 5385 episc.
3107 5314 3312 5384 ﬁdeles
3343 5317 3664 5372 orationes.

2211 5419 2558 5493 Compatior
2607 5419 2733 5488 tibi,
2764 5425 2967 5478 sancte
3020 5424 3191 5477 Pater
3233 5420 3481 5494 insuper
3530 5421 3801 5479 adversis

2212 5582 2330 5653 (3'2)
2371 5584 2520 5653 Nota
2543 5597 2829 5638 nummos
2858 5583 3250 5640 Carnotenses
3280 5582 3483 5639 fuisse.

2215 5651 2356 5724 (32")
2396 5652 2488 5708 Ad
2521 5668 2767 5713 sensum
2797 5654 2892 5713 hic
2922 5654 3152 5728 aliquid
3171 5655 3343 5711 desse
3372 5653 3627 5712 videtur.
