  <div class='ocr_page' id='page_1' title='image "/cluster/home/n/w/nwhite01/storage/ocr_20150623/140-141/uc1.31175018559917/688.png"; bbox 0 0 3952 6382; ppageno 0'>
   <div class='ocr_carea' id='block_1_1' title="bbox 164 298 272 350">
    <p class='ocr_par' dir='ltr' id='par_1_1' title="bbox 164 298 272 350">
     <span class='ocr_line' id='line_1_1' title="bbox 164 298 272 350; baseline 0 -1"><span class='ocrx_word' id='word_1_1' title='bbox 164 298 272 350; x_wconf 81' lang='grc'>225</span> 
     </span>
    </p>
   </div>
   <div class='ocr_carea' id='block_1_2' title="bbox 1696 274 2068 335">
    <p class='ocr_par' dir='ltr' id='par_1_2' title="bbox 1696 274 2068 335">
     <span class='ocr_line' id='line_1_2' title="bbox 1696 274 2068 335; baseline -0.008 0"><span class='ocrx_word' id='word_1_2' title='bbox 1696 274 2068 335; x_wconf 72' lang='lat' dir='ltr'>EPISTOLE.</span> 
     </span>
    </p>
   </div>
   <div class='ocr_carea' id='block_1_3' title="bbox 3490 284 3595 337">
    <p class='ocr_par' dir='ltr' id='par_1_3' title="bbox 3490 284 3595 337">
     <span class='ocr_line' id='line_1_3' title="bbox 3490 284 3595 337; baseline 0.01 -1"><span class='ocrx_word' id='word_1_3' title='bbox 3490 284 3595 337; x_wconf 88' lang='grc'><strong>226</strong></span> 
     </span>
    </p>
   </div>
   <div class='ocr_carea' id='block_1_4' title="bbox 148 400 3594 488">
    <p class='ocr_par' dir='ltr' id='par_1_4' title="bbox 148 400 3594 488">
     <span class='ocr_line' id='line_1_4' title="bbox 148 400 3594 488; baseline -0.002 -18"><span class='ocrx_word' id='word_1_4' title='bbox 148 431 285 488; x_wconf 81' lang='lat' dir='ltr'>quae</span> <span class='ocrx_word' id='word_1_5' title='bbox 317 413 560 484; x_wconf 84' lang='lat' dir='ltr'>indigne</span> <span class='ocrx_word' id='word_1_6' title='bbox 589 429 810 486; x_wconf 89' lang='lat' dir='ltr'>passus</span> <span class='ocrx_word' id='word_1_7' title='bbox 839 429 921 479; x_wconf 90' lang='lat' dir='ltr'>es,</span> <span class='ocrx_word' id='word_1_8' title='bbox 950 412 1280 486; x_wconf 63' lang='lat' dir='ltr'>praesertim</span> <span class='ocrx_word' id='word_1_9' title='bbox 1307 411 1386 468; x_wconf 89' lang='lat' dir='ltr'>ab</span> <span class='ocrx_word' id='word_1_10' title='bbox 1419 427 1490 468; x_wconf 92' lang='lat' dir='ltr'>eo</span> <span class='ocrx_word' id='word_1_11' title='bbox 1517 409 1621 483; x_wconf 87' lang='lat' dir='ltr'>qui</span> <span class='ocrx_word' id='word_1_12' title='bbox 1651 413 1706 465; x_wconf 90' lang='lat' dir='ltr'>et</span> <span class='ocrx_word' id='word_1_13' title='bbox 1759 421 1821 461; x_wconf 90' lang='lat' dir='ltr'>se</span> <span class='ocrx_word' id='word_1_14' title='bbox 1851 400 1898 453; x_wconf 81' lang='grc' dir='ltr'><strong>Α</strong></span> <span class='ocrx_word' id='word_1_15' title='bbox 1937 403 2162 478; x_wconf 87' lang='lat' dir='ltr'>aliquid</span> <span class='ocrx_word' id='word_1_16' title='bbox 2194 404 2441 473; x_wconf 82' lang='lat' dir='ltr'>faciatis,</span> <span class='ocrx_word' id='word_1_17' title='bbox 2474 410 2675 471; x_wconf 90' lang='lat' dir='ltr'>restat,</span> <span class='ocrx_word' id='word_1_18' title='bbox 2703 422 2898 478; x_wconf 85' lang='lat' dir='ltr'>spero,</span> <span class='ocrx_word' id='word_1_19' title='bbox 2945 405 3273 479; x_wconf 86' lang='lat' dir='ltr'>aliquando</span> <span class='ocrx_word' id='word_1_20' title='bbox 3316 405 3594 462; x_wconf 89' lang='lat' dir='ltr'>meritum</span> 
     </span>
    </p>
   </div>
   <div class='ocr_carea' id='block_1_5' title="bbox 148 500 1822 574">
    <p class='ocr_par' dir='ltr' id='par_1_5' title="bbox 148 500 1822 574">
     <span class='ocr_line' id='line_1_5' title="bbox 148 500 1822 574; baseline -0.004 -15"><span class='ocrx_word' id='word_1_21' title='bbox 148 509 208 560; x_wconf 89' lang='lat' dir='ltr'>et</span> <span class='ocrx_word' id='word_1_22' title='bbox 233 520 343 559; x_wconf 90' lang='lat' dir='ltr'>sua</span> <span class='ocrx_word' id='word_1_23' title='bbox 373 508 488 558; x_wconf 63' lang='lat' dir='ltr'>tute</span> <span class='ocrx_word' id='word_1_24' title='bbox 519 502 785 559; x_wconf 86' lang='lat' dir='ltr'>fidelitati</span> <span class='ocrx_word' id='word_1_25' title='bbox 829 501 1140 557; x_wconf 82' lang='lat' dir='ltr'>debuerat.</span> <span class='ocrx_word' id='word_1_26' title='bbox 1191 503 1378 574; x_wconf 91' lang='lat' dir='ltr'>Super</span> <span class='ocrx_word' id='word_1_27' title='bbox 1427 500 1530 556; x_wconf 93' lang='lat' dir='ltr'>illo</span> <span class='ocrx_word' id='word_1_28' title='bbox 1579 513 1822 572; x_wconf 91' lang='lat' dir='ltr'>quoque</span> 
     </span>
    </p>
   </div>
   <div class='ocr_carea' id='block_1_6' title="bbox 149 587 1824 662">
    <p class='ocr_par' dir='ltr' id='par_1_6' title="bbox 149 587 1824 662">
     <span class='ocr_line' id='line_1_6' title="bbox 149 587 1824 662; baseline -0.005 -13"><span class='ocrx_word' id='word_1_29' title='bbox 149 592 327 649; x_wconf 91' lang='lat' dir='ltr'>doleo</span> <span class='ocrx_word' id='word_1_30' title='bbox 359 593 766 662; x_wconf 84' lang='lat' dir='ltr'>vehementer,</span> <span class='ocrx_word' id='word_1_31' title='bbox 791 591 970 648; x_wconf 87' lang='lat' dir='ltr'>fratre</span> <span class='ocrx_word' id='word_1_32' title='bbox 995 597 1050 646; x_wconf 89' lang='lat' dir='ltr'>et</span> <span class='ocrx_word' id='word_1_33' title='bbox 1065 591 1425 662; x_wconf 86' lang='lat' dir='ltr'>coepiscopo</span> <span class='ocrx_word' id='word_1_34' title='bbox 1447 594 1654 645; x_wconf 93' lang='lat' dir='ltr'>nostro</span> <span class='ocrx_word' id='word_1_35' title='bbox 1675 587 1824 642; x_wconf 89' lang='lat' dir='ltr'>dum</span> 
     </span>
    </p>
   </div>
   <div class='ocr_carea' id='block_1_7' title="bbox 151 677 1824 752">
    <p class='ocr_par' dir='ltr' id='par_1_7' title="bbox 151 677 1824 752">
     <span class='ocr_line' id='line_1_7' title="bbox 151 677 1824 752; baseline -0.004 -14"><span class='ocrx_word' id='word_1_36' title='bbox 151 686 351 750; x_wconf 83' lang='lat' dir='ltr'>staret,</span> <span class='ocrx_word' id='word_1_37' title='bbox 386 682 446 738; x_wconf 89' lang='lat' dir='ltr'>in</span> <span class='ocrx_word' id='word_1_38' title='bbox 477 687 642 738; x_wconf 90' lang='lat' dir='ltr'>tanta</span> <span class='ocrx_word' id='word_1_39' title='bbox 673 697 834 737; x_wconf 90' lang='lat' dir='ltr'>nunc</span> <span class='ocrx_word' id='word_1_40' title='bbox 865 680 1229 751; x_wconf 87' lang='lat' dir='ltr'>ﬂagitiorum</span> <span class='ocrx_word' id='word_1_41' title='bbox 1261 684 1438 752; x_wconf 87' lang='lat' dir='ltr'>atque</span> <span class='ocrx_word' id='word_1_42' title='bbox 1487 677 1824 734; x_wconf 86' lang='lat' dir='ltr'>facinorum</span> 
     </span>
    </p>
   </div>
   <div class='ocr_carea' id='block_1_8' title="bbox 149 767 1826 845">
    <p class='ocr_par' dir='ltr' id='par_1_8' title="bbox 149 767 1826 845">
     <span class='ocr_line' id='line_1_8' title="bbox 149 767 1826 845; baseline -0.002 -18"><span class='ocrx_word' id='word_1_43' title='bbox 149 771 480 845; x_wconf 73' lang='lat' dir='ltr'>praecipitia</span> <span class='ocrx_word' id='word_1_44' title='bbox 508 771 698 844; x_wconf 91' lang='lat' dir='ltr'>lapso.</span> <span class='ocrx_word' id='word_1_45' title='bbox 735 769 848 827; x_wconf 89' lang='lat' dir='ltr'>Sed</span> <span class='ocrx_word' id='word_1_46' title='bbox 894 769 1020 834; x_wconf 84' lang='lat' dir='ltr'>tibi,</span> <span class='ocrx_word' id='word_1_47' title='bbox 1051 772 1238 841; x_wconf 89' lang='lat' dir='ltr'>Pater,</span> <span class='ocrx_word' id='word_1_48' title='bbox 1292 769 1419 826; x_wconf 82' lang='lat' dir='ltr'>haec</span> <span class='ocrx_word' id='word_1_49' title='bbox 1462 767 1556 823; x_wconf 86' lang='lat' dir='ltr'>vel</span> <span class='ocrx_word' id='word_1_50' title='bbox 1601 781 1826 836; x_wconf 84' lang='lat' dir='ltr'>magna</span> 
     </span>
    </p>
   </div>
   <div class='ocr_carea' id='block_1_9' title="bbox 151 856 1826 933">
    <p class='ocr_par' dir='ltr' id='par_1_9' title="bbox 151 856 1826 933">
     <span class='ocr_line' id='line_1_9' title="bbox 151 856 1826 933; baseline -0.002 -17"><span class='ocrx_word' id='word_1_51' title='bbox 151 860 485 918; x_wconf 87' lang='lat' dir='ltr'>consolatio</span> <span class='ocrx_word' id='word_1_52' title='bbox 515 865 625 927; x_wconf 90' lang='lat' dir='ltr'>est,</span> <span class='ocrx_word' id='word_1_53' title='bbox 659 859 802 933; x_wconf 87' lang='lat' dir='ltr'>quia</span> <span class='ocrx_word' id='word_1_54' title='bbox 834 859 882 915; x_wconf 92' lang='lat' dir='ltr'>si</span> <span class='ocrx_word' id='word_1_55' title='bbox 913 860 1197 930; x_wconf 84' lang='lat' dir='ltr'>[externa]</span> <span class='ocrx_word' id='word_1_56' title='bbox 1249 857 1511 922; x_wconf 86' lang='lat' dir='ltr'>abstulit,</span> <span class='ocrx_word' id='word_1_57' title='bbox 1543 856 1826 912; x_wconf 84' lang='lat' dir='ltr'>interiora</span> 
     </span>
    </p>
   </div>
   <div class='ocr_carea' id='block_1_10' title="bbox 149 946 1824 1024">
    <p class='ocr_par' dir='ltr' id='par_1_10' title="bbox 149 946 1824 1024">
     <span class='ocr_line' id='line_1_10' title="bbox 149 946 1824 1024; baseline -0.003 -18"><span class='ocrx_word' id='word_1_58' title='bbox 149 967 276 1006; x_wconf 90' lang='lat' dir='ltr'>non</span> <span class='ocrx_word' id='word_1_59' title='bbox 307 951 518 1024; x_wconf 89' lang='lat' dir='ltr'>potuit.</span> <span class='ocrx_word' id='word_1_60' title='bbox 553 950 746 1006; x_wconf 85' lang='lat' dir='ltr'>Habes</span> <span class='ocrx_word' id='word_1_61' title='bbox 779 948 940 1006; x_wconf 91' lang='lat' dir='ltr'>enim</span> <span class='ocrx_word' id='word_1_62' title='bbox 991 965 1063 1004; x_wconf 79' lang='lat' dir='ltr'>ex</span> <span class='ocrx_word' id='word_1_63' title='bbox 1096 948 1195 1004; x_wconf 90' lang='lat' dir='ltr'>Dei</span> <span class='ocrx_word' id='word_1_64' title='bbox 1241 947 1430 1017; x_wconf 89' lang='lat' dir='ltr'>gratia</span> <span class='ocrx_word' id='word_1_65' title='bbox 1475 946 1824 1002; x_wconf 87' lang='lat' dir='ltr'>charitatem</span> 
     </span>
    </p>
   </div>
   <div class='ocr_carea' id='block_1_11' title="bbox 150 1034 1824 1113">
    <p class='ocr_par' dir='ltr' id='par_1_11' title="bbox 150 1034 1824 1113">
     <span class='ocr_line' id='line_1_11' title="bbox 150 1034 1824 1113; baseline -0.004 -18"><span class='ocrx_word' id='word_1_66' title='bbox 150 1055 278 1112; x_wconf 87' lang='lat' dir='ltr'>qua</span> <span class='ocrx_word' id='word_1_67' title='bbox 303 1039 506 1113; x_wconf 92' lang='lat' dir='ltr'>ipsum</span> <span class='ocrx_word' id='word_1_68' title='bbox 545 1043 844 1096; x_wconf 88' lang='lat' dir='ltr'>errantem</span> <span class='ocrx_word' id='word_1_69' title='bbox 891 1054 1177 1104; x_wconf 84' lang='lat' dir='ltr'>revoces;</span> <span class='ocrx_word' id='word_1_70' title='bbox 1234 1037 1470 1092; x_wconf 89' lang='lat' dir='ltr'>frenum</span> <span class='ocrx_word' id='word_1_71' title='bbox 1519 1034 1824 1092; x_wconf 83' lang='lat' dir='ltr'>canonicae</span> 
     </span>
    </p>
   </div>
   <div class='ocr_carea' id='block_1_12' title="bbox 151 1125 1824 1201">
    <p class='ocr_par' dir='ltr' id='par_1_12' title="bbox 151 1125 1824 1201">
     <span class='ocr_line' id='line_1_12' title="bbox 151 1125 1824 1201; baseline -0.003 -17"><span class='ocrx_word' id='word_1_72' title='bbox 151 1127 561 1200; x_wconf 88' lang='lat' dir='ltr'>districtionis,</span> <span class='ocrx_word' id='word_1_73' title='bbox 618 1145 740 1201; x_wconf 89' lang='lat' dir='ltr'>quo</span> <span class='ocrx_word' id='word_1_74' title='bbox 775 1128 1201 1184; x_wconf 83' lang='lat' dir='ltr'>detrectantem</span> <span class='ocrx_word' id='word_1_75' title='bbox 1230 1141 1505 1182; x_wconf 88' lang='lat' dir='ltr'>coerceas</span> <span class='ocrx_word' id='word_1_76' title='bbox 1531 1143 1543 1191; x_wconf 91' lang='lat'>;</span> <span class='ocrx_word' id='word_1_77' title='bbox 1567 1125 1824 1194; x_wconf 84' lang='lat' dir='ltr'>virgam,</span> 
     </span>
    </p>
   </div>
   <div class='ocr_carea' id='block_1_13' title="bbox 150 1213 1824 1292">
    <p class='ocr_par' dir='ltr' id='par_1_13' title="bbox 150 1213 1824 1292">
     <span class='ocr_line' id='line_1_13' title="bbox 150 1213 1824 1292; baseline -0.004 -17"><span class='ocrx_word' id='word_1_78' title='bbox 150 1235 279 1292; x_wconf 90' lang='lat' dir='ltr'>qua</span> <span class='ocrx_word' id='word_1_79' title='bbox 306 1218 482 1276; x_wconf 86' lang='lat' dir='ltr'>ferias</span> <span class='ocrx_word' id='word_1_80' title='bbox 512 1238 524 1275; x_wconf 76' lang='grc' dir='ltr'>ε</span> <span class='ocrx_word' id='word_1_81' title='bbox 558 1218 651 1274; x_wconf 91' lang='lat' dir='ltr'>his</span> <span class='ocrx_word' id='word_1_82' title='bbox 677 1223 840 1274; x_wconf 90' lang='lat' dir='ltr'>utere</span> <span class='ocrx_word' id='word_1_83' title='bbox 871 1222 1299 1290; x_wconf 88' lang='lat' dir='ltr'>competenter,</span> <span class='ocrx_word' id='word_1_84' title='bbox 1347 1215 1540 1271; x_wconf 91' lang='lat' dir='ltr'>donec</span> <span class='ocrx_word' id='word_1_85' title='bbox 1584 1213 1824 1270; x_wconf 88' lang='lat' dir='ltr'>absolu-</span> 
     </span>
    </p>
   </div>
   <div class='ocr_carea' id='block_1_14' title="bbox 151 1305 1824 1380">
    <p class='ocr_par' dir='ltr' id='par_1_14' title="bbox 151 1305 1824 1380">
     <span class='ocr_line' id='line_1_14' title="bbox 151 1305 1824 1380; baseline -0.002 -18"><span class='ocrx_word' id='word_1_86' title='bbox 151 1306 377 1363; x_wconf 89' lang='lat' dir='ltr'>tionem</span> <span class='ocrx_word' id='word_1_87' title='bbox 398 1307 758 1380; x_wconf 89' lang='lat' dir='ltr'>promeritus</span> <span class='ocrx_word' id='word_1_88' title='bbox 789 1306 984 1362; x_wconf 88' lang='lat' dir='ltr'>dicere</span> <span class='ocrx_word' id='word_1_89' title='bbox 1016 1305 1120 1361; x_wconf 88' lang='lat' dir='ltr'>tibi</span> <span class='ocrx_word' id='word_1_90' title='bbox 1150 1305 1412 1376; x_wconf 85' lang='lat' dir='ltr'>gaudeat</span> <span class='ocrx_word' id='word_1_91' title='bbox 1439 1322 1450 1359; x_wconf 94' lang='lat'>:</span> <span class='ocrx_word' id='word_1_92' title='bbox 1498 1306 1677 1374; x_wconf 84' lang='lat' dir='ltr'>Virga</span> <span class='ocrx_word' id='word_1_93' title='bbox 1719 1309 1824 1358; x_wconf 83' lang='lat' dir='ltr'>tua</span> 
     </span>
    </p>
   </div>
   <div class='ocr_carea' id='block_1_15' title="bbox 153 1393 1820 1465">
    <p class='ocr_par' dir='ltr' id='par_1_15' title="bbox 153 1393 1820 1465">
     <span class='ocr_line' id='line_1_15' title="bbox 153 1393 1820 1465; baseline -0.002 -14"><span class='ocrx_word' id='word_1_94' title='bbox 153 1401 210 1451; x_wconf 81' lang='lat' dir='ltr'>et</span> <span class='ocrx_word' id='word_1_95' title='bbox 263 1396 514 1452; x_wconf 83' lang='lat' dir='ltr'>baculus</span> <span class='ocrx_word' id='word_1_96' title='bbox 553 1402 690 1452; x_wconf 74' lang='lat' dir='ltr'>tuus</span> <span class='ocrx_word' id='word_1_97' title='bbox 751 1395 882 1465; x_wconf 88' lang='lat' dir='ltr'>ipsa</span> <span class='ocrx_word' id='word_1_98' title='bbox 935 1411 1028 1451; x_wconf 89' lang='lat' dir='ltr'>me</span> <span class='ocrx_word' id='word_1_99' title='bbox 1077 1395 1385 1451; x_wconf 80' lang='lat' dir='ltr'>consolata</span> <span class='ocrx_word' id='word_1_100' title='bbox 1439 1399 1578 1450; x_wconf 85' lang='lat' dir='ltr'>sunt</span> <span class='ocrx_word' id='word_1_101' title='bbox 1634 1393 1820 1464; x_wconf 85' lang='lat' dir='ltr'>(Psal.</span> 
     </span>
    </p>
   </div>
   <div class='ocr_carea' id='block_1_16' title="bbox 153 1483 595 1557">
    <p class='ocr_par' dir='ltr' id='par_1_16' title="bbox 153 1483 595 1557">
     <span class='ocr_line' id='line_1_16' title="bbox 153 1483 595 1557; baseline 0 -17"><span class='ocrx_word' id='word_1_102' title='bbox 153 1500 298 1553; x_wconf 82' lang='lat' dir='ltr'>xm,</span> <span class='ocrx_word' id='word_1_103' title='bbox 332 1485 405 1557; x_wconf 84' lang='grc'>4).</span> <span class='ocrx_word' id='word_1_104' title='bbox 435 1483 595 1540; x_wconf 85' lang='lat' dir='ltr'>Vale.</span> 
     </span>
    </p>
   </div>
   <div class='ocr_carea' id='block_1_17' title="bbox 513 1572 1463 1648">
    <p class='ocr_par' dir='ltr' id='par_1_17' title="bbox 513 1572 1463 1648">
     <span class='ocr_line' id='line_1_17' title="bbox 513 1572 1463 1648; baseline -0.004 -19"><span class='ocrx_word' id='word_1_105' title='bbox 513 1575 849 1648; x_wconf 67' lang='lat' dir='ltr'>EPISTULA</span> <span class='ocrx_word' id='word_1_106' title='bbox 882 1575 1057 1629; x_wconf 81' lang='lat' dir='ltr'>XLVII</span> <span class='ocrx_word' id='word_1_107' title='bbox 1093 1572 1253 1648; x_wconf 85' lang='lat' dir='ltr'>[olim</span> <span class='ocrx_word' id='word_1_108' title='bbox 1285 1573 1463 1648; x_wconf 89' lang='lat' dir='ltr'>LVII].</span> 
     </span>
    </p>
   </div>
   <div class='ocr_carea' id='block_1_18' title="bbox 702 1645 1279 1714">
    <p class='ocr_par' dir='ltr' id='par_1_18' title="bbox 702 1645 1279 1714">
     <span class='ocr_line' id='line_1_18' title="bbox 702 1645 1279 1714; baseline -0.003 -13"><span class='ocrx_word' id='word_1_109' title='bbox 702 1645 892 1714; x_wconf 89' lang='lat' dir='ltr'>(Circa</span> <span class='ocrx_word' id='word_1_110' title='bbox 917 1661 1016 1700; x_wconf 90' lang='lat' dir='ltr'>an.</span> <span class='ocrx_word' id='word_1_111' title='bbox 1050 1645 1279 1711; x_wconf 80' lang='lat' dir='ltr'>eumd.)</span> 
     </span>
    </p>
   </div>
   <div class='ocr_carea' id='block_1_19' title="bbox 1931 492 3596 566">
    <p class='ocr_par' dir='ltr' id='par_1_19' title="bbox 1931 492 3596 566">
     <span class='ocr_line' id='line_1_19' title="bbox 1931 492 3596 566; baseline 0.002 -19"><span class='ocrx_word' id='word_1_112' title='bbox 1931 492 2000 548; x_wconf 87' lang='lat' dir='ltr'>iri</span> <span class='ocrx_word' id='word_1_113' title='bbox 2022 493 2351 566; x_wconf 89' lang='lat' dir='ltr'>opitulante</span> <span class='ocrx_word' id='word_1_114' title='bbox 2379 498 2570 564; x_wconf 87' lang='lat' dir='ltr'>gratia</span> <span class='ocrx_word' id='word_1_115' title='bbox 2601 495 2827 551; x_wconf 84' lang='lat' dir='ltr'>Christi.</span> <span class='ocrx_word' id='word_1_116' title='bbox 2854 495 3071 564; x_wconf 88' lang='lat' dir='ltr'>Valete,</span> <span class='ocrx_word' id='word_1_117' title='bbox 3104 494 3456 551; x_wconf 79' lang='lat' dir='ltr'>charissima</span> <span class='ocrx_word' id='word_1_118' title='bbox 3496 499 3596 551; x_wconf 91' lang='lat' dir='ltr'>Pa-</span> 
     </span>
    </p>
   </div>
   <div class='ocr_carea' id='block_1_20' title="bbox 1932 584 3413 649">
    <p class='ocr_par' dir='ltr' id='par_1_20' title="bbox 1932 584 3413 649">
     <span class='ocr_line' id='line_1_20' title="bbox 1932 584 3413 649; baseline 0.002 -12"><span class='ocrx_word' id='word_1_119' title='bbox 1932 585 2040 649; x_wconf 91' lang='lat' dir='ltr'>ter,</span> <span class='ocrx_word' id='word_1_120' title='bbox 2071 588 2128 639; x_wconf 91' lang='lat' dir='ltr'>et</span> <span class='ocrx_word' id='word_1_121' title='bbox 2152 589 2514 641; x_wconf 89' lang='lat' dir='ltr'>mementote</span> <span class='ocrx_word' id='word_1_122' title='bbox 2545 585 2663 640; x_wconf 87' lang='lat' dir='ltr'>mei</span> <span class='ocrx_word' id='word_1_123' title='bbox 2693 585 2754 639; x_wconf 90' lang='lat' dir='ltr'>in</span> <span class='ocrx_word' id='word_1_124' title='bbox 2784 584 3154 640; x_wconf 89' lang='lat' dir='ltr'>orationibus</span> <span class='ocrx_word' id='word_1_125' title='bbox 3185 585 3413 640; x_wconf 86' lang='lat' dir='ltr'>vestris.</span> 
     </span>
    </p>
   </div>
   <div class='ocr_carea' id='block_1_21' title="bbox 2306 671 3226 746">
    <p class='ocr_par' dir='ltr' id='par_1_21' title="bbox 2306 671 3226 746">
     <span class='ocr_line' id='line_1_21' title="bbox 2306 671 3226 746; baseline -0.002 -18"><span class='ocrx_word' id='word_1_126' title='bbox 2306 674 2645 729; x_wconf 74' lang='lat' dir='ltr'>EPISTULA</span> <span class='ocrx_word' id='word_1_127' title='bbox 2686 675 2835 728; x_wconf 82' lang='lat' dir='ltr'>XLIX</span> <span class='ocrx_word' id='word_1_128' title='bbox 2878 671 3038 746; x_wconf 83' lang='lat' dir='ltr'>[olim</span> <span class='ocrx_word' id='word_1_129' title='bbox 3081 673 3226 743; x_wconf 77' lang='lat' dir='ltr'>LIX].</span> 
     </span>
    </p>
   </div>
   <div class='ocr_carea' id='block_1_22' title="bbox 2482 761 3051 831">
    <p class='ocr_par' dir='ltr' id='par_1_22' title="bbox 2482 761 3051 831">
     <span class='ocr_line' id='line_1_22' title="bbox 2482 761 3051 831; baseline -0.004 -14"><span class='ocrx_word' id='word_1_130' title='bbox 2482 761 2670 831; x_wconf 84' lang='lat' dir='ltr'>(Circa</span> <span class='ocrx_word' id='word_1_131' title='bbox 2699 777 2797 816; x_wconf 92' lang='lat' dir='ltr'>an.</span> <span class='ocrx_word' id='word_1_132' title='bbox 2826 761 3051 831; x_wconf 91' lang='lat' dir='ltr'>eumd.)</span> 
     </span>
    </p>
   </div>
   <div class='ocr_carea' id='block_1_23' title="bbox 1946 850 3598 921">
    <p class='ocr_par' dir='ltr' id='par_1_23' title="bbox 1946 850 3598 921">
     <span class='ocr_line' id='line_1_23' title="bbox 1946 850 3598 921; baseline 0.002 -18"><span class='ocrx_word' id='word_1_133' title='bbox 1946 850 2283 906; x_wconf 78' lang='lat' dir='ltr'>Venerabili</span> <span class='ocrx_word' id='word_1_134' title='bbox 2302 852 2679 908; x_wconf 76' lang='lat' dir='ltr'>Parisiorum</span> <span class='ocrx_word' id='word_1_135' title='bbox 2706 853 2976 921; x_wconf 85' lang='lat' dir='ltr'>episcopo</span> <span class='ocrx_word' id='word_1_136' title='bbox 3045 854 3318 907; x_wconf 63' lang='grc' dir='ltr'>ΡΜΝοοΜ</span> <span class='ocrx_word' id='word_1_137' title='bbox 3362 855 3598 908; x_wconf 69' lang='lat' dir='ltr'>Fumea-</span> 
     </span>
    </p>
   </div>
   <div class='ocr_carea' id='block_1_24' title="bbox 2407 942 3120 997">
    <p class='ocr_par' dir='ltr' id='par_1_24' title="bbox 2407 942 3120 997">
     <span class='ocr_line' id='line_1_24' title="bbox 2407 942 3120 997; baseline 0.001 -2"><span class='ocrx_word' id='word_1_138' title='bbox 2407 957 2508 995; x_wconf 72' lang='lat' dir='ltr'>rits</span> <span class='ocrx_word' id='word_1_139' title='bbox 2554 942 2798 997; x_wconf 80' lang='lat' dir='ltr'>humilis</span> <span class='ocrx_word' id='word_1_140' title='bbox 2827 943 3120 997; x_wconf 83' lang='lat' dir='ltr'>sacerdos.</span> 
     </span>
    </p>
   </div>
   <div class='ocr_carea' id='block_1_25' title="bbox 1985 1028 3598 1103">
    <p class='ocr_par' dir='ltr' id='par_1_25' title="bbox 1985 1028 3598 1103">
     <span class='ocr_line' id='line_1_25' title="bbox 1985 1028 3598 1103; baseline 0.002 -20"><span class='ocrx_word' id='word_1_141' title='bbox 1985 1028 2186 1084; x_wconf 89' lang='lat' dir='ltr'>Doleo</span> <span class='ocrx_word' id='word_1_142' title='bbox 2238 1046 2419 1102; x_wconf 89' lang='lat' dir='ltr'>super</span> <span class='ocrx_word' id='word_1_143' title='bbox 2447 1034 2524 1099; x_wconf 92' lang='lat' dir='ltr'>te,</span> <span class='ocrx_word' id='word_1_144' title='bbox 2561 1030 2930 1101; x_wconf 88' lang='lat' dir='ltr'>charissime,</span> <span class='ocrx_word' id='word_1_145' title='bbox 2982 1048 3121 1086; x_wconf 90' lang='lat' dir='ltr'>cum</span> <span class='ocrx_word' id='word_1_146' title='bbox 3169 1035 3224 1086; x_wconf 86' lang='lat' dir='ltr'>te</span> <span class='ocrx_word' id='word_1_147' title='bbox 3256 1047 3293 1086; x_wconf 92' lang='lat' dir='ltr'>a</span> <span class='ocrx_word' id='word_1_148' title='bbox 3343 1030 3598 1103; x_wconf 88' lang='lat' dir='ltr'>pristina</span> 
     </span>
    </p>
   </div>
   <div class='ocr_carea' id='block_1_26' title="bbox 1934 1117 3600 1193">
    <p class='ocr_par' dir='ltr' id='par_1_26' title="bbox 1934 1117 3600 1193">
     <span class='ocr_line' id='line_1_26' title="bbox 1934 1117 3600 1193; baseline 0.002 -20"><span class='ocrx_word' id='word_1_149' title='bbox 1934 1117 2147 1174; x_wconf 89' lang='lat' dir='ltr'>virtute</span> <span class='ocrx_word' id='word_1_150' title='bbox 2173 1123 2517 1190; x_wconf 88' lang='lat' dir='ltr'>apostatare</span> <span class='ocrx_word' id='word_1_151' title='bbox 2546 1119 2742 1176; x_wconf 90' lang='lat' dir='ltr'>video.</span> <span class='ocrx_word' id='word_1_152' title='bbox 2777 1120 2927 1177; x_wconf 88' lang='lat' dir='ltr'>Olim</span> <span class='ocrx_word' id='word_1_153' title='bbox 2959 1119 3124 1193; x_wconf 90' lang='lat' dir='ltr'>apud</span> <span class='ocrx_word' id='word_1_154' title='bbox 3155 1137 3252 1177; x_wconf 90' lang='lat' dir='ltr'>me</span> <span class='ocrx_word' id='word_1_155' title='bbox 3273 1137 3600 1193; x_wconf 89' lang='lat' dir='ltr'>conquere-</span> 
     </span>
    </p>
   </div>
   <div class='ocr_carea' id='block_1_27' title="bbox 1932 1208 3596 1283">
    <p class='ocr_par' dir='ltr' id='par_1_27' title="bbox 1932 1208 3596 1283">
     <span class='ocr_line' id='line_1_27' title="bbox 1932 1208 3596 1283; baseline 0.002 -20"><span class='ocrx_word' id='word_1_156' title='bbox 1932 1208 2097 1264; x_wconf 91' lang='lat' dir='ltr'>baris</span> <span class='ocrx_word' id='word_1_157' title='bbox 2123 1208 2199 1265; x_wconf 91' lang='lat' dir='ltr'>de</span> <span class='ocrx_word' id='word_1_158' title='bbox 2225 1213 2329 1264; x_wconf 91' lang='lat' dir='ltr'>tuo</span> <span class='ocrx_word' id='word_1_159' title='bbox 2369 1215 2764 1275; x_wconf 88' lang='lat' dir='ltr'>antecessore,</span> <span class='ocrx_word' id='word_1_160' title='bbox 2793 1209 2896 1283; x_wconf 88' lang='lat' dir='ltr'>qui</span> <span class='ocrx_word' id='word_1_161' title='bbox 2940 1209 3226 1281; x_wconf 88' lang='lat' dir='ltr'>sacrilega</span> <span class='ocrx_word' id='word_1_162' title='bbox 3273 1211 3596 1266; x_wconf 87' lang='lat' dir='ltr'>temeritate</span> 
     </span>
    </p>
   </div>
   <div class='ocr_carea' id='block_1_28' title="bbox 1934 1296 3598 1355">
    <p class='ocr_par' dir='ltr' id='par_1_28' title="bbox 1934 1296 3598 1355">
     <span class='ocr_line' id='line_1_28' title="bbox 1934 1296 3598 1355; baseline 0.001 -3"><span class='ocrx_word' id='word_1_163' title='bbox 1934 1296 2143 1352; x_wconf 90' lang='lat' dir='ltr'>altaria</span> <span class='ocrx_word' id='word_1_164' title='bbox 2172 1297 2336 1353; x_wconf 91' lang='lat' dir='ltr'>laicis</span> <span class='ocrx_word' id='word_1_165' title='bbox 2367 1297 2426 1354; x_wconf 88' lang='lat' dir='ltr'>in</span> <span class='ocrx_word' id='word_1_166' title='bbox 2479 1298 2841 1354; x_wconf 83' lang='lat' dir='ltr'>beneficium</span> <span class='ocrx_word' id='word_1_167' title='bbox 2893 1298 3182 1354; x_wconf 88' lang='lat' dir='ltr'>dederat:</span> <span class='ocrx_word' id='word_1_168' title='bbox 3241 1315 3401 1355; x_wconf 91' lang='lat' dir='ltr'>nunc</span> <span class='ocrx_word' id='word_1_169' title='bbox 3449 1299 3598 1354; x_wconf 90' lang='lat' dir='ltr'>mihi</span> 
     </span>
    </p>
   </div>
   <div class='ocr_carea' id='block_1_29' title="bbox 1935 1386 3591 1457">
    <p class='ocr_par' dir='ltr' id='par_1_29' title="bbox 1935 1386 3591 1457">
     <span class='ocr_line' id='line_1_29' title="bbox 1935 1386 3591 1457; baseline 0.002 -17"><span class='ocrx_word' id='word_1_170' title='bbox 1935 1386 2156 1442; x_wconf 88' lang='lat' dir='ltr'>suades</span> <span class='ocrx_word' id='word_1_171' title='bbox 2191 1391 2255 1442; x_wconf 92' lang='lat' dir='ltr'>ut</span> <span class='ocrx_word' id='word_1_172' title='bbox 2275 1403 2386 1457; x_wconf 88' lang='lat' dir='ltr'>ego</span> <span class='ocrx_word' id='word_1_173' title='bbox 2409 1387 2675 1443; x_wconf 87' lang='lat' dir='ltr'>similiter</span> <span class='ocrx_word' id='word_1_174' title='bbox 2700 1388 2939 1443; x_wconf 85' lang='lat' dir='ltr'>faciam.</span> <span class='ocrx_word' id='word_1_175' title='bbox 2973 1390 3016 1444; x_wconf 92' lang='grc' dir='ltr'><strong>Ο</strong></span> <span class='ocrx_word' id='word_1_176' title='bbox 3041 1388 3296 1444; x_wconf 70' lang='lat' dir='ltr'>crelum!</span> <span class='ocrx_word' id='word_1_177' title='bbox 3330 1405 3366 1444; x_wconf 96' lang='lat' dir='ltr'>o</span> <span class='ocrx_word' id='word_1_178' title='bbox 3401 1389 3591 1445; x_wconf 85' lang='lat' dir='ltr'>terra!</span> 
     </span>
    </p>
   </div>
   <div class='ocr_carea' id='block_1_30' title="bbox 1932 1475 3595 1549">
    <p class='ocr_par' dir='ltr' id='par_1_30' title="bbox 1932 1475 3595 1549">
     <span class='ocr_line' id='line_1_30' title="bbox 1932 1475 3595 1549; baseline 0.002 -18"><span class='ocrx_word' id='word_1_179' title='bbox 1932 1475 2078 1548; x_wconf 86' lang='lat' dir='ltr'>quid</span> <span class='ocrx_word' id='word_1_180' title='bbox 2109 1475 2395 1532; x_wconf 90' lang='lat' dir='ltr'>clamem!</span> <span class='ocrx_word' id='word_1_181' title='bbox 2432 1481 2536 1532; x_wconf 91' lang='lat' dir='ltr'>aut</span> <span class='ocrx_word' id='word_1_182' title='bbox 2565 1494 2686 1549; x_wconf 88' lang='lat' dir='ltr'>quo</span> <span class='ocrx_word' id='word_1_183' title='bbox 2723 1478 2838 1533; x_wconf 88' lang='lat' dir='ltr'>tuis</span> <span class='ocrx_word' id='word_1_184' title='bbox 2867 1477 3090 1532; x_wconf 85' lang='lat' dir='ltr'>meritis</span> <span class='ocrx_word' id='word_1_185' title='bbox 3119 1478 3304 1547; x_wconf 83' lang='lat' dir='ltr'>digno</span> <span class='ocrx_word' id='word_1_186' title='bbox 3326 1478 3510 1534; x_wconf 91' lang='lat' dir='ltr'>modo</span> <span class='ocrx_word' id='word_1_187' title='bbox 3540 1483 3595 1534; x_wconf 90' lang='lat' dir='ltr'>te</span> 
     </span>
    </p>
   </div>
   <div class='ocr_carea' id='block_1_31' title="bbox 1932 1565 3596 1640">
    <p class='ocr_par' dir='ltr' id='par_1_31' title="bbox 1932 1565 3596 1640">
     <span class='ocr_line' id='line_1_31' title="bbox 1932 1565 3596 1640; baseline 0.001 -20"><span class='ocrx_word' id='word_1_188' title='bbox 1932 1565 2253 1636; x_wconf 89' lang='lat' dir='ltr'>objurgare</span> <span class='ocrx_word' id='word_1_189' title='bbox 2279 1565 2509 1639; x_wconf 90' lang='lat' dir='ltr'>possim</span> <span class='ocrx_word' id='word_1_190' title='bbox 2538 1567 2549 1621; x_wconf 90' lang='lat'>!</span> <span class='ocrx_word' id='word_1_191' title='bbox 2581 1567 2694 1624; x_wconf 88' lang='lat' dir='ltr'>Sed</span> <span class='ocrx_word' id='word_1_192' title='bbox 2735 1583 3054 1640; x_wconf 90' lang='lat' dir='ltr'>compesco</span> <span class='ocrx_word' id='word_1_193' title='bbox 3093 1583 3254 1623; x_wconf 91' lang='lat' dir='ltr'>nunc</span> <span class='ocrx_word' id='word_1_194' title='bbox 3303 1567 3596 1624; x_wconf 88' lang='lat' dir='ltr'>ferventes</span> 
     </span>
    </p>
   </div>
   <div class='ocr_carea' id='block_1_32' title="bbox 1931 1655 3598 1730">
    <p class='ocr_par' dir='ltr' id='par_1_32' title="bbox 1931 1655 3598 1730">
     <span class='ocr_line' id='line_1_32' title="bbox 1931 1655 3598 1730; baseline 0.001 -20"><span class='ocrx_word' id='word_1_195' title='bbox 1931 1655 2116 1710; x_wconf 90' lang='lat' dir='ltr'>animi</span> <span class='ocrx_word' id='word_1_196' title='bbox 2149 1655 2264 1711; x_wconf 90' lang='lat' dir='ltr'>mei</span> <span class='ocrx_word' id='word_1_197' title='bbox 2295 1656 2535 1728; x_wconf 80' lang='lat' dir='ltr'>fluctus,</span> <span class='ocrx_word' id='word_1_198' title='bbox 2567 1657 2760 1712; x_wconf 92' lang='lat' dir='ltr'>donec</span> <span class='ocrx_word' id='word_1_199' title='bbox 2790 1662 2842 1712; x_wconf 91' lang='lat' dir='ltr'>te</span> <span class='ocrx_word' id='word_1_200' title='bbox 2891 1657 3340 1730; x_wconf 60' lang='lat' dir='ltr'>praasentialiter</span> <span class='ocrx_word' id='word_1_201' title='bbox 3393 1657 3598 1730; x_wconf 81' lang='lat' dir='ltr'>exqui-</span> 
     </span>
    </p>
   </div>
   <div class='ocr_carea' id='block_1_33' title="bbox 165 1734 1817 1819">
    <p class='ocr_par' dir='ltr' id='par_1_33' title="bbox 165 1734 1817 1819">
     <span class='ocr_line' id='line_1_33' title="bbox 165 1734 1817 1819; baseline -0.001 -30"><span class='ocrx_word' id='word_1_202' title='bbox 165 1735 508 1819; x_wconf 65' lang='lat' dir='ltr'>Venerabili</span> <span class='ocrx_word' id='word_1_203' title='bbox 532 1734 980 1819; x_wconf 62' lang='lat' dir='ltr'>Leodiceasium</span> <span class='ocrx_word' id='word_1_204' title='bbox 1029 1735 1206 1819; x_wconf 73' lang='lat' dir='ltr'>episc.</span> <span class='ocrx_word' id='word_1_205' title='bbox 1241 1737 1510 1819; x_wconf 38' lang='lat' dir='ltr'>llos-amo-</span> <span class='ocrx_word' id='word_1_206' title='bbox 1542 1735 1651 1805; x_wconf 88' lang='grc'>(33)</span> <span class='ocrx_word' id='word_1_207' title='bbox 1681 1735 1817 1816; x_wconf 81' lang='lat' dir='ltr'>_FUL-</span> 
     </span>
    </p>
   </div>
   <div class='ocr_carea' id='block_1_34' title="bbox 1988 1734 3596 1819">
    <p class='ocr_par' dir='ltr' id='par_1_34' title="bbox 1988 1745 3596 1819">
     <span class='ocr_line' id='line_1_34' title="bbox 1988 1745 3596 1819; baseline 0.001 -19"><span class='ocrx_word' id='word_1_208' title='bbox 1988 1745 2056 1800; x_wconf 92' lang='lat' dir='ltr'>tis</span> <span class='ocrx_word' id='word_1_209' title='bbox 2085 1745 2564 1819; x_wconf 90' lang='lat' dir='ltr'>increpationum</span> <span class='ocrx_word' id='word_1_210' title='bbox 2599 1747 2907 1802; x_wconf 85' lang='lat' dir='ltr'>tormentis</span> <span class='ocrx_word' id='word_1_211' title='bbox 2939 1747 3296 1804; x_wconf 85' lang='lat' dir='ltr'>excruciem.</span> <span class='ocrx_word' id='word_1_212' title='bbox 3330 1747 3468 1803; x_wconf 89' lang='lat' dir='ltr'>Vale</span> <span class='ocrx_word' id='word_1_213' title='bbox 3517 1747 3596 1802; x_wconf 92' lang='lat' dir='ltr'>in-</span> 
     </span>
    </p>
   </div>
   <div class='ocr_carea' id='block_1_35' title="bbox 225 1805 1748 1876">
    <p class='ocr_par' dir='ltr' id='par_1_35' title="bbox 225 1805 1748 1876">
     <span class='ocr_line' id='line_1_35' title="bbox 225 1805 1748 1876; baseline -0.003 -14"><span class='ocrx_word' id='word_1_214' title='bbox 225 1822 433 1862; x_wconf 74' lang='lat' dir='ltr'>nsarus</span> <span class='ocrx_word' id='word_1_215' title='bbox 461 1805 844 1861; x_wconf 84' lang='lat' dir='ltr'>Carnolensis</span> <span class='ocrx_word' id='word_1_216' title='bbox 876 1807 1076 1862; x_wconf 85' lang='lat' dir='ltr'>omnia</span> <span class='ocrx_word' id='word_1_217' title='bbox 1109 1807 1426 1862; x_wconf 80' lang='lat' dir='ltr'>charitatis</span> <span class='ocrx_word' id='word_1_218' title='bbox 1449 1806 1748 1876; x_wconf 83' lang='lat' dir='ltr'>obsequia.</span> 
     </span>
    </p>
   </div>
   <div class='ocr_carea' id='block_1_36' title="bbox 227 1893 1824 1968">
    <p class='ocr_par' dir='ltr' id='par_1_36' title="bbox 227 1893 1824 1968">
     <span class='ocr_line' id='line_1_36' title="bbox 227 1893 1824 1968; baseline -0.001 -17"><span class='ocrx_word' id='word_1_219' title='bbox 227 1897 376 1952; x_wconf 91' lang='lat' dir='ltr'>Cum</span> <span class='ocrx_word' id='word_1_220' title='bbox 406 1893 713 1968; x_wconf 89' lang='lat' dir='ltr'>dispersas</span> <span class='ocrx_word' id='word_1_221' title='bbox 739 1910 883 1950; x_wconf 88' lang='lat' dir='ltr'>oves</span> <span class='ocrx_word' id='word_1_222' title='bbox 914 1893 1158 1950; x_wconf 90' lang='lat' dir='ltr'>sollicite</span> <span class='ocrx_word' id='word_1_223' title='bbox 1180 1911 1250 1950; x_wconf 91' lang='lat' dir='ltr'>ac</span> <span class='ocrx_word' id='word_1_224' title='bbox 1287 1894 1451 1965; x_wconf 89' lang='lat' dir='ltr'>longi</span> <span class='ocrx_word' id='word_1_225' title='bbox 1494 1894 1718 1950; x_wconf 82' lang='lat' dir='ltr'>itineris</span> <span class='ocrx_word' id='word_1_226' title='bbox 1742 1893 1824 1950; x_wconf 88' lang='lat' dir='ltr'>la-</span> 
     </span>
    </p>
   </div>
   <div class='ocr_carea' id='block_1_37' title="bbox 152 1982 1826 2056">
    <p class='ocr_par' dir='ltr' id='par_1_37' title="bbox 152 1982 1826 2056">
     <span class='ocr_line' id='line_1_37' title="bbox 152 1982 1826 2056; baseline 0.001 -18"><span class='ocrx_word' id='word_1_227' title='bbox 152 1983 301 2039; x_wconf 90' lang='lat' dir='ltr'>bore</span> <span class='ocrx_word' id='word_1_228' title='bbox 327 1982 616 2056; x_wconf 78' lang='lat' dir='ltr'>quaeritis,</span> <span class='ocrx_word' id='word_1_229' title='bbox 645 1982 763 2038; x_wconf 72' lang='lat' dir='ltr'>laeti</span> <span class='ocrx_word' id='word_1_230' title='bbox 792 1983 1243 2056; x_wconf 89' lang='lat' dir='ltr'>perpendimus,</span> <span class='ocrx_word' id='word_1_231' title='bbox 1273 1986 1456 2051; x_wconf 89' lang='lat' dir='ltr'>Pater,</span> <span class='ocrx_word' id='word_1_232' title='bbox 1513 1984 1679 2056; x_wconf 89' lang='lat' dir='ltr'>quod</span> <span class='ocrx_word' id='word_1_233' title='bbox 1722 2000 1826 2056; x_wconf 86' lang='lat' dir='ltr'>pa-</span> 
     </span>
    </p>
   </div>
   <div class='ocr_carea' id='block_1_38' title="bbox 155 2071 1826 2143">
    <p class='ocr_par' dir='ltr' id='par_1_38' title="bbox 155 2071 1826 2143">
     <span class='ocr_line' id='line_1_38' title="bbox 155 2071 1826 2143; baseline 0.001 -15"><span class='ocrx_word' id='word_1_234' title='bbox 155 2071 331 2129; x_wconf 88' lang='lat' dir='ltr'>storis</span> <span class='ocrx_word' id='word_1_235' title='bbox 377 2088 601 2128; x_wconf 88' lang='lat' dir='ltr'>nomen</span> <span class='ocrx_word' id='word_1_236' title='bbox 659 2072 1021 2143; x_wconf 89' lang='lat' dir='ltr'>negligentia</span> <span class='ocrx_word' id='word_1_237' title='bbox 1078 2089 1200 2129; x_wconf 91' lang='lat' dir='ltr'>non</span> <span class='ocrx_word' id='word_1_238' title='bbox 1254 2073 1546 2129; x_wconf 88' lang='lat' dir='ltr'>cassatis:</span> <span class='ocrx_word' id='word_1_239' title='bbox 1602 2074 1677 2130; x_wconf 91' lang='lat' dir='ltr'>de</span> <span class='ocrx_word' id='word_1_240' title='bbox 1727 2073 1826 2130; x_wconf 90' lang='lat' dir='ltr'>illa</span> 
     </span>
    </p>
   </div>
   <div class='ocr_carea' id='block_1_39' title="bbox 153 2161 1828 2234">
    <p class='ocr_par' dir='ltr' id='par_1_39' title="bbox 153 2161 1828 2234">
     <span class='ocr_line' id='line_1_39' title="bbox 153 2161 1828 2234; baseline 0.001 -17"><span class='ocrx_word' id='word_1_241' title='bbox 153 2166 358 2218; x_wconf 89' lang='lat' dir='ltr'>tamen</span> <span class='ocrx_word' id='word_1_242' title='bbox 388 2177 499 2217; x_wconf 86' lang='lat' dir='ltr'>ove</span> <span class='ocrx_word' id='word_1_243' title='bbox 529 2178 666 2234; x_wconf 56' lang='lat' dir='ltr'>quas</span> <span class='ocrx_word' id='word_1_244' title='bbox 698 2161 758 2217; x_wconf 90' lang='lat' dir='ltr'>in</span> <span class='ocrx_word' id='word_1_245' title='bbox 790 2161 1009 2217; x_wconf 85' lang='lat' dir='ltr'>nostris</span> <span class='ocrx_word' id='word_1_246' title='bbox 1041 2163 1281 2234; x_wconf 89' lang='lat' dir='ltr'>pascuis</span> <span class='ocrx_word' id='word_1_247' title='bbox 1310 2162 1684 2231; x_wconf 87' lang='lat' dir='ltr'>observatur,</span> <span class='ocrx_word' id='word_1_248' title='bbox 1714 2163 1828 2219; x_wconf 92' lang='lat' dir='ltr'>fra-</span> 
     </span>
    </p>
   </div>
   <div class='ocr_carea' id='block_1_40' title="bbox 153 2251 1827 2327">
    <p class='ocr_par' dir='ltr' id='par_1_40' title="bbox 153 2251 1827 2327">
     <span class='ocr_line' id='line_1_40' title="bbox 153 2251 1827 2327; baseline 0.001 -19"><span class='ocrx_word' id='word_1_249' title='bbox 153 2256 306 2308; x_wconf 89' lang='lat' dir='ltr'>trem</span> <span class='ocrx_word' id='word_1_250' title='bbox 333 2255 399 2307; x_wconf 81' lang='grc' dir='ltr'><strong>Α.</strong></span> <span class='ocrx_word' id='word_1_251' title='bbox 435 2251 881 2308; x_wconf 89' lang='lat' dir='ltr'>subdiaconum</span> <span class='ocrx_word' id='word_1_252' title='bbox 925 2251 1160 2324; x_wconf 84' lang='lat' dir='ltr'>loquor,</span> <span class='ocrx_word' id='word_1_253' title='bbox 1203 2268 1448 2308; x_wconf 88' lang='lat' dir='ltr'>securus</span> <span class='ocrx_word' id='word_1_254' title='bbox 1490 2257 1636 2324; x_wconf 89' lang='lat' dir='ltr'>esto,</span> <span class='ocrx_word' id='word_1_255' title='bbox 1683 2253 1827 2327; x_wconf 89' lang='lat' dir='ltr'>quia</span> 
     </span>
    </p>
   </div>
   <div class='ocr_carea' id='block_1_41' title="bbox 153 2339 1825 2413">
    <p class='ocr_par' dir='ltr' id='par_1_41' title="bbox 153 2339 1825 2413">
     <span class='ocr_line' id='line_1_41' title="bbox 153 2339 1825 2413; baseline 0.002 -17"><span class='ocrx_word' id='word_1_256' title='bbox 153 2339 258 2396; x_wconf 87' lang='lat' dir='ltr'>Dei</span> <span class='ocrx_word' id='word_1_257' title='bbox 289 2339 482 2410; x_wconf 85' lang='lat' dir='ltr'>gratia</span> <span class='ocrx_word' id='word_1_258' title='bbox 516 2339 670 2396; x_wconf 89' lang='lat' dir='ltr'>bene</span> <span class='ocrx_word' id='word_1_259' title='bbox 700 2340 983 2407; x_wconf 89' lang='lat' dir='ltr'>ruminat,</span> <span class='ocrx_word' id='word_1_260' title='bbox 1023 2344 1080 2397; x_wconf 91' lang='lat' dir='ltr'>ct</span> <span class='ocrx_word' id='word_1_261' title='bbox 1125 2339 1408 2413; x_wconf 88' lang='lat' dir='ltr'>luporum</span> <span class='ocrx_word' id='word_1_262' title='bbox 1457 2341 1704 2398; x_wconf 89' lang='lat' dir='ltr'>insidias</span> <span class='ocrx_word' id='word_1_263' title='bbox 1734 2359 1825 2400; x_wconf 92' lang='lat' dir='ltr'>sa-</span> 
     </span>
    </p>
   </div>
   <div class='ocr_carea' id='block_1_42' title="bbox 155 2429 1826 2502">
    <p class='ocr_par' dir='ltr' id='par_1_42' title="bbox 155 2429 1826 2502">
     <span class='ocr_line' id='line_1_42' title="bbox 155 2429 1826 2502; baseline 0.002 -17"><span class='ocrx_word' id='word_1_264' title='bbox 155 2429 379 2500; x_wconf 89' lang='lat' dir='ltr'>gaciter</span> <span class='ocrx_word' id='word_1_265' title='bbox 435 2433 620 2485; x_wconf 78' lang='lat' dir='ltr'>cavet.</span> <span class='ocrx_word' id='word_1_266' title='bbox 683 2433 796 2486; x_wconf 89' lang='lat' dir='ltr'>Nec</span> <span class='ocrx_word' id='word_1_267' title='bbox 841 2429 1154 2502; x_wconf 86' lang='lat' dir='ltr'>appelletis</span> <span class='ocrx_word' id='word_1_268' title='bbox 1193 2446 1332 2486; x_wconf 88' lang='lat' dir='ltr'>eum</span> <span class='ocrx_word' id='word_1_269' title='bbox 1378 2430 1531 2487; x_wconf 90' lang='lat' dir='ltr'>ultra</span> <span class='ocrx_word' id='word_1_270' title='bbox 1579 2431 1826 2488; x_wconf 88' lang='lat' dir='ltr'>militem</span> 
     </span>
    </p>
   </div>
   <div class='ocr_carea' id='block_1_43' title="bbox 153 2517 1826 2592">
    <p class='ocr_par' dir='ltr' id='par_1_43' title="bbox 153 2517 1826 2592">
     <span class='ocr_line' id='line_1_43' title="bbox 153 2517 1826 2592; baseline 0.001 -18"><span class='ocrx_word' id='word_1_271' title='bbox 153 2518 494 2590; x_wconf 88' lang='lat' dir='ltr'>fugitivum,</span> <span class='ocrx_word' id='word_1_272' title='bbox 527 2517 818 2591; x_wconf 89' lang='lat' dir='ltr'>quoniam</span> <span class='ocrx_word' id='word_1_273' title='bbox 849 2524 1128 2575; x_wconf 90' lang='lat' dir='ltr'>accurate</span> <span class='ocrx_word' id='word_1_274' title='bbox 1174 2535 1236 2575; x_wconf 92' lang='lat' dir='ltr'>se</span> <span class='ocrx_word' id='word_1_275' title='bbox 1282 2525 1582 2592; x_wconf 66' lang='lat' dir='ltr'>praeparat</span> <span class='ocrx_word' id='word_1_276' title='bbox 1621 2521 1698 2576; x_wconf 90' lang='lat' dir='ltr'>ad</span> <span class='ocrx_word' id='word_1_277' title='bbox 1725 2521 1826 2576; x_wconf 88' lang='lat' dir='ltr'>de-</span> 
     </span>
    </p>
   </div>
   <div class='ocr_carea' id='block_1_44' title="bbox 156 2605 1824 2678">
    <p class='ocr_par' dir='ltr' id='par_1_44' title="bbox 156 2605 1824 2678">
     <span class='ocr_line' id='line_1_44' title="bbox 156 2605 1824 2678; baseline 0.001 -15"><span class='ocrx_word' id='word_1_278' title='bbox 156 2605 439 2663; x_wconf 84' lang='lat' dir='ltr'>bellanda</span> <span class='ocrx_word' id='word_1_279' title='bbox 485 2621 689 2662; x_wconf 87' lang='lat' dir='ltr'>coram</span> <span class='ocrx_word' id='word_1_280' title='bbox 741 2608 861 2662; x_wconf 90' lang='lat' dir='ltr'>Deo</span> <span class='ocrx_word' id='word_1_281' title='bbox 901 2611 957 2662; x_wconf 92' lang='lat' dir='ltr'>et</span> <span class='ocrx_word' id='word_1_282' title='bbox 1004 2607 1180 2662; x_wconf 90' lang='lat' dir='ltr'>nobis</span> <span class='ocrx_word' id='word_1_283' title='bbox 1235 2607 1479 2678; x_wconf 88' lang='lat' dir='ltr'>agmina</span> <span class='ocrx_word' id='word_1_284' title='bbox 1527 2609 1824 2664; x_wconf 91' lang='lat' dir='ltr'>vitiorum.</span> 
     </span>
    </p>
   </div>
   <div class='ocr_carea' id='block_1_45' title="bbox 157 2695 1827 2770">
    <p class='ocr_par' dir='ltr' id='par_1_45' title="bbox 157 2695 1827 2770">
     <span class='ocr_line' id='line_1_45' title="bbox 157 2695 1827 2770; baseline 0.001 -18"><span class='ocrx_word' id='word_1_285' title='bbox 157 2696 362 2752; x_wconf 79' lang='lat' dir='ltr'>Veniet</span> <span class='ocrx_word' id='word_1_286' title='bbox 415 2700 616 2751; x_wconf 91' lang='lat' dir='ltr'>autem</span> <span class='ocrx_word' id='word_1_287' title='bbox 671 2695 750 2751; x_wconf 89' lang='lat' dir='ltr'>ad</span> <span class='ocrx_word' id='word_1_288' title='bbox 817 2712 926 2751; x_wconf 87' lang='lat' dir='ltr'>vos</span> <span class='ocrx_word' id='word_1_289' title='bbox 993 2696 1354 2768; x_wconf 89' lang='lat' dir='ltr'>quantocius</span> <span class='ocrx_word' id='word_1_290' title='bbox 1407 2698 1658 2770; x_wconf 86' lang='lat' dir='ltr'>poterit;</span> <span class='ocrx_word' id='word_1_291' title='bbox 1720 2699 1827 2754; x_wconf 91' lang='lat' dir='ltr'>sed</span> 
     </span>
    </p>
   </div>
   <div class='ocr_carea' id='block_1_46' title="bbox 159 2784 1828 2857">
    <p class='ocr_par' dir='ltr' id='par_1_46' title="bbox 159 2784 1828 2857">
     <span class='ocr_line' id='line_1_46' title="bbox 159 2784 1828 2857; baseline 0.002 -16"><span class='ocrx_word' id='word_1_292' title='bbox 159 2784 211 2842; x_wconf 90' lang='lat' dir='ltr'>si</span> <span class='ocrx_word' id='word_1_293' title='bbox 240 2788 446 2842; x_wconf 87' lang='lat' dir='ltr'>nostra</span> <span class='ocrx_word' id='word_1_294' title='bbox 474 2784 781 2841; x_wconf 88' lang='lat' dir='ltr'>humilitas</span> <span class='ocrx_word' id='word_1_295' title='bbox 812 2784 1077 2840; x_wconf 90' lang='lat' dir='ltr'>invenire</span> <span class='ocrx_word' id='word_1_296' title='bbox 1102 2790 1285 2857; x_wconf 89' lang='lat' dir='ltr'>queat</span> <span class='ocrx_word' id='word_1_297' title='bbox 1312 2787 1566 2856; x_wconf 87' lang='lat' dir='ltr'>gratiam</span> <span class='ocrx_word' id='word_1_298' title='bbox 1597 2788 1655 2842; x_wconf 91' lang='lat' dir='ltr'>in</span> <span class='ocrx_word' id='word_1_299' title='bbox 1687 2803 1828 2844; x_wconf 58' lang='lat' dir='ltr'>ocuc</span> 
     </span>
    </p>
   </div>
   <div class='ocr_carea' id='block_1_47' title="bbox 157 2873 1826 2946">
    <p class='ocr_par' dir='ltr' id='par_1_47' title="bbox 157 2873 1826 2946">
     <span class='ocr_line' id='line_1_47' title="bbox 157 2873 1826 2946; baseline 0.002 -16"><span class='ocrx_word' id='word_1_300' title='bbox 157 2874 230 2930; x_wconf 90' lang='lat' dir='ltr'>Iis</span> <span class='ocrx_word' id='word_1_301' title='bbox 274 2874 512 2938; x_wconf 89' lang='lat' dir='ltr'>vestris,</span> <span class='ocrx_word' id='word_1_302' title='bbox 569 2873 915 2946; x_wconf 90' lang='lat' dir='ltr'>simpliciter</span> <span class='ocrx_word' id='word_1_303' title='bbox 967 2890 1288 2930; x_wconf 81' lang='lat' dir='ltr'>exoramus</span> <span class='ocrx_word' id='word_1_304' title='bbox 1344 2880 1410 2931; x_wconf 85' lang='lat' dir='ltr'>ut</span> <span class='ocrx_word' id='word_1_305' title='bbox 1451 2876 1629 2932; x_wconf 89' lang='lat' dir='ltr'>nobis</span> <span class='ocrx_word' id='word_1_306' title='bbox 1687 2894 1826 2933; x_wconf 92' lang='lat' dir='ltr'>eum</span> 
     </span>
    </p>
   </div>
   <div class='ocr_carea' id='block_1_48' title="bbox 160 2962 1824 3037">
    <p class='ocr_par' dir='ltr' id='par_1_48' title="bbox 160 2962 1824 3037">
     <span class='ocr_line' id='line_1_48' title="bbox 160 2962 1824 3037; baseline 0.001 -17"><span class='ocrx_word' id='word_1_307' title='bbox 160 2962 458 3020; x_wconf 83' lang='lat' dir='ltr'>remittere</span> <span class='ocrx_word' id='word_1_308' title='bbox 477 2979 546 3019; x_wconf 91' lang='lat' dir='ltr'>ac</span> <span class='ocrx_word' id='word_1_309' title='bbox 565 2963 775 3018; x_wconf 78' lang='lat' dir='ltr'>vestris</span> <span class='ocrx_word' id='word_1_310' title='bbox 802 2963 1005 3019; x_wconf 90' lang='lat' dir='ltr'>litteris</span> <span class='ocrx_word' id='word_1_311' title='bbox 1027 2965 1452 3022; x_wconf 88' lang='lat' dir='ltr'>commendare</span> <span class='ocrx_word' id='word_1_312' title='bbox 1474 2965 1824 3037; x_wconf 86' lang='lat' dir='ltr'>dignemini,</span> 
     </span>
    </p>
   </div>
   <div class='ocr_carea' id='block_1_49' title="bbox 159 3051 1826 3126">
    <p class='ocr_par' dir='ltr' id='par_1_49' title="bbox 159 3051 1826 3126">
     <span class='ocr_line' id='line_1_49' title="bbox 159 3051 1826 3126; baseline 0.002 -17"><span class='ocrx_word' id='word_1_313' title='bbox 159 3057 226 3109; x_wconf 89' lang='lat' dir='ltr'>ut</span> <span class='ocrx_word' id='word_1_314' title='bbox 253 3051 571 3126; x_wconf 68' lang='lat' dir='ltr'>praesentia</span> <span class='ocrx_word' id='word_1_315' title='bbox 599 3052 730 3124; x_wconf 88' lang='lat' dir='ltr'>ejus</span> <span class='ocrx_word' id='word_1_316' title='bbox 761 3052 835 3108; x_wconf 88' lang='lat' dir='ltr'>sit</span> <span class='ocrx_word' id='word_1_317' title='bbox 860 3052 1078 3125; x_wconf 87' lang='lat' dir='ltr'>pignus</span> <span class='ocrx_word' id='word_1_318' title='bbox 1110 3059 1321 3109; x_wconf 73' lang='lat' dir='ltr'>vestrae</span> <span class='ocrx_word' id='word_1_319' title='bbox 1353 3055 1654 3111; x_wconf 86' lang='lat' dir='ltr'>cliaritatis</span> <span class='ocrx_word' id='word_1_320' title='bbox 1684 3072 1826 3126; x_wconf 90' lang='lat' dir='ltr'>erga</span> 
     </span>
    </p>
   </div>
   <div class='ocr_carea' id='block_1_50' title="bbox 156 3141 1822 3217">
    <p class='ocr_par' dir='ltr' id='par_1_50' title="bbox 156 3141 1822 3217">
     <span class='ocr_line' id='line_1_50' title="bbox 156 3141 1822 3217; baseline 0.001 -18"><span class='ocrx_word' id='word_1_321' title='bbox 156 3157 291 3212; x_wconf 90' lang='lat' dir='ltr'>nos,</span> <span class='ocrx_word' id='word_1_322' title='bbox 322 3157 393 3197; x_wconf 90' lang='lat' dir='ltr'>ac</span> <span class='ocrx_word' id='word_1_323' title='bbox 421 3145 641 3198; x_wconf 80' lang='lat' dir='ltr'>noctrae</span> <span class='ocrx_word' id='word_1_324' title='bbox 666 3141 967 3197; x_wconf 83' lang='lat' dir='ltr'>fidelitatis</span> <span class='ocrx_word' id='word_1_325' title='bbox 1015 3158 1157 3212; x_wconf 87' lang='lat' dir='ltr'>erga</span> <span class='ocrx_word' id='word_1_326' title='bbox 1196 3160 1300 3199; x_wconf 92' lang='lat' dir='ltr'>vos</span> <span class='ocrx_word' id='word_1_327' title='bbox 1340 3143 1401 3198; x_wconf 91' lang='lat' dir='ltr'>in</span> <span class='ocrx_word' id='word_1_328' title='bbox 1445 3150 1822 3217; x_wconf 91' lang='lat' dir='ltr'>perpetuum.</span> 
     </span>
    </p>
   </div>
   <div class='ocr_carea' id='block_1_51' title="bbox 160 3230 1500 3377">
    <p class='ocr_par' dir='ltr' id='par_1_51' title="bbox 160 3230 1500 3377">
     <span class='ocr_line' id='line_1_51' title="bbox 160 3230 1500 3377; baseline 0.055 -91"><span class='ocrx_word' id='word_1_329' title='bbox 160 3230 379 3288; x_wconf 85' lang='lat' dir='ltr'>Valete.</span> <span class='ocrx_word' id='word_1_330' title='bbox 485 3304 817 3360; x_wconf 69' lang='lat' dir='ltr'>EplsToLA</span> <span class='ocrx_word' id='word_1_331' title='bbox 857 3305 1059 3360; x_wconf 81' lang='lat' dir='ltr'>XLVIII</span> <span class='ocrx_word' id='word_1_332' title='bbox 1107 3305 1268 3375; x_wconf 80' lang='lat' dir='ltr'>[olim</span> <span class='ocrx_word' id='word_1_333' title='bbox 1302 3308 1500 3377; x_wconf 83' lang='lat' dir='ltr'>LVIII].</span> 
     </span>
    </p>
   </div>
   <div class='ocr_carea' id='block_1_52' title="bbox 700 3393 1288 3466">
    <p class='ocr_par' dir='ltr' id='par_1_52' title="bbox 700 3393 1288 3466">
     <span class='ocr_line' id='line_1_52' title="bbox 700 3393 1288 3466; baseline 0.003 -18"><span class='ocrx_word' id='word_1_334' title='bbox 700 3393 889 3462; x_wconf 90' lang='lat' dir='ltr'>(Circa</span> <span class='ocrx_word' id='word_1_335' title='bbox 921 3409 1020 3449; x_wconf 91' lang='lat' dir='ltr'>an.</span> <span class='ocrx_word' id='word_1_336' title='bbox 1063 3394 1288 3466; x_wconf 89' lang='lat' dir='ltr'>eumd.)</span> 
     </span>
    </p>
   </div>
   <div class='ocr_carea' id='block_1_53' title="bbox 174 3482 1827 3554">
    <p class='ocr_par' dir='ltr' id='par_1_53' title="bbox 174 3482 1827 3554">
     <span class='ocr_line' id='line_1_53' title="bbox 174 3482 1827 3554; baseline 0.002 -15"><span class='ocrx_word' id='word_1_337' title='bbox 174 3482 520 3540; x_wconf 87' lang='lat' dir='ltr'>Venerando</span> <span class='ocrx_word' id='word_1_338' title='bbox 571 3483 1019 3539; x_wconf 73' lang='lat' dir='ltr'>Lexoviensium</span> <span class='ocrx_word' id='word_1_339' title='bbox 1064 3485 1340 3554; x_wconf 79' lang='lat' dir='ltr'>pontiﬁci</span> <span class='ocrx_word' id='word_1_340' title='bbox 1400 3489 1642 3542; x_wconf 74' lang='lat' dir='ltr'>ROGEIUO</span> <span class='ocrx_word' id='word_1_341' title='bbox 1691 3491 1827 3542; x_wconf 76' lang='lat' dir='ltr'>Fu.-</span> 
     </span>
    </p>
   </div>
   <div class='ocr_carea' id='block_1_54' title="bbox 235 3555 1828 3681">
    <p class='ocr_par' dir='ltr' id='par_1_54' title="bbox 235 3555 1828 3681">
     <span class='ocr_line' id='line_1_54' title="bbox 235 3555 1828 3681; baseline 0.003 -71"><span class='ocrx_word' id='word_1_342' title='bbox 235 3571 441 3681; x_wconf 48' lang='lat' dir='ltr'>Baarus</span> <span class='ocrx_word' id='word_1_343' title='bbox 472 3555 856 3611; x_wconf 82' lang='lat' dir='ltr'>Carnotensis</span> <span class='ocrx_word' id='word_1_344' title='bbox 897 3557 1224 3625; x_wconf 84' lang='lat' dir='ltr'>episcopus,</span> <span class='ocrx_word' id='word_1_345' title='bbox 1265 3559 1519 3615; x_wconf 79' lang='lat' dir='ltr'>salutem</span> <span class='ocrx_word' id='word_1_346' title='bbox 1542 3564 1595 3613; x_wconf 79' lang='lat' dir='ltr'>et</span> <span class='ocrx_word' id='word_1_347' title='bbox 1623 3559 1828 3627; x_wconf 82' lang='lat' dir='ltr'>ﬁdeles</span> 
     </span>
     <span class='ocr_line' id='line_1_55' title="bbox 237 3641 556 3681; baseline -0.003 0"><span class='ocrx_word' id='word_1_348' title='bbox 237 3641 346 3681; x_wconf 90' lang='lat' dir='ltr'>ora</span> <span class='ocrx_word' id='word_1_349' title='bbox 378 3641 556 3681; x_wconf 68' lang='lat' dir='ltr'>tones.</span> 
     </span>
    </p>
   </div>
   <div class='ocr_carea' id='block_1_55' title="bbox 237 3641 556 3682">
    <p class='ocr_par' dir='ltr' id='par_1_55' title="bbox 237 3641 556 3682">
     <span class='ocr_line' id='line_1_56' title="bbox 237 3641 556 3682; baseline -0.006 0"><span class='ocrx_word' id='word_1_350' title='bbox 237 3641 536 3682; x_wconf 73' lang='lat' dir='ltr'>orationes</span> <span class='ocrx_word' id='word_1_351' title='bbox 545 3667 556 3680; x_wconf 88' lang='lat'>.</span> 
     </span>
    </p>
   </div>
   <div class='ocr_carea' id='block_1_56' title="bbox 235 3713 1829 3786">
    <p class='ocr_par' dir='ltr' id='par_1_56' title="bbox 235 3713 1829 3786">
     <span class='ocr_line' id='line_1_57' title="bbox 235 3713 1829 3786; baseline 0.002 -16"><span class='ocrx_word' id='word_1_352' title='bbox 235 3713 567 3786; x_wconf 88' lang='lat' dir='ltr'>Presbyteri</span> <span class='ocrx_word' id='word_1_353' title='bbox 603 3715 1036 3770; x_wconf 90' lang='lat' dir='ltr'>canonicorum</span> <span class='ocrx_word' id='word_1_354' title='bbox 1082 3720 1426 3772; x_wconf 88' lang='lat' dir='ltr'>nostrorum</span> <span class='ocrx_word' id='word_1_355' title='bbox 1452 3733 1524 3772; x_wconf 86' lang='lat' dir='ltr'>ex</span> <span class='ocrx_word' id='word_1_356' title='bbox 1568 3717 1829 3773; x_wconf 89' lang='lat' dir='ltr'>ecclesiis</span> 
     </span>
    </p>
   </div>
   <div class='ocr_carea' id='block_1_57' title="bbox 163 3803 1826 3878">
    <p class='ocr_par' dir='ltr' id='par_1_57' title="bbox 163 3803 1826 3878">
     <span class='ocr_line' id='line_1_58' title="bbox 163 3803 1826 3878; baseline 0.001 -18"><span class='ocrx_word' id='word_1_357' title='bbox 163 3820 320 3878; x_wconf 89' lang='lat' dir='ltr'>quas</span> <span class='ocrx_word' id='word_1_358' title='bbox 343 3803 570 3859; x_wconf 90' lang='lat' dir='ltr'>habent</span> <span class='ocrx_word' id='word_1_359' title='bbox 598 3803 658 3859; x_wconf 91' lang='lat' dir='ltr'>in</span> <span class='ocrx_word' id='word_1_360' title='bbox 688 3804 1041 3877; x_wconf 82' lang='lat' dir='ltr'>episcopatu</span> <span class='ocrx_word' id='word_1_361' title='bbox 1071 3810 1268 3860; x_wconf 88' lang='lat' dir='ltr'>vestro</span> <span class='ocrx_word' id='word_1_362' title='bbox 1295 3811 1586 3861; x_wconf 87' lang='lat' dir='ltr'>venerunt</span> <span class='ocrx_word' id='word_1_363' title='bbox 1600 3807 1678 3862; x_wconf 92' lang='lat' dir='ltr'>ad</span> <span class='ocrx_word' id='word_1_364' title='bbox 1696 3823 1826 3875; x_wconf 91' lang='lat' dir='ltr'>nos,</span> 
     </span>
    </p>
   </div>
   <div class='ocr_carea' id='block_1_58' title="bbox 163 3891 1829 3965">
    <p class='ocr_par' dir='ltr' id='par_1_58' title="bbox 163 3891 1829 3965">
     <span class='ocr_line' id='line_1_59' title="bbox 163 3891 1829 3965; baseline 0.002 -16"><span class='ocrx_word' id='word_1_365' title='bbox 163 3893 430 3949; x_wconf 90' lang='lat' dir='ltr'>dicentes</span> <span class='ocrx_word' id='word_1_366' title='bbox 482 3892 650 3965; x_wconf 92' lang='lat' dir='ltr'>quod</span> <span class='ocrx_word' id='word_1_367' title='bbox 702 3909 806 3948; x_wconf 89' lang='lat' dir='ltr'>vos</span> <span class='ocrx_word' id='word_1_368' title='bbox 854 3891 1234 3949; x_wconf 83' lang='lat' dir='ltr'>interdixistis</span> <span class='ocrx_word' id='word_1_369' title='bbox 1296 3891 1386 3950; x_wconf 56' lang='lat' dir='ltr'>‘eis</span> <span class='ocrx_word' id='word_1_370' title='bbox 1432 3895 1829 3952; x_wconf 88' lang='lat' dir='ltr'>ministerium</span> 
     </span>
    </p>
   </div>
   <div class='ocr_carea' id='block_1_59' title="bbox 167 3980 1829 4054">
    <p class='ocr_par' dir='ltr' id='par_1_59' title="bbox 167 3980 1829 4054">
     <span class='ocr_line' id='line_1_60' title="bbox 167 3980 1829 4054; baseline 0.002 -17"><span class='ocrx_word' id='word_1_371' title='bbox 167 3997 370 4053; x_wconf 87' lang='lat' dir='ltr'>suum,</span> <span class='ocrx_word' id='word_1_372' title='bbox 397 3980 533 4036; x_wconf 90' lang='lat' dir='ltr'>ideo</span> <span class='ocrx_word' id='word_1_373' title='bbox 554 3980 720 4053; x_wconf 91' lang='lat' dir='ltr'>quod</span> <span class='ocrx_word' id='word_1_374' title='bbox 741 3981 816 4036; x_wconf 88' lang='lat' dir='ltr'>de</span> <span class='ocrx_word' id='word_1_375' title='bbox 834 3980 982 4054; x_wconf 90' lang='lat' dir='ltr'>ipsis</span> <span class='ocrx_word' id='word_1_376' title='bbox 1013 3980 1277 4037; x_wconf 89' lang='lat' dir='ltr'>ecclesiis</span> <span class='ocrx_word' id='word_1_377' title='bbox 1304 3998 1424 4038; x_wconf 88' lang='lat' dir='ltr'>non</span> <span class='ocrx_word' id='word_1_378' title='bbox 1447 3983 1641 4040; x_wconf 84' lang='lat' dir='ltr'>ferunt</span> <span class='ocrx_word' id='word_1_379' title='bbox 1658 3984 1829 4040; x_wconf 89' lang='lat' dir='ltr'>vobis</span> 
     </span>
    </p>
   </div>
   <div class='ocr_carea' id='block_1_60' title="bbox 165 4069 1833 4143">
    <p class='ocr_par' dir='ltr' id='par_1_60' title="bbox 165 4069 1833 4143">
     <span class='ocr_line' id='line_1_61' title="bbox 165 4069 1833 4143; baseline 0.003 -19"><span class='ocrx_word' id='word_1_380' title='bbox 165 4069 472 4142; x_wconf 88' lang='lat' dir='ltr'>synodum</span> <span class='ocrx_word' id='word_1_381' title='bbox 501 4069 635 4140; x_wconf 69' lang='lat' dir='ltr'>(3i).</span> <span class='ocrx_word' id='word_1_382' title='bbox 673 4072 738 4125; x_wconf 91' lang='lat' dir='ltr'>Et</span> <span class='ocrx_word' id='word_1_383' title='bbox 765 4085 877 4125; x_wconf 90' lang='lat' dir='ltr'>nos</span> <span class='ocrx_word' id='word_1_384' title='bbox 904 4069 1148 4141; x_wconf 88' lang='lat' dir='ltr'>quidem</span> <span class='ocrx_word' id='word_1_385' title='bbox 1175 4086 1309 4126; x_wconf 90' lang='lat' dir='ltr'>eam</span> <span class='ocrx_word' id='word_1_386' title='bbox 1342 4071 1514 4127; x_wconf 88' lang='lat' dir='ltr'>vobis</span> <span class='ocrx_word' id='word_1_387' title='bbox 1556 4073 1690 4143; x_wconf 92' lang='lat' dir='ltr'>jure</span> <span class='ocrx_word' id='word_1_388' title='bbox 1721 4073 1833 4130; x_wconf 86' lang='lat' dir='ltr'>sol-</span> 
     </span>
    </p>
   </div>
   <div class='ocr_carea' id='block_1_61' title="bbox 163 4158 1834 4237">
    <p class='ocr_par' dir='ltr' id='par_1_61' title="bbox 163 4158 1834 4237">
     <span class='ocr_line' id='line_1_62' title="bbox 163 4158 1834 4237; baseline 0.004 -24"><span class='ocrx_word' id='word_1_389' title='bbox 163 4158 426 4214; x_wconf 86' lang='lat' dir='ltr'>vendam</span> <span class='ocrx_word' id='word_1_390' title='bbox 459 4175 593 4214; x_wconf 91' lang='lat' dir='ltr'>esse</span> <span class='ocrx_word' id='word_1_391' title='bbox 620 4175 742 4215; x_wconf 92' lang='lat' dir='ltr'>non</span> <span class='ocrx_word' id='word_1_392' title='bbox 769 4159 1120 4228; x_wconf 84' lang='lat' dir='ltr'>ignoramus</span> <span class='ocrx_word' id='word_1_393' title='bbox 1153 4177 1166 4214; x_wconf 89' lang='lat'><strong>:</strong></span> <span class='ocrx_word' id='word_1_394' title='bbox 1198 4161 1305 4216; x_wconf 89' lang='lat' dir='ltr'>sed</span> <span class='ocrx_word' id='word_1_395' title='bbox 1349 4161 1645 4218; x_wconf 90' lang='lat' dir='ltr'>Tedoldus</span> <span class='ocrx_word' id='word_1_396' title='bbox 1687 4180 1834 4237; x_wconf 67' lang='lat' dir='ltr'>pras-</span> 
     </span>
    </p>
   </div>
   <div class='ocr_carea' id='block_1_62' title="bbox 165 4247 1834 4322">
    <p class='ocr_par' dir='ltr' id='par_1_62' title="bbox 165 4247 1834 4322">
     <span class='ocr_line' id='line_1_63' title="bbox 165 4247 1834 4322; baseline 0.004 -18"><span class='ocrx_word' id='word_1_397' title='bbox 165 4247 400 4322; x_wconf 86' lang='lat' dir='ltr'>positus</span> <span class='ocrx_word' id='word_1_398' title='bbox 425 4254 646 4314; x_wconf 90' lang='lat' dir='ltr'>noster;</span> <span class='ocrx_word' id='word_1_399' title='bbox 679 4264 749 4304; x_wconf 91' lang='lat' dir='ltr'>ac</span> <span class='ocrx_word' id='word_1_400' title='bbox 770 4253 964 4304; x_wconf 86' lang='lat' dir='ltr'>vester</span> <span class='ocrx_word' id='word_1_401' title='bbox 990 4265 1214 4318; x_wconf 89' lang='lat' dir='ltr'>servus,</span> <span class='ocrx_word' id='word_1_402' title='bbox 1247 4267 1371 4306; x_wconf 92' lang='lat' dir='ltr'>non</span> <span class='ocrx_word' id='word_1_403' title='bbox 1401 4250 1556 4309; x_wconf 90' lang='lat' dir='ltr'>bene</span> <span class='ocrx_word' id='word_1_404' title='bbox 1586 4269 1712 4309; x_wconf 93' lang='lat' dir='ltr'>rem</span> <span class='ocrx_word' id='word_1_405' title='bbox 1743 4253 1834 4311; x_wconf 88' lang='lat' dir='ltr'>in-</span> 
     </span>
    </p>
   </div>
   <div class='ocr_carea' id='block_1_63' title="bbox 166 4335 1834 4412">
    <p class='ocr_par' dir='ltr' id='par_1_63' title="bbox 166 4335 1834 4412">
     <span class='ocr_line' id='line_1_64' title="bbox 166 4335 1834 4412; baseline 0.004 -19"><span class='ocrx_word' id='word_1_406' title='bbox 166 4335 388 4393; x_wconf 80' lang='lat' dir='ltr'>tellexit</span> <span class='ocrx_word' id='word_1_407' title='bbox 414 4337 725 4398; x_wconf 84' lang='lat' dir='ltr'>hactenus.</span> <span class='ocrx_word' id='word_1_408' title='bbox 755 4352 826 4391; x_wconf 89' lang='lat' dir='ltr'>eo</span> <span class='ocrx_word' id='word_1_409' title='bbox 851 4337 1138 4410; x_wconf 89' lang='lat' dir='ltr'>deceptus</span> <span class='ocrx_word' id='word_1_410' title='bbox 1167 4340 1332 4412; x_wconf 90' lang='lat' dir='ltr'>quod</span> <span class='ocrx_word' id='word_1_411' title='bbox 1363 4341 1527 4397; x_wconf 90' lang='lat' dir='ltr'>nulla</span> <span class='ocrx_word' id='word_1_412' title='bbox 1556 4342 1834 4398; x_wconf 88' lang='lat' dir='ltr'>ecclesia-</span> 
     </span>
    </p>
   </div>
   <div class='ocr_carea' id='block_1_64' title="bbox 1933 1836 2124 1891">
    <p class='ocr_par' dir='ltr' id='par_1_64' title="bbox 1933 1836 2124 1891">
     <span class='ocr_line' id='line_1_65' title="bbox 1933 1836 2124 1891; baseline 0 -1"><span class='ocrx_word' id='word_1_413' title='bbox 1933 1836 2124 1891; x_wconf 89' lang='lat' dir='ltr'>terim.</span> 
     </span>
    </p>
   </div>
   <div class='ocr_carea' id='block_1_65' title="bbox 2363 1925 3163 2002">
    <p class='ocr_par' dir='ltr' id='par_1_65' title="bbox 2363 1925 3163 2002">
     <span class='ocr_line' id='line_1_66' title="bbox 2363 1925 3163 2002; baseline -0.001 -20"><span class='ocrx_word' id='word_1_414' title='bbox 2363 1928 2698 1984; x_wconf 88' lang='lat' dir='ltr'>EPISTOLA</span> <span class='ocrx_word' id='word_1_415' title='bbox 2733 1930 2770 1982; x_wconf 89' lang='lat' dir='ltr'><strong>L</strong></span> <span class='ocrx_word' id='word_1_416' title='bbox 2803 1925 2986 2000; x_wconf 86' lang='lat' dir='ltr'>[olim.</span> <span class='ocrx_word' id='word_1_417' title='bbox 3017 1928 3163 2002; x_wconf 77' lang='lat' dir='ltr'>LXI].</span> 
     </span>
    </p>
   </div>
   <div class='ocr_carea' id='block_1_66' title="bbox 2432 2016 3096 2085">
    <p class='ocr_par' dir='ltr' id='par_1_66' title="bbox 2432 2016 3096 2085">
     <span class='ocr_line' id='line_1_67' title="bbox 2432 2016 3096 2085; baseline -0.002 -13"><span class='ocrx_word' id='word_1_418' title='bbox 2432 2016 2622 2085; x_wconf 82' lang='lat' dir='ltr'>(Circa</span> <span class='ocrx_word' id='word_1_419' title='bbox 2653 2033 2883 2071; x_wconf 85' lang='lat' dir='ltr'>annum</span> <span class='ocrx_word' id='word_1_420' title='bbox 2913 2021 3096 2082; x_wconf 78' lang='grc'>1020.)</span> 
     </span>
    </p>
   </div>
   <div class='ocr_carea' id='block_1_67' title="bbox 1933 2104 3597 2174">
    <p class='ocr_par' dir='ltr' id='par_1_67' title="bbox 1933 2104 3597 2174">
     <span class='ocr_line' id='line_1_68' title="bbox 1933 2104 3597 2174; baseline 0.001 -16"><span class='ocrx_word' id='word_1_421' title='bbox 1933 2104 2157 2159; x_wconf 79' lang='lat' dir='ltr'>Sancto</span> <span class='ocrx_word' id='word_1_422' title='bbox 2179 2109 2232 2160; x_wconf 81' lang='lat' dir='ltr'>el</span> <span class='ocrx_word' id='word_1_423' title='bbox 2265 2104 2540 2160; x_wconf 83' lang='lat' dir='ltr'>venerab.</span> <span class='ocrx_word' id='word_1_424' title='bbox 2583 2105 3030 2174; x_wconf 81' lang='lat' dir='ltr'>archiepiscopo</span> <span class='ocrx_word' id='word_1_425' title='bbox 3085 2108 3426 2160; x_wconf 77' lang='lat' dir='ltr'>LEITTHERICO</span> <span class='ocrx_word' id='word_1_426' title='bbox 3466 2108 3597 2160; x_wconf 76' lang='lat' dir='ltr'>Fu.-</span> 
     </span>
    </p>
   </div>
   <div class='ocr_carea' id='block_1_68' title="bbox 1972 2193 3557 2264">
    <p class='ocr_par' dir='ltr' id='par_1_68' title="bbox 1972 2193 3557 2264">
     <span class='ocr_line' id='line_1_69' title="bbox 1972 2193 3557 2264; baseline 0.001 -18"><span class='ocrx_word' id='word_1_427' title='bbox 1972 2209 2174 2247; x_wconf 72' lang='lat' dir='ltr'>asnrrs</span> <span class='ocrx_word' id='word_1_428' title='bbox 2201 2194 2508 2262; x_wconf 86' lang='lat' dir='ltr'>episcopus</span> <span class='ocrx_word' id='word_1_429' title='bbox 2525 2193 2596 2249; x_wconf 86' lang='lat' dir='ltr'>de</span> <span class='ocrx_word' id='word_1_430' title='bbox 2620 2195 2840 2249; x_wconf 85' lang='lat' dir='ltr'>virtute</span> <span class='ocrx_word' id='word_1_431' title='bbox 2860 2195 2921 2249; x_wconf 87' lang='lat' dir='ltr'>in</span> <span class='ocrx_word' id='word_1_432' title='bbox 2946 2196 3223 2249; x_wconf 80' lang='lat' dir='ltr'>virtutem</span> <span class='ocrx_word' id='word_1_433' title='bbox 3253 2194 3557 2264; x_wconf 81' lang='lat' dir='ltr'>progredi.</span> 
     </span>
    </p>
   </div>
   <div class='ocr_carea' id='block_1_69' title="bbox 2008 2281 3597 2355">
    <p class='ocr_par' dir='ltr' id='par_1_69' title="bbox 2008 2281 3597 2355">
     <span class='ocr_line' id='line_1_70' title="bbox 2008 2281 3597 2355; baseline 0 -18"><span class='ocrx_word' id='word_1_434' title='bbox 2008 2285 2088 2337; x_wconf 91' lang='lat' dir='ltr'>De</span> <span class='ocrx_word' id='word_1_435' title='bbox 2128 2281 2395 2338; x_wconf 83' lang='lat' dir='ltr'>Guidone</span> <span class='ocrx_word' id='word_1_436' title='bbox 2421 2283 2942 2339; x_wconf 79' lang='lat' dir='ltr'>excommunicato</span> <span class='ocrx_word' id='word_1_437' title='bbox 2980 2289 3188 2339; x_wconf 89' lang='lat' dir='ltr'>nostro</span> <span class='ocrx_word' id='word_1_438' title='bbox 3235 2299 3346 2338; x_wconf 90' lang='lat' dir='ltr'>nos</span> <span class='ocrx_word' id='word_1_439' title='bbox 3390 2281 3597 2355; x_wconf 84' lang='lat' dir='ltr'>appel-</span> 
     </span>
    </p>
   </div>
   <div class='ocr_carea' id='block_1_70' title="bbox 1934 2369 3597 2444">
    <p class='ocr_par' dir='ltr' id='par_1_70' title="bbox 1934 2369 3597 2444">
     <span class='ocr_line' id='line_1_71' title="bbox 1934 2369 3597 2444; baseline 0.001 -19"><span class='ocrx_word' id='word_1_440' title='bbox 1934 2369 2044 2437; x_wconf 88' lang='lat' dir='ltr'>las,</span> <span class='ocrx_word' id='word_1_441' title='bbox 2091 2371 2410 2426; x_wconf 89' lang='lat' dir='ltr'>reverende</span> <span class='ocrx_word' id='word_1_442' title='bbox 2454 2375 2642 2439; x_wconf 88' lang='lat' dir='ltr'>Pater,</span> <span class='ocrx_word' id='word_1_443' title='bbox 2696 2372 2901 2428; x_wconf 90' lang='lat' dir='ltr'>dicens</span> <span class='ocrx_word' id='word_1_444' title='bbox 2943 2371 3110 2444; x_wconf 90' lang='lat' dir='ltr'>quod</span> <span class='ocrx_word' id='word_1_445' title='bbox 3161 2371 3486 2444; x_wconf 88' lang='lat' dir='ltr'>episcopali</span> <span class='ocrx_word' id='word_1_446' title='bbox 3534 2387 3597 2427; x_wconf 91' lang='lat' dir='ltr'>se</span> 
     </span>
    </p>
   </div>
   <div class='ocr_carea' id='block_1_71' title="bbox 1935 2459 3596 2531">
    <p class='ocr_par' dir='ltr' id='par_1_71' title="bbox 1935 2459 3596 2531">
     <span class='ocr_line' id='line_1_72' title="bbox 1935 2459 3596 2531; baseline 0.001 -17"><span class='ocrx_word' id='word_1_447' title='bbox 1935 2459 2072 2516; x_wconf 90' lang='lat' dir='ltr'>velit</span> <span class='ocrx_word' id='word_1_448' title='bbox 2114 2460 2444 2516; x_wconf 84' lang='lat' dir='ltr'>examinari</span> <span class='ocrx_word' id='word_1_449' title='bbox 2492 2461 2743 2531; x_wconf 84' lang='lat' dir='ltr'>judicio,</span> <span class='ocrx_word' id='word_1_450' title='bbox 2805 2467 2862 2516; x_wconf 92' lang='lat' dir='ltr'>et</span> <span class='ocrx_word' id='word_1_451' title='bbox 2909 2461 3312 2517; x_wconf 83' lang='lat' dir='ltr'>ecclesiastica</span> <span class='ocrx_word' id='word_1_452' title='bbox 3359 2461 3596 2516; x_wconf 90' lang='lat' dir='ltr'>satisfa-</span> 
     </span>
    </p>
   </div>
   <div class='ocr_carea' id='block_1_72' title="bbox 1935 2548 3597 2622">
    <p class='ocr_par' dir='ltr' id='par_1_72' title="bbox 1935 2548 3597 2622">
     <span class='ocr_line' id='line_1_73' title="bbox 1935 2548 3597 2622; baseline 0.001 -18"><span class='ocrx_word' id='word_1_453' title='bbox 1935 2548 2128 2604; x_wconf 89' lang='lat' dir='ltr'>ctione</span> <span class='ocrx_word' id='word_1_454' title='bbox 2167 2550 2430 2622; x_wconf 89' lang='lat' dir='ltr'>purgari.</span> <span class='ocrx_word' id='word_1_455' title='bbox 2483 2554 2554 2605; x_wconf 75' lang='lat' dir='ltr'>At</span> <span class='ocrx_word' id='word_1_456' title='bbox 2601 2566 2713 2604; x_wconf 91' lang='lat' dir='ltr'>nos</span> <span class='ocrx_word' id='word_1_457' title='bbox 2754 2566 2992 2622; x_wconf 91' lang='lat' dir='ltr'>precem</span> <span class='ocrx_word' id='word_1_458' title='bbox 3047 2555 3212 2606; x_wconf 89' lang='lat' dir='ltr'>tuam</span> <span class='ocrx_word' id='word_1_459' title='bbox 3253 2567 3358 2605; x_wconf 91' lang='lat' dir='ltr'>seu</span> <span class='ocrx_word' id='word_1_460' title='bbox 3411 2550 3597 2606; x_wconf 87' lang='lat' dir='ltr'>verba</span> 
     </span>
    </p>
   </div>
   <div class='ocr_carea' id='block_1_73' title="bbox 1936 2638 3598 2712">
    <p class='ocr_par' dir='ltr' id='par_1_73' title="bbox 1936 2638 3598 2712">
     <span class='ocr_line' id='line_1_74' title="bbox 1936 2638 3598 2712; baseline 0.001 -19"><span class='ocrx_word' id='word_1_461' title='bbox 1936 2638 2184 2694; x_wconf 89' lang='lat' dir='ltr'>minime</span> <span class='ocrx_word' id='word_1_462' title='bbox 2249 2639 2773 2712; x_wconf 78' lang='lat' dir='ltr'>parvipendentes,</span> <span class='ocrx_word' id='word_1_463' title='bbox 2833 2639 2932 2694; x_wconf 86' lang='lat' dir='ltr'>tibi</span> <span class='ocrx_word' id='word_1_464' title='bbox 2995 2639 3430 2712; x_wconf 90' lang='lat' dir='ltr'>respondemus</span> <span class='ocrx_word' id='word_1_465' title='bbox 3485 2655 3598 2695; x_wconf 93' lang='lat' dir='ltr'>nos</span> 
     </span>
    </p>
   </div>
   <div class='ocr_carea' id='block_1_74' title="bbox 1936 2728 3601 2799">
    <p class='ocr_par' dir='ltr' id='par_1_74' title="bbox 1936 2728 3601 2799">
     <span class='ocr_line' id='line_1_75' title="bbox 1936 2728 3601 2799; baseline 0 -15"><span class='ocrx_word' id='word_1_466' title='bbox 1936 2728 2066 2799; x_wconf 85' lang='lat' dir='ltr'>ejus</span> <span class='ocrx_word' id='word_1_467' title='bbox 2095 2728 2347 2784; x_wconf 88' lang='lat' dir='ltr'>libenter</span> <span class='ocrx_word' id='word_1_468' title='bbox 2398 2729 2667 2783; x_wconf 91' lang='lat' dir='ltr'>misereri</span> <span class='ocrx_word' id='word_1_469' title='bbox 2720 2729 2890 2796; x_wconf 87' lang='lat' dir='ltr'>velle,</span> <span class='ocrx_word' id='word_1_470' title='bbox 2945 2729 3051 2784; x_wconf 88' lang='lat' dir='ltr'>sed</span> <span class='ocrx_word' id='word_1_471' title='bbox 3092 2728 3601 2784; x_wconf 85' lang='lat' dir='ltr'>examinationem</span> 
     </span>
    </p>
   </div>
   <div class='ocr_carea' id='block_1_75' title="bbox 1936 2817 3599 2890">
    <p class='ocr_par' dir='ltr' id='par_1_75' title="bbox 1936 2817 3599 2890">
     <span class='ocr_line' id='line_1_76' title="bbox 1936 2817 3599 2890; baseline 0.001 -17"><span class='ocrx_word' id='word_1_472' title='bbox 1936 2819 2064 2889; x_wconf 90' lang='lat' dir='ltr'>ejus</span> <span class='ocrx_word' id='word_1_473' title='bbox 2125 2818 2276 2874; x_wconf 87' lang='lat' dir='ltr'>ultra</span> <span class='ocrx_word' id='word_1_474' title='bbox 2310 2834 2434 2874; x_wconf 92' lang='lat' dir='ltr'>non</span> <span class='ocrx_word' id='word_1_475' title='bbox 2479 2835 2707 2874; x_wconf 90' lang='lat' dir='ltr'>curare.</span> <span class='ocrx_word' id='word_1_476' title='bbox 2755 2819 2931 2890; x_wconf 79' lang='lat' dir='ltr'>Apud</span> <span class='ocrx_word' id='word_1_477' title='bbox 2983 2834 3093 2874; x_wconf 88' lang='lat' dir='ltr'>nos</span> <span class='ocrx_word' id='word_1_478' title='bbox 3138 2817 3297 2873; x_wconf 90' lang='lat' dir='ltr'>enim</span> <span class='ocrx_word' id='word_1_479' title='bbox 3339 2818 3469 2889; x_wconf 90' lang='lat' dir='ltr'>jam</span> <span class='ocrx_word' id='word_1_480' title='bbox 3524 2818 3599 2874; x_wconf 92' lang='lat' dir='ltr'>de</span> 
     </span>
    </p>
   </div>
   <div class='ocr_carea' id='block_1_76' title="bbox 1935 2905 3602 2980">
    <p class='ocr_par' dir='ltr' id='par_1_76' title="bbox 1935 2905 3602 2980">
     <span class='ocr_line' id='line_1_77' title="bbox 1935 2905 3602 2980; baseline 0.001 -19"><span class='ocrx_word' id='word_1_481' title='bbox 1935 2905 2070 2980; x_wconf 91' lang='lat' dir='ltr'>ipso</span> <span class='ocrx_word' id='word_1_482' title='bbox 2121 2907 2276 2963; x_wconf 91' lang='lat' dir='ltr'>sicut</span> <span class='ocrx_word' id='word_1_483' title='bbox 2322 2907 2395 2963; x_wconf 92' lang='lat' dir='ltr'>de</span> <span class='ocrx_word' id='word_1_484' title='bbox 2449 2907 2769 2962; x_wconf 85' lang='lat' dir='ltr'>manifesto</span> <span class='ocrx_word' id='word_1_485' title='bbox 2826 2923 2927 2962; x_wconf 91' lang='lat' dir='ltr'>reo</span> <span class='ocrx_word' id='word_1_486' title='bbox 2976 2907 3200 2979; x_wconf 89' lang='lat' dir='ltr'>optimc</span> <span class='ocrx_word' id='word_1_487' title='bbox 3245 2907 3469 2962; x_wconf 90' lang='lat' dir='ltr'>factum</span> <span class='ocrx_word' id='word_1_488' title='bbox 3514 2911 3602 2962; x_wconf 91' lang='lat' dir='ltr'>est</span> 
     </span>
    </p>
   </div>
   <div class='ocr_carea' id='block_1_77' title="bbox 1936 2995 3596 3068">
    <p class='ocr_par' dir='ltr' id='par_1_77' title="bbox 1936 2995 3596 3068">
     <span class='ocr_line' id='line_1_78' title="bbox 1936 2995 3596 3068; baseline 0 -18"><span class='ocrx_word' id='word_1_489' title='bbox 1936 2996 2298 3068; x_wconf 87' lang='lat' dir='ltr'>episcopale,</span> <span class='ocrx_word' id='word_1_490' title='bbox 2331 2997 2445 3052; x_wconf 91' lang='lat' dir='ltr'>hoc</span> <span class='ocrx_word' id='word_1_491' title='bbox 2477 3002 2565 3051; x_wconf 90' lang='lat' dir='ltr'>est</span> <span class='ocrx_word' id='word_1_492' title='bbox 2595 2996 2953 3052; x_wconf 89' lang='lat' dir='ltr'>canonicum</span> <span class='ocrx_word' id='word_1_493' title='bbox 2985 3013 3053 3050; x_wconf 91' lang='lat' dir='ltr'>ac</span> <span class='ocrx_word' id='word_1_494' title='bbox 3107 2995 3400 3051; x_wconf 88' lang='lat' dir='ltr'>decretale</span> <span class='ocrx_word' id='word_1_495' title='bbox 3444 2995 3596 3066; x_wconf 49' lang='lat' dir='ltr'>judi.</span> 
     </span>
    </p>
   </div>
   <div class='ocr_carea' id='block_1_78' title="bbox 1855 3084 3605 3163">
    <p class='ocr_par' dir='ltr' id='par_1_78' title="bbox 1855 3084 3605 3163">
     <span class='ocr_line' id='line_1_79' title="bbox 1855 3084 3605 3163; baseline 0 -23"><span class='ocrx_word' id='word_1_496' title='bbox 1855 3105 1900 3163; x_wconf 72' lang='grc' dir='ltr'>ρ</span> <span class='ocrx_word' id='word_1_497' title='bbox 1937 3084 2117 3152; x_wconf 90' lang='lat' dir='ltr'>cium,</span> <span class='ocrx_word' id='word_1_498' title='bbox 2170 3085 2318 3141; x_wconf 91' lang='lat' dir='ltr'>dum</span> <span class='ocrx_word' id='word_1_499' title='bbox 2365 3085 2534 3140; x_wconf 87' lang='lat' dir='ltr'>illum</span> <span class='ocrx_word' id='word_1_500' title='bbox 2580 3085 2916 3141; x_wconf 83' lang='lat' dir='ltr'>secundum</span> <span class='ocrx_word' id='word_1_501' title='bbox 2965 3084 3377 3140; x_wconf 91' lang='lat' dir='ltr'>auctoritatem</span> <span class='ocrx_word' id='word_1_502' title='bbox 3427 3100 3605 3140; x_wconf 86' lang='lat' dir='ltr'>cano-</span> 
     </span>
    </p>
   </div>
   <div class='ocr_carea' id='block_1_79' title="bbox 1937 3175 3604 3242">
    <p class='ocr_par' dir='ltr' id='par_1_79' title="bbox 1937 3175 3604 3242">
     <span class='ocr_line' id='line_1_80' title="bbox 1937 3175 3604 3242; baseline 0.001 -12"><span class='ocrx_word' id='word_1_503' title='bbox 1937 3191 2086 3242; x_wconf 87' lang='lat' dir='ltr'>num</span> <span class='ocrx_word' id='word_1_504' title='bbox 2116 3192 2186 3232; x_wconf 92' lang='lat' dir='ltr'>ac</span> <span class='ocrx_word' id='word_1_505' title='bbox 2222 3176 2460 3232; x_wconf 88' lang='lat' dir='ltr'>decreta</span> <span class='ocrx_word' id='word_1_506' title='bbox 2505 3179 2852 3232; x_wconf 88' lang='lat' dir='ltr'>sanctorum</span> <span class='ocrx_word' id='word_1_507' title='bbox 2904 3178 3143 3231; x_wconf 87' lang='lat' dir='ltr'>Patrum</span> <span class='ocrx_word' id='word_1_508' title='bbox 3195 3175 3604 3231; x_wconf 84' lang='lat' dir='ltr'>excommuni-</span> 
     </span>
    </p>
   </div>
   <div class='ocr_carea' id='block_1_80' title="bbox 1938 3264 3604 3322">
    <p class='ocr_par' dir='ltr' id='par_1_80' title="bbox 1938 3264 3604 3322">
     <span class='ocr_line' id='line_1_81' title="bbox 1938 3264 3604 3322; baseline -0.002 0"><span class='ocrx_word' id='word_1_509' title='bbox 1938 3266 2227 3322; x_wconf 88' lang='lat' dir='ltr'>cavimus.</span> <span class='ocrx_word' id='word_1_510' title='bbox 2280 3266 2541 3322; x_wconf 91' lang='lat' dir='ltr'>Dicimus</span> <span class='ocrx_word' id='word_1_511' title='bbox 2597 3271 2799 3322; x_wconf 90' lang='lat' dir='ltr'>autem</span> <span class='ocrx_word' id='word_1_512' title='bbox 2855 3265 3024 3320; x_wconf 89' lang='lat' dir='ltr'>illum</span> <span class='ocrx_word' id='word_1_513' title='bbox 3071 3264 3384 3321; x_wconf 86' lang='lat' dir='ltr'>manifeste</span> <span class='ocrx_word' id='word_1_514' title='bbox 3433 3279 3604 3319; x_wconf 91' lang='lat' dir='ltr'>reum</span> 
     </span>
    </p>
   </div>
   <div class='ocr_carea' id='block_1_81' title="bbox 1936 3355 3606 3431">
    <p class='ocr_par' dir='ltr' id='par_1_81' title="bbox 1936 3355 3606 3431">
     <span class='ocr_line' id='line_1_82' title="bbox 1936 3355 3606 3431; baseline -0.002 -19"><span class='ocrx_word' id='word_1_515' title='bbox 1936 3362 2179 3431; x_wconf 91' lang='lat' dir='ltr'>propter</span> <span class='ocrx_word' id='word_1_516' title='bbox 2208 3357 2466 3413; x_wconf 88' lang='lat' dir='ltr'>rationes</span> <span class='ocrx_word' id='word_1_517' title='bbox 2491 3356 2884 3429; x_wconf 88' lang='lat' dir='ltr'>subscriptas.</span> <span class='ocrx_word' id='word_1_518' title='bbox 2904 3355 3221 3428; x_wconf 91' lang='lat' dir='ltr'>Primoque</span> <span class='ocrx_word' id='word_1_519' title='bbox 3247 3355 3392 3428; x_wconf 90' lang='lat' dir='ltr'>quia</span> <span class='ocrx_word' id='word_1_520' title='bbox 3420 3369 3606 3410; x_wconf 90' lang='lat' dir='ltr'>causa</span> 
     </span>
    </p>
   </div>
   <div class='ocr_carea' id='block_1_82' title="bbox 1937 3444 3602 3518">
    <p class='ocr_par' dir='ltr' id='par_1_82' title="bbox 1937 3444 3602 3518">
     <span class='ocr_line' id='line_1_83' title="bbox 1937 3444 3602 3518; baseline -0.004 -14"><span class='ocrx_word' id='word_1_521' title='bbox 1937 3447 2280 3515; x_wconf 88' lang='lat' dir='ltr'>cupiditatis</span> <span class='ocrx_word' id='word_1_522' title='bbox 2311 3448 2460 3518; x_wconf 90' lang='lat' dir='ltr'>ejus,</span> <span class='ocrx_word' id='word_1_523' title='bbox 2494 3447 2688 3502; x_wconf 90' lang='lat' dir='ltr'>fratris</span> <span class='ocrx_word' id='word_1_524' title='bbox 2736 3463 2805 3501; x_wconf 78' lang='lat' dir='ltr'>ac</span> <span class='ocrx_word' id='word_1_525' title='bbox 2850 3445 3058 3501; x_wconf 88' lang='lat' dir='ltr'>matris</span> <span class='ocrx_word' id='word_1_526' title='bbox 3101 3461 3345 3517; x_wconf 91' lang='lat' dir='ltr'>quoque</span> <span class='ocrx_word' id='word_1_527' title='bbox 3393 3444 3602 3516; x_wconf 92' lang='lat' dir='ltr'>ipsius,</span> 
     </span>
    </p>
   </div>
   <div class='ocr_carea' id='block_1_83' title="bbox 1938 3533 3603 3592">
    <p class='ocr_par' dir='ltr' id='par_1_83' title="bbox 1938 3533 3603 3592">
     <span class='ocr_line' id='line_1_84' title="bbox 1938 3533 3603 3592; baseline -0.002 -1"><span class='ocrx_word' id='word_1_528' title='bbox 1938 3537 2176 3592; x_wconf 90' lang='lat' dir='ltr'>occisus</span> <span class='ocrx_word' id='word_1_529' title='bbox 2216 3540 2274 3591; x_wconf 91' lang='lat' dir='ltr'>et</span> <span class='ocrx_word' id='word_1_530' title='bbox 2318 3535 2617 3591; x_wconf 89' lang='lat' dir='ltr'>immerito</span> <span class='ocrx_word' id='word_1_531' title='bbox 2672 3539 2874 3590; x_wconf 89' lang='lat' dir='ltr'>noster</span> <span class='ocrx_word' id='word_1_532' title='bbox 2925 3533 3329 3589; x_wconf 81' lang='lat' dir='ltr'>subdecanus.</span> <span class='ocrx_word' id='word_1_533' title='bbox 3381 3533 3603 3588; x_wconf 88' lang='lat' dir='ltr'>Deinde</span> 
     </span>
    </p>
   </div>
   <div class='ocr_carea' id='block_1_84' title="bbox 1937 3621 3603 3698">
    <p class='ocr_par' dir='ltr' id='par_1_84' title="bbox 1937 3621 3603 3698">
     <span class='ocr_line' id='line_1_85' title="bbox 1937 3621 3603 3698; baseline -0.004 -17"><span class='ocrx_word' id='word_1_534' title='bbox 1937 3626 2084 3698; x_wconf 90' lang='lat' dir='ltr'>quia</span> <span class='ocrx_word' id='word_1_535' title='bbox 2137 3624 2303 3680; x_wconf 86' lang='lat' dir='ltr'>scivit</span> <span class='ocrx_word' id='word_1_536' title='bbox 2343 3623 2594 3680; x_wconf 88' lang='lat' dir='ltr'>insidias</span> <span class='ocrx_word' id='word_1_537' title='bbox 2642 3623 2723 3678; x_wconf 90' lang='lat' dir='ltr'>illi</span> <span class='ocrx_word' id='word_1_538' title='bbox 2778 3622 3259 3696; x_wconf 76' lang='lat' dir='ltr'>praetendendas,</span> <span class='ocrx_word' id='word_1_539' title='bbox 3306 3638 3416 3676; x_wconf 90' lang='lat' dir='ltr'>nec</span> <span class='ocrx_word' id='word_1_540' title='bbox 3455 3621 3603 3676; x_wconf 91' lang='lat' dir='ltr'>mihi</span> 
     </span>
    </p>
   </div>
   <div class='ocr_carea' id='block_1_85' title="bbox 1939 3711 3604 3787">
    <p class='ocr_par' dir='ltr' id='par_1_85' title="bbox 1939 3711 3604 3787">
     <span class='ocr_line' id='line_1_86' title="bbox 1939 3711 3604 3787; baseline -0.002 -17"><span class='ocrx_word' id='word_1_541' title='bbox 1939 3713 2232 3787; x_wconf 88' lang='lat' dir='ltr'>patefecit.</span> <span class='ocrx_word' id='word_1_542' title='bbox 2311 3714 2502 3770; x_wconf 86' lang='lat' dir='ltr'>Tertio</span> <span class='ocrx_word' id='word_1_543' title='bbox 2562 3712 2728 3786; x_wconf 90' lang='lat' dir='ltr'>quod</span> <span class='ocrx_word' id='word_1_544' title='bbox 2797 3711 3172 3768; x_wconf 90' lang='lat' dir='ltr'>insidiatores</span> <span class='ocrx_word' id='word_1_545' title='bbox 3235 3711 3385 3780; x_wconf 88' lang='lat' dir='ltr'>ejus,</span> <span class='ocrx_word' id='word_1_546' title='bbox 3447 3727 3604 3782; x_wconf 91' lang='lat' dir='ltr'>quos</span> 
     </span>
    </p>
   </div>
   <div class='ocr_carea' id='block_1_86' title="bbox 1939 3799 3603 3876">
    <p class='ocr_par' dir='ltr' id='par_1_86' title="bbox 1939 3799 3603 3876">
     <span class='ocr_line' id='line_1_87' title="bbox 1939 3799 3603 3876; baseline -0.002 -17"><span class='ocrx_word' id='word_1_547' title='bbox 1939 3803 2275 3859; x_wconf 89' lang='lat' dir='ltr'>disturbare</span> <span class='ocrx_word' id='word_1_548' title='bbox 2319 3803 2530 3876; x_wconf 90' lang='lat' dir='ltr'>potuit,</span> <span class='ocrx_word' id='word_1_549' title='bbox 2595 3818 2717 3859; x_wconf 89' lang='lat' dir='ltr'>non</span> <span class='ocrx_word' id='word_1_550' title='bbox 2760 3801 3132 3868; x_wconf 89' lang='lat' dir='ltr'>disturbavit,</span> <span class='ocrx_word' id='word_1_551' title='bbox 3190 3799 3297 3855; x_wconf 91' lang='lat' dir='ltr'>sed</span> <span class='ocrx_word' id='word_1_552' title='bbox 3351 3805 3407 3855; x_wconf 89' lang='lat' dir='ltr'>et</span> <span class='ocrx_word' id='word_1_553' title='bbox 3450 3815 3603 3872; x_wconf 68' lang='lat' dir='ltr'>prte-</span> 
     </span>
    </p>
   </div>
   <div class='ocr_carea' id='block_1_87' title="bbox 1941 3889 3604 3965">
    <p class='ocr_par' dir='ltr' id='par_1_87' title="bbox 1941 3889 3604 3965">
     <span class='ocr_line' id='line_1_88' title="bbox 1941 3889 3604 3965; baseline -0.004 -15"><span class='ocrx_word' id='word_1_554' title='bbox 1941 3893 2130 3950; x_wconf 89' lang='lat' dir='ltr'>sentia</span> <span class='ocrx_word' id='word_1_555' title='bbox 2160 3909 2269 3949; x_wconf 91' lang='lat' dir='ltr'>sua</span> <span class='ocrx_word' id='word_1_556' title='bbox 2298 3893 2550 3949; x_wconf 91' lang='lat' dir='ltr'>domum</span> <span class='ocrx_word' id='word_1_557' title='bbox 2576 3910 2649 3949; x_wconf 78' lang='lat' dir='ltr'>ex</span> <span class='ocrx_word' id='word_1_558' title='bbox 2673 3907 2798 3965; x_wconf 88' lang='lat' dir='ltr'>qua</span> <span class='ocrx_word' id='word_1_559' title='bbox 2826 3895 3048 3947; x_wconf 69' lang='lat' dir='ltr'>sanctae</span> <span class='ocrx_word' id='word_1_560' title='bbox 3082 3889 3354 3946; x_wconf 70' lang='lat' dir='ltr'>Ecclesiae</span> <span class='ocrx_word' id='word_1_561' title='bbox 3385 3894 3604 3945; x_wconf 83' lang='lat' dir='ltr'>nostrae</span> 
     </span>
    </p>
   </div>
   <div class='ocr_carea' id='block_1_88' title="bbox 1944 3979 3607 4054">
    <p class='ocr_par' dir='ltr' id='par_1_88' title="bbox 1944 3979 3607 4054">
     <span class='ocr_line' id='line_1_89' title="bbox 1944 3979 3607 4054; baseline -0.003 -15"><span class='ocrx_word' id='word_1_562' title='bbox 1944 3983 2160 4039; x_wconf 90' lang='lat' dir='ltr'>servire</span> <span class='ocrx_word' id='word_1_563' title='bbox 2188 3982 2498 4052; x_wconf 85' lang='lat' dir='ltr'>debuerat,</span> <span class='ocrx_word' id='word_1_564' title='bbox 2539 3982 2622 4038; x_wconf 91' lang='lat' dir='ltr'>eis</span> <span class='ocrx_word' id='word_1_565' title='bbox 2671 3981 3048 4054; x_wconf 87' lang='lat' dir='ltr'>receptandis</span> <span class='ocrx_word' id='word_1_566' title='bbox 3091 3979 3298 4035; x_wconf 89' lang='lat' dir='ltr'>dolose</span> <span class='ocrx_word' id='word_1_567' title='bbox 3351 3995 3607 4034; x_wconf 90' lang='lat' dir='ltr'>vacuam</span> 
     </span>
    </p>
   </div>
   <div class='ocr_carea' id='block_1_89' title="bbox 1942 4068 3606 4145">
    <p class='ocr_par' dir='ltr' id='par_1_89' title="bbox 1942 4068 3606 4145">
     <span class='ocr_line' id='line_1_90' title="bbox 1942 4068 3606 4145; baseline -0.003 -16"><span class='ocrx_word' id='word_1_568' title='bbox 1942 4073 2094 4129; x_wconf 90' lang='lat' dir='ltr'>fecit.</span> <span class='ocrx_word' id='word_1_569' title='bbox 2131 4075 2364 4139; x_wconf 88' lang='lat' dir='ltr'>Quanto</span> <span class='ocrx_word' id='word_1_570' title='bbox 2389 4071 2557 4145; x_wconf 92' lang='lat' dir='ltr'>quod</span> <span class='ocrx_word' id='word_1_571' title='bbox 2600 4070 2762 4127; x_wconf 92' lang='lat' dir='ltr'>malo</span> <span class='ocrx_word' id='word_1_572' title='bbox 2806 4071 2935 4142; x_wconf 89' lang='lat' dir='ltr'>ejus</span> <span class='ocrx_word' id='word_1_573' title='bbox 2989 4069 3306 4126; x_wconf 90' lang='lat' dir='ltr'>consensit.</span> <span class='ocrx_word' id='word_1_574' title='bbox 3342 4068 3442 4124; x_wconf 88' lang='lat' dir='ltr'>His</span> <span class='ocrx_word' id='word_1_575' title='bbox 3498 4068 3606 4124; x_wconf 90' lang='lat' dir='ltr'>ita-</span> 
     </span>
    </p>
   </div>
   <div class='ocr_carea' id='block_1_90' title="bbox 1942 4158 3609 4237">
    <p class='ocr_par' dir='ltr' id='par_1_90' title="bbox 1942 4158 3609 4237">
     <span class='ocr_line' id='line_1_91' title="bbox 1942 4158 3609 4237; baseline -0.005 -17"><span class='ocrx_word' id='word_1_576' title='bbox 1942 4179 2061 4237; x_wconf 88' lang='lat' dir='ltr'>que</span> <span class='ocrx_word' id='word_1_577' title='bbox 2086 4163 2283 4219; x_wconf 91' lang='lat' dir='ltr'>modis</span> <span class='ocrx_word' id='word_1_578' title='bbox 2313 4167 2514 4236; x_wconf 88' lang='lat' dir='ltr'>aperte</span> <span class='ocrx_word' id='word_1_579' title='bbox 2553 4178 2689 4216; x_wconf 92' lang='lat' dir='ltr'>reus</span> <span class='ocrx_word' id='word_1_580' title='bbox 2714 4159 3181 4233; x_wconf 87' lang='lat' dir='ltr'>comprobatur:</span> <span class='ocrx_word' id='word_1_581' title='bbox 3230 4158 3390 4213; x_wconf 90' lang='lat' dir='ltr'>unde</span> <span class='ocrx_word' id='word_1_582' title='bbox 3434 4174 3609 4213; x_wconf 88' lang='lat' dir='ltr'>voca-</span> 
     </span>
    </p>
   </div>
   <div class='ocr_carea' id='block_1_91' title="bbox 1941 4245 3610 4327">
    <p class='ocr_par' dir='ltr' id='par_1_91' title="bbox 1941 4245 3610 4327">
     <span class='ocr_line' id='line_1_92' title="bbox 1941 4245 3610 4327; baseline -0.007 -17"><span class='ocrx_word' id='word_1_583' title='bbox 1941 4257 2038 4310; x_wconf 90' lang='lat' dir='ltr'>tus</span> <span class='ocrx_word' id='word_1_584' title='bbox 2065 4259 2121 4310; x_wconf 90' lang='lat' dir='ltr'>et</span> <span class='ocrx_word' id='word_1_585' title='bbox 2157 4269 2266 4327; x_wconf 91' lang='lat' dir='ltr'>per</span> <span class='ocrx_word' id='word_1_586' title='bbox 2295 4269 2396 4308; x_wconf 84' lang='lat' dir='ltr'>sex</span> <span class='ocrx_word' id='word_1_587' title='bbox 2453 4267 2692 4308; x_wconf 87' lang='lat' dir='ltr'>menses</span> <span class='ocrx_word' id='word_1_588' title='bbox 2748 4254 3143 4323; x_wconf 88' lang='lat' dir='ltr'>exspectatus,</span> <span class='ocrx_word' id='word_1_589' title='bbox 3182 4248 3331 4304; x_wconf 90' lang='lat' dir='ltr'>dum</span> <span class='ocrx_word' id='word_1_590' title='bbox 3383 4245 3610 4301; x_wconf 82' lang='lat' dir='ltr'>confes-</span> 
     </span>
    </p>
   </div>
   <div class='ocr_carea' id='block_1_92' title="bbox 1945 4337 3606 4415">
    <p class='ocr_par' dir='ltr' id='par_1_92' title="bbox 1945 4337 3606 4415">
     <span class='ocr_line' id='line_1_93' title="bbox 1945 4337 3606 4415; baseline -0.005 -17"><span class='ocrx_word' id='word_1_591' title='bbox 1945 4342 2219 4399; x_wconf 89' lang='lat' dir='ltr'>fessionis</span> <span class='ocrx_word' id='word_1_592' title='bbox 2247 4359 2315 4398; x_wconf 88' lang='lat' dir='ltr'>ac</span> <span class='ocrx_word' id='word_1_593' title='bbox 2341 4341 2702 4415; x_wconf 68' lang='lat' dir='ltr'>pcenitentiaa</span> <span class='ocrx_word' id='word_1_594' title='bbox 2734 4339 2999 4396; x_wconf 89' lang='lat' dir='ltr'>remedia</span> <span class='ocrx_word' id='word_1_595' title='bbox 3049 4355 3084 4394; x_wconf 92' lang='lat' dir='ltr'>a</span> <span class='ocrx_word' id='word_1_596' title='bbox 3113 4337 3289 4392; x_wconf 91' lang='lat' dir='ltr'>nobis</span> <span class='ocrx_word' id='word_1_597' title='bbox 3339 4351 3606 4408; x_wconf 67' lang='lat' dir='ltr'>quaerere</span> 
     </span>
    </p>
   </div>
   <div class='ocr_carea' id='block_1_93' title="bbox 163 4424 3607 4516">
    <p class='ocr_par' dir='ltr' id='par_1_93' title="bbox 163 4424 3607 4516">
     <span class='ocr_line' id='line_1_94' title="bbox 163 4424 3607 4516; baseline -0.002 -32"><span class='ocrx_word' id='word_1_598' title='bbox 163 4443 304 4484; x_wconf 88' lang='lat' dir='ltr'>rum</span> <span class='ocrx_word' id='word_1_599' title='bbox 333 4442 488 4498; x_wconf 91' lang='lat' dir='ltr'>quas</span> <span class='ocrx_word' id='word_1_600' title='bbox 513 4426 698 4481; x_wconf 87' lang='lat' dir='ltr'>nostri</span> <span class='ocrx_word' id='word_1_601' title='bbox 745 4428 1019 4484; x_wconf 90' lang='lat' dir='ltr'>canonici</span> <span class='ocrx_word' id='word_1_602' title='bbox 1055 4429 1366 4502; x_wconf 89' lang='lat' dir='ltr'>possident</span> <span class='ocrx_word' id='word_1_603' title='bbox 1395 4430 1456 4487; x_wconf 91' lang='lat' dir='ltr'>in</span> <span class='ocrx_word' id='word_1_604' title='bbox 1485 4432 1836 4506; x_wconf 88' lang='lat' dir='ltr'>episcopatu</span> <span class='ocrx_word' id='word_1_605' title='bbox 1867 4459 1912 4516; x_wconf 74' lang='grc' dir='ltr'><strong>η</strong></span> <span class='ocrx_word' id='word_1_606' title='bbox 1944 4431 2190 4503; x_wconf 89' lang='lat' dir='ltr'>distulit,</span> <span class='ocrx_word' id='word_1_607' title='bbox 2225 4432 2359 4502; x_wconf 90' lang='lat' dir='ltr'>jure</span> <span class='ocrx_word' id='word_1_608' title='bbox 2389 4430 2662 4486; x_wconf 91' lang='lat' dir='ltr'>meritam</span> <span class='ocrx_word' id='word_1_609' title='bbox 2693 4424 3334 4484; x_wconf 87' lang='lat' dir='ltr'>excommunicationis</span> <span class='ocrx_word' id='word_1_610' title='bbox 3377 4427 3607 4480; x_wconf 90' lang='lat' dir='ltr'>senten-</span> 
     </span>
    </p>
   </div>
   <div class='ocr_carea' id='block_1_94' title="bbox 165 4513 1835 4590">
    <p class='ocr_par' dir='ltr' id='par_1_94' title="bbox 165 4513 1835 4590">
     <span class='ocr_line' id='line_1_95' title="bbox 165 4513 1835 4590; baseline 0.004 -17"><span class='ocrx_word' id='word_1_611' title='bbox 165 4519 376 4573; x_wconf 89' lang='lat' dir='ltr'>nostro</span> <span class='ocrx_word' id='word_1_612' title='bbox 407 4513 672 4587; x_wconf 89' lang='lat' dir='ltr'>obligata</span> <span class='ocrx_word' id='word_1_613' title='bbox 708 4521 796 4573; x_wconf 90' lang='lat' dir='ltr'>est</span> <span class='ocrx_word' id='word_1_614' title='bbox 841 4518 1192 4590; x_wconf 89' lang='lat' dir='ltr'>hujusmodi</span> <span class='ocrx_word' id='word_1_615' title='bbox 1235 4519 1456 4589; x_wconf 89' lang='lat' dir='ltr'>debito,</span> <span class='ocrx_word' id='word_1_616' title='bbox 1503 4523 1835 4580; x_wconf 89' lang='lat' dir='ltr'>remittente</span> 
     </span>
    </p>
   </div>
   <div class='ocr_carea' id='block_1_95' title="bbox 165 4604 1835 4683">
    <p class='ocr_par' dir='ltr' id='par_1_95' title="bbox 165 4604 1835 4683">
     <span class='ocr_line' id='line_1_96' title="bbox 165 4604 1835 4683; baseline 0.004 -21"><span class='ocrx_word' id='word_1_617' title='bbox 165 4604 442 4662; x_wconf 82' lang='lat' dir='ltr'>videlicet</span> <span class='ocrx_word' id='word_1_618' title='bbox 489 4609 942 4663; x_wconf 90' lang='lat' dir='ltr'>antecessorum</span> <span class='ocrx_word' id='word_1_619' title='bbox 989 4625 1259 4666; x_wconf 90' lang='lat' dir='ltr'>meorum</span> <span class='ocrx_word' id='word_1_620' title='bbox 1301 4610 1553 4683; x_wconf 90' lang='lat' dir='ltr'>pissima</span> <span class='ocrx_word' id='word_1_621' title='bbox 1581 4612 1835 4670; x_wconf 90' lang='lat' dir='ltr'>liberali-</span> 
     </span>
    </p>
   </div>
   <div class='ocr_carea' id='block_1_96' title="bbox 167 4692 1838 4773">
    <p class='ocr_par' dir='ltr' id='par_1_96' title="bbox 167 4692 1838 4773">
     <span class='ocr_line' id='line_1_97' title="bbox 167 4692 1838 4773; baseline 0.004 -21"><span class='ocrx_word' id='word_1_622' title='bbox 167 4698 310 4752; x_wconf 85' lang='lat' dir='ltr'>tate.</span> <span class='ocrx_word' id='word_1_623' title='bbox 346 4692 456 4749; x_wconf 90' lang='lat' dir='ltr'>Sed</span> <span class='ocrx_word' id='word_1_624' title='bbox 485 4708 557 4749; x_wconf 91' lang='lat' dir='ltr'>ea</span> <span class='ocrx_word' id='word_1_625' title='bbox 587 4695 962 4766; x_wconf 90' lang='lat' dir='ltr'>quantalibet</span> <span class='ocrx_word' id='word_1_626' title='bbox 1001 4698 1286 4754; x_wconf 86' lang='lat' dir='ltr'>charitate</span> <span class='ocrx_word' id='word_1_627' title='bbox 1333 4698 1500 4770; x_wconf 88' lang='lat' dir='ltr'>fulta,</span> <span class='ocrx_word' id='word_1_628' title='bbox 1542 4701 1838 4773; x_wconf 87' lang='lat' dir='ltr'>quantali-</span> 
     </span>
    </p>
   </div>
   <div class='ocr_carea' id='block_1_97' title="bbox 169 4781 1833 4862">
    <p class='ocr_par' dir='ltr' id='par_1_97' title="bbox 169 4781 1833 4862">
     <span class='ocr_line' id='line_1_98' title="bbox 169 4781 1833 4862; baseline 0.004 -22"><span class='ocrx_word' id='word_1_629' title='bbox 169 4783 276 4840; x_wconf 89' lang='lat' dir='ltr'>bet</span> <span class='ocrx_word' id='word_1_630' title='bbox 296 4781 476 4838; x_wconf 90' lang='lat' dir='ltr'>laude</span> <span class='ocrx_word' id='word_1_631' title='bbox 507 4781 712 4853; x_wconf 86' lang='lat' dir='ltr'>digna,</span> <span class='ocrx_word' id='word_1_632' title='bbox 745 4788 938 4840; x_wconf 89' lang='lat' dir='ltr'>vestro</span> <span class='ocrx_word' id='word_1_633' title='bbox 971 4789 1169 4842; x_wconf 90' lang='lat' dir='ltr'>tamen</span> <span class='ocrx_word' id='word_1_634' title='bbox 1196 4787 1316 4857; x_wconf 87' lang='lat' dir='ltr'>juri</span> <span class='ocrx_word' id='word_1_635' title='bbox 1346 4787 1593 4845; x_wconf 90' lang='lat' dir='ltr'>minime</span> <span class='ocrx_word' id='word_1_636' title='bbox 1617 4790 1833 4862; x_wconf 71' lang='lat' dir='ltr'>prseju-</span> 
     </span>
    </p>
   </div>
   <div class='ocr_carea' id='block_1_98' title="bbox 170 4871 1835 4950">
    <p class='ocr_par' dir='ltr' id='par_1_98' title="bbox 170 4871 1835 4950">
     <span class='ocr_line' id='line_1_99' title="bbox 170 4871 1835 4950; baseline 0.005 -23"><span class='ocrx_word' id='word_1_637' title='bbox 170 4871 352 4928; x_wconf 90' lang='lat' dir='ltr'>dicat.</span> <span class='ocrx_word' id='word_1_638' title='bbox 380 4874 545 4928; x_wconf 83' lang='lat' dir='ltr'>Nunc</span> <span class='ocrx_word' id='word_1_639' title='bbox 578 4871 778 4945; x_wconf 88' lang='lat' dir='ltr'>itaque</span> <span class='ocrx_word' id='word_1_640' title='bbox 822 4873 1120 4930; x_wconf 80' lang='lat' dir='ltr'>serenitati</span> <span class='ocrx_word' id='word_1_641' title='bbox 1164 4880 1374 4932; x_wconf 56' lang='lat' dir='ltr'>vestras</span> <span class='ocrx_word' id='word_1_642' title='bbox 1422 4877 1835 4950; x_wconf 89' lang='lat' dir='ltr'>supplicamus</span> 
     </span>
    </p>
   </div>
   <div class='ocr_carea' id='block_1_99' title="bbox 173 4960 1832 5038">
    <p class='ocr_par' dir='ltr' id='par_1_99' title="bbox 173 4960 1832 5038">
     <span class='ocr_line' id='line_1_100' title="bbox 173 4960 1832 5038; baseline 0.004 -20"><span class='ocrx_word' id='word_1_643' title='bbox 173 4966 241 5018; x_wconf 91' lang='lat' dir='ltr'>ut</span> <span class='ocrx_word' id='word_1_644' title='bbox 258 4960 602 5018; x_wconf 88' lang='lat' dir='ltr'>concedatis</span> <span class='ocrx_word' id='word_1_645' title='bbox 629 4962 713 5018; x_wconf 90' lang='lat' dir='ltr'>eis</span> <span class='ocrx_word' id='word_1_646' title='bbox 739 4961 1004 5020; x_wconf 72' lang='lat' dir='ltr'>officium</span> <span class='ocrx_word' id='word_1_647' title='bbox 1026 4981 1205 5020; x_wconf 91' lang='lat' dir='ltr'>suum</span> <span class='ocrx_word' id='word_1_648' title='bbox 1245 4967 1460 5037; x_wconf 87' lang='lat' dir='ltr'>agendi</span> <span class='ocrx_word' id='word_1_649' title='bbox 1510 4967 1832 5038; x_wconf 88' lang='lat' dir='ltr'>licentiam,</span> 
     </span>
    </p>
   </div>
   <div class='ocr_carea' id='block_1_100' title="bbox 173 5051 1838 5127">
    <p class='ocr_par' dir='ltr' id='par_1_100' title="bbox 173 5051 1838 5127">
     <span class='ocr_line' id='line_1_101' title="bbox 173 5051 1838 5127; baseline 0.005 -21"><span class='ocrx_word' id='word_1_650' title='bbox 173 5051 400 5125; x_wconf 88' lang='lat' dir='ltr'>paratis</span> <span class='ocrx_word' id='word_1_651' title='bbox 433 5051 656 5108; x_wconf 90' lang='lat' dir='ltr'>amodo</span> <span class='ocrx_word' id='word_1_652' title='bbox 685 5056 790 5108; x_wconf 90' lang='lat' dir='ltr'>aut</span> <span class='ocrx_word' id='word_1_653' title='bbox 831 5058 1096 5110; x_wconf 87' lang='lat' dir='ltr'>vestram</span> <span class='ocrx_word' id='word_1_654' title='bbox 1136 5056 1440 5127; x_wconf 83' lang='lat' dir='ltr'>synodum</span> <span class='ocrx_word' id='word_1_655' title='bbox 1488 5057 1660 5113; x_wconf 89' lang='lat' dir='ltr'>vobis</span> <span class='ocrx_word' id='word_1_656' title='bbox 1707 5059 1838 5114; x_wconf 89' lang='lat' dir='ltr'>red-</span> 
     </span>
    </p>
   </div>
   <div class='ocr_carea' id='block_1_101' title="bbox 173 5141 1836 5208">
    <p class='ocr_par' dir='ltr' id='par_1_101' title="bbox 173 5141 1836 5208">
     <span class='ocr_line' id='line_1_102' title="bbox 173 5141 1836 5208; baseline 0.004 -11"><span class='ocrx_word' id='word_1_657' title='bbox 173 5141 335 5208; x_wconf 87' lang='lat' dir='ltr'>dere,</span> <span class='ocrx_word' id='word_1_658' title='bbox 361 5145 464 5196; x_wconf 90' lang='lat' dir='ltr'>aut</span> <span class='ocrx_word' id='word_1_659' title='bbox 504 5141 566 5197; x_wconf 89' lang='lat' dir='ltr'>in</span> <span class='ocrx_word' id='word_1_660' title='bbox 588 5158 737 5198; x_wconf 91' lang='lat' dir='ltr'>usus</span> <span class='ocrx_word' id='word_1_661' title='bbox 792 5143 1043 5199; x_wconf 89' lang='lat' dir='ltr'>fratrum</span> <span class='ocrx_word' id='word_1_662' title='bbox 1077 5151 1418 5202; x_wconf 89' lang='lat' dir='ltr'>nostrorum</span> <span class='ocrx_word' id='word_1_663' title='bbox 1468 5148 1836 5204; x_wconf 88' lang='lat' dir='ltr'>necessarios</span> 
     </span>
    </p>
   </div>
   <div class='ocr_carea' id='block_1_102' title="bbox 173 5228 1835 5309">
    <p class='ocr_par' dir='ltr' id='par_1_102' title="bbox 173 5228 1835 5309">
     <span class='ocr_line' id='line_1_103' title="bbox 173 5228 1835 5309; baseline 0.005 -24"><span class='ocrx_word' id='word_1_664' title='bbox 173 5228 448 5296; x_wconf 88' lang='lat' dir='ltr'>retinere,</span> <span class='ocrx_word' id='word_1_665' title='bbox 481 5230 528 5285; x_wconf 92' lang='lat' dir='ltr'>si</span> <span class='ocrx_word' id='word_1_666' title='bbox 577 5231 848 5290; x_wconf 83' lang='lat' dir='ltr'>charitati</span> <span class='ocrx_word' id='word_1_667' title='bbox 897 5238 1105 5290; x_wconf 66' lang='lat' dir='ltr'>vestrae</span> <span class='ocrx_word' id='word_1_668' title='bbox 1153 5235 1440 5309; x_wconf 90' lang='lat' dir='ltr'>placuerit</span> <span class='ocrx_word' id='word_1_669' title='bbox 1489 5241 1835 5294; x_wconf 90' lang='lat' dir='ltr'>sanctorum</span> 
     </span>
    </p>
   </div>
   <div class='ocr_carea' id='block_1_103' title="bbox 174 5322 1838 5396">
    <p class='ocr_par' dir='ltr' id='par_1_103' title="bbox 174 5322 1838 5396">
     <span class='ocr_line' id='line_1_104' title="bbox 174 5322 1838 5396; baseline 0.005 -22"><span class='ocrx_word' id='word_1_670' title='bbox 174 5322 415 5392; x_wconf 89' lang='lat' dir='ltr'>patrum</span> <span class='ocrx_word' id='word_1_671' title='bbox 468 5336 744 5376; x_wconf 88' lang='lat' dir='ltr'>meorum</span> <span class='ocrx_word' id='word_1_672' title='bbox 801 5339 985 5396; x_wconf 91' lang='lat' dir='ltr'>supra</span> <span class='ocrx_word' id='word_1_673' title='bbox 1033 5330 1432 5382; x_wconf 91' lang='lat' dir='ltr'>memoratum</span> <span class='ocrx_word' id='word_1_674' title='bbox 1471 5325 1838 5383; x_wconf 87' lang='lat' dir='ltr'>remissionis</span> 
     </span>
    </p>
   </div>
   <div class='ocr_carea' id='block_1_104' title="bbox 174 5405 1838 5480">
    <p class='ocr_par' dir='ltr' id='par_1_104' title="bbox 174 5405 1838 5480">
     <span class='ocr_line' id='line_1_105' title="bbox 174 5405 1838 5480; baseline 0.007 -19"><span class='ocrx_word' id='word_1_675' title='bbox 174 5405 520 5480; x_wconf 81' lang='lat' dir='ltr'>exemplum</span> <span class='ocrx_word' id='word_1_676' title='bbox 543 5408 879 5466; x_wconf 82' lang='lat' dir='ltr'>observare.</span> <span class='ocrx_word' id='word_1_677' title='bbox 920 5411 979 5469; x_wconf 91' lang='lat' dir='ltr'>Si</span> <span class='ocrx_word' id='word_1_678' title='bbox 1010 5429 1130 5468; x_wconf 92' lang='lat' dir='ltr'>non</span> <span class='ocrx_word' id='word_1_679' title='bbox 1162 5415 1353 5470; x_wconf 88' lang='lat' dir='ltr'>merui</span> <span class='ocrx_word' id='word_1_680' title='bbox 1387 5418 1447 5470; x_wconf 91' lang='lat' dir='ltr'>ut</span> <span class='ocrx_word' id='word_1_681' title='bbox 1494 5430 1680 5470; x_wconf 88' lang='lat' dir='ltr'>causa</span> <span class='ocrx_word' id='word_1_682' title='bbox 1724 5416 1838 5472; x_wconf 90' lang='lat' dir='ltr'>mei</span> 
     </span>
    </p>
   </div>
   <div class='ocr_carea' id='block_1_105' title="bbox 249 5551 1841 5632">
    <p class='ocr_par' dir='ltr' id='par_1_105' title="bbox 249 5551 1841 5632">
     <span class='ocr_line' id='line_1_106' title="bbox 249 5551 1841 5632; baseline 0.008 -28"><span class='ocrx_word' id='word_1_683' title='bbox 249 5551 359 5632; x_wconf 38' lang='lat'>(3.3)</span> <span class='ocrx_word' id='word_1_684' title='bbox 392 5551 1003 5632; x_wconf 74' lang='lat' dir='ltr'>Democharesistum</span> <span class='ocrx_word' id='word_1_685' title='bbox 1051 5556 1402 5632; x_wconf 81' lang='lat' dir='ltr'>episcopum</span> <span class='ocrx_word' id='word_1_686' title='bbox 1445 5558 1688 5632; x_wconf 91' lang='lat' dir='ltr'>appelat</span> <span class='ocrx_word' id='word_1_687' title='bbox 1735 5561 1841 5616; x_wconf 85' lang='lat' dir='ltr'>Re-</span> 
     </span>
    </p>
   </div>
   <div class='ocr_carea' id='block_1_106' title="bbox 175 5623 1519 5693">
    <p class='ocr_par' dir='ltr' id='par_1_106' title="bbox 175 5623 1519 5693">
     <span class='ocr_line' id='line_1_107' title="bbox 175 5623 1519 5693; baseline 0.007 -17"><span class='ocrx_word' id='word_1_688' title='bbox 175 5623 430 5693; x_wconf 83' lang='lat' dir='ltr'>gerium,</span> <span class='ocrx_word' id='word_1_689' title='bbox 455 5627 511 5677; x_wconf 90' lang='lat' dir='ltr'>et</span> <span class='ocrx_word' id='word_1_690' title='bbox 540 5623 782 5693; x_wconf 89' lang='lat' dir='ltr'>ponitur</span> <span class='ocrx_word' id='word_1_691' title='bbox 802 5625 862 5679; x_wconf 90' lang='lat' dir='ltr'>in</span> <span class='ocrx_word' id='word_1_692' title='bbox 896 5627 1020 5681; x_wconf 90' lang='lat' dir='ltr'>suis</span> <span class='ocrx_word' id='word_1_693' title='bbox 1052 5623 1275 5684; x_wconf 73' lang='lat' dir='ltr'>tabulis</span> <span class='ocrx_word' id='word_1_694' title='bbox 1300 5623 1519 5685; x_wconf 77' lang='lat' dir='ltr'>sextus.</span> 
     </span>
    </p>
   </div>
   <div class='ocr_carea' id='block_1_107' title="bbox 252 5692 1835 5773">
    <p class='ocr_par' dir='ltr' id='par_1_107' title="bbox 252 5692 1835 5773">
     <span class='ocr_line' id='line_1_108' title="bbox 252 5692 1835 5773; baseline 0.007 -27"><span class='ocrx_word' id='word_1_695' title='bbox 252 5692 362 5773; x_wconf 59' lang='lat' dir='ltr'>(3ft)</span> <span class='ocrx_word' id='word_1_696' title='bbox 391 5692 673 5773; x_wconf 58' lang='lat' dir='ltr'>Synodus</span> <span class='ocrx_word' id='word_1_697' title='bbox 702 5699 791 5749; x_wconf 90' lang='lat' dir='ltr'>est</span> <span class='ocrx_word' id='word_1_698' title='bbox 819 5711 1036 5773; x_wconf 71' lang='lat' dir='ltr'>census</span> <span class='ocrx_word' id='word_1_699' title='bbox 1062 5699 1166 5773; x_wconf 82' lang='lat' dir='ltr'>qui</span> <span class='ocrx_word' id='word_1_700' title='bbox 1196 5701 1481 5773; x_wconf 90' lang='lat' dir='ltr'>episcopo</span> <span class='ocrx_word' id='word_1_701' title='bbox 1529 5718 1567 5758; x_wconf 89' lang='lat' dir='ltr'>a</span> <span class='ocrx_word' id='word_1_702' title='bbox 1610 5702 1835 5759; x_wconf 87' lang='lat' dir='ltr'>clericis</span> 
     </span>
    </p>
   </div>
   <div class='ocr_carea' id='block_1_108' title="bbox 178 5709 1836 5843">
    <p class='ocr_par' dir='ltr' id='par_1_108' title="bbox 178 5709 1836 5843">
     <span class='ocr_line' id='line_1_109' title="bbox 252 5709 1835 5821; baseline 0.007 -75"><span class='ocrx_word' id='word_1_703' title='bbox 252 5709 362 5774; x_wconf 56' lang='lat' dir='ltr'>(se)</span> <span class='ocrx_word' id='word_1_704' title='bbox 391 5709 673 5821; x_wconf 55' lang='grc' dir='ltr'>ἓέηοααε</span> <span class='ocrx_word' id='word_1_705' title='bbox 702 5709 791 5749; x_wconf 81' lang='lat' dir='ltr'>est</span> <span class='ocrx_word' id='word_1_706' title='bbox 819 5711 1036 5754; x_wconf 89' lang='lat' dir='ltr'>census</span> <span class='ocrx_word' id='word_1_707' title='bbox 1062 5709 1166 5771; x_wconf 91' lang='lat' dir='ltr'>qui</span> <span class='ocrx_word' id='word_1_708' title='bbox 1196 5709 1398 5773; x_wconf 90' lang='lat' dir='ltr'>episco</span> <span class='ocrx_word' id='word_1_709' title='bbox 1445 5717 1481 5756; x_wconf 96' lang='lat' dir='ltr'>o</span> <span class='ocrx_word' id='word_1_710' title='bbox 1529 5718 1567 5758; x_wconf 89' lang='lat' dir='ltr'>a</span> <span class='ocrx_word' id='word_1_711' title='bbox 1610 5709 1835 5759; x_wconf 87' lang='lat' dir='ltr'>clericis</span> 
     </span>
     <span class='ocr_line' id='line_1_110' title="bbox 178 5718 1836 5843; baseline 0.007 -24"><span class='ocrx_word' id='word_1_712' title='bbox 178 5777 394 5824; x_wconf 85' lang='lat' dir='ltr'>venien</span> <span class='ocrx_word' id='word_1_713' title='bbox 484 5779 555 5820; x_wconf 90' lang='lat' dir='ltr'>us</span> <span class='ocrx_word' id='word_1_714' title='bbox 581 5764 660 5821; x_wconf 91' lang='lat' dir='ltr'>ad</span> <span class='ocrx_word' id='word_1_715' title='bbox 683 5781 918 5824; x_wconf 90' lang='lat' dir='ltr'>annuas</span> <span class='ocrx_word' id='word_1_716' title='bbox 949 5770 1244 5840; x_wconf 88' lang='lat' dir='ltr'>Synodos,</span> <span class='ocrx_word' id='word_1_717' title='bbox 1294 5718 1517 5843; x_wconf 48' lang='lat' dir='ltr'>quibus</span> <span class='ocrx_word' id='word_1_718' title='bbox 1555 5774 1836 5831; x_wconf 88' lang='lat' dir='ltr'>interesse</span> 
     </span>
    </p>
   </div>
   <div class='ocr_carea' id='block_1_109' title="bbox 1947 4511 3610 4592">
    <p class='ocr_par' dir='ltr' id='par_1_109' title="bbox 1947 4511 3610 4592">
     <span class='ocr_line' id='line_1_111' title="bbox 1947 4511 3610 4592; baseline -0.006 -16"><span class='ocrx_word' id='word_1_719' title='bbox 1947 4520 2091 4577; x_wconf 88' lang='lat' dir='ltr'>tiam</span> <span class='ocrx_word' id='word_1_720' title='bbox 2123 4518 2379 4592; x_wconf 88' lang='lat' dir='ltr'>pertulit.</span> <span class='ocrx_word' id='word_1_721' title='bbox 2424 4522 2573 4576; x_wconf 91' lang='lat' dir='ltr'>Cum</span> <span class='ocrx_word' id='word_1_722' title='bbox 2611 4533 2754 4588; x_wconf 89' lang='lat' dir='ltr'>ergo</span> <span class='ocrx_word' id='word_1_723' title='bbox 2804 4514 3187 4572; x_wconf 89' lang='lat' dir='ltr'>contradictis</span> <span class='ocrx_word' id='word_1_724' title='bbox 3237 4511 3610 4581; x_wconf 85' lang='lat' dir='ltr'>irrefragabi-</span> 
     </span>
    </p>
   </div>
   <div class='ocr_carea' id='block_1_110' title="bbox 1943 4604 3606 4679">
    <p class='ocr_par' dir='ltr' id='par_1_110' title="bbox 1943 4604 3606 4679">
     <span class='ocr_line' id='line_1_112' title="bbox 1943 4604 3606 4679; baseline -0.007 -13"><span class='ocrx_word' id='word_1_725' title='bbox 1943 4610 2101 4667; x_wconf 90' lang='lat' dir='ltr'>libus</span> <span class='ocrx_word' id='word_1_726' title='bbox 2129 4609 2347 4666; x_wconf 90' lang='lat' dir='ltr'>scilicet</span> <span class='ocrx_word' id='word_1_727' title='bbox 2376 4608 2599 4674; x_wconf 90' lang='lat' dir='ltr'>causis,</span> <span class='ocrx_word' id='word_1_728' title='bbox 2631 4606 2833 4679; x_wconf 89' lang='lat' dir='ltr'>plures</span> <span class='ocrx_word' id='word_1_729' title='bbox 2861 4604 3021 4661; x_wconf 89' lang='lat' dir='ltr'>enim</span> <span class='ocrx_word' id='word_1_730' title='bbox 3051 4619 3260 4660; x_wconf 89' lang='lat' dir='ltr'>earum</span> <span class='ocrx_word' id='word_1_731' title='bbox 3309 4617 3447 4657; x_wconf 89' lang='lat' dir='ltr'>vere</span> <span class='ocrx_word' id='word_1_732' title='bbox 3491 4606 3606 4657; x_wconf 88' lang='lat' dir='ltr'>tes-</span> 
     </span>
    </p>
   </div>
   <div class='ocr_carea' id='block_1_111' title="bbox 1944 4691 3607 4772">
    <p class='ocr_par' dir='ltr' id='par_1_111' title="bbox 1944 4691 3607 4772">
     <span class='ocr_line' id='line_1_113' title="bbox 1944 4691 3607 4772; baseline -0.005 -16"><span class='ocrx_word' id='word_1_733' title='bbox 1944 4705 2032 4757; x_wconf 88' lang='lat' dir='ltr'>tes</span> <span class='ocrx_word' id='word_1_734' title='bbox 2053 4699 2330 4764; x_wconf 83' lang='lat' dir='ltr'>existunt,</span> <span class='ocrx_word' id='word_1_735' title='bbox 2358 4697 2550 4772; x_wconf 88' lang='lat' dir='ltr'>parati</span> <span class='ocrx_word' id='word_1_736' title='bbox 2587 4695 2917 4770; x_wconf 90' lang='lat' dir='ltr'>quemlibet</span> <span class='ocrx_word' id='word_1_737' title='bbox 2944 4694 3314 4750; x_wconf 89' lang='lat' dir='ltr'>resistentem</span> <span class='ocrx_word' id='word_1_738' title='bbox 3363 4691 3607 4747; x_wconf 88' lang='lat' dir='ltr'>convin-</span> 
     </span>
    </p>
   </div>
   <div class='ocr_carea' id='block_1_112' title="bbox 1948 4781 3610 4860">
    <p class='ocr_par' dir='ltr' id='par_1_112' title="bbox 1948 4781 3610 4860">
     <span class='ocr_line' id='line_1_114' title="bbox 1948 4781 3610 4860; baseline -0.007 -14"><span class='ocrx_word' id='word_1_739' title='bbox 1948 4805 2079 4846; x_wconf 89' lang='lat' dir='ltr'>cere</span> <span class='ocrx_word' id='word_1_740' title='bbox 2103 4808 2116 4858; x_wconf 85' lang='lat'>;</span> <span class='ocrx_word' id='word_1_741' title='bbox 2150 4805 2289 4845; x_wconf 90' lang='lat' dir='ltr'>cum</span> <span class='ocrx_word' id='word_1_742' title='bbox 2319 4788 2434 4859; x_wconf 92' lang='lat' dir='ltr'>ille,</span> <span class='ocrx_word' id='word_1_743' title='bbox 2465 4787 2736 4860; x_wconf 89' lang='lat' dir='ltr'>inquam,</span> <span class='ocrx_word' id='word_1_744' title='bbox 2765 4790 3008 4859; x_wconf 90' lang='lat' dir='ltr'>propter</span> <span class='ocrx_word' id='word_1_745' title='bbox 3037 4785 3148 4840; x_wconf 89' lang='lat' dir='ltr'>has</span> <span class='ocrx_word' id='word_1_746' title='bbox 3195 4798 3410 4839; x_wconf 90' lang='lat' dir='ltr'>causas</span> <span class='ocrx_word' id='word_1_747' title='bbox 3439 4781 3610 4837; x_wconf 90' lang='lat' dir='ltr'>indu-</span> 
     </span>
    </p>
   </div>
   <div class='ocr_carea' id='block_1_113' title="bbox 1946 4873 3610 4946">
    <p class='ocr_par' dir='ltr' id='par_1_113' title="bbox 1946 4873 3610 4946">
     <span class='ocr_line' id='line_1_115' title="bbox 1946 4873 3610 4946; baseline -0.007 -10"><span class='ocrx_word' id='word_1_748' title='bbox 1946 4879 2177 4936; x_wconf 86' lang='lat' dir='ltr'>bitabili</span> <span class='ocrx_word' id='word_1_749' title='bbox 2203 4878 2448 4935; x_wconf 90' lang='lat' dir='ltr'>crimine</span> <span class='ocrx_word' id='word_1_750' title='bbox 2479 4880 2748 4933; x_wconf 89' lang='lat' dir='ltr'>teneatur</span> <span class='ocrx_word' id='word_1_751' title='bbox 2777 4874 3098 4940; x_wconf 84' lang='lat' dir='ltr'>obnoxius,</span> <span class='ocrx_word' id='word_1_752' title='bbox 3129 4873 3265 4946; x_wconf 89' lang='lat' dir='ltr'>quis</span> <span class='ocrx_word' id='word_1_753' title='bbox 3283 4875 3447 4927; x_wconf 90' lang='lat' dir='ltr'>curet</span> <span class='ocrx_word' id='word_1_754' title='bbox 3471 4887 3610 4927; x_wconf 84' lang='lat' dir='ltr'>exa-</span> 
     </span>
    </p>
   </div>
   <div class='ocr_carea' id='block_1_114' title="bbox 1949 4960 3609 5039">
    <p class='ocr_par' dir='ltr' id='par_1_114' title="bbox 1949 4960 3609 5039">
     <span class='ocr_line' id='line_1_116' title="bbox 1949 4960 3609 5039; baseline -0.007 -12"><span class='ocrx_word' id='word_1_755' title='bbox 1949 4970 2341 5027; x_wconf 90' lang='lat' dir='ltr'>minationem</span> <span class='ocrx_word' id='word_1_756' title='bbox 2370 4968 2501 5039; x_wconf 88' lang='lat' dir='ltr'>ejus</span> <span class='ocrx_word' id='word_1_757' title='bbox 2518 4968 2546 5023; x_wconf 87' lang='lat'><strong>?</strong></span> <span class='ocrx_word' id='word_1_758' title='bbox 2566 4971 2653 5022; x_wconf 81' lang='lat' dir='ltr'>An</span> <span class='ocrx_word' id='word_1_759' title='bbox 2681 4965 2824 5038; x_wconf 90' lang='lat' dir='ltr'>quia</span> <span class='ocrx_word' id='word_1_760' title='bbox 2844 4963 3161 5020; x_wconf 87' lang='lat' dir='ltr'>manifesta</span> <span class='ocrx_word' id='word_1_761' title='bbox 3182 4961 3360 5033; x_wconf 89' lang='lat' dir='ltr'>culpa</span> <span class='ocrx_word' id='word_1_762' title='bbox 3386 4960 3609 5016; x_wconf 82' lang='lat' dir='ltr'>exami-</span> 
     </span>
    </p>
   </div>
   <div class='ocr_carea' id='block_1_115' title="bbox 1951 5050 3611 5129">
    <p class='ocr_par' dir='ltr' id='par_1_115' title="bbox 1951 5050 3611 5129">
     <span class='ocr_line' id='line_1_117' title="bbox 1951 5050 3611 5129; baseline -0.007 -13"><span class='ocrx_word' id='word_1_763' title='bbox 1951 5059 2081 5116; x_wconf 88' lang='lat' dir='ltr'>nari</span> <span class='ocrx_word' id='word_1_764' title='bbox 2127 5057 2344 5129; x_wconf 89' lang='lat' dir='ltr'>egeat?</span> <span class='ocrx_word' id='word_1_765' title='bbox 2390 5073 2466 5113; x_wconf 89' lang='lat' dir='ltr'>an</span> <span class='ocrx_word' id='word_1_766' title='bbox 2512 5057 2659 5112; x_wconf 89' lang='lat' dir='ltr'>forte</span> <span class='ocrx_word' id='word_1_767' title='bbox 2715 5055 3052 5111; x_wconf 89' lang='lat' dir='ltr'>crederetur</span> <span class='ocrx_word' id='word_1_768' title='bbox 3107 5050 3504 5117; x_wconf 85' lang='lat' dir='ltr'>examinatus,</span> <span class='ocrx_word' id='word_1_769' title='bbox 3561 5050 3611 5105; x_wconf 92' lang='lat' dir='ltr'>si</span> 
     </span>
    </p>
   </div>
   <div class='ocr_carea' id='block_1_116' title="bbox 1949 5141 3610 5222">
    <p class='ocr_par' dir='ltr' id='par_1_116' title="bbox 1949 5141 3610 5222">
     <span class='ocr_line' id='line_1_118' title="bbox 1949 5141 3610 5222; baseline -0.007 -17"><span class='ocrx_word' id='word_1_770' title='bbox 1949 5150 2191 5222; x_wconf 84' lang='lat' dir='ltr'>culpam</span> <span class='ocrx_word' id='word_1_771' title='bbox 2217 5164 2279 5204; x_wconf 90' lang='lat' dir='ltr'>se</span> <span class='ocrx_word' id='word_1_772' title='bbox 2309 5163 2430 5204; x_wconf 91' lang='lat' dir='ltr'>non</span> <span class='ocrx_word' id='word_1_773' title='bbox 2449 5145 2671 5202; x_wconf 87' lang='lat' dir='ltr'>habere</span> <span class='ocrx_word' id='word_1_774' title='bbox 2701 5143 3029 5218; x_wconf 89' lang='lat' dir='ltr'>pejerando</span> <span class='ocrx_word' id='word_1_775' title='bbox 3057 5141 3299 5214; x_wconf 90' lang='lat' dir='ltr'>culpam</span> <span class='ocrx_word' id='word_1_776' title='bbox 3329 5156 3610 5196; x_wconf 86' lang='lat' dir='ltr'>accumu-</span> 
     </span>
    </p>
   </div>
   <div class='ocr_carea' id='block_1_117' title="bbox 1946 5229 3609 5306">
    <p class='ocr_par' dir='ltr' id='par_1_117' title="bbox 1946 5229 3609 5306">
     <span class='ocr_line' id='line_1_119' title="bbox 1946 5229 3609 5306; baseline -0.007 -10"><span class='ocrx_word' id='word_1_777' title='bbox 1946 5240 2095 5296; x_wconf 88' lang='lat' dir='ltr'>laret</span> <span class='ocrx_word' id='word_1_778' title='bbox 2116 5237 2220 5294; x_wconf 91' lang='lat' dir='ltr'>sed</span> <span class='ocrx_word' id='word_1_779' title='bbox 2252 5241 2315 5293; x_wconf 91' lang='lat' dir='ltr'>ut</span> <span class='ocrx_word' id='word_1_780' title='bbox 2359 5236 2612 5293; x_wconf 90' lang='lat' dir='ltr'>scientes</span> <span class='ocrx_word' id='word_1_781' title='bbox 2642 5233 2907 5306; x_wconf 88' lang='lat' dir='ltr'>aliquem</span> <span class='ocrx_word' id='word_1_782' title='bbox 2954 5233 3222 5306; x_wconf 88' lang='lat' dir='ltr'>pejerare</span> <span class='ocrx_word' id='word_1_783' title='bbox 3270 5230 3488 5299; x_wconf 90' lang='lat' dir='ltr'>sinant,</span> <span class='ocrx_word' id='word_1_784' title='bbox 3531 5229 3609 5285; x_wconf 90' lang='lat' dir='ltr'>ab</span> 
     </span>
    </p>
   </div>
   <div class='ocr_carea' id='block_1_118' title="bbox 1949 5321 3611 5394">
    <p class='ocr_par' dir='ltr' id='par_1_118' title="bbox 1949 5321 3611 5394">
     <span class='ocr_line' id='line_1_120' title="bbox 1949 5321 3611 5394; baseline -0.007 -8"><span class='ocrx_word' id='word_1_785' title='bbox 1949 5328 2152 5385; x_wconf 90' lang='lat' dir='ltr'>animo</span> <span class='ocrx_word' id='word_1_786' title='bbox 2211 5325 2590 5383; x_wconf 89' lang='lat' dir='ltr'>sacerdotum</span> <span class='ocrx_word' id='word_1_787' title='bbox 2647 5322 2852 5393; x_wconf 89' lang='lat' dir='ltr'>religio</span> <span class='ocrx_word' id='word_1_788' title='bbox 2922 5321 3220 5394; x_wconf 87' lang='lat' dir='ltr'>prohibet.</span> <span class='ocrx_word' id='word_1_789' title='bbox 3292 5322 3424 5375; x_wconf 85' lang='lat' dir='ltr'>Jam</span> <span class='ocrx_word' id='word_1_790' title='bbox 3469 5335 3611 5374; x_wconf 90' lang='lat' dir='ltr'>vero</span> 
     </span>
    </p>
   </div>
   <div class='ocr_carea' id='block_1_119' title="bbox 1949 5405 3609 5485">
    <p class='ocr_par' dir='ltr' id='par_1_119' title="bbox 1949 5405 3609 5485">
     <span class='ocr_line' id='line_1_121' title="bbox 1949 5405 3609 5485; baseline -0.007 -13"><span class='ocrx_word' id='word_1_791' title='bbox 1949 5420 2070 5472; x_wconf 90' lang='lat' dir='ltr'>tam</span> <span class='ocrx_word' id='word_1_792' title='bbox 2102 5415 2342 5471; x_wconf 90' lang='lat' dir='ltr'>evidens</span> <span class='ocrx_word' id='word_1_793' title='bbox 2372 5415 2687 5485; x_wconf 89' lang='lat' dir='ltr'>peccatum</span> <span class='ocrx_word' id='word_1_794' title='bbox 2724 5426 2860 5482; x_wconf 79' lang='lat' dir='ltr'>quae</span> <span class='ocrx_word' id='word_1_795' title='bbox 2891 5409 3169 5481; x_wconf 78' lang='lat' dir='ltr'>purgatio</span> <span class='ocrx_word' id='word_1_796' title='bbox 3201 5410 3463 5473; x_wconf 88' lang='lat' dir='ltr'>maneat,</span> <span class='ocrx_word' id='word_1_797' title='bbox 3498 5405 3609 5461; x_wconf 91' lang='lat' dir='ltr'>nisi</span> 
     </span>
    </p>
   </div>
   <div class='ocr_carea' id='block_1_120' title="bbox 1948 5547 3614 5629">
    <p class='ocr_par' dir='ltr' id='par_1_120' title="bbox 1948 5547 3614 5629">
     <span class='ocr_line' id='line_1_122' title="bbox 1948 5547 3614 5629; baseline -0.008 -13"><span class='ocrx_word' id='word_1_798' title='bbox 1948 5564 2242 5626; x_wconf 89' lang='lat' dir='ltr'>tenentur,</span> <span class='ocrx_word' id='word_1_799' title='bbox 2274 5552 2735 5629; x_wconf 29' lang='lat' dir='ltr'>pendi‘solebat.</span> <span class='ocrx_word' id='word_1_800' title='bbox 2792 5555 2921 5629; x_wconf 76' lang='lat' dir='ltr'>Haec</span> <span class='ocrx_word' id='word_1_801' title='bbox 2955 5569 3134 5629; x_wconf 82' lang='lat' dir='ltr'>porro</span> <span class='ocrx_word' id='word_1_802' title='bbox 3189 5547 3514 5629; x_wconf 65' lang='lat' dir='ltr'>praestatio,</span> <span class='ocrx_word' id='word_1_803' title='bbox 3549 5553 3614 5603; x_wconf 91' lang='lat' dir='ltr'>ut</span> 
     </span>
    </p>
   </div>
   <div class='ocr_carea' id='block_1_121' title="bbox 1947 5621 3612 5705">
    <p class='ocr_par' dir='ltr' id='par_1_121' title="bbox 1947 5621 3612 5705">
     <span class='ocr_line' id='line_1_123' title="bbox 1947 5621 3612 5705; baseline -0.008 -18"><span class='ocrx_word' id='word_1_804' title='bbox 1947 5621 2294 5705; x_wconf 46' lang='lat' dir='ltr'>patet,_non‘</span> <span class='ocrx_word' id='word_1_805' title='bbox 2314 5625 2596 5705; x_wconf 80' lang='lat' dir='ltr'>omnibus</span> <span class='ocrx_word' id='word_1_806' title='bbox 2621 5641 2796 5705; x_wconf 67' lang='lat' dir='ltr'>aeque</span> <span class='ocrx_word' id='word_1_807' title='bbox 2828 5621 3126 5698; x_wconf 73' lang='lat' dir='ltr'>episcopis</span> <span class='ocrx_word' id='word_1_808' title='bbox 3156 5621 3434 5696; x_wconf 75' lang='lat' dir='ltr'>probata,</span> <span class='ocrx_word' id='word_1_809' title='bbox 3489 5621 3612 5673; x_wconf 88' lang='lat' dir='ltr'>imo</span> 
     </span>
    </p>
   </div>
   <div class='ocr_carea' id='block_1_122' title="bbox 1952 5697 2692 5776">
    <p class='ocr_par' dir='ltr' id='par_1_122' title="bbox 1952 5697 2692 5776">
     <span class='ocr_line' id='line_1_124' title="bbox 1952 5697 2692 5776; baseline -0.011 -16"><span class='ocrx_word' id='word_1_810' title='bbox 1952 5697 1986 5760; x_wconf 80' lang='grc' dir='ltr'>Ξι</span> <span class='ocrx_word' id='word_1_811' title='bbox 2012 5701 2309 5776; x_wconf 74' lang='lat' dir='ltr'>plerisque</span> <span class='ocrx_word' id='word_1_812' title='bbox 2333 5697 2692 5771; x_wconf 88' lang='lat' dir='ltr'>improbata.</span> 
     </span>
    </p>
   </div>
  </div>
