3952 6414
416 286 522 348 227

418 415 717 474 confessio
765 418 821 473 et
866 416 1263 490 poenitentia?
1306 419 1467 475 Hanc
1517 418 1561 474 si
1621 423 1939 492 expeteret,
1978 436 2081 476 au-
2122 425 2169 478 A

416 504 586 562 diens
662 509 827 562 extra
901 506 1199 563 civitatem
1255 506 1370 562 sibi
1445 506 1728 565 infestam
1774 524 1870 565 me
1930 526 2078 576 esse,

415 600 659 670 propter
688 611 959 652 amorem
986 597 1107 659 Dei,
1140 596 1313 668 cujus
1345 597 1767 654 misericordiae
1798 616 1895 656 me
1921 615 2083 655 com-

414 685 802 753 monefecisti,
833 686 1033 742 adhuc
1060 686 1225 759 apud
1254 701 1351 742 me
1381 687 1584 744 locum
1611 689 1742 761 ejus
1773 689 2076 763 reperiret,

413 781 592 850 atque
618 777 745 832 hmo
777 776 829 832 ei
857 775 1105 831 forsitan
1136 774 1466 848 aliquando
1495 777 1940 835 absolutionem
1969 795 2078 853 pa-

411 869 582 922 reret.
618 864 791 932 Quod
821 863 869 919 si
897 864 1012 921 hoc
1056 862 1329 932 noluerit,
1360 866 1608 938 quando
1654 872 1717 923 tu
1762 867 2077 923 consilium

414 954 689 1011 statueris
744 954 819 1010 de
862 953 1196 1025 majoribus
1226 957 1283 1010 et
1312 954 1647 1011 utilioribus
1696 961 2074 1027 tractaturus,

412 1061 549 1101 cum
577 1044 691 1101 illis
723 1048 780 1101 et
807 1045 936 1100 haec
959 1058 1336 1113 recensurus,
1370 1045 1554 1101 adero
1583 1050 1780 1103 tecum
1826 1046 1874 1102 si
1903 1064 2076 1104 man-

409 1134 666 1191 daveris.
699 1135 763 1189 Et
794 1134 845 1190 si
873 1133 1020 1206 quid
1042 1134 1103 1189 in
1129 1133 1298 1190 illum
1329 1139 1553 1207 actum,
1584 1140 1691 1206 est,
1735 1135 1891 1193 bene
1941 1141 2073 1206 stat,

408 1223 828 1298 astipulatione
870 1226 974 1280 tua
1012 1222 1271 1293 nitatur;
1315 1224 1407 1279 sin
1450 1223 1671 1293 minus,
1723 1226 2073 1298 corrigatur.

406 1313 563 1370 Vale.
1819 1340 1828 1349 -

761 1400 1095 1459 EPISTOLA
1136 1404 1199 1457 LI
1228 1400 1391 1475 [olim
1420 1405 1553 1459 LXII
1586 1404 1714 1476 bis].

879 1495 1074 1559 (Anno
1109 1494 1246 1546 1020
1277 1496 1381 1548 aut
1410 1496 1596 1561 1021.)

414 1580 754 1639 Venerabili
772 1580 1245 1637 Aurelianorum
1268 1582 1540 1651 episcopo
1562 1585 1914 1643 Tneonomco
1942 1586 2074 1640 FUL-

472 1687 679 1728 mzarus
724 1669 1108 1728 Carnotensis
1138 1672 1416 1727 sacerdos
1441 1672 1781 1744 obsequium
1809 1674 2071 1730 dilectio-

471 1764 564 1818 nis
595 1763 721 1818 sine
746 1763 888 1832 fuco
917 1760 1437 1818 dissimulationis.

473 1851 746 1909 Gratulor
773 1850 1092 1921 diligentiae
1124 1855 1260 1918 tuae,
1300 1851 1436 1907 licet
1463 1851 1616 1908 inter
1644 1852 1834 1909 multa
1863 1853 2070 1910 adver-

398 1942 592 1998 santia
619 1957 729 1997 sua
758 1945 994 1997 strenue
1016 1940 1369 2013 capessenti,
1400 1957 1497 1997 me
1525 1958 1769 2015 quoque
1792 1942 1866 1998 de
1887 1959 2069 2014 nego-

398 2032 492 2088 tiis
518 2032 597 2089 ad
616 2048 714 2087 me
729 2031 1164 2103 pertinentibus
1194 2030 1386 2087 amice
1417 2032 1843 2088 commonenti.
1868 2037 1939 2088 At
1954 2049 2065 2103 ego

398 2121 931 2180 commonitionem
947 2125 1116 2177 tuam
1140 2120 1400 2191 benigne
1424 2121 1685 2193 suscipio
1712 2140 1724 2189 ;
1751 2123 1812 2177 in
1841 2124 2064 2179 caeteris

394 2211 643 2286 quidem
671 2226 809 2284 qure
838 2209 986 2266 mihi
1012 2209 1296 2282 scripsisti
1318 2209 1572 2266 libenter
1600 2210 1725 2279 tibi,
1758 2215 1936 2283 prout
1957 2212 2061 2268 de-

394 2300 579 2358 cuerit
608 2304 665 2356 et
688 2303 927 2372 tempus
957 2298 1083 2369 erit,
1124 2297 1665 2371 obtemperaturus.
1695 2301 1775 2354 De
1818 2316 2061 2372 proces-

394 2392 561 2448 sione
586 2406 728 2446 vero
760 2387 1031 2444 Ecclesiae
1077 2392 1295 2443 nostrae
1326 2386 1405 2444 ad
1432 2391 1688 2443 vestram
1733 2389 1860 2445 ﬁeri
1890 2390 2061 2448 solita

393 2481 637 2539 clericos
668 2483 908 2536 nostros
956 2476 1338 2545 conveniens,
1379 2477 1580 2533 audivi
1628 2479 1707 2536 ab
1762 2480 1845 2536 eis
1892 2481 2059 2553 quod

391 2571 616 2646 optime
645 2585 956 2635 noveram,
990 2572 1045 2624 et
1074 2566 1332 2640 teipsum
1362 2584 1539 2640 aequo
1571 2569 1775 2626 animo
1812 2586 2055 2626 concre-

390 2661 531 2718 dere
555 2659 695 2717 volo
720 2677 733 2714 :
757 2657 1034 2715 videlicet
1062 2656 1227 2728 quod
1257 2656 1560 2713 damnatis
1592 2658 1723 2730 (34⁸)
1754 2658 2053 2731 incendio,

389 2756 447 2809 et
467 2750 547 2808 ad
563 2750 839 2808 Ecclesiae
856 2747 1349 2806 restaurationem
1380 2746 1777 2817 inhiantibus,
1806 2748 2055 2822 aliisque

386 2841 661 2914 plurimis
678 2838 930 2896 miseriis
946 2834 1147 2893 valida
1166 2834 1513 2892 necessitate
1544 2837 1874 2910 occupatis,
1916 2854 2053 2910 pro-

388 2931 578 2987 cessio
627 2944 751 2985 non
801 2927 874 2982 sit
899 2926 979 2982 ad
1021 2940 1286 2998 praesens
1330 2924 1555 2992 facilis;
1590 2942 1875 2982 successu
1912 2942 2053 2983 vero

386 3033 691 3092 prosperae
711 3015 1029 3085 facultatis,
1063 3030 1202 3069 cum
1233 3029 1459 3084 magno
1491 3015 1713 3084 gaudio
1746 3032 1814 3072 ac
1850 3015 2052 3073 debita

1483 298 1538 353 S.
1582 299 1917 354 FULBERTI
1955 252 2434 357 CARNOTENSIS
2475 302 2791 361 EPISCOPI

3749 313 3856 369 228

2540 428 2873 485 EPISTOLA
2915 432 3025 485 LIV
3063 430 3225 501 [olim
3256 432 3517 497 LXXXV].

2691 519 2883 589 (Circa
2908 536 3140 576 annum
3174 522 3354 594 1020).

2189 601 2263 657 In
2290 611 2642 672 perpetuum
2679 607 2985 685 diligendo
3015 610 3256 666 domino
3304 626 3410 685 suo
3459 616 3704 685 regique
3744 619 3852 672 Ro-

2600 694 2772 733 eenro
2798 682 3118 738 FULBERTUS
3146 684 3445 740 sacerdos.

2263 765 2500 837 Quaeso,
2519 766 2763 824 domine
2784 770 2888 840 mi,
2904 784 2983 826 ne
3003 771 3386 842 indignanter
3407 774 3671 848 accipias
3688 778 3850 850 quod

2188 850 2294 908 tibi
2324 855 2600 924 proxima
2627 858 2935 916 Dominica
2964 860 3201 917 Parisiis
3229 878 3351 919 non
3397 864 3651 922 occurri.
3690 868 3848 924 Scias

2188 941 2349 998 enim
2378 959 2489 1016 pro
2520 950 2680 1001 certo
2709 947 2877 1019 quod
2907 950 3102 1006 nuntii
3129 951 3462 1010 fefellerunt
3491 970 3606 1023 me,
3652 957 3849 1013 dicen-

2187 1034 2273 1085 tes
2300 1036 2353 1087 te
2380 1032 2518 1089 illuc
2546 1033 2679 1106 ipso
2711 1036 2806 1091 die
2835 1053 2960 1094 non
2986 1038 3214 1108 adfore,
3247 1042 3353 1097 sed
3399 1049 3645 1116 propter
3690 1047 3847 1103 ordi-

2185 1122 2494 1178 nationem
2541 1125 2860 1195 cujusdam
2913 1128 3183 1202 episcopi
3235 1147 3332 1187 me
3385 1134 3607 1203 vocari,
3664 1151 3848 1209 quem

2185 1211 2434 1267 omnino
2476 1229 2600 1269 non
2647 1230 2954 1284 noveram,
3003 1233 3116 1274 nec
3166 1225 3463 1278 sacratam
3519 1228 3687 1279 tuam
3736 1242 3847 1282 nec

2183 1300 2499 1373 epistolam
2529 1304 2970 1377 archiprtesulis
2999 1307 3118 1363 mei
3147 1308 3222 1365 de
3252 1310 3629 1369 ordinatione
3658 1313 3844 1387 ipsius

2184 1404 2555 1463 acceperam.
2592 1392 2757 1448 Unde
2798 1393 2847 1449 si
2874 1394 3023 1466 quid
3050 1395 3248 1452 delicti
3278 1414 3464 1470 penes
3494 1417 3591 1457 me
3620 1407 3729 1471 est,
3760 1420 3846 1459 se-

2182 1478 2400 1535 ductus
2442 1497 2578 1536 sum
2628 1482 2823 1539 aliena
2871 1483 3126 1542 fallacia.
3162 1488 3367 1543 Facilis
3410 1494 3615 1547 tamen
3670 1492 3847 1549 debet

2181 1585 2311 1624 esse
2341 1569 2614 1626 remissio
2656 1573 2823 1645 apud
2857 1574 3088 1643 regiam
3127 1576 3429 1648 pietatem,
3480 1597 3618 1637 cum
3667 1582 3846 1638 etiam

2182 1658 2348 1730 apud
2376 1660 2645 1716 forenses
2668 1662 2904 1733 judices
2930 1668 3117 1720 status
3147 1664 3224 1722 sit
3253 1668 3603 1738 hujusmodi
3639 1671 3843 1728 venia-

2105 1782 2142 1835 Β
2178 1747 2269 1802 lis.
2296 1753 2358 1804 In
2388 1752 2509 1805 toto
2541 1749 2720 1806 corde
2748 1768 2885 1809 meo
2916 1752 3100 1823 diligo
3132 1759 3186 1811 te
3216 1773 3229 1823 ;
3274 1772 3352 1813 ne
3382 1758 3636 1832 repellas
3666 1774 3764 1816 me
3810 1776 3844 1817 a

2180 1836 2482 1895 mandatis
2516 1838 2648 1894 tuis.
2682 1840 2839 1895 Vale.

2515 1930 2850 1986 EPISTOLA
2882 1930 2968 1986 LV
2992 1928 3155 2003 [olim
3189 1932 3494 2007 LXXXVII].

2654 2020 2844 2090 (Anno
2874 2024 3010 2076 1020
3038 2026 3141 2077 aut
3175 2026 3358 2096 1021.)

2174 2106 2567 2165 Dilectissimo
2593 2109 2830 2164 domino
2859 2126 2964 2166 suo
3008 2113 3139 2181 regi
3164 2113 3541 2172 Francorum
3578 2120 3839 2175 Roemro

2247 2182 2565 2235 FULBERTUS
2632 2181 2876 2237 humilis
2942 2184 3251 2254 episcopus
3306 2193 3531 2244 sancta
3598 2191 3840 2247 virtutis

2243 2257 2652 2321 augmentum.

2245 2338 2301 2395 Si
2348 2338 2524 2395 nobis
2579 2356 2791 2396 omnes
2846 2343 3250 2413 pervagandee
3299 2344 3611 2403 facultates
3658 2349 3840 2407 simul

2169 2444 2308 2483 cum
2333 2428 2636 2484 voluntate
2664 2434 3065 2502 suppeterent,
3094 2431 3403 2491 interesset
3432 2441 3638 2493 vestra:
3655 2438 3840 2510 pieta-

2167 2518 2239 2573 tis
2265 2518 2566 2574 levitatem
2594 2523 2867 2575 nostram
2898 2537 3170 2591 arguere,
3203 2529 3262 2580 et
3289 2524 3368 2581 ad
3398 2530 3614 2583 nostrae
3644 2529 3837 2587 eccle-

2167 2608 2267 2663 siae
2298 2625 2433 2681 quae
2461 2608 2761 2664 destructa
2787 2614 2843 2665 et
2869 2613 3367 2671 restaurationem
3401 2615 3710 2676 assiduam
3740 2637 3836 2677 re—

2164 2712 2400 2753 vocare.
2431 2700 2596 2752 Nunc
2621 2713 2763 2753 vero
2811 2715 2951 2770 cum
2997 2716 3207 2756 omnes
3240 2704 3538 2773 ejusmodi
3589 2706 3837 2766 faculta-

2165 2789 2251 2841 tes
2294 2785 2510 2851 desint,
2564 2790 2620 2841 et
2665 2802 2776 2842 nos
2830 2788 2910 2843 ad
2967 2790 3382 2848 assiduitatem
3440 2794 3834 2851 necessitudo

2163 2890 2387 2945 magna
2431 2880 2719 2946 coerceat,
2766 2879 3077 2949 quomodo
3123 2880 3429 2953 sapientiae
3485 2887 3690 2938 vestrae
3739 2884 3833 2940 di-

2163 2978 2352 3033 gnum
2382 2963 2568 3019 videri
2598 2964 2790 3035 possit
2818 2970 2882 3022 ut
2910 2966 2998 3022 vel
3020 2984 3133 3024 nos
3161 2969 3257 3024 vel
3282 2970 3508 3026 clerum
3552 2975 3834 3030 nostrum

2161 3052 2235 3109 de
2265 3052 2533 3125 qualibet
2559 3052 2741 3124 longa
2770 3057 3153 3127 processione
3186 3066 3588 3118 commoneat.
3647 3064 3834 3120 Susti—

569 3106 579 3118 ,
810 3106 819 3116 ,
1846 3106 1855 3115 .
1933 3105 1942 3116 .
2046 3120 2049 3123 ν
2165 3102 2233 3109 -σ
2270 3102 2533 3125 νινν--ν-
2559 3102 2741 3124 -ν--ο-υ
2770 3102 3153 3127 Γ-νννννινυυ
3187 3102 3588 3118 ννιι-ιωυιινυιυ
3647 3102 3834 3120 ἰιι-κου’

386 3107 702 3214 imm?!”
726 3122 787 3162 se
1338 3102 1479 3214 vili}
1495 3105 2050 3214 _c__l‘lf{1_bf3fitls_si{?9
2072 3126 2121 3198 PC
2160 3147 2293 3198 nete
2320 3142 2537 3214 potius,
2572 3146 2773 3198 sancte
2800 3147 2988 3207 Pater,
3022 3148 3306 3204 sustinete
3359 3148 3835 3209 imbecillitatem

385 3197 542 3254 clero
567 3200 623 3252 et
653 3211 831 3266 grege
858 3193 963 3250 tibi
986 3192 1329 3259 commisso,
1372 3194 1692 3249 cohortans
1737 3211 1839 3250 eos
1879 3211 2048 3252 orare

387 3290 575 3343 Deum
600 3290 666 3342 ut
693 3284 901 3340 liberet
925 3298 1035 3339 nos
1066 3282 1145 3338 ab
1177 3282 1439 3338 adversis
1469 3282 1706 3339 nostris.

779 3375 1115 3429 EPISTOLA
1143 3374 1230 3427 LII
1260 3374 1424 3437 [olim
1455 3372 1656 3446 LXIII].

918 3462 1104 3534 (Circa
1142 3476 1241 3516 an.
1284 3460 1513 3531 eumd.)

415 3554 810 3611 Dilectissimo
834 3552 1031 3622 fratri
1057 3555 1113 3606 et
1143 3552 1485 3620 coepiscopo
1522 3564 1629 3607 suo
1660 3553 2007 3609 Tneomamco

1038 3642 1378 3696 FULBERTUS.

449 3734 677 3791 Illatam
705 3729 879 3789 vobis
906 3729 1191 3801 injuriam
1221 3744 1358 3785 vere
1406 3744 1608 3785 meam
1660 3730 1833 3799 facio,
1884 3747 2044 3788 com-

374 3823 676 3897 passionis
709 3820 947 3888 affectu,
979 3819 1040 3874 in
1088 3834 1191 3874 eos
1236 3818 1340 3891 qui
1397 3834 1569 3875 sacro
1620 3820 1815 3875 ordini
1850 3821 2040 3877 fecere

375 3909 805 3967 contumeliam
830 3907 955 3963 zelo
984 3907 1217 3963 fervens
1248 3922 1260 3961 :
1293 3908 1401 3963 sed
1418 3923 1530 3964 nec
1554 3908 1729 3964 vobis
1748 3909 1889 3966 utile
1910 3927 2040 3968 esse

373 4000 550 4057 video
580 4015 689 4055 nec
718 3997 865 4054 mihi
894 4001 1111 4067 tutum,
1144 4001 1209 4053 ut
1235 3997 1392 4052 zelus
1440 4003 1645 4053 noster
1691 4000 1769 4055 ad
1815 4000 2041 4057 vindic-

372 4093 498 4146 tam
522 4084 1162 4145 excommunicationis
1189 4091 1482 4159 erumpat.
1529 4089 2036 4161 Exspectandum,

373 4182 429 4235 et
458 4174 929 4234 commonitoriis
959 4173 1253 4230 utendum
1282 4190 1411 4230 esse
1455 4190 1607 4243 reor,
1660 4176 1853 4232 donec
1902 4178 2036 4234 illos

369 4272 473 4325 aut
498 4265 849 4341 poenitentia
875 4262 1151 4333 corrigat,
1181 4267 1284 4320 aut
1313 4264 1534 4319 summi
1559 4264 1778 4335 judicis
1804 4271 2037 4323 senten-

367 4356 450 4413 tia
472 4355 699 4412 multet.
732 4353 892 4409 Vale.

754 4440 1089 4499 EPISTOLA
1117 4440 1229 4497 LIII
1259 4439 1422 4514 [olim
1450 4440 1646 4516 LXIV].

902 4532 1095 4601 (Circa
1133 4548 1231 4589 an.
1266 4533 1495 4605 eumd.)

446 4621 788 4680 Venerabili
804 4623 1145 4692 coepiscopo
1176 4637 1281 4678 suo
1304 4624 1585 4679 Ooomuco
1616 4624 1953 4679 FULBERTUS.

434 4715 513 4770 De
542 4728 727 4770 causa
756 4712 915 4769 unde
947 4711 1387 4784 simplicitatem
1414 4716 1689 4769 nostram
1714 4713 2027 4769 consulere

360 4802 646 4870 voluistis,
678 4801 739 4858 in
767 4805 933 4857 sexto
968 4800 1123 4857 libro
1174 4800 1583 4874 Capitulorum
1630 4802 2026 4873 nonagesimo

358 4892 556 4968 primo
579 4894 661 4949 ita
691 4891 981 4964 scriptum
1008 4890 1365 4946 invenimus.
1389 4890 1445 4947 Si
1464 4890 1556 4945 vir
1576 4896 1632 4947 et
1652 4891 1867 4947 mulier
1885 4908 2027 4948 con-

353 4981 660 5053 junxerint
688 4997 751 5035 se
779 4980 842 5036 in
871 4978 1277 5046 matrimonio,
1305 4983 1362 5034 et
1398 4983 1608 5051 postea
1648 4979 1861 5034 dixerit
1888 4995 2023 5036 mu-

356 5072 463 5129 lier
490 5072 565 5129 de
590 5071 720 5127 viro
745 5085 869 5127 non
894 5083 1071 5142 posse
1099 5069 1330 5125 nubere
1368 5084 1509 5125 cum
1551 5085 1623 5124 eo
1648 5086 1661 5137 ;
1713 5069 1762 5125 si
1807 5070 2023 5142 poterit

355 5160 615 5236 probare
638 5158 806 5233 quod
832 5175 1046 5217 verum
1077 5159 1155 5216 sit
1191 5157 1444 5231 accipiat
1481 5158 1686 5228 alium,
1737 5174 1809 5216 eo
1851 5160 2020 5233 quod

352 5249 525 5321 juxta
553 5247 903 5319 Apostolum
943 5262 1068 5303 non
1098 5248 1293 5320 potuit
1340 5246 1425 5302 illi
1465 5247 1716 5303 reddere
1755 5248 1843 5304 vir
1871 5264 2018 5305 suus

357 5336 647 5393 debitum.
682 5338 760 5390 De
778 5335 1142 5408 profectione
1170 5341 1371 5393 autem
1401 5341 1606 5393 nostra
1620 5337 1695 5392 ad
1732 5338 2017 5393 Sanctum

359 5425 664 5490 Hilarium,
714 5423 1030 5496 praeﬁxum
1074 5426 1272 5481 adhuc
1323 5426 1646 5483 terminum
1686 5441 1809 5481 non
1835 5426 2017 5482 habe-

354 5516 594 5571 bemus.
626 5512 811 5568 Vivite
837 5511 1079 5569 feliciter
1102 5514 1164 5569 in
1194 5515 1421 5573 Christo
1446 5518 1583 5571 Jesu
1604 5513 1854 5572 Domino
1877 5532 2014 5572 nos-

356 5606 469 5658 tro.
501 5600 660 5657 Vale.

427 5779 563 5851 (3")
590 5778 655 5835 Id
678 5783 768 5837 est
803 5778 1082 5847 Vastatis,
1112 5777 1397 5836 damnum
1422 5784 1636 5849 passis.

2159 3236 2447 3299 nostram,
2476 3231 2747 3303 supplete
2774 3232 3166 3303 indigentiam
3219 3242 3509 3307 nostram,
3559 3244 3623 3295 ut
3669 3242 3833 3297 Deus

2158 3319 2324 3374 omni
2351 3319 2514 3375 bono
2542 3318 2824 3377 refocillet
2844 3322 3093 3380 charam
3126 3325 3394 3382 animam
3416 3332 3697 3385 vestram.
3719 3332 3834 3387 Va-

2156 3408 2267 3465 l'ete
2316 3408 2590 3479 regaliter
2615 3412 2748 3481 (35).

2472 3500 2804 3580 EPISTQLA
2836 3498 2944 3556 LVI
2976 3503 3139 3573 [olim
3172 3505 3504 3580 LXXXVIII].

2658 3571 2846 3642 (Circa
2874 3571 3103 3631 annum
3133 3580 3312 3648 1020.)

2153 3660 2591 3736 Benignissimo
2618 3661 2856 3736 domino
2886 3679 2991 3719 suo
3021 3666 3263 3736 regique
3292 3669 3550 3723 Bosenro
3582 3670 3830 3725 Fumea-

2221 3749 2325 3873 ;es
2357 3733 2602 3815 liumilis
2622 3735 2896 3790 sacerdos
2917 3737 2971 3790 si
2992 3733 3111 3807 qua
3135 3733 3329 3807 potest
3369 3741 3662 3796 orationis
3695 3744 3829 3811 suf-

2254 3819 2449 3873 ragza.

2254 3819 2449 3874 ragia.

2226 3895 2307 3948 Ex
2351 3897 2517 3964 parte
2566 3892 2934 3950 celsitudinis
2969 3899 3175 3952 vestrae
3216 3897 3446 3954 dictum
3493 3903 3582 3955 est
3636 3899 3823 3956 nobis

2149 3981 2317 4055 quod
2367 3983 2663 4039 domuum
2739 3986 3108 4041 Franconem
3176 3987 3489 4044 Parisiensi
3540 3989 3819 4047 Ecclesiae

2147 4072 2291 4129 dare
2338 4072 2516 4127 vultis
2564 4073 2938 4147 episcopum,
2997 4080 3055 4131 et
3107 4076 3186 4131 ad
3233 4076 3348 4133 hoc
3395 4079 3819 4150 peragendum

2146 4166 2364 4217 nostrae
2391 4161 2741 4217 humilitatis
2770 4162 2995 4220 habere
3045 4163 3332 4222 favorem.
3380 4165 3561 4223 Nobis
3609 4172 3819 4225 autem

2143 4250 2376 4307 videtur
2400 4251 2565 4322 quia,
2599 4251 2649 4306 si
2675 4252 2994 4325 episcopus
3022 4253 3098 4310 de
3127 4271 3250 4327 quo
3278 4255 3476 4325 agitur
3502 4261 3685 4330 aptus
3728 4263 3820 4315 est

2143 4340 2413 4409 clericus,
2445 4345 2537 4397 est
2564 4341 2788 4413 optime
2816 4342 3125 4412 litteratus,
3155 4349 3212 4401 et
3239 4345 3319 4402 ad
3345 4361 3692 4404 sermonem
3733 4348 3821 4405 fa-

2141 4429 2423 4485 ciendum
2455 4429 2662 4499 agilis:
2697 4431 2759 4486 in
2787 4448 2911 4503 qua
2941 4448 3004 4488 re
3035 4449 3247 4490 omnes
3271 4435 3589 4508 episcopos
3639 4436 3820 4493 decet

2064 4500 2108 4553 θ
2140 4533 2293 4587 esse,
2323 4532 2445 4573 non
2466 4518 2667 4574 minus
2688 4500 2875 4592 quain
2890 4520 2953 4575 in
2968 4522 3315 4594 operatione
3333 4528 3607 4596 potentes
3627 4528 3815 4598 atque

2137 4606 2409 4663 disertos.
2445 4607 2632 4678 Unde,
2665 4607 2712 4663 si
2736 4608 2851 4664 hoc
2882 4609 3213 4683 ﬁeriposse
3258 4611 3549 4669 canonice
3595 4612 3817 4669 domni

2137 4696 2570 4770 archiepiscopi
2617 4698 2976 4755 Senonensis
3004 4704 3063 4756 et
3109 4700 3611 4775 coepiscoporum
3659 4717 3813 4759 nos-

2136 4790 2365 4842 trorum
2393 4787 2674 4859 probavit
2704 4788 3020 4858 sagacitas,
3052 4795 3330 4847 nostrum
3359 4791 3562 4860 etiam,
3591 4791 3703 4864 qui
3731 4791 3811 4847 de

2133 4875 2248 4932 hac
2276 4876 2650 4933 discussione
2675 4877 2958 4950 appellati
2987 4894 3109 4935 non
3140 4879 3390 4951 fuimus,
3421 4880 3660 4938 habetis
3707 4897 3811 4938 as-

2134 4983 2401 5022 sensum.
2436 4970 2499 5022 ln
2529 4967 2694 5024 nullo
2740 4968 2902 5024 enim
2946 4968 3114 5041 quod
3160 4969 3393 5027 bonum
3447 4970 3544 5040 sit,
3594 4987 3809 5029 coram

2134 5056 2385 5113 Domino
2417 5060 2625 5113 vestrae
2650 5056 2942 5114 voluntati
2971 5057 3220 5116 nitimur
3249 5060 3563 5118 contraire.
3596 5060 3812 5132 Vigeat

2130 5145 2478 5202 excellentia
2506 5151 2726 5203 vestra.

2536 5236 2873 5293 EPISTOLA
2901 5237 3036 5292 LVII
3069 5234 3232 5309 [olim
3260 5238 3386 5308 XC].

2751 5323 2952 5392 (Anno
2981 5326 3162 5395 1020).

2124 5393 2520 5466 Dilectissimo
2547 5392 2784 5466 dmnino
2813 5410 2918 5449 suo
2948 5392 3205 5451 Romam
3237 5398 3557 5452 FULBERTUS
3581 5399 3812 5466 episco-

2193 5479 2410 5589 gorum
2440 5463 2814 5520 humillimus
2839 5468 3155 5524 consilium
3196 5473 3250 5523 et
3289 5463 3719 5537 fortitudinem
3766 5485 3805 5527 a

2252 5550 2467 5589 omzno.
3035 5571 3056 5589 .

2252 5550 2343 5590 0772
2351 5550 2467 5591 ΖηΟ.

2195 5625 2340 5678 Cum
2366 5624 2684 5696 priesentia
2709 5643 2846 5684 mea
2874 5644 3132 5700 nequeo,
3156 5629 3367 5686 saltem
3390 5629 3596 5686 litteris
3623 5633 3683 5686 te
3704 5647 3801 5686 re-

2192 5784 2306 5856 (35)
2337 5784 2551 5843 Gallice
2582 5786 2665 5842 sic
2690 5772 2837 5855 fere,
2864 5802 2924 5846 se
2938 5795 3150 5858 porter
3177 5804 3402 5847 comma
3429 5802 3513 5847 un
3543 5792 3661 5847 rei.
