3952 6444
192 365 302 420 229

1733 348 2108 409 EPISTOLE.

421 90 473 91 ηε

3532 363 3640 417 230

192 480 345 551 viso,
378 478 461 536 mi
485 478 750 549 domine,
779 477 1086 536 sciscitans
1125 479 1199 534 de
1230 479 1481 535 fortunis
1511 479 1650 547 tuis,
1684 482 1741 533 et
1765 493 1862 532 ex—
1894 477 1942 528 A
1977 481 2103 532 tum
2128 481 2410 547 meretur,
2442 492 2566 533 non
2596 478 2759 534 enim
2802 477 3019 537 suﬁcit
3060 481 3360 538 abstinere
3386 498 3422 539 a
3450 484 3636 552 malo,

192 589 429 646 ponens
463 571 666 645 aliqua
697 587 906 626 eorum
960 586 1097 642 quin
1148 576 1436 640 geruntur
1479 571 1540 625 in
1593 569 1864 642 partibus

192 663 436 718 nostris.
471 665 869 720 Carnotenses
898 659 1098 716 adhuc
1136 661 1457 733 plerosque
1500 660 1758 726 detineo,
1790 673 1866 712 ne

193 750 256 807 in
303 756 474 808 tuum
519 754 952 807 nocumentum
1000 754 1340 823 erumpant.
1396 749 1510 807 Sed
1558 749 1769 805 Hereb.
1811 751 1868 804 et

195 840 399 898 Gaufr.
419 839 586 896 nullo
606 838 918 896 interdicto
948 839 1248 895 refrenare
1278 839 1466 911 potui.
1493 839 1737 895 Faciunt
1760 836 1865 893 tibi

194 928 360 987 mala
413 945 549 1003 quae
593 933 868 1002 possunt,
903 928 1208 984 minantur
1250 941 1386 1000 quae
1434 941 1557 984 non
1588 931 1861 1000 possunt.

195 1019 388 1074 Virtus
415 1017 703 1074 Altissimi
756 1021 1026 1074 conterat
1073 1022 1130 1073 et
1172 1016 1480 1090 disperdat
1520 1016 1865 1089 superbiam

190 1107 466 1165 illorum!
499 1109 758 1176 Quidam
787 1113 988 1164 autem
1030 1108 1332 1164 vernaculi
1363 1107 1468 1178 tui,
1501 1107 1605 1180 qui
1644 1107 1722 1162 ab
1751 1106 1864 1161 eis-

193 1199 337 1257 dem
369 1198 856 1257 malefactoribus
890 1199 1175 1270 injuriam
1203 1199 1368 1272 passi
1399 1203 1556 1269 sunt,
1585 1197 1865 1255 Martinus

195 1291 421 1346 scilicet
463 1291 537 1346 de
569 1288 761 1346 Villeri
809 1293 1010 1346 monte
1059 1293 1114 1345 et
1156 1289 1259 1344 ﬁlii
1309 1290 1458 1360 ejus,
1506 1290 1658 1344 iram
1689 1303 1864 1343 suam

191 1383 541 1453 retorquent
569 1381 630 1435 in
661 1384 877 1436 terram
913 1382 1142 1436 Sanctae
1190 1378 1455 1435 Dominae
1499 1383 1740 1443 nostrae,
1773 1376 1863 1431 di-

189 1469 474 1543 ripientes
503 1467 705 1539 fruges
738 1472 794 1524 et
824 1472 1036 1525 caetera
1066 1468 1230 1525 bona
1263 1472 1489 1536 nostra,
1523 1484 1657 1540 quae
1686 1466 1746 1522 in
1775 1466 1862 1520 vi-

191 1559 352 1614 cinia
377 1571 489 1614 sua
514 1562 670 1613 sunt.
707 1561 821 1613 Nos
849 1573 992 1613 vero
1023 1557 1213 1614 inulta
1240 1559 1368 1614 haec
1401 1558 1664 1631 patimur
1688 1571 1865 1629 prop-

188 1654 325 1722 pter
349 1653 426 1720 te,
451 1652 862 1721 exspectantes
885 1652 940 1704 et
957 1649 1346 1721 deprecantes
1359 1649 1651 1720 justitiam
1674 1652 1860 1704 tuam.

194 1741 347 1795 Sunt
374 1738 501 1793 haec
533 1742 589 1793 et
642 1737 756 1793 alia
807 1737 1015 1805 multa,
1052 1737 1134 1793 mi
1164 1737 1429 1808 domine,
1471 1755 1607 1810 quae
1645 1752 1742 1794 me
1771 1739 1862 1793 ni-

191 1828 310 1882 mis
339 1827 721 1897 angustiant;
777 1826 919 1883 satis
967 1822 1127 1882 enim
1175 1827 1341 1884 oneri
1385 1843 1516 1883 esse
1547 1827 1865 1884 videbatur

192 1915 451 1973 adversa
478 1915 744 1989 corporis
768 1916 1068 1973 valetudo.
1106 1916 1219 1974 Sed
1249 1922 1451 1973 tamen
1478 1917 1622 1973 illud
1647 1917 1864 1989 aegrius

191 2005 551 2068 tolerabam,
571 2007 736 2078 quod
767 2021 861 2060 res
892 2004 1164 2062 Ecclesiae
1196 2005 1256 2062 in
1287 2008 1732 2079 superiluorum
1763 2007 1866 2063 do-

191 2095 584 2150 mesticorum
631 2093 910 2150 victualia
956 2095 1037 2150 sic
1083 2095 1420 2168 expendere
1461 2096 1866 2168 compellebar

189 2200 267 2241 ex
294 2201 482 2258 prava
521 2184 954 2241 consuetudine
1001 2185 1518 2258 praedecessorum
1563 2203 1862 2257 meorum,

186 2278 258 2330 ut
287 2272 554 2330 oﬂlcium
580 2273 1001 2345 hospitalitatis
1031 2277 1088 2329 et
1111 2273 1531 2347 eleemosynae,
1552 2276 1706 2331 sicut
1728 2291 1865 2332 mea

185 2363 454 2431 interest,
501 2362 920 2419 administrare
970 2379 1094 2419 non
1138 2380 1400 2436 possem.
1455 2369 1619 2421 Nunc
1661 2371 1862 2421 autem

185 2467 288 2509 res
307 2453 489 2525 ipsas,
509 2452 815 2525 quantulae
838 2453 1026 2522 erant,
1050 2453 1281 2525 passim
1308 2453 1531 2509 inimici
1553 2453 1858 2526 diripiunt.

187 2541 444 2597 Additur
471 2539 563 2595 his
590 2539 763 2595 malis
790 2539 1138 2596 incendium
1173 2541 1445 2597 Ecclesiae
1475 2546 1695 2598 nostrae
1723 2543 1858 2613 (36).

191 2629 492 2697 Quoniam
543 2645 681 2685 cum
729 2630 889 2685 unde
928 2634 1284 2699 restaurem,
1319 2631 1471 2687 sicut
1517 2632 1705 2699 decet,
1737 2647 1863 2687 non

188 2719 412 2788 habeo,
445 2719 590 2775 mihi
620 2735 863 2792 quoque
888 2721 1258 2776 necessarios
1291 2725 1566 2794 sumptus
1596 2720 1865 2791 indulge-

189 2811 243 2866 ri
273 2809 552 2865 detrecto.
590 2809 687 2863 His
718 2811 918 2882 itaque
950 2812 1005 2864 et
1034 2809 1309 2881 pluribus
1343 2809 1470 2866 aliis
1502 2810 1861 2867 difﬁcultati-

191 2897 310 2956 bus
341 2899 802 2966 circumventus,
837 2915 992 2973 quas
1023 2899 1117 2954 vel
1147 2899 1396 2972 pudoris
1426 2899 1521 2956 lex
1550 2900 1645 2956 vel
1673 2900 1865 2956 brevi-

193 2992 328 3048 tatis
360 3003 714 3047 enumerare
741 2994 920 3060 vetat,
945 2989 1134 3047 multa
1157 3007 1397 3047 mecum
1419 2991 1613 3062 agito;
1646 3007 1770 3048 non
1800 2997 1866 3048 ut

197 3096 504 3138 mrumnas
536 3081 597 3136 in
627 3081 741 3136 hac
773 3079 893 3136 vita
923 3081 1176 3136 evadere
1208 3097 1407 3151 coner,
1440 3081 1605 3154 quod
1636 3087 1723 3137 est
1751 3082 1862 3138 im-

1974 566 2090 621 nisi
2121 567 2226 622 ﬁat
2249 567 2417 640 quod
2445 567 2676 624 bonum
2703 573 2811 626 est.

2045 658 2244 712 Restat
2271 671 2434 727 ergo,
2465 661 2529 713 ut
2557 658 2616 712 in
2648 658 2874 715 eisdem
2906 677 3010 717 sex
3041 659 3398 734 supradictis
3439 663 3636 719 consi-

1972 743 2120 799 lium
2160 751 2216 800 et
2246 745 2536 801 auxilium
2581 746 2831 804 domino
2863 765 2972 805 suo
3019 750 3272 806 ﬁdeliter
3297 756 3556 823 prmstet.
3591 753 3638 807 si

1973 833 2265 891 beneﬁcio
2290 835 2510 906 dignus
2538 835 2731 893 videri
2755 839 2902 907 vult,
2922 844 2979 895 et
3005 841 3205 897 salvus
3235 858 3367 898 esse
3393 842 3468 898 de
3497 841 3641 898 ﬁde-

1973 922 2131 986 litate
2163 940 2349 996 quam
2384 925 2626 995 juravit.
2666 928 2950 984 Dominus
2980 945 3222 1002 quoque
3247 931 3408 987 ﬁdeli
3438 948 3548 987 suo
3577 932 3639 987 in

1971 1013 2064 1069 his
2094 1015 2379 1070 omnibus
2404 1017 2597 1072 vicem
2627 1018 2875 1075 reddere
2907 1020 3102 1076 debet.
3130 1021 3302 1087 Quod
3325 1022 3372 1076 si
3403 1037 3525 1078 non
3555 1022 3637 1078 fe~

1973 1105 2134 1171 cerit,
2165 1105 2374 1162 merito
2395 1107 2736 1163 censebitur
2770 1109 3088 1166 maleﬁdus
3121 1128 3133 1165 :
3164 1111 3314 1167 sicut
3350 1112 3465 1183 ille,
3500 1113 3548 1167 si
3577 1113 3638 1167 in

1972 1209 2182 1250 eorum
2212 1196 2702 1267 praevaricatione
2733 1198 2826 1254 vel
2852 1199 3127 1256 faciendo
3148 1201 3243 1256 vel
3263 1202 3639 1257 consentien-

1972 1284 2052 1339 do
2081 1284 2490 1358 deprehensus
2519 1287 2712 1358 fuerit,
2740 1289 3007 1360 perﬁdus
3038 1294 3094 1346 et
3119 1293 3416 1362 perjurus.
3450 1293 3641 1364 Scrip-

1974 1373 2186 1430 sissem
2215 1375 2388 1431 vobis
2412 1376 2613 1445 latius,
2649 1378 2698 1431 si
2729 1384 3061 1452 occupatus
3094 1396 3217 1435 non
3257 1397 3450 1436 essem
3499 1398 3639 1436 cum

1973 1463 2102 1518 aliis
2149 1464 2372 1532 multis,
2405 1470 2532 1522 tum
2577 1467 2758 1522 etiam
2803 1469 3236 1525 restauratione
3281 1470 3531 1526 civitatis
3583 1476 3640 1525 et

1975 1553 2244 1608 Ecclesiae
2266 1560 2483 1610 nostrae
2509 1572 2646 1628 quae
2681 1561 2800 1614 tota
2819 1573 3013 1630 nuper
3035 1559 3339 1614 horrendo
3358 1559 3637 1614 incendio

1973 1645 2383 1715 conﬂagravit.
2432 1649 2561 1712 Quo
2609 1647 2836 1703 damno
2879 1649 2992 1704 etsi
3038 1648 3472 1722 aliquantisper
3513 1665 3637 1704 non

1972 1735 2201 1791 moveri
2229 1752 2353 1791 non
2378 1752 2725 1808 possumus,
2759 1755 2864 1811 spe
2895 1743 3098 1794 tamen
3127 1739 3311 1796 divini
3340 1745 3520 1812 atque
3546 1757 3639 1794 ve-

1904 1838 1943 1890 B
1974 1825 2076 1880 stri
2107 1825 2298 1882 solatii
2325 1827 2715 1899 respiramus.

2365 1953 2700 2008 EPISTULA
2740 1953 2848 2008 LIX
2887 1953 3049 2023 [olim
3089 1955 3240 2026 xw].

2473 2037 2659 2107 (Circa
2685 2052 2915 2092 annum
2947 2043 3125 2105 1021.)

1971 2143 2246 2199 Piissz'mo
2290 2142 2429 2199 duca
2467 2144 2912 2216 Aquitanorum
2955 2149 3270 2202 GUILLELMO
3315 2149 3637 2204 Fetsenrirs

2500 2217 2744 2271 humilis
2776 2219 3102 2286 episcopus.

2044 2307 2171 2360 Non
2221 2309 2308 2361 est
2360 2305 2602 2372 mirum,
2639 2305 3013 2362 serenissime
3063 2307 3360 2381 princeps,
3396 2308 3443 2364 si
3492 2309 3639 2381 quid

1970 2395 2227 2451 moveris
2255 2394 2460 2451 animo
2487 2401 2694 2452 contra
2725 2413 2844 2464 me,
2878 2397 2952 2453 de
2979 2398 3093 2454 hoc
3131 2400 3298 2471 quod
3332 2399 3641 2472 sapientis-

1971 2485 2125 2541 simo
2179 2502 2248 2540 ac
2301 2485 2681 2541 sanctissimo
2728 2487 2884 2542 Patri
2928 2493 3131 2543 nostro
3164 2489 3381 2544 Hilario
3414 2489 3639 2561 tibique

1970 2573 2173 2629 debita
2203 2572 2441 2629 servitia
2468 2589 2590 2628 non
2619 2575 2906 2646 rependo.
2938 2579 3214 2646 Magnam
3246 2579 3406 2634 enim
3450 2579 3639 2634 hono-

1969 2662 2324 2718 riﬁcentiam
2375 2662 2714 2729 exhibuisti,
2763 2662 3084 2736 largosque
3131 2665 3348 2721 dedisti
3395 2667 3637 2721 muniﬁ-

1969 2751 2175 2808 centiae
2205 2751 2452 2817 fructus,
2485 2767 2593 2823 pro
2624 2751 2845 2824 quibus
2891 2752 3034 2807 nihil
3064 2754 3372 2825 praesentis
3406 2755 3636 2810 emolu-

1971 2842 2153 2898 menti
2181 2841 2480 2913 recepisse
2506 2841 2742 2897 videris.
2793 2841 2906 2898 Sed
2936 2846 3024 2898 est
3050 2843 3216 2914 quod
3250 2848 3302 2898 te
3333 2845 3636 2900 reconfor-

1970 2937 2093 2988 tare
2145 2931 2474 3004 plurimum
2529 2935 2742 3002 potest,
2799 2930 2916 2987 hoc
2967 2931 3238 2988 videlicet
3283 2934 3449 3006 quod
3505 2939 3636 2990 tuas

1971 3038 2152 3093 gazas
2182 3021 2244 3077 in
2274 3021 2536 3077 ecclesiae
2563 3023 2751 3076 Beatae
2797 3021 2986 3077 Mariae
3016 3024 3512 3080 restaurationem
3542 3041 3638 3080 ex-
3737 3089 3740 3092 ν

1972 3127 2213 3184 pensas,
2248 3125 2370 3166 non
2403 3109 2599 3165 solum
2628 3108 2912 3178 integras,
2938 3113 3331 3168 verumetiam
3359 3112 3634 3185 multipli-

194 3173 490 3274 POSSiblev‘
515 3170 623 3226 sed
653 3175 729 3274 “t-
759 3170 961 3274 aliqu?
1007 3171 1212 3270 labore
1242 3171 1740 3274 qu‘amVis'futduo
1766 3190 1864 3228 va‘
1904 3198 1944 3253 C
1973 3170 2138 3257 catas
2170 3170 2248 3255 ab
2279 3198 2410 3271 ipsa
2453 3198 2722 3270 recipies.
2754 3170 2840 3254 Ex
2869 3170 3036 3271 parte
3067 3217 3209 3256 vero
3242 3218 3398 3271 mea,
3424 3170 3639 3274 quam-

192 3261 353 3317 leam
379 3259 786 3317 restaurandae
813 3261 1089 3315 Ecclesiae
1114 3277 1292 3333 opem
1316 3260 1485 3317 ferre.
1513 3262 1696 3333 Hujus
1722 3278 1864 3318 vero

196 3349 654 3407 consultationis
684 3365 835 3405 meae
863 3348 1048 3405 ﬁnem
1075 3349 1178 3405 tibi
1200 3349 1449 3405 domino
1479 3367 1615 3407 meo
1645 3351 1865 3407 revela-

193 3444 327 3496 tum
355 3439 426 3495 iri
455 3438 726 3512 disponis
759 3455 897 3495 cum
942 3442 1096 3495 Deus
1137 3438 1367 3495 dederit
1396 3439 1479 3496 tui
1510 3441 1863 3514 opportuni—

192 3533 380 3587 tatem
410 3528 674 3602 alloquii.
704 3529 903 3586 Valete
929 3529 1288 3602 perenniter.

595 3701 928 3758 EPISTOLA
970 3702 1129 3756 LVIII
1169 3701 1330 3771 [olim
1361 3701 1467 3772 Cl].

841 3813 1013 3864 Anno
1067 3811 1220 3863 1020.

196 3919 472 3975 Glorioso
509 3918 654 3974 duci
693 3917 1138 3989 Aquitanorum
1170 3919 1514 3972 GL’ILLIELMO
1546 3919 1864 3972 FULBERTUS

513 4009 820 4078 episcopus
850 4007 1138 4062 orationis
1169 4007 1550 4076 suﬁ‘ragium.

271 4119 352 4172 De
399 4115 595 4172 forma
648 4114 950 4172 ﬁdelitatis
1003 4113 1231 4187 aliquid
1275 4112 1531 4169 scribere
1580 4113 1864 4186 monitus,

193 4207 329 4262 haec
379 4205 546 4262 vobis
589 4221 726 4278 quae
781 4211 1115 4278 sequuntur
1164 4203 1423 4260 breviter
1465 4221 1536 4260 ex
1574 4204 1867 4261 librorum

195 4295 550 4354 auctoritate
579 4295 804 4354 notavi.
852 4295 962 4361 Qui
993 4294 1243 4351 domino
1271 4311 1380 4351 suo
1403 4294 1751 4352 ﬁdelitatem
1775 4296 1870 4367 ju-

192 4390 312 4455 rat,
345 4385 459 4442 ista
510 4401 615 4442 sex
660 4386 721 4441 in
770 4385 1066 4442 memoria
1115 4400 1352 4457 semper
1398 4383 1620 4441 habere
1651 4385 1866 4441 debet:

195 4475 528 4545 Incolume,
557 4479 774 4544 tutum,
806 4476 1150 4542 honestum,
1193 4475 1358 4543 utile,
1389 4475 1581 4544 facile,
1614 4475 1870 4548 possibi-

193 4568 273 4624 le.
309 4566 633 4634 Incolume,
671 4565 965 4635 videlicet,
995 4582 1070 4623 ne
1101 4565 1178 4621 sit
1206 4564 1456 4622 domino
1487 4566 1547 4620 in
1573 4566 1871 4622 damnum

196 4658 276 4714 de
311 4669 562 4728 corpore
593 4670 723 4713 suo.
755 4659 991 4722 Tutum,
1021 4673 1098 4712 ne
1144 4655 1220 4712 sit
1256 4655 1308 4712 ei
1357 4655 1418 4711 in
1461 4655 1758 4712 damnum
1797 4655 1871 4711 de

198 4743 432 4799 secreto
485 4753 616 4806 suo,
649 4738 739 4794 vel
786 4740 862 4795 de
913 4739 1348 4796 munitionibus
1377 4755 1485 4812 per
1527 4756 1681 4812 quas
1710 4743 1873 4795 tutus

199 4846 332 4888 esse
362 4831 580 4901 potest.
620 4830 967 4896 Honestum,
1000 4843 1075 4882 ne
1121 4827 1194 4882 sit
1246 4827 1298 4881 ei
1344 4827 1406 4881 in
1456 4827 1753 4882 damnum
1796 4827 1871 4882 de

201 4935 315 4976 sua
340 4916 586 4989 justitia,
615 4915 709 4971 vel
737 4915 812 4971 de
839 4914 968 4971 aliis
999 4914 1196 4970 causis
1222 4931 1358 4988 quae
1391 4915 1469 4971 ad
1496 4915 1872 4972 honestatem

201 5011 334 5081 ejus
366 5006 660 5080 pertinere
677 5004 970 5061 videntur.
1010 5002 1171 5070 Utile,
1207 5020 1280 5058 ne
1309 5004 1380 5058 sit
1410 5003 1460 5058 ei
1492 5004 1551 5058 in
1574 5003 1872 5060 damnum

201 5099 280 5156 de
309 5097 431 5153 suis
469 5095 974 5171 possessionibus.
1031 5092 1216 5150 Facile
1247 5093 1341 5149 vel
1368 5093 1672 5166 possibile,
1707 5109 1783 5149 ne
1812 5091 1874 5150 id

199 5189 457 5255 bonum,
481 5186 649 5260 quod
677 5185 962 5242 dominus
992 5200 1138 5240 suus
1162 5183 1367 5239 leviter
1395 5181 1590 5239 facere
1620 5187 1870 5255 poterat,

200 5279 385 5336 faciat
431 5277 487 5335 ei
535 5277 811 5334 difﬁcile:
861 5291 1010 5332 neve
1061 5275 1143 5343 id,
1184 5275 1352 5348 quod
1392 5274 1678 5348 possibile
1727 5278 1871 5343 erat,

199 5368 420 5428 reddat
443 5368 498 5425 ei
536 5366 932 5443 impossibile.
979 5369 1046 5422 Ut
1075 5369 1278 5421 autem
1311 5364 1505 5421 ﬁdelis
1531 5365 1661 5420 haec
1687 5381 1874 5421 nocu-

203 5461 411 5515 menta
439 5461 664 5526 caveat,
692 5458 928 5528 justum
955 5458 1062 5524 est,
1086 5454 1192 5510 sed
1221 5469 1347 5510 non
1375 5453 1512 5510 ideo
1536 5470 1876 5511 sacramen-

305 5638 396 5709 36)
428 5638 780 5709 Incendium
812 5636 1069 5709 ecclesiae
1093 5636 1441 5709 nostrx._Ex
1462 5633 1644 5709 veteri
1664 5633 1876 5709 Annali

207 5705 416 5766 abbat.
453 5711 509 5766 S.
544 5709 691 5764 Petri
717 5708 777 5762 in
816 5707 969 5762 valle
1002 5709 1263 5773 Carnot.,
1295 5705 1356 5760 id
1395 5710 1486 5760 est
1515 5705 1576 5759 in
1621 5705 1877 5775 legenda

211 5780 401 5838 sancti
428 5780 641 5837 Aniani
661 5798 672 5834 :
694 5851 701 5852 ί
724 5779 922 5852 Arma
937 5779 1254 5852 millesimo
1281 5779 1580 5852 ρίςρδῂηρ,
1608 5777 1880 5852 inmnocte

211 5852 584 5920 Nattvitatis,
606 5851 782 5922 episc.
807 5849 982 5906 Fulb.
1009 5860 1171 5908 anno
1199 5852 1232 5906 4
1261 5849 1380 5918 fuit
1412 5849 1621 5907 civitas
1641 5849 1881 5908 Carno-

1973 3289 2058 3345 vis
2087 3288 2364 3361 perexilis
2414 3288 2608 3360 portio
2658 3289 2952 3344 mercedis
2996 3290 3281 3347 aestimari
3310 3293 3518 3364 possit,
3553 3297 3638 3348 ta-

1971 3395 2113 3435 men
2142 3378 2442 3452 quidquid
2473 3395 2609 3434 sum
2639 3383 2695 3435 et
2724 3395 2974 3451 possum
3009 3386 3178 3436 tuum
3208 3387 3313 3437 est.
3347 3383 3403 3438 Si
3435 3386 3640 3438 autem

1970 3470 2046 3526 de
2076 3469 2303 3525 malitia
2333 3469 2533 3524 saeculi
2563 3473 2706 3524 ortae
2735 3468 3114 3525 difﬁcultates
3145 3487 3352 3527 meum
3390 3473 3498 3528 iter
3525 3473 3640 3527 im-

1971 3559 2238 3634 pediunt,
2273 3564 2338 3614 ut
2369 3559 2743 3631 frequentare
2774 3575 2897 3614 non
2946 3560 3195 3630 possim,
3228 3565 3285 3616 et
3323 3562 3640 3618 dilationes

1971 3666 2140 3706 meas
2192 3652 2536 3720 exspectare
2585 3647 2774 3714 taedet,
2817 3648 2930 3715 fac,
2982 3649 3409 3719 benignissime
3457 3656 3639 3723 atque

1972 3737 2350 3794 dilectissime
2394 3737 2693 3808 princeps,
2726 3735 2801 3790 de
2829 3735 2931 3791 illa
2960 3736 3245 3806 dignitate
3271 3753 3459 3810 quam
3492 3739 3640 3794 mihi

1974 3826 2384 3895 commiseras,
2429 3824 2727 3898 quidquid
2769 3823 2987 3880 animae
3037 3830 3150 3881 tuae
3193 3826 3638 3900 beneplacitum

1973 3916 2166 3985 fuerit,
2199 3920 2359 3971 certo
2406 3915 2598 3971 sciens
2628 3914 2795 3987 quod
2824 3930 2895 3970 ea
2933 3931 3118 3971 causa
3157 3915 3640 3972 benevolentiam

1975 4024 2174 4063 meam
2218 4022 2361 4076 erga
2393 4012 2443 4062 te
2474 4021 2792 4078 nunquam
2823 4006 3038 4061 senties
3078 4006 3482 4063 imminutam.
3519 4012 3641 4064 Cae-

1975 4102 2099 4154 tera
2145 4097 2448 4175 qumdam,
2490 4112 2626 4168 quae
2675 4095 2933 4152 scribere
2981 4096 3168 4166 nolui,
3200 4097 3396 4166 legato
3426 4104 3640 4166 vestro,

1974 4187 2222 4244 domino
2271 4185 2549 4242 videlicet
2605 4185 2892 4242 Raimone
2948 4185 3236 4243 referente
3292 4203 3639 4257 cognosces.

1976 4279 2136 4335 νῶθ’
2361 4349 2698 4405 EPISTOLA
2738 4350 2821 4403 Lx
2859 4348 3022 4419 [olim
3054 4351 3256 4419 xvm].

2457 4434 2652 4503 (Anno
2688 4436 2844 4500 1021,
2879 4433 2954 4488 al.
2991 4434 3172 4503 1024.)

1903 4562 1947 4616 υ
1982 4543 2164 4598 Claro
2185 4556 2290 4595 suo
2323 4540 2666 4594 Humanum
2700 4540 3019 4594 FULBEMUs
3048 4539 3292 4594 humilis
3313 4541 3640 4608 episcopus.

2049 4646 2180 4701 Scio
2209 4649 2284 4712 te,
2317 4643 2420 4711 ﬁli,
2449 4659 2652 4699 meum
2683 4641 3023 4697 desiderare
3049 4642 3400 4711 adventum,
3427 4643 3534 4698 sed
3561 4659 3647 4698 re-

1980 4735 2220 4793 tardant
2250 4731 2453 4806 templi
2480 4730 2852 4799 restauratio,
2881 4730 3171 4786 mandata
3199 4732 3375 4801 regis,
3408 4732 3643 4804 praedo-

1980 4841 2129 4880 num
2171 4821 2472 4888 instantia,
2507 4819 2782 4876 messivae
2830 4819 3009 4890 feriae,
3043 4821 3481 4877 Lemovicensis
3525 4823 3646 4894 epi-

1981 4914 2146 4987 scopi
2177 4929 2375 4969 causae
2419 4911 2709 4984 pacandae
2749 4909 3091 4977 difﬁcultas,
3122 4911 3217 4965 via
3266 4912 3642 4984 scrupulosa.

1979 5009 2148 5074 .‘Egre
2175 5004 2300 5059 fero
2331 5019 2532 5058 moras
2563 5017 2751 5068 meas,
2781 5000 3091 5072 satiusque
3123 5000 3268 5055 mihi
3297 5001 3498 5057 fuisset
3518 5019 3646 5058 rem

1984 5097 2039 5152 S.
2073 5095 2257 5167 patris
2288 5092 2484 5149 Hilarii
2529 5108 2655 5147 non
2696 5091 3030 5163 suscepisse
3071 5091 3424 5159 curandam,
3458 5108 3648 5164 quam

1982 5185 2083 5241 tali
2115 5183 2299 5240 modo
2333 5187 2605 5240 tractare.
2662 5180 2776 5237 Sed
2813 5181 2927 5237 hac
2959 5180 3365 5237 consolatione
3395 5183 3645 5255 respiro,

1981 5273 2127 5346 quia
2155 5272 2321 5346 quod
2350 5277 2541 5344 potes,
2575 5270 2702 5326 vice
2749 5286 2888 5325 mea
2934 5269 3102 5325 facis.
3155 5273 3366 5327 Precor
3403 5287 3543 5343 ergo
3585 5277 3652 5329 ut

1984 5362 2362 5437 propositum
2417 5377 2633 5432 urgeas
2679 5364 2914 5416 strenue
2965 5365 3086 5416 tam
3129 5360 3191 5416 in
3241 5361 3650 5434 spiritualibus

1984 5468 2172 5526 quam
2203 5452 2262 5507 in
2295 5449 2700 5521 singularibus
2731 5464 2937 5519 agens.
2974 5449 3030 5505 Si
3060 5449 3383 5506 Robertum
3419 5468 3651 5526 praepo-

1987 5639 2136 5700 tens,
2154 5637 2210 5687 et
2230 5636 2352 5686 tota
2375 5631 2621 5686 ecclesia
2654 5628 2839 5703 beatae
2868 5629 3081 5703 Mamre
3108 5631 3432 5702 combusta,
3469 5648 3649 5703 quam

1987 5703 2139 5759 idem
2170 5704 2477 5771 episcopus
2507 5701 2801 5771 glom’nsus
2827 5717 2935 5755 sua
2964 5701 3267 5760 industria
3288 5709 3342 5758 et
3376 5701 3582 5761 labore
3598 5712 3652 5762 et

1988 5779 2229 5844 sumptu
2259 5789 2296 5831 a
2319 5773 2716 5844 fundamento
2736 5773 3143 5843 rexdz’ﬁcam‘t.
