3952 6378
440 251 538 304 231
1480 250 1536 306 S.
1580 248 1912 304 FULBERTI
1953 247 2436 308 CARNOTENSIS
2490 252 2822 309 EPISCOPI.

3763 249 3880 302 232

443 372 624 429 situm
674 370 1051 442 indiligenter
1093 371 1336 428 villicari
1384 371 1558 438 nosti,
1592 372 1680 427 fer
1725 385 1974 440 causam
2023 369 2102 426 ad
2138 376 2186 428 Α
2211 388 2461 445 operam
2488 380 2654 433 tuam
2686 392 2826 432 cum
2867 373 3168 430 alacritate
3198 371 3420 438 divide,
3454 371 3672 428 animae
3703 370 3898 428 simul

441 461 715 518 notitiam
744 461 914 517 ducis
934 461 1124 516 nostri
1153 461 1546 534 (Aquitaniae),
1574 466 1637 516 ut
1660 461 1710 532 ej
1723 478 1790 516 us
1815 459 2104 516 arbitratu

440 551 534 606 vel
573 550 903 621 corrigatur
932 549 1022 606 vel
1053 554 1331 604 mutetur.
1369 549 1570 605 Saluta
1615 550 1828 605 charos
1866 553 2104 605 nostros

442 643 484 696 Β
539 641 648 695 Hu.
703 643 840 696 Dur.
884 644 941 695 et
989 637 1137 694 alios
1187 643 1310 694 tam
1359 639 1605 694 clericos
1655 655 1841 712 quam
1893 638 2098 694 laicos.

440 730 638 785 Frater
665 727 1003 784 Thedoldus
1033 727 1196 791 obiit,
1222 726 1402 782 frater
1436 727 1736 783 Ebrardus
1766 727 2102 783 monachus

438 817 625 874 evasit
671 816 1013 873 scholarum
1057 815 1330 887 ferulam,
1383 821 1439 872 et
1481 816 1817 873 cancellarii
1866 815 2101 872 tabulas

439 907 543 963 tibi
586 923 780 974 servo,
831 907 992 962 bona
1041 921 1284 977 parans,
1342 906 1591 962 meliora
1639 906 1980 973 devovens;
2039 911 2101 962 tu

437 1013 699 1070 quoque,
727 1012 840 1070 pro
867 995 1043 1052 nobis
1075 1011 1277 1067 orans,
1301 995 1545 1052 feliciter
1571 995 1720 1052 vale.

775 1122 1118 1179 EPISTOLA
1159 1124 1264 1177 LXI
1306 1123 1468 1193 [olim
1499 1125 1761 1193 XXXVII].

937 1211 1121 1282 (Circa
1155 1227 1384 1267 annum
1421 1213 1598 1282 1021.)

434 1311 826 1368 Dilectissimo
865 1311 1036 1380 patri
1064 1316 1119 1366 et
1151 1311 1495 1380 coepiscopo
1525 1326 1632 1366 suo
1666 1313 1894 1365 Gumoxi
1926 1311 2094 1365 FULB.

913 1383 1203 1437 arationis
1229 1383 1612 1452 sai/fragium.

504 1476 805 1543 Rogamus
831 1471 1184 1527 charitatem
1214 1477 1475 1527 vestram
1506 1487 1616 1544 pro
1655 1469 1748 1526 his
1783 1471 1967 1526 servis
2000 1473 2099 1527 Ec-

432 1561 623 1617 clesiae
652 1565 872 1617 nos-ttae
903 1560 1009 1634 qui
1053 1560 1166 1616 sub
1203 1564 1397 1616 vestra
1434 1563 1722 1633 potestate
1753 1559 1999 1630 degunt,
2033 1564 2098 1616 ut

431 1651 513 1707 eis
539 1649 898 1725 patrocinari
931 1649 1279 1719 dignemini,
1315 1654 1375 1705 et
1403 1654 1466 1704 ut
1506 1648 1681 1705 nobis
1725 1648 2096 1706 constituatis

431 1741 752 1796 terminum
793 1743 932 1812 post
976 1743 1221 1795 octavas
1259 1737 1420 1794 beati
1470 1737 1718 1808 Martini,
1751 1738 1999 1812 quando
2041 1754 2071 1793 e

431 1830 534 1886 ubi
562 1828 750 1886 nostri
780 1829 959 1901 legati
1009 1828 1240 1902 possint
1278 1844 1589 1884 occurrere
1619 1828 1811 1896 vobis,
1846 1827 1923 1884 ad
1955 1828 2101 1884 deti-

429 1920 715 1976 niendam
749 1934 994 1975 causam
1025 1935 1257 1990 eorum,
1289 1935 1423 1990 quae
1454 1923 1698 1991 propter
1726 1917 1958 1974 obitum
1989 1934 2096 1974 aa-

429 2009 742 2066 tecessoris
766 2010 941 2066 vestri
963 2008 1238 2080 [Rodulﬁ]
1264 2007 1572 2064 indefinite
1596 2008 2099 2078 remansit.Roga-

428 2117 568 2156 mus
599 2099 777 2156 etiam
812 2115 886 2154 ne
916 2097 1092 2154 nobis
1125 2098 1343 2171 scripto
1373 2097 1710 2167 significare
1740 2095 2093 2168 gravemini,

429 2207 537 2246 cur
568 2189 933 2261 Sylvanectis
964 2205 1086 2244 non
1108 2187 1282 2244 fuerit
1307 2187 1561 2243 sacratio
1587 2192 1804 2243 vestra.
1839 2186 1998 2243 Vale.

745 2315 1079 2377 EPISTOLA
1117 2316 1244 2370 LXII
1291 2314 1457 2378 [olim
1488 2313 1776 2384 XXXVIII].

1053 2405 1248 2475 (Anno
1283 2405 1466 2474 1021.)

429 2495 684 2567 Egregie
711 2495 928 2550 dilecto
959 2495 1299 2564 coepiscopo
1321 2509 1426 2549 suo
1459 2495 1712 2562 GUII)0NI,
1746 2494 2090 2547 FULBERTUS.

499 2587 684 2639 Amor
701 2583 968 2655 justitiaa,
999 2583 1105 2656 qui
1135 2587 1322 2652 tuam,
1354 2586 1544 2655 pater,
1574 2581 1846 2637 animam
1876 2579 2095 2635 imbuit

428 2691 466 2730 a
491 2673 813 2739 nativitate,
843 2673 978 2729 fecit
997 2689 1132 2729 eam
1155 2673 1542 2739 inoffensam,
1563 2675 1619 2726 et
1641 2671 1720 2727 ab
1743 2669 2089 2726 excessibus

427 2768 688 2819 cautam.
735 2763 919 2834 Cujus
963 2762 1048 2818 rei
1090 2762 1274 2818 fidem
1319 2777 1459 2816 cum
1489 2777 1562 2816 ex
1608 2758 1866 2816 aliorum
1895 2758 2087 2826 dictis,

425 2856 553 2907 tum
579 2867 651 2906 ex
681 2849 882 2906 litteris
913 2850 1028 2905 tuis
1074 2849 1374 2905 evidenter
1418 2847 1641 2920 accepi.
1687 2847 1800 2904 Sed
1828 2846 1906 2903 ab
1937 2847 2093 2902 ordi-

425 2940 667 2996 natione
715 2939 877 2996 Ebali
922 2938 1229 2995 Bernensis
1272 2936 1707 3010 archiepiscopi
1754 2952 1877 2992 non
1910 2936 2087 2992 valde

426 3027 530 3083 tibi
557 3027 948 3084 metuendum
975 3031 1122 3099 puto
1149 3041 1299 3091 esse,
1330 3025 1376 3079 si
1411 3029 1516 3091 est,
1544 3028 1608 3080 ut
1636 3024 1868 3091 dicitur,
1896 3024 1973 3079 ab
2005 3023 2090 3079 in-

423 3117 609 3173 fantia
640 3117 1026 3183 Christianus,
1057 3131 1204 3170 sano
1237 3129 1417 3169 sensu
1448 3113 1636 3169 sacris
1667 3113 1871 3168 litteris
1903 3113 2096 3169 erudi-

423 3212 537 3274 tus,
569 3207 829 3274 sobrius,
877 3209 1098 3274 castus,
1141 3207 1376 3260 amator
1420 3202 1588 3275 pacis
1637 3208 1694 3258 et
1737 3203 2090 3272 dilectionis,

421 3297 587 3353 nullo
617 3296 885 3365 crimine,
928 3293 1096 3349 nulla
1145 3292 1408 3348 infamiae
1453 3295 1598 3346 nota
1637 3291 1933 3360 turbatus,
1970 3298 2094 3348 tan-

420 3387 683 3460 demque
715 3401 752 3440 a
794 3383 950 3440 clero
1003 3387 1059 3438 et
1102 3380 1330 3454 populo
1381 3398 1505 3437 suae
1553 3381 1800 3438 civitatis
1847 3383 2087 3438 electus.

420 3475 612 3545 Magni
641 3473 860 3529 etenim
889 3470 1017 3537 viri,
1047 3475 1112 3525 ut
1141 3469 1367 3542 optime
1399 3469 1577 3538 nosti,
1608 3471 1964 3526 Ambrosius
1990 3475 2091 3529 Me-

419 3561 808 3620 diolamensis
836 3564 893 3615 et
923 3561 1256 3615 Germanus
1290 3559 1844 3626 Antissiodorensis,
1870 3559 2088 3633 aliique

421 3650 714 3713 nonnulli,
736 3648 882 3721 quia
906 3647 1052 3704 tales
1081 3648 1141 3703 in
1171 3647 1326 3704 laico
1355 3647 1567 3704 habitu
1599 3648 1966 3714 exstiterunt,
1996 3664 2089 3703 su-

420 3741 542 3796 bito
573 3738 748 3795 nobis
775 3737 964 3793 sancti
1003 3737 1293 3810 praesules
1324 3737 1614 3794 exierunt.
1651 3741 1919 3793 Domnus
1943 3753 2087 3794 vero

419 3845 601 3902 papa,
627 3828 801 3898 cujus
843 3826 1431 3883 animadversionem
1476 3831 1529 3882 te
1571 3826 1824 3882 revereri
1864 3825 2088 3897 signiﬁ-

421 3917 590 3986 casti,
623 3933 744 3972 non
775 3921 864 3972 est
890 3916 1057 3989 quod
1087 3916 1194 3972 tibi
1224 3916 1434 3971 merito
1465 3915 1682 3971 debeat
1713 3931 2084 3986 succensere,

421 4005 468 4059 si
515 4009 567 4059 te
608 4005 864 4073 graviter
907 4004 1187 4076 collapsas
1239 4009 1460 4059 sanctae
1507 4004 1781 4060 Remensi
1811 4003 2084 4059 Ecclesiae

419 4092 688 4166 aliquam
737 4109 910 4166 spem
954 4091 1402 4148 resurrectionis
1444 4092 1700 4148 audierit
1730 4092 2080 4164 providisse.

419 4181 555 4237 Vale
584 4182 644 4238 in
677 4187 1033 4256 perpetuum
1058 4197 1293 4237 memor
1314 4181 1432 4236 mei
1467 4197 1604 4237 vere
1632 4180 1827 4236 fidelis
1862 4181 1965 4236 tui.
2001 4180 2082 4236 Illi

415 4287 659 4344 quoque
689 4270 948 4340 valeant,
981 4270 1085 4344 qui
1117 4275 1285 4326 tuam
1330 4269 1688 4326 memoriam
1735 4269 1883 4324 mihi
1921 4285 2082 4325 com-

417 4361 871 4418 mandaverunt.

741 4488 1079 4544 EPISTULA
1119 4489 1272 4541 LXIII
1315 4487 1475 4557 [olim
1510 4488 1742 4557 LXXIX].

915 4577 1105 4648 (Circa
1135 4591 1366 4633 annum
1403 4577 1587 4648 1021.)

416 4675 738 4734 FULBERTL’S
764 4676 1579 4803 episcoporumlhumillimus
1602 4677 1942 4730 HILDEGARIO
1972 4689 2077 4730 suo

1108 4763 1175 4803 sa
1209 4754 1384 4803 atem.

1108 4754 1384 4804 salutem.

486 4837 772 4893 Absentia
795 4841 895 4893 tua
925 4853 1084 4910 saepe
1113 4839 1551 4893 commemorat
1578 4850 1765 4908 quam
1795 4851 2074 4891 necessa-

413 4926 535 4984 rius
556 4944 689 4984 eras
710 4942 995 5000 prtesens.
1023 4926 1136 4984 Sed
1159 4927 1275 4982 hoc
1296 4941 1392 4981 me
1411 4923 1689 4981 consolor
1712 4924 1878 4997 quod
1900 4923 2075 4981 obse-

412 5017 556 5088 quia
588 5018 690 5074 tibi
718 5017 1139 5089 delegaverim,
1173 5015 1277 5089 qui
1324 5015 1404 5070 sis
1440 5014 1660 5085 dignus
1707 5014 1987 5087 recipere,
2020 5020 2077 5072 et

412 5110 734 5178 utrumque
764 5120 1145 5162 remunerare
1175 5108 1440 5177 paratus.
1479 5106 1662 5176 Spero
1692 5104 1851 5160 enim
1880 5109 1943 5160 ut
1971 5105 2077 5160 mi-

412 5191 472 5246 hi
502 5210 746 5266 quoque
775 5196 848 5250 de
893 5196 1004 5252 tuis
1047 5193 1452 5260 benemeritis,
1485 5193 1534 5248 si
1564 5210 1688 5266 qua
1738 5196 1854 5250 Deo
1893 5194 2074 5250 dante

415 5277 650 5348 fuerint,
684 5283 886 5355 aliqua
918 5290 1113 5341 tecum
1147 5283 1438 5340 mercedis
1468 5282 1851 5354 portiuncula
1879 5283 2069 5339 cedat.

416 5368 764 5438 Opitulabor
792 5371 988 5444 itaque
1033 5374 1112 5429 ad
1142 5374 1295 5429 bene
1328 5373 1796 5444 promerendum
1843 5389 1915 5428 ex
1944 5373 2071 5428 ani-

416 5471 534 5511 mo.
558 5459 673 5512 Sed
693 5459 963 5515 veniendi
989 5463 1067 5517 ad
1084 5480 1191 5518 vos
1211 5463 1372 5518 diem
1393 5467 1649 5519 statuere
1677 5461 1905 5529 dubito,
1930 5463 2074 5534 quia

414 5549 471 5599 et
498 5545 578 5601 ibi
609 5546 888 5602 victualia
917 5550 1062 5604 mihi
1090 5555 1236 5622 puto
1267 5551 1492 5618 deesse,
1513 5553 1642 5606 etin
1676 5568 1811 5607 mea
1831 5551 2073 5606 diceeesi

415 5634 618 5690 multis
643 5650 925 5706 occupor.
949 5637 1061 5692 Fac
1088 5642 1152 5692 tu
1181 5639 1414 5695 interim
1445 5640 1610 5712 quod
1634 5645 1684 5694 te
1714 5641 1904 5696 facere
1927 5644 2070 5711 opto

412 5728 468 5778 et
497 5723 715 5781 credo:
749 5722 1004 5793 lectioni,
1035 5725 1309 5792 orationi,
1353 5733 1406 5783 et
1456 5729 1772 5785 eruditioni
1819 5729 2070 5786 fratrum

2212 467 2269 518 et
2295 465 2564 538 corporis
2594 481 2803 521 curam
2834 479 3083 534 gerens;
3119 478 3193 518 ne
3219 465 3466 535 propter
3493 461 3744 517 secundi
3763 461 3895 516 las-

2213 551 2533 610 situdinem
2565 554 2773 626 primae
2799 552 2970 623 vigor
3002 555 3340 607 evanescat.
3364 553 3441 605 De
3470 565 3532 605 re
3567 549 3753 605 sancti
3778 564 3897 622 pa-

2213 640 2314 696 tris
2336 641 2604 699 Hilariiet
2625 647 2831 698 nostra
2850 640 3102 697 ﬁdeliter
3121 638 3507 711 disponenda
3529 637 3654 694 scio
3679 644 3732 694 te
3754 653 3893 693 non

2211 729 2476 800 indigere
2507 731 2768 800 monitis,
2796 729 3133 786 dummodo
3161 729 3320 785 fures
3337 743 3576 784 caveas.
3601 729 3804 782 Vestes
3829 729 3896 780 et

2211 824 2422 876 caetera
2471 825 2826 876 ornamenta
2875 818 3154 884 ecclesias,
3215 833 3352 890 quae
3399 817 3585 875 lavari
3643 816 3888 880 volunt,

2208 923 2488 980 procura,
2519 913 2584 964 ut
2609 909 2758 964 festa
2787 907 3097 982 paschalia
3120 922 3232 962 suo
3253 905 3515 962 candore
3537 909 3888 961 venustent.

2211 999 2436 1053 Laurus
2464 1003 2671 1054 nostra
2700 1003 2757 1054 et
2800 1003 2990 1054 totum
3039 997 3385 1070 pomarium
3435 994 3740 1066 gaudeant
3771 1010 3892 1049 suo

2208 1086 2391 1143 cultu.
2426 1088 2746 1144 Vinitorem
2786 1104 3033 1161 quoque
3072 1091 3128 1142 et
3154 1086 3483 1158 agricolam
3510 1090 3564 1142 te
3595 1102 3726 1141 esse
3759 1100 3894 1140 me-

2208 1176 2474 1232 mineris.
2522 1180 2602 1232 De
2633 1176 2799 1233 vario
2845 1191 3098 1232 numero
3151 1175 3527 1248 psalmorum
3574 1173 3678 1248 qui
3728 1173 3892 1244 adji-

2209 1263 2445 1320 ciuntur
2473 1282 2509 1321 a
2533 1265 2906 1338 quibusdam
2931 1265 2992 1321 in
3024 1269 3292 1338 tempore
3317 1263 3531 1334 jejunii
3549 1279 3657 1336 per
3679 1263 3898 1333 singu-

2205 1352 2296 1409 las
2325 1354 2505 1410 horas
2537 1358 2884 1421 canonicas,
2908 1354 2968 1410 in
2997 1353 3134 1424 fine,
3154 1357 3290 1426 post
3318 1352 3656 1409 orationem
3686 1350 3896 1408 Domi-

2205 1443 2407 1499 nicam
2454 1450 2513 1500 et
2552 1445 2813 1518 capitula
2859 1461 2996 1517 quae
3044 1449 3400 1517 sequuntur,
3432 1442 3706 1512 regulam
3756 1457 3894 1497 non

2206 1531 2464 1589 invenio.
2513 1533 2731 1589 Psalmi
2781 1534 3029 1606 quidem
3073 1549 3211 1589 meo
3250 1532 3544 1590 arbitratu
3591 1529 3894 1605 superﬂui

2207 1627 2424 1692 essent,
2453 1623 2566 1679 nisi
2607 1640 2710 1679 eos
2758 1629 2973 1680 tutaret
3001 1623 3452 1697 psalmistarum
3482 1621 3740 1678 devotio.
3795 1619 3892 1676 Fi-

2077 1742 2098 1793 t
2135 1733 2174 1786 Β
2206 1711 2342 1769 nitis
2373 1717 2575 1768 autem
2602 1713 2895 1785 capitulis,
2929 1718 3069 1786 post
3097 1713 3431 1768 orationem
3478 1710 3889 1776 Dominioam,

2210 1801 2312 1856 ubi
2343 1801 2560 1858 dicitur
2585 1821 2596 1857 :
2629 1803 2899 1873 Domine,
2923 1803 3151 1858 exaudi
3168 1807 3496 1857 orationem
3527 1816 3745 1871 meam,
3765 1804 3891 1854 sta-

2208 1889 2314 1946 tim
2345 1896 2499 1946 esset
2530 1890 2848 1946 subdenda
2891 1890 3102 1958 oratio,
3135 1906 3270 1962 quae
3324 1905 3396 1944 ex
3450 1887 3603 1944 libro
3653 1893 3891 1944 Sacra-

2206 1981 2499 2036 menlario
2529 1979 2826 2035 recitatur.
2861 1981 3061 2034 Patere
3084 1982 3287 2034 tamen
3316 1977 3639 2033 Ecclesiam
3665 1977 3892 2032 retine-

2205 2085 2268 2124 re
2300 2086 2478 2124 suum
2511 2085 2687 2124 usum
2715 2068 2794 2124 ad
2824 2084 3109 2141 przesens.
3139 2071 3215 2123 De
3248 2066 3686 2138 signiﬁcatione
3717 2066 3893 2122 cleri-

2206 2157 2349 2214 calis
2395 2161 2643 2213 ornatus
2684 2156 3054 2212 Amalericus
3101 2155 3186 2212 sic
3219 2156 3515 2212 breviter:
3567 2155 3889 2212 Desidera-

2205 2263 2340 2302 mus
2366 2246 2757 2319 recapitulare
2776 2262 3020 2302 omnem
3047 2251 3349 2302 armatum
3377 2245 3752 2302 clericorum.
3776 2247 3891 2300 Ca-

2203 2341 2312 2408 put
2340 2335 2536 2391 clerici
2565 2335 2625 2390 in
2668 2335 2974 2408 superiore
3013 2341 3181 2408 parte
3208 2335 3678 2408 discoopertum.
3714 2337 3885 2390 Mens

2202 2430 2308 2493 est,
2349 2424 2449 2480 ubi
2481 2430 2570 2480 est
2618 2426 2718 2482 Dei
2751 2426 2973 2496 imago.
3038 2425 3315 2481 Inferiore
3347 2429 3513 2497 parte
3543 2423 3888 2479 circumda-

2200 2517 2328 2568 tum
2363 2513 2617 2582 capillis,
2647 2514 2821 2587 quasi
2849 2513 3156 2587 aliquibus
3200 2513 3274 2569 de
3307 2512 3590 2586 praesenti
3616 2511 3884 2568 necessi-

2202 2605 2337 2658 tate.
2374 2603 2640 2659 Amictus
2673 2608 2764 2659 est
2789 2602 3100 2672 castigatio
3122 2602 3306 2658 vocis.
3336 2601 3488 2658 Alba
3519 2606 3880 2657 caaterorum

2198 2691 2548 2748 inferiorum
2581 2710 2891 2760 sensuum,
2920 2692 3279 2766 praesidente
3309 2691 3598 2762 magistra
3620 2690 3879 2759 ratione,

2197 2785 2255 2837 et
2282 2781 2529 2838 interius
2571 2798 2679 2856 per
2722 2781 3109 2854 disciplinam
3156 2779 3530 2837 continentiae
3577 2779 3880 2837 constrin-

2199 2876 2392 2940 gente,
2438 2871 2613 2944 quasi
2645 2871 2920 2944 quodam
2949 2870 3212 2942 cingulo,
3245 2869 3618 2943 voluptatem
3650 2869 3878 2925 carnis.

2196 2961 2636 3028 Calceamenta,
2670 2959 2993 3033 prohibitio
3017 2960 3243 3033 pedum
3270 2958 3348 3016 ad
3379 2958 3608 3014 malum
3632 2958 3880 3014 festina-

2134 3091 2174 3146 Ο
2201 3069 2284 3108 re.
2322 3051 2605 3109 Sandalia
2635 3055 2883 3106 ornatus
2915 3050 2993 3106 ad
3022 3051 3129 3106 iter
3161 3049 3595 3124 praedicatoris,
3623 3048 3730 3122 qui
3759 3065 3879 3104 ca:-

2201 3143 2370 3199 lestia
2387 3157 2510 3197 non
2533 3141 2712 3197 debet
2736 3141 3108 3197 abscondere
3131 3156 3326 3212 neque
3354 3139 3600 3196 terrenis
3616 3138 3874 3195 inhiare.

2205 3231 2482 3290 Secunda
2507 3231 2732 3301 tunica,
2764 3247 2948 3303 opera
2988 3231 3205 3286 mentis
3233 3235 3390 3287 sunt.
3420 3229 3655 3300 Casula,
3684 3245 3878 3303 opera

2202 3320 2469 3394 corporis
2498 3319 2616 3393 pia.
2658 3318 2817 3377 Stola
2846 3320 3067 3391 jugum
3110 3319 3340 3390 Christi,
3369 3317 3536 3392 quod
3565 3323 3654 3374 est
3681 3321 3876 3376 Evan-

2201 3411 2443 3480 gelium.
2491 3409 2821 3466 Dalmatica
2868 3409 3127 3479 diaconi,
3159 3409 3221 3464 id
3269 3413 3360 3464 est
3406 3407 3682 3476 ministri,
3727 3425 3874 3464 cura

2199 3499 2614 3572 proximorum
2646 3503 2752 3554 est.
2786 3497 3105 3555 Sudarium
3137 3497 3250 3570 piae
3281 3501 3338 3554 et
3369 3498 3614 3554 mundae
3647 3498 3872 3569 cogita-

2201 3587 2408 3654 tiones,
2439 3587 2662 3660 quibus
2694 3587 3060 3656 detergimus
3091 3586 3397 3642 molestias
3446 3586 3633 3643 animi
3671 3603 3745 3643 ex
3775 3586 3870 3642 in-

2197 3675 2474 3730 ﬁrmitate
2496 3674 2783 3746 corporis.
2811 3674 3060 3730 Pallium
3088 3674 3600 3748 archiepiscopale
3624 3679 3868 3748 torques

2195 3763 2593 3820 devotissimaa
2624 3763 3085 3836 praedicationis,
3108 3768 3164 3819 et
3191 3763 3253 3819 in
3276 3763 3461 3820 Veteri
3483 3767 3868 3820 Testamento

2195 3859 2251 3910 et
2280 3854 2340 3909 in
2369 3857 2550 3910 Novo.
2587 3857 2879 3910 Hactenus
2907 3854 3269 3910 Amalarius.
3304 3854 3457 3911 Mitto
3483 3853 3588 3910 tibi
3617 3854 3867 3926 Cypria-

2194 3959 2364 4014 num,
2394 3943 2812 4016 Porphyrium,
2846 3948 2903 3999 et
2932 3945 3087 3999 Vitas
3117 3946 3356 4000 Patrum
3384 3960 3522 3999 cum
3554 3938 3864 4017 psalterio,

2194 4039 2259 4090 ut
2280 4033 2495 4107 petisti.
2531 4036 2736 4090 Moneo
2769 4033 2950 4090 etiam
2981 4039 3045 4088 ut
3090 4049 3229 4089 cum
3263 4037 3560 4090 Donatum
3587 4039 3864 4090 constru-

2191 4125 2368 4193 xeris,
2400 4123 2546 4178 nihil
2575 4123 2911 4180 admisceas
2940 4123 3154 4196 ineptae
3185 4123 3455 4192 levitatis,
3483 4128 3548 4180 ut
3569 4124 3643 4180 sit
3673 4140 3868 4182 causa

2186 4213 2329 4285 joci,
2350 4213 2456 4269 sed
2482 4213 2690 4269 omnia
2715 4213 2887 4269 seria.
2919 4213 3341 4285 Spectaculum
3371 4213 3532 4269 enim
3555 4214 3751 4270 factus
3777 4230 3861 4280 es,

2191 4320 2356 4360 cave.
2390 4303 2529 4358 Vide
2557 4303 2731 4359 etiam
2767 4319 2840 4358 ne
2871 4308 2986 4358 tute
3016 4302 3257 4359 asseclae
3291 4302 3566 4359 medialis
3587 4303 3863 4360 nuditate

2189 4392 2482 4449 laborent.
2518 4392 2722 4449 Saluta
2764 4391 2912 4447 mihi
2963 4391 3174 4447 fratres
3215 4398 3451 4448 nostros
3490 4392 3550 4448 in
3580 4393 3858 4458 Domino,

2189 4486 2247 4538 et
2275 4485 2397 4537 tute
2427 4480 2578 4536 vale.
2614 4481 2966 4553 Presbytero
3007 4480 3384 4538 benedicenti
3405 4499 3473 4538 os
3504 4498 3627 4538 non
3653 4481 3862 4553 alliga-

2187 4572 2300 4639 bis,
2336 4572 2449 4628 nisi
2479 4588 2552 4628 ex
2580 4575 2881 4644 praecepto
2934 4570 3201 4644 episcopi
3241 4572 3373 4637 sui;
3429 4571 3597 4645 quod
3635 4571 3857 4628 oblitus

2188 4663 2421 4718 fueram
2449 4679 2460 4716 :
2498 4662 2849 4735 prohibetur
2879 4665 3082 4717 tamen
3112 4662 3438 4732 Agathensi
3468 4677 3719 4719 canone.

2529 4860 2865 4918 EPISTULA
2908 4862 3060 4916 LXIV
3099 4862 3264 4932 [olim
3297 4863 3513 4931 LXXX.]

2248 4987 2570 5042 FL’LBERTIJS
2605 4985 2849 5042 humilis
2877 4986 3183 5055 episcopus
3212 4985 3409 5054 fratri
3431 4986 3798 5042 Hll.DEGARlO.

2257 5113 2335 5166 De
2384 5109 2737 5166 charissimo
2784 5109 2961 5165 nobis
3006 5107 3258 5180 principi
3292 5107 3604 5164 Guilielmo
3644 5127 3851 5184 perpe-

2185 5203 2349 5255 tuam
2381 5199 2718 5254 felicitatem
2749 5215 2888 5254 cum
2919 5197 3312 5264 orationibus,
3341 5213 3415 5254 ex
3433 5202 3604 5271 parte
3625 5206 3846 5268 nostra,

2183 5292 2240 5344 et
2271 5287 2446 5343 totius
2477 5287 2615 5342 cleri
2645 5304 2714 5343 ac
2752 5286 2960 5359 populi
3003 5285 3212 5357 nostri,
3241 5292 3487 5359 propter
3518 5287 3847 5361 eleemosy-

2182 5392 2326 5432 nam
2342 5392 2531 5447 quam
2549 5374 2709 5430 misit
2718 5375 2798 5430 ad
2812 5375 3311 5430 restaurationem
3324 5375 3588 5432 ecclesiae
3607 5383 3843 5433 nostrai.

2183 5462 2404 5519 Deinde
2422 5478 2560 5517 vero
2576 5477 2687 5516 nos
2714 5461 3070 5532 praedicasse
3091 5462 3350 5534 publice,
3372 5464 3523 5520 sicut
3537 5464 3668 5537 ipse
3681 5482 3846 5522 man-

2181 5551 2364 5620 davit,
2415 5550 2693 5626 virtutem
2745 5552 2844 5604 Dei
2890 5565 2996 5622 per
3039 5552 3318 5608 meritum
3366 5553 3554 5609 sancti
3597 5555 3842 5610 Joannis

2180 5645 2486 5697 ostensam
2508 5640 2568 5694 in
2581 5638 2943 5695 districtione
2958 5641 3435 5712 Gausberti,cum
3452 5643 3839 5700 exsultatione

2180 5730 2237 5784 et
2253 5727 2476 5798 gaudio
2496 5725 2770 5785 omnium
2796 5726 2901 5800 qui
2921 5727 3257 5788 audierunt.
3287 5731 3580 5788 Monuisse
3598 5747 3836 5806 quoque
