3952 6410
192 242 303 296 233
1740 234 2109 292 EPIS'l‘OL/E.
3523 255 3628 308 234

176 362 607 419 Bituricenscm
635 362 1116 435 archiepiscpum
1146 378 1254 435 per
1282 362 1611 434 quemdam
1638 377 1847 417 mona-
1878 364 1923 416 Α
1963 361 2159 432 arguit
2216 367 2427 419 sancta
2486 364 2789 436 Scriptura
2837 369 2894 422 et
2923 366 3195 435 damnat,
3230 368 3499 443 nihilque
3553 376 3628 431 de

177 454 364 507 chum
392 469 593 517 suum,
621 458 684 505 ‘th
714 469 841 506 sese
872 468 1089 523 pacare
1108 468 1230 507 non
1260 452 1525 522 negligat
1555 468 1689 507 cum
1719 451 1849 524 ipso
1960 451 2309 523 poenitentia
2361 454 2491 525 ejus
2520 454 2614 509 vel
2653 454 2712 510 in
2772 472 2912 511 eum
2958 457 3341 528 indulgentia
3396 462 3629 520 Domini

178 542 433 598 domino
481 541 792 599 Guillelmo
819 547 875 597 et
935 542 1235 615 episcopis
1290 542 1438 613 ejus,
1491 542 1849 615 priusquam
1959 541 2209 596 omnino
2254 548 2709 599 commemorat.
2745 547 2857 599 Nec
2898 561 3145 617 prorsus
3174 549 3431 605 occurrit
3461 553 3628 623 quod

178 632 296 686 sibi
326 631 542 686 exinde
575 630 932 685 scandalum
963 631 1208 686 oriatur.
1256 630 1380 686 Tibi
1409 631 1588 686 etiam
1620 629 1851 684 misisse

178 719 295 774 sibi
326 720 722 792 exponendas
760 719 1084 775 sententias
1113 719 1400 787 Bacharii,
1435 720 1623 787 Beda,
1653 724 1710 774 et
1739 721 1851 774 Ra-

176 808 349 877 bani,
373 809 449 866 de
478 809 597 865 ﬁde
629 809 1155 879 Salomonis,unde
1188 809 1406 865 fecerat
1428 809 1849 882 quastionem.

181 899 300 955 Sed
330 903 388 954 et
416 898 491 955 de
522 899 852 972 prabenda
898 916 1035 972 qua
1066 903 1259 970 vacat,
1308 898 1459 955 sicut
1496 903 1552 955 et
1572 898 1646 954 de
1685 896 1851 954 omni

176 987 368 1058 bono,
392 988 679 1044 voluntati
710 989 841 1060 ejus
870 1005 967 1043 me
990 989 1258 1061 prabere
1289 1005 1676 1045 consensum.
1707 991 1854 1043 Pra-

178 1082 344 1133 terea
374 1078 527 1134 scias
558 1094 674 1133 me.
724 1083 966 1151 propter
997 1084 1049 1133 te
1080 1078 1369 1148 magistro
1399 1081 1455 1135 S.
1487 1081 1729 1134 veniam
1759 1079 1850 1133 in-

177 1166 459 1223 dulsisse.
489 1170 782 1224 Caeterum
812 1167 1116 1236 Trigrinus
1161 1168 1589 1235 submonebat,
1622 1172 1687 1223 ut
1714 1167 1850 1223 mit-

179 1260 370 1312 terem
400 1256 573 1311 vobis
604 1256 869 1329 aliquem
900 1261 1353 1329 procuratorem
1375 1257 1452 1312 ad
1483 1256 1851 1325 colligendas

180 1345 423 1416 fruges;
459 1345 566 1401 sed
595 1360 708 1415 ego
742 1349 935 1401 totum
981 1346 1095 1401 hoc
1128 1362 1285 1401 cura
1316 1350 1432 1401 tua
1458 1346 1763 1412 commito,
1796 1351 1851 1401 te

178 1435 515 1491 exercitans
572 1434 742 1490 illum
790 1434 1077 1507 probans.
1113 1435 1463 1507 Adjutorem
1508 1435 1851 1491 scholarum

178 1523 324 1580 nolo
354 1524 455 1580 tibi
486 1524 738 1593 mittere,
769 1524 877 1597 qui
904 1523 1178 1580 nondum
1211 1530 1521 1581 assecutus
1551 1524 1625 1581 sit
1654 1530 1850 1580 matu-

177 1614 418 1670 ritatem
448 1613 638 1670 atatis
669 1618 727 1669 et
756 1613 1105 1683 gravitatem
1136 1630 1395 1670 morum.
1425 1617 1590 1670 Utere
1616 1613 1850 1670 interim

1962 628 2173 686 saltem
2202 630 2264 685 in
2293 630 2580 702 allegoria
2609 632 2764 689 bene
2810 634 3123 704 signiticet,
3152 637 3279 694 hac
3307 645 3394 695 est
3426 642 3629 699 ﬂenda

1960 718 2315 775 submersio.
2346 744 2373 769 »

2280 810 2613 867 EPISTOLA
2653 813 2805 868 LXVI
2839 814 3000 884 [olim
3045 816 3301 888 LXXXII].

2508 900 2695 971 (Circa
2725 917 2823 956 an.
2859 903 3084 974 eumd.)
3268 904 3276 911 ’

2059 986 2379 1050 FULBERTUS
2411 986 2653 1043 humilis
2685 992 2991 1060 episcopus
3020 994 3083 1047 Η.
3116 1009 3222 1048 suo
3247 997 3522 1053 salutem.

2029 1072 2139 1128 Diu
2161 1074 2415 1130 sustinui
2437 1080 2683 1149 sperant
2710 1082 2763 1134 te
2780 1095 2909 1135 esse
2932 1085 3347 1151 venturum,ut
3362 1085 3619 1144 dixeras.

1960 1162 2123 1217 Unde
2151 1162 2282 1233 jam
2312 1164 2498 1221 nimia
2536 1165 2818 1222 dilatione
2850 1174 3190 1225 commotus
3233 1188 3422 1243 arguo
3455 1175 3621 1248 apud

1958 1255 2011 1306 te
2043 1251 2259 1307 solum.
2314 1255 2429 1309 Cur
2468 1254 2631 1310 enim
2661 1258 2716 1310 te
2764 1258 3123 1314 mendacem
3154 1261 3303 1316 mihi
3345 1267 3401 1318 et
3430 1263 3625 1333 ingra-

1956 1343 2085 1396 tum
2116 1341 2459 1414 exhibuisti,
2492 1360 2631 1398 cum
2662 1344 2766 1400 tibi
2809 1345 2984 1402 dulce
3018 1364 3148 1404 esse
3180 1348 3491 1407 debuisset
3519 1369 3624 1424 pa-

1957 1434 2123 1486 ratos
2156 1432 2203 1486 si
2234 1431 2338 1504 qui
2369 1431 2562 1488 forent
2610 1434 2686 1490 de
2713 1436 3030 1492 venatione
3065 1443 3163 1494 tua
3190 1439 3357 1495 cibos
3386 1446 3437 1496 te
3470 1443 3625 1513 patri

1954 1518 2189 1589 inferre,
2223 1521 2569 1594 utaliquam
2587 1523 3069 1582 benedictionem
3111 1529 3423 1585 merereris
3468 1532 3623 1587 acci-

1956 1625 2116 1681 pere.
2146 1610 2273 1666 Noli
2309 1612 2439 1681 jam
2470 1613 2694 1669 morari
2741 1613 2985 1683 diutius,
3021 1616 3069 1671 si
3117 1619 3379 1686 gaudere
3427 1620 3517 1675 vis
3548 1621 3623 1677 de

176 1702 465 1759 clientela
516 1693 633 1759 tua
685 1702 1115 1776 qualicumque
1161 1703 1452 1773 subsidio,
1485 1704 1677 1760 donec
1710 1720 1847 1760 cau-
1887 1720 1928 1773 Β
1956 1698 2171 1754 humili
2224 1700 2415 1769 gratia
2470 1706 2695 1758 nostra.
2751 1703 2887 1759 Vale
2942 1708 3001 1760 et
3026 1705 3180 1773 veni,
3238 1713 3341 1763 aut
3364 1710 3621 1766 rescribe

178 1809 316 1848 sam
343 1792 654 1850 communi
684 1791 933 1848 consilio
958 1796 1409 1864 pertractemus.
1438 1791 1597 1848 Vale.

515 1883 850 1939 EPISTOLA
891 1884 1020 1937 LXV
1060 1882 1242 1953 [olim.
1286 1882 1519 1953 LXXXI].

729 1971 921 2043 (Circa
947 1987 1047 2028 an.
1082 1971 1312 2042 eumd.)

256 2063 405 2118 Cum
438 2060 621 2117 audio
650 2064 705 2116 te
728 2059 921 2116 facere
938 2060 1102 2133 quod
1130 2060 1336 2129 debes,
1375 2059 1544 2115 lator
1569 2060 1849 2132 quamvis

179 2149 477 2221 trepidem
533 2149 608 2205 de
665 2148 900 2205 futuris.
961 2148 1125 2205 Unde
1171 2165 1476 2206 summam
1517 2148 1851 2205 bonitatem

174 2237 537 2309 deprecans,
572 2240 635 2293 ut
662 2241 716 2293 te
760 2236 1040 2307 dignetur
1084 2252 1310 2309 regere,
1367 2241 1419 2292 te
1449 2252 1694 2309 quoque
1726 2252 1852 2293 mo—

175 2343 293 2383 neo
344 2332 410 2382 ut
458 2326 712 2383 habenis
762 2330 1204 2400 praeceptorum
1254 2326 1384 2397 ejus
1432 2326 1851 2398 obtemperare

176 2416 546 2473 memineris.
604 2421 824 2473 lterum
872 2416 1009 2472 dico
1056 2416 1207 2472 vale.
1244 2416 1511 2471 Bacharii
1564 2416 1851 2473 insertam

170 2506 443 2562 invenies
492 2506 869 2562 sententiam.
907 2505 1077 2561 Beda
1123 2510 1180 2562 et
1208 2505 1439 2562 Rabani
1469 2521 1734 2578 quorum
1761 2510 1849 2562 ta-

173 2611 319 2651 men
376 2594 556 2651 trium
584 2594 908 2651 sententias
946 2594 1043 2650 hic
1072 2610 1318 2667 quoque
1369 2594 1697 2651 subnotare
1726 2611 1849 2650 non

172 2683 389 2757 piguit.
450 2683 773 2739 Baeharius
800 2683 912 2739 ait:
980 2682 1330 2739 «Salomon
1382 2682 1479 2738 ille
1532 2682 1847 2750 mirabilis,

172 2771 283 2844 qui
312 2772 529 2828 meruit
568 2771 754 2828 astrui
804 2771 1080 2839 Domino,
1126 2771 1433 2844 sapientia
1465 2770 1754 2844 copulari,
1787 2770 1850 2826 in

174 2860 657 2930 alienigenarum
699 2859 1023 2915 mulierum
1052 2860 1298 2915 incurrit
1329 2859 1669 2932 amplexus,
1703 2863 1761 2915 et
1788 2858 1850 2913 in

172 2948 421 3005 vinculo
448 2949 712 3005 libidinis
752 2949 1070 3022 laqueatus
1100 2950 1280 3005 etiam
1327 2947 1619 3019 sacrilegii
1652 2963 1850 3003 errore

175 3054 240 3095 se
270 3037 508 3132 polluit,
550 3037 798 3132 quando
826 3036 1241 3132 simulacrum_
1273 3038 1531 3094 Chamos
1565 3036 1850 3132 Moabita-
1883 3077 1923 3132 Ο

172 3143 313 3183 rum
370 3125 513 3182 idoli
589 3125 921 3183 fabricavit.
973 3126 1087 3183 Sed
1140 3126 1286 3199 quia
1325 3142 1459 3198 per;
1489 3126 1851 3199 prophetam

176 3216 426 3289 culpam
478 3216 694 3273 erroris
766 3215 1031 3287 agnovit,
1092 3215 1371 3289 nunquid
1423 3214 1851 3272 misericordia

176 3306 436 3363 caelestis
463 3311 519 3362 et
566 3306 860 3363 extorris?
904 3310 977 3362 At
1020 3306 1271 3362 forsitan
1296 3306 1496 3364 dicas:
1541 3310 1853 3379 Nusquam

176 3412 321 3453 eum
350 3395 412 3451 in
434 3411 667 3452 canone
691 3395 826 3466 lego
875 3395 1249 3468 paenituisse,
1276 3411 1473 3468 neque
1520 3395 1852 3451 misericor-

176 3485 347 3542 diam
391 3488 803 3541 consecutum.
850 3488 980 3541 Non
1009 3483 1275 3555 ambigo,
1328 3484 1527 3553 frater,
1569 3485 1643 3541 de
1666 3482 1854 3558 poeni-

176 3573 365 3631 tentia
417 3574 567 3645 ejus,
600 3589 738 3647 qua
766 3588 889 3629 non
935 3572 1283 3629 inscribitur
1311 3572 1571 3645 publicis
1593 3572 1848 3643 legibus.

175 3666 245 3720 Et
274 3663 523 3720 fortasse
560 3663 698 3720 ideo
743 3662 1169 3736 acceptabilior
1187 3662 1517 3734 judicatur,
1550 3662 1695 3735 quia
1727 3676 1853 3718 non

179 3752 261 3809 ad
288 3753 506 3810 faciem
529 3752 759 3826 populi,
794 3751 900 3809 sed
947 3752 1009 3808 in
1053 3756 1281 3808 secreto
1332 3751 1711 3808 conscientia
1739 3754 1853 3807 Do-

178 3842 349 3900 mino
378 3847 526 3899 teste
556 3842 851 3916 panituit.
882 3842 1131 3898 Veniam
1158 3845 1362 3897 autem
1390 3858 1463 3897 ex
1501 3842 1615 3897 hoc
1643 3856 1853 3897 conse-

177 3938 387 3990 cutum
417 3948 546 3989 esse
573 3932 981 4003 agnoscimus,
1027 3932 1173 4005 quia
1200 3948 1341 3987 cum
1387 3931 1619 3987 solutus
1650 3932 1858 3988 fuisset

181 4040 219 4080 a
249 4038 523 4095 corpore,
576 4022 881 4095 sepultum
909 4022 1080 4077 illum
1126 4022 1278 4077 inter
1327 4037 1541 4091 regum
1564 4021 1855 4079 Israelita-

175 4130 317 4169 rum
347 4128 602 4184 corpora
634 4112 934 4185 Scriptura
965 4116 1433 4167 commemorat:
1462 4110 1627 4184 quod
1654 4115 1855 4168 tamen

176 4199 323 4256 alibi
370 4200 789 4273 peccatoribus
836 4200 1079 4269 regibus
1138 4199 1509 4271 abnegatum
1568 4216 1703 4255 esse
1755 4216 1856 4256 co-

177 4288 555 4360 gnoscimus,
605 4288 709 4362 qui
744 4305 954 4361 usqua
994 4288 1056 4345 in
1089 4288 1277 4345 finem
1308 4288 1440 4345 vitae
1482 4306 1607 4345 sua
1636 4289 1696 4345 in
1724 4305 1857 4362 pro-

173 4378 358 4454 positi
381 4380 766 4452 perversitate
812 4383 1209 4447 manserunt;
1259 4383 1316 4435 et
1364 4378 1501 4435 ideo
1531 4378 1678 4452 quia
1704 4378 1856 4435 inter

172 4486 351 4541 reges
396 4470 591 4541 justos
641 4468 859 4526 meruit
883 4468 1142 4543 sepeliri,
1192 4484 1318 4525 non
1377 4469 1486 4525 fuit
1540 4469 1770 4527 alienus
1819 4485 1857 4525 a

176 4561 380 4618 venia.
413 4561 657 4617 Veniam
690 4566 892 4618 autem
939 4560 1136 4633 ipsam
1163 4560 1292 4616 sine
1340 4560 1692 4634 panitentia
1733 4575 1857 4616 non

177 4650 377 4720 potuit
429 4651 778 4723 promereri.
838 4674 866 4701 »
900 4650 1059 4706 Beda
1088 4649 1151 4705 in
1190 4649 1488 4722 opusculo
1547 4665 1728 4723 super
1750 4649 1853 4704 lib.

179 4744 416 4810 Regum
474 4740 738 4813 capitulo
788 4756 991 4807 xxxrx,
1047 4738 1375 4812 praemissis
1428 4738 1659 4811 paucis,
1737 4738 1851 4794 ait:

182 4854 210 4882 α
242 4829 354 4886 Ubi
411 4829 525 4884 hoc
585 4846 829 4902 quoque
889 4828 951 4884 ni
1008 4828 1201 4898 fallor,
1260 4828 1465 4902 palam
1506 4828 1854 4896 ostenditur,

177 4918 348 4993 quod
378 4918 613 4974 utinam
646 4935 768 4974 non
799 4917 1215 4974 ostenderetur
1245 4918 1257 4973 1
1292 4917 1436 4990 quia
1462 4917 1733 4973 videlicet
1755 4919 1857 4974 sa-

178 5010 393 5065 lomon
438 5008 513 5064 de
558 5008 891 5064 commisso
916 5008 1269 5063 idololatria
1296 5006 1515 5063 scelere
1539 5023 1859 5079 nunquam

179 5099 441 5172 perfecte
500 5098 795 5172 paenituit.
868 5102 1016 5154 Nam
1093 5097 1141 5153 si
1195 5097 1421 5154 fructus
1495 5096 1858 5169 panitentia

178 5189 403 5259 dignos
434 5188 674 5257 faceret,
709 5192 1007 5257 satageret
1035 5192 1172 5242 ante
1205 5186 1411 5242 omnia
1442 5189 1508 5241 ut
1530 5185 1692 5241 idola
1720 5202 1857 5259 qua

179 5278 588 5336 adificaverat
611 5278 686 5334 de
737 5278 972 5334 civitate
1017 5282 1225 5334 sancta
1257 5276 1620 5345 tollerentur,
1653 5286 1708 5332 et
1735 5292 1859 5333 non

174 5368 238 5424 in
266 5367 626 5424 scandalum
668 5367 988 5424 stultorum
1017 5382 1154 5439 qua
1186 5366 1317 5438 ipse
1348 5382 1489 5422 cum
1520 5364 1733 5422 fuisset
1760 5382 1856 5421 sa-

178 5456 354 5529 piens
378 5472 625 5512 erronee
646 5456 867 5513 fecerat
892 5458 1067 5529 quasi
1100 5456 1403 5529 sapienter
1424 5472 1495 5511 ac
1516 5458 1673 5511 recte
1703 5454 1860 5511 facta

178 5546 563 5618 relinqueret.
602 5569 629 5595 »
670 5546 957 5601 Rabanus
1007 5545 1092 5601 sic
1117 5546 1231 5601 sub
1261 5561 1522 5617 persona
1562 5543 1768 5599 lsidori
1796 5544 1857 5600 in

180 5636 558 5710 expositione
611 5637 883 5709 ejusdem
937 5635 1110 5692 libri:
1160 5658 1188 5686 «
1221 5639 1350 5693 Jam
1398 5650 1580 5708 porro
1627 5635 1703 5690 de
1728 5634 1857 5690 aliis

178 5725 473 5801 operibus
501 5724 841 5784 Salomonis
860 5725 1010 5799 quid
1037 5725 1451 5799 dicam,quem
1477 5724 1858 5781 vehementer

770 5817 1018 5873 PATROL.
1060 5813 1229 5873 CXLI.

1958 1788 2106 1844 mihi
2134 1789 2283 1861 quid
2308 1806 2429 1862 pro
2447 1795 2610 1847 certo
2640 1808 2879 1865 sperare
2909 1793 3166 1851 debeam
3188 1796 3263 1853 de
3294 1801 3368 1853 te.

2254 1881 2590 1936 EPISTOLA
2630 1882 2806 1937 LXVII
2848 1883 3011 1952 [olim
3051 1885 3334 1957 LXXXIII].

2218 2038 2221 2042 1
2501 1968 2693 2040 (Circa
2724 1986 2823 2026 an.
2854 1971 3081 2043 eumd.)

1962 2058 2279 2112 FULBERTUS
2339 2056 2797 2115 Carnotensium
2872 2060 3115 2117 humilis
3170 2064 3497 2134 episcopus,
3554 2071 3617 2123 Β.

2100 2151 2329 2202 sancta
2357 2147 2641 2203 Ecclesia
2674 2149 3129 2205 Aurelianensis
3160 2166 3477 2210 aconomo.

2031 2234 2203 2299 Quod
2229 2250 2326 2290 me
2355 2235 2613 2292 scribere
2643 2253 2856 2294 mones
2888 2239 3053 2294 utilia
3081 2239 3295 2296 clerico
3335 2243 3624 2316 quodque

1959 2322 2034 2379 de
2085 2323 2335 2380 scientia
2389 2326 2835 2399 magnipendis,
2892 2328 3036 2384 facis
3082 2330 3293 2398 amice,
3360 2332 3506 2388 facis
3562 2338 3628 2389 ut

1961 2420 2306 2477 Christiana
2376 2422 2772 2496 philosophia
2833 2425 3042 2493 cultor,
3112 2427 3353 2485 invidia
3408 2447 3621 2503 purus.

1961 2512 2082 2579 Ego
2109 2527 2272 2581 vero,
2305 2512 2412 2567 etsi
2440 2512 2691 2583 ignarus
2718 2514 2836 2569 mei
2862 2516 3113 2585 moduli,
3147 2534 3271 2573 non
3318 2535 3624 2591 prasumo

1959 2599 2234 2669 grandia,
2296 2604 2497 2657 tamen
2544 2618 2780 2659 memor
2835 2604 2894 2659 in
2927 2620 3048 2673 quo
3090 2622 3303 2678 parere
3348 2624 3621 2679 possum,

1959 2690 2354 2745 exhortationi
2404 2695 2625 2746 sancta
2656 2691 2861 2748 deesse
2910 2710 3031 2749 non
3064 2695 3220 2751 volo.
3258 2698 3475 2770 Scripsi
3512 2699 3623 2754 ita-

1957 2794 2076 2851 que
2130 2779 2282 2835 sicut
2309 2780 2615 2848 monuisti,
2643 2782 2792 2855 quid
2820 2783 2967 2838 mihi
3012 2784 3288 2841 videatur
3317 2788 3624 2857 agendum

1959 2868 2034 2923 de
2065 2868 2419 2941 presbytero
2450 2869 2550 2925 illo
2572 2871 2677 2943 qui
2700 2870 2887 2928 missa
2903 2872 3204 2930 celebrare
3229 2880 3287 2931 et
3313 2893 3437 2932 non
3464 2894 3628 2933 com-

1959 2956 2300 3013 municasse
2333 2963 2677 3030 compertus
2707 2964 2813 3029 est,
2865 2961 2927 3016 in
2953 2963 3113 3018 hunc
3144 2964 3420 3021 modum.
3454 2967 3626 3022 Vide-

1960 3051 2055 3104 tur
2105 3064 2371 3121 namque
2428 3048 2741 3119 diligenter
2818 3051 3180 3124 inquirenda
3225 3072 3356 3111 esse
3422 3074 3626 3125 causa,

1959 3153 2084 3210 qua
2134 3143 2585 3195 sacrosanctam
2630 3142 3122 3199 communionem
3186 3144 3627 3216 subterfugerit,

1959 3225 2234 3283 videlicet
2292 3232 2496 3283 utrum
2553 3228 2834 3285 haretica
2876 3230 3199 3288 infidelitas
3226 3233 3323 3306 sit,
3350 3251 3428 3290 an
3456 3236 3633 3291 timor

1961 3333 2035 3372 ex
2066 3316 2431 3393 conscientia
2475 3316 2654 3389 plane
2704 3319 2974 3375 mortalis
3000 3321 3285 3390 criminis,
3332 3339 3410 3379 an
3455 3324 3634 3381 timor

1960 3422 2034 3462 ex
2108 3405 2472 3462 conscientia
2518 3407 2877 3464 ebriositatis
2948 3414 3053 3465 aut
3134 3410 3417 3467 libidinis.
3488 3416 3632 3479 Qua

1944 3494 2209 3568 ‘quidem
2239 3494 2459 3565 ﬁmiseri
2508 3496 2850 3552 sacerdotes
2888 3498 3163 3554 mortalia
3209 3506 3459 3572 peccata
3500 3519 3633 3559 esse

1962 3589 2065 3641 aut
2091 3584 2367 3640 nesciunt
2394 3588 2497 3640 aut
2526 3585 2676 3641 seire
2705 3585 3108 3656 dissimulant,
3146 3592 3523 3648 remordente
3553 3598 3635 3649 ta-

1961 3688 2103 3729 men
2133 3672 2499 3729 conscientia
2518 3673 2684 3729 mala
2712 3692 2725 3741 ;
2752 3689 2833 3728 an
2854 3674 2928 3730 sit
2948 3676 3192 3733 tadium
3218 3694 3291 3734 ex
3316 3680 3505 3736 multa
3534 3697 3630 3736 ce-

1960 3760 2289 3817 lebratione
2338 3760 2703 3830 missarum;
2756 3778 2835 3819 an
2885 3763 3062 3820 timor
3108 3765 3463 3823 indiscretus
3507 3786 3630 3842 quo

1961 3848 2377 3923 pusillanimes
2404 3849 2748 3906 afﬁciuntur
2778 3851 3080 3909 interdum
3110 3870 3219 3927 pro
3247 3855 3481 3912 levibus
3506 3859 3631 3914 cul-

1964 3939 2058 4013 pis
2086 3958 2099 4007 ;
2133 3955 2213 3995 an
2242 3938 2494 3996 morbus
2522 3940 3014 3999 rheumatizantis
3046 3947 3103 3999 et
3139 3947 3486 4003 nauseantis
3514 3952 3631 4003 sto-

1963 4029 2202 4096 machi;
2262 4045 2341 4085 an
2404 4030 2607 4103 passio
2661 4031 2858 4087 cerebi
2928 4038 3194 4091 mentem
3270 4036 3517 4094 ladens.
3577 4038 3634 4095 Si

1966 4134 2110 4190 ergo
2158 4118 2479 4177 inﬁdelitas
2506 4120 2568 4176 in
2599 4138 2784 4177 causa
2822 4122 3064 4181 inventa
3106 4126 3301 4197 fuerit,
3334 4134 3438 4183 aut
3467 4128 3633 4184 aliud

1964 4209 2143 4283 plane
2175 4209 2426 4266 mortale
2456 4210 2704 4280 crimen,
2737 4210 3137 4285 deponendus
3163 4220 3251 4271 est
3281 4218 3632 4275 auctoritate

1966 4299 2259 4356 canonica
2329 4317 2520 4373 usque
2573 4300 2652 4357 ad
2726 4300 3057 4372 legitimam
3122 4304 3627 4363 satisfactionem.

1971 4387 2028 4445 Si
2084 4393 2288 4445 autem
2372 4390 2673 4461 appetitus
2751 4390 3106 4448 ebriositatis
3173 4398 3277 4450 aut
3345 4395 3629 4463 libidinis,

1968 4478 2218 4550 quando
2264 4478 2512 4550 quidem
2553 4484 2610 4534 et
2655 4477 2782 4551 ipse
2824 4482 3143 4537 mortifera
3190 4488 3345 4550 sunt,
3391 4484 3470 4541 ab
3501 4485 3631 4540 ofﬁ-

1969 4565 2061 4622 cio
2104 4565 2509 4621 removendus
2552 4571 2659 4633 est,
2701 4570 2758 4621 et
2802 4568 3007 4623 tendiu
3060 4569 3418 4627 abstinentia
3466 4572 3635 4629 casti-

1969 4654 2209 4725 gandus
2262 4659 2367 4721 est,
2428 4670 2772 4727 quousque,
2832 4656 3034 4713 relicto
3085 4658 3227 4714 vitio
3278 4664 3334 4715 et
3379 4678 3487 4733 per
3531 4663 3632 4718 Dei

1969 4744 2225 4814 gratiam
2274 4748 2574 4817 superato,
2625 4745 2895 4801 revocari
2925 4746 3200 4804 videatur
3240 4748 3517 4807 idoneus.
3562 4756 3635 4808 At

1970 4833 2017 4888 si
2064 4849 2136 4889 ex
2187 4833 2481 4905 frequenti
2532 4832 2855 4889 missarum
2909 4836 3305 4893 celebratione
3364 4840 3630 4909 taedium,

1968 4920 2049 4977 ita
2079 4921 2517 4994 corripiendus,
2552 4926 2609 4978 et
2662 4938 2769 4996 per
2799 4940 3029 4981 annum
3059 4926 3358 4998 integrum
3388 4945 3424 4985 a
3466 4945 3631 4985 com-

1967 5010 2255 5066 munione
2282 5011 2620 5082 pellendus,
2672 5012 2825 5069 sicut
2850 5015 3136 5088 scriptum
3183 5021 3271 5071 est
3294 5016 3354 5072 in
3382 5018 3632 5075 concilio

1967 5100 2248 5158 Toletano
2279 5118 2398 5169 xm,
2434 5102 2696 5175 capitulo
2808 5104 2864 5160 Si
2888 5122 3030 5160 vero
3059 5104 3413 5163 indiscretus
3456 5108 3635 5165 timor

1968 5190 2044 5246 de
2073 5190 2186 5246 levi
2237 5191 2436 5264 culpa,
2472 5192 2859 5263 castigandus
2894 5211 3021 5250 esse
3068 5195 3304 5252 videtur
3341 5214 3480 5254 cum
3507 5200 3631 5271 pie-

1970 5282 2108 5350 tate,
2143 5278 2295 5335 sicut
2324 5280 2540 5351 legitur
2568 5282 2630 5336 in
2657 5282 3040 5354 Capitulario,
3072 5284 3173 5340 lib.
3208 5303 3244 5354 ι,
3284 5287 3548 5360 capitulo
3577 5294 3630 5346 6.

1967 5372 2040 5426 At
2067 5368 2116 5425 si
2145 5375 2480 5442 pranotata
2508 5371 2716 5444 passio
2748 5373 3060 5441 stomachi,
3085 5375 3179 5430 vel
3208 5378 3435 5433 cerebri
3460 5378 3636 5435 fuerit

1966 5457 2027 5514 in
2059 5475 2264 5525 causa,
2320 5459 2627 5531 quiescere
2657 5461 2837 5517 debet
2862 5479 2897 5518 a
2924 5463 3277 5531 ministerio,
3325 5468 3518 5524 donec
3540 5486 3631 5525 re-

1967 5553 2213 5620 cuperet
2254 5549 2621 5621 sospitatem.
2669 5552 2723 5608 Si
2773 5557 2975 5609 autem
3025 5560 3240 5627 praeter
3288 5559 3632 5629 supradicta

1967 5637 2129 5694 aliud
2160 5637 2385 5710 aliquid
2410 5638 2469 5693 in
2498 5655 2683 5695 causa
2712 5640 3019 5699 inventum
3040 5644 3232 5711 fuerit,
3256 5661 3327 5701 ex
3357 5645 3626 5719 ipsorum

1967 5725 2418 5798 comparatione
2463 5743 2570 5799 per
2598 5728 3113 5790 ratiocinationem
3154 5732 3323 5789 facile
3351 5734 3629 5790 tractabi-

3096 5825 3128 5875 8
