3952 6384
421 240 525 301 233

419 369 534 425 tur.
578 366 678 425 ilic
732 364 991 426 breviter
1047 368 1366 441 assignatis
1425 369 1693 428 salvento
1723 371 1785 427 in
1828 368 2083 428 Domino
2116 367 2163 421 Α

414 458 556 515 Jesu
586 454 836 529 Christo,
886 458 978 516 vir
1011 460 1255 534 optime,
1285 458 1391 534 qui
1438 477 1535 518 me
1565 461 1912 537 multosque
1934 459 2083 518 alios

407 544 630 620 jugiter
681 553 738 606 et
776 549 1130 620 interrogas,
1190 553 1247 607 et
1291 550 1441 608 dum
1487 551 1813 625 prudenter
1831 550 2082 611 interro-

414 655 543 708 gas,
574 637 731 696 bene
762 638 964 697 doces.
989 637 1149 696 Vale.

694 749 1028 805 EPISTOLA
1055 749 1259 805 LXVIII
1304 750 1472 821 [olim
1504 752 1788 824 LXXXIV].

924 838 1116 909 (Circa
1142 854 1287 896 ann.
1317 840 1548 914 eumd.)

410 927 846 999 Benignissimo
889 934 1070 1000 atque
1107 929 1491 986 dilectissimo
1538 930 1778 986 domino
1817 945 1924 987 suo
1962 932 2075 986 Ro-

475 1032 671 1086 nsnro,
696 1019 1012 1074 FULBERTUS
1028 1018 1139 1074 Dei
1155 1019 1359 1089 gratia
1383 1019 1857 1077 Carnotensium
1879 1034 2072 1076 sacer-

477 1106 603 1163 dos.

474 1213 722 1284 Cognita
734 1212 997 1285 benigna
1005 1212 1310 1271 voluntate
1327 1219 1523 1271 vestra
1540 1214 1913 1289 consilioque
1928 1231 2070 1288 pru-

365 1379 376 1383 _
404 1302 621 1359 dentim
650 1307 860 1361 vestrae
889 1308 1222 1376 comperto,
1254 1304 1397 1377 quia
1424 1320 1645 1362 sanum
1673 1309 1781 1374 est,
1808 1310 1876 1362 ut
1896 1305 2066 1374 solet,

400 1390 689 1447 voluntati
712 1391 1037 1465 obsequor,
1091 1392 1341 1450 consilio
1385 1394 1729 1467 acquiesco,
1759 1397 1816 1450 et
1842 1393 1951 1450 iter
1980 1392 2068 1450 in-

399 1481 667 1537 stitutum
717 1481 833 1553 (37)
886 1481 965 1539 ad
1004 1496 1272 1555 praesens
1302 1482 1607 1554 amittens,
1652 1483 1716 1541 in
1766 1487 2004 1557 tempus
2030 1499 2069 1540 θ,

400 1569 570 1626 vobis
599 1570 989 1627 constitutum
1039 1571 1251 1629 differo
1276 1572 1714 1645 peragendum,
1756 1572 1805 1628 si
1833 1571 2069 1629 anuerit

402 1661 575 1715 Deus.
609 1660 666 1717 Si
690 1676 833 1731 ergo
864 1660 939 1716 de
959 1661 1213 1733 justitia,
1268 1662 1343 1718 de
1372 1677 1544 1736 pace,
1578 1662 1653 1719 de
1686 1667 1848 1720 statu
1870 1662 2061 1733 regni,

1425 249 1483 303 S.
1529 250 1861 304 FULBERTI
1903 236 2382 303 CARTONENSIS
2422 246 2733 303 EPISCOPI

3750 254 3856 309 236

2576 373 2911 429 EPISTULA
2950 372 3098 427 LXXI
3140 369 3299 442 ]olim
3343 371 3474 445 Cll].

2819 465 3013 530 (Anno
3050 461 3226 528 1021).

2192 563 2541 624 Clarissima
2567 568 2711 625 duci
2726 570 3171 641 Aquitanorum
3192 570 3508 625 GUILLELMO
3533 573 3853 630 FULBERTIIS

2492 728 2511 749 Ὀ
2544 659 2873 729 episcopus,
2908 659 3055 715 utile
3075 664 3128 714 et
3160 655 3490 714 honestum.

2258 762 2612 834 Gauderem,
2644 764 3027 821 dilectissime
3072 763 3372 837 princeps,
3415 763 3495 820 ad
3526 763 3850 821 dedicatio-

2184 868 2324 909 nem
2363 858 2621 911 vestram
2669 856 2917 912 devotus
2948 871 3249 921 occurere,
3291 855 3405 909 nisi
3446 871 3545 911 me
3576 855 3849 911 Ecclesim

2181 947 2399 998 nostrae
2429 943 2596 1000 nullo
2644 944 2829 1001 modo
2858 944 3218 1017 negligenda
3246 943 3572 1001 necessitas
3618 944 3848 1002 detine—

2180 1035 2284 1088 ret.
2321 1033 2519 1090 Gratia
2549 1050 2814 1107 namque
2858 1035 2957 1091 Dei
2988 1052 3128 1090 cum
3157 1034 3456 1106 adjutorio
3486 1040 3684 1091 vestro
3715 1052 3848 1107 cry-

2178 1125 2315 1193 ptas
2345 1127 2581 1180 nostras
2627 1124 3054 1197 pervolvimus,
3084 1140 3304 1196 easque
3330 1123 3687 1198 priusquam
3730 1124 3851 1181 hic-

2178 1210 2354 1266 malis
2379 1211 2763 1269 inclementia
2782 1212 2964 1270 laedat
2982 1213 3289 1285 cooperire
3320 1213 3671 1283 satagimus.
3703 1214 3847 1270 Volo

2178 1304 2382 1357 autem
2409 1318 2516 1357 vos
2545 1301 2717 1373 scire,
2770 1302 2939 1375 quod
2962 1301 3190 1373 litteras,
3237 1319 3390 1375 quas
3441 1301 3672 1374 priores
3696 1302 3849 1376 epis-

2177 1404 2331 1461 copo
2359 1389 2601 1446 Azelino
2637 1389 2905 1458 misistis,
2937 1391 3063 1460 regi
3094 1390 3291 1447 relatae
3322 1395 3496 1447 sunt:
3526 1390 3632 1464 qui
3661 1390 3846 1447 etiam

2174 1477 2350 1534 valde
2408 1479 2791 1536 contristatus
2835 1485 2927 1536 est
2962 1480 3039 1536 de
3086 1496 3196 1537 sua
3234 1479 3479 1548 vilitate,
3525 1496 3712 1552 quam
3764 1480 3847 1536 ibi

2175 1566 2461 1639 scriptam
2490 1568 2735 1625 invenit.
2788 1568 3160 1643 Fecissetque
3201 1567 3578 1625 Bituricensis
3618 1568 3848 1641 episco-

2173 1672 2288 1728 pus
2313 1657 2487 1727 juxta
2533 1657 2849 1714 consilium
2894 1661 3189 1726 nostrum,
3237 1662 3303 1714 ut
3330 1657 3431 1728 ait,
3464 1657 3539 1714 de
3579 1658 3849 1714 Lemovi-

396 1748 470 1805 de
496 1750 725 1807 honore
756 1728 1033 1807 Ecclesiae
1069 1728 1250 1808 vultis
1276 1728 1477 1823 agere,
1520 1728 1656 1809 ecce
1685 1752 1919 1810 habetis
1942 1728 2063 1808 'me
2100 1728 2139 1784 Β
2174 1745 2338 1801 censi
2386 1746 2686 1820 episcopo,
2730 1746 2843 1803 nisi
2893 1764 3033 1803 eum
3064 1743 3412 1817 regulariter
3448 1746 3549 1802 irae
3580 1746 3847 1804 formido

394 1855 654 1912 parvum
683 1839 997 1898 satellitem
1024 1856 1137 1915 pro
1186 1840 1417 1899 viribus
1446 1842 1730 1917 opitulari
1759 1847 2058 1917 paratum.

394 1929 552 1987 Vale.

730 2021 1067 2079 EPISTOLA
1104 2024 1255 2079 LXIX
1292 2023 1458 2094 [olim
1494 2022 1716 2094 XCVII].

1017 2114 1212 2180 (Anno
1244 2112 1426 2182 1021).

388 2198 765 2256 Nobilissimo
813 2200 945 2270 regi
970 2199 1435 2256 Danomarchiae
1476 2199 1685 2267 Gauro,
1736 2200 2057 2255 FULBERTUS

456 2286 566 2343 Dei
590 2287 793 2357 gratia
823 2287 1283 2345 Carnotensium
1312 2287 1622 2356 episcopus
1651 2302 1785 2343 cum
1804 2287 1926 2343 suis
1942 2288 2057 2344 cle-

625 2381 680 2432 et
708 2376 1017 2434 monachis
1046 2377 1338 2434 orationis
1367 2375 1752 2447 suffragium.

457 2483 711 2550 Quando
751 2498 976 2540 munus
1013 2486 1187 2540 tuum
1236 2482 1413 2540 nobis
1454 2481 1730 2540 oblatum
1766 2481 2051 2549 vidimus,

384 2576 772 2644 sagacitatem
812 2577 981 2631 tuam
1009 2576 1068 2630 et
1106 2572 1461 2645 religionem
1508 2572 1730 2645 pariter
1772 2570 2054 2629 admirati

382 2679 631 2720 sumus:
685 2664 1073 2734 sagacitatem
1102 2662 1373 2735 quidem,
1425 2662 1593 2736 quod
1621 2662 1805 2719 homo
1829 2664 2052 2718 nostra

378 2752 601 2824 linguas
624 2753 729 2827 (38)
761 2752 1009 2823 ignarus
1024 2752 1329 2826 longoque
1354 2768 1392 2810 a
1420 2751 1599 2808 nobis
1626 2756 1798 2808 terra;
1830 2750 2050 2807 maris-

376 2857 495 2915 que
537 2840 851 2898 intervallo
898 2839 1151 2908 divisus,
1196 2856 1319 2898 non
1378 2840 1578 2897 solum
1622 2854 1696 2897 ea
1721 2852 1859 2914 quas
1890 2839 2049 2896 circa

377 2937 433 2988 te
464 2936 605 2987 sunt
647 2936 885 2988 strenue
930 2946 1234 3004 capessas,
1271 2931 1380 2987 sed
1409 2932 1594 2988 etiam
1625 2947 1697 2987 ea
1729 2945 1868 3004 quae
1888 2930 2049 2987 circa

2173 1835 2476 1891 detineret.
2514 1836 2628 1894 Sed
2656 1837 2799 1910 quia
2827 1852 2931 1892 rex
2955 1836 3233 1910 proximo
3264 1834 3485 1906 rugitu,
3511 1840 3574 1891 ut
3602 1836 3843 1904 dicitur,

2171 1925 2371 1981 venire
2400 1925 2583 1982 habet
2632 1926 2694 1981 in
2724 1926 2941 1982 silvam
2991 1925 3235 1996 Legium
3264 1925 3399 1997 (39),
3451 1942 3588 1998 quas
3641 1926 3846 1982 vicina

2173 2020 2281 2083 est,
2315 2018 2379 2071 ut
2408 2015 2566 2072 scitis
2595 2015 2963 2072 monasterio
2997 2015 3186 2072 sancti
3216 2014 3535 2082 Benedicti,
3553 2030 3667 2084 ego
3692 2032 3844 2089 quo-

2167 2121 2305 2177 que,
2343 2108 2459 2162 Deo
2484 2105 2736 2171 favente,
2770 2105 2909 2161 illuc
2957 2104 3042 2161 ire
3074 2104 3364 2178 disposui,
3398 2104 3656 2160 sciturus
3684 2122 3841 2179 qua-

2164 2193 2251 2250 les
2277 2194 2578 2251 inveniam
2602 2211 2745 2265 erga
2775 2211 2883 2251 vos
2903 2199 2962 2251 et
2985 2211 3189 2266 regem
3213 2200 3271 2250 et
3290 2194 3838 2269 archiepiscopum,

2164 2283 2259 2340 vel
2282 2284 2495 2357 quales
2522 2285 2769 2341 reddere
2793 2285 3040 2357 possim.
3075 2287 3142 2340 Et
3170 2283 3339 2356 quod
3366 2283 3603 2340 interim
3629 2284 3840 2342 effece-

2163 2390 2252 2443 ro,
2284 2377 2388 2430 aut
2412 2373 2540 2446 ipse
2562 2374 2736 2430 vobis
2769 2374 3165 2443 referam,aut
3192 2372 3396 2429 litteris
3426 2373 3834 2431 innotescam.

2163 2462 2299 2519 Vale
2326 2463 2587 2521 feliciter.

2520 2572 2854 2629 EPISTOLA
2894 2574 3067 2627 LXXII
3108 2571 3275 2643 [olim
3314 2571 3470 2644 CIII).

2796 2667 2994 2728 (Anno
3028 2666 3154 2718 1021
3173 2662 3207 2733 ).

2156 2768 2551 2827 Dilectissimo
2590 2784 2934 2841 semperque
2959 2769 3265 2840 diligendo
3319 2769 3558 2826 domino
3605 2774 3661 2825 et
3690 2768 3839 2825 duci

2227 2860 2674 2932 Aquitanorum
2734 2861 3072 2926 GUILLELMO,
3129 2861 3447 2915 Fansnrus
3493 2860 3837 2915 Carnolen-

2226 2950 2379 3005 sium
2433 2949 2678 3005 humilis
2729 2949 3059 3019 episcopus,
3093 2949 3153 3004 in
3196 2948 3311 3005 hac
3358 2949 3484 3004 vita
3521 2962 3582 3004 se
3628 2953 3683 3004 et
3719 2963 3835 3006 sua

376 3037 487 3077 1105
518 3020 833 3092 diligenter
862 3019 1172 3120 inquiras-3
1204 3020 1557 3120 ι’θιίείοξθω
1596 3036 1760 3089 νθΓο,
1794 3036 1936 3076 cum
1965 3024 2043 3120 φφ
2085 3063 2126 3120 C
2229 3039 2452 3108 omnia,
2475 3040 2538 3094 in
2566 3038 2764 3095 altera
2789 3037 3017 3108 gaudia
3043 3037 3427 3107 sempiterna.

373 3126 557 3183 quem
567 3125 951 3183 paganorum
962 3111 1296 3183 principem
1310 3110 1696 3168 audieramus
1705 3125 1848 3180 ,non
1861 3110 2046 3167 modo

373 3199 781 3257 Christianum
824 3214 1039 3256 verum
1084 3200 1269 3257 etiam
1314 3216 1459 3271 erga
1501 3200 1802 3268 ecclesias,
1862 3204 2044 3273 atque

373 3286 473 3343 Dei
495 3303 697 3344 servos
728 3288 1231 3360 benignissimum
1254 3287 1601 3359 largitorem
1628 3288 2038 3359 agnoscimus.

374 3375 536 3434 Unde
567 3377 789 3448 gratias
821 3381 1066 3449 agentes
1098 3378 1240 3449 Regi
1264 3390 1497 3449 regum,
1532 3392 1605 3434 ex
1634 3379 1810 3449 cujus
1838 3377 2042 3450 dispo-

369 3466 578 3523 sitione
606 3467 750 3524 talia
787 3468 1181 3537 descendunt,
1214 3478 1506 3539 rogamus
1534 3472 1600 3525 ut
1626 3468 1756 3541 ipse
1783 3471 2059 3539 regnum'

368 3562 539 3615 tuum
578 3558 641 3614 in
665 3559 839 3615 vobis
862 3559 1206 3633 prosperari
1238 3559 1437 3630 faciat,
1469 3562 1526 3616 et
1573 3560 1843 3617 animam
1872 3562 2041 3615 tuam

367 3663 403 3703 a
432 3648 693 3720 peccatis
722 3649 999 3705 absolvat
1024 3665 1133 3723 per
1163 3652 1452 3707 aeternum
1475 3653 1533 3707 et
1562 3649 2043 3707 consubstantia-

364 3737 485 3793 lem
517 3738 628 3794 sibi
657 3738 1037 3809 unigenitum
1063 3739 1365 3797 Christum
1405 3740 1734 3796 Dominum
1760 3743 2042 3796 nostrum

364 3826 427 3882 in
452 3826 680 3884 unitate
709 3828 961 3900 Spiritus
999 3828 1211 3885 sancti.
1242 3833 1453 3886 Amen.
1484 3829 1646 3902 Vale,
1672 3840 1912 3887 memor
1938 3842 2043 3885 no-

364 3913 489 3986 stri,
520 3930 645 3971 non
674 3915 995 3972 immemor
1020 3916 1126 3972 tui.

715 4022 1049 4081 EPISTULA
1089 4026 1216 4081 LXX
1246 4025 1409 4096 [olim
1435 4022 1683 4099 XCVIII].
1728 4013 1734 4018 ’

919 4114 1109 4182 (Circa
1139 4130 1236 4172 an.
1267 4114 1498 4183 eumd.)

366 4212 575 4270 Nobili
610 4212 813 4270 comiti
858 4214 937 4282 S.,
984 4214 1254 4270 FULBERT.
1298 4213 1413 4270 Dei
1443 4215 1649 4285 gratia
1697 4219 2036 4283 carnotens,

740 4302 1070 4374 episcopus,
1097 4300 1304 4371 ﬁdeles
1333 4303 1654 4359 orationes.

2232 3143 2432 3210 Doleo,
2458 3142 2548 3200 vir
2579 3142 2999 3216 optime,quod
3028 3159 3223 3217 nuper
3250 3142 3313 3199 in
3345 3147 3644 3200 conventu
3669 3143 3833 3214 regis

2154 3239 2335 3308 atque
2362 3240 2566 3291 nostro
2596 3232 2884 3307 loquendi
2914 3239 3115 3289 tecum
3164 3231 3675 3307 opportunitatem
3702 3248 3832 3291 non

2152 3323 2360 3396 habui,
2386 3341 2508 3380 non
2536 3323 2610 3380 de
2643 3323 2910 3380 saeculari
2941 3324 3202 3396 negotio,
3236 3323 3343 3379 sed
3375 3323 3449 3379 de
3475 3323 3608 3380 loco
3632 3324 3829 3381 sancti

2151 3413 2337 3472 Patris
2366 3412 2588 3485 Hilarii,
2626 3414 2798 3485 cujus
2842 3417 3100 3471 rectores
3129 3430 3240 3471 nos
3272 3430 3400 3471 esse
3438 3408 3677 3471 bonitas
3722 3417 3829 3473 tua

2150 3504 2360 3573 voluit,
2395 3503 2501 3560 sed
2543 3503 2725 3577 hujus
2757 3506 3043 3578 temporis
3088 3505 3314 3562 malitia
3344 3520 3468 3560 non
3515 3504 3822 3579 permittit.

2153 3596 2365 3654 Mando
2398 3595 2598 3669 itaque
2631 3595 2753 3664 tibi,
2797 3601 2854 3652 et
2881 3612 3092 3669 precor
3119 3592 3337 3652 absens
3389 3596 3449 3652 id
3478 3596 3644 3670 quod
3679 3600 3825 3654 tunc

2150 3702 2418 3759 praesens
2445 3684 2719 3742 intimare
2750 3684 3047 3755 volebam,
3068 3685 3355 3754 videlicet,
3391 3690 3454 3741 ut
3485 3684 3823 3742 secundum

2151 3776 2305 3833 bene
2337 3774 2625 3849 placitum
2657 3775 2856 3832 cordis
2880 3776 2963 3831 tui
2993 3775 3318 3833 constituas
3343 3774 3445 3831 tibi
3475 3772 3663 3832 alium
3693 3777 3823 3833 the-

2152 3871 2495 3921 saurarium
2526 3868 2581 3921 et
2603 3864 2983 3938 capitiarium
3006 3863 3079 3920 de
3102 3863 3277 3921 bonis
3304 3862 3530 3921 clericis
3551 3864 3657 3937 qui
3683 3870 3826 3923 sunt

2149 3953 2211 4010 in
2244 3959 2346 4010 tua
2372 3953 2605 4024 vicinia,
2636 3971 2790 4027 quos
2814 3953 2876 4009 in
2904 3954 3002 4010 via
3031 3952 3214 4026 longa
3246 3958 3300 4011 ct
3330 3952 3667 4027 periculosa
3694 3968 3823 4009 non

2149 4040 2441 4100 disturbet
2491 4043 2570 4100 ab
2611 4043 2828 4115 ofﬁcio,
2881 4044 3032 4099 sicut
3078 4060 3175 4100 me
3224 4048 3281 4099 et
3310 4060 3479 4100 meos
3524 4043 3822 4099 hactenus

2148 4131 2521 4190 disturbavit.
2559 4132 2672 4189 Nec
2703 4149 2799 4189 me
2830 4137 3028 4206 putes,
3053 4133 3325 4199 obsecro,
3360 4134 3440 4190 ita
3469 4136 3824 4206 pravum,ut

2147 4228 2393 4295 propter
2417 4223 2534 4278 hoc
2566 4222 2669 4278 tibi
2701 4222 2908 4279 videar
2933 4222 3135 4278 minus
3168 4239 3297 4279 esse
3326 4221 3822 4293 tidelis.Agnosco

2149 4312 2309 4369 enim
2340 4329 2435 4369 me
2462 4317 2822 4385 perpetuum
2850 4312 3183 4369 debitorem
3206 4329 3338 4368 esse
3369 4310 3667 4369 ﬁdelitatis
3698 4311 3825 4368 ani-

442 4396 502 4456 Si
528 4398 591 4454 in
621 4397 899 4469 eligendo
924 4402 1137 4456 vestrae
1166 4398 1413 4457 civitatis
1442 4397 1727 4473 episcopo
1750 4399 2037 4471 regulari-
2074 4408 2117 4463 Β
2149 4420 2263 4459 mae
2305 4407 2419 4459 tuae
2469 4407 2525 4458 et
2572 4401 2829 4476 corpori,
2870 4406 3114 4476 propter
3150 4401 3579 4473 benignitatem
3629 4417 3821 4474 quam

368 4492 453 4544 ter
481 4487 754 4559 ageretis,
770 4487 1126 4559 suffragium
1154 4493 1374 4546 nostrae
1402 4486 1756 4547 humilitatis
1787 4505 1913 4547 non
1942 4486 2042 4547 de-

366 4576 516 4635 foret
538 4577 712 4650 juxta
731 4577 986 4636 modum
1010 4577 1277 4636 rationis.
1304 4582 1472 4636 Nunc
1503 4583 1706 4636 autem
1736 4576 2039 4652 palatinus

368 4671 472 4724 aut
499 4664 778 4741 publicus
821 4683 1029 4725 rumor
1077 4670 1185 4740 est,
1217 4666 1387 4742 quod
1428 4667 1525 4725 ille
1556 4667 1805 4725 clericus
1853 4683 2036 4741 quem

370 4756 583 4827 eligere
608 4755 809 4830 vultis,
840 4756 1113 4814 favorem
1135 4762 1403 4815 vestrum
1433 4757 1507 4814 sit
1535 4760 1875 4831 aucupatus
1906 4774 2040 4831 pro-

369 4845 728 4903 missionum
778 4845 965 4902 sibilis
1007 4850 1063 4903 et
1092 4846 1365 4920 pecuniae
1394 4844 1580 4903 visco.
1614 4846 1829 4903 Dicunt
1857 4845 2037 4903 etiam

368 4935 535 5009 quod
561 4936 688 4993 sine
714 4936 895 5009 jussu
943 4935 1125 5008 regis,
1166 4941 1223 4993 et
1265 4950 1572 4993 concensu
1613 4935 2038 5009 episcoporum

369 5024 988 5100 comprovincialium,
1036 5025 1198 5082 aedes
1248 5029 1305 5083 et
1332 5041 1461 5082 rem
1506 5024 1917 5099 episcopalem
1944 5026 2036 5082 in—

369 5114 602 5171 vaserit.
638 5116 778 5179 Quae
808 5113 857 5171 si
886 5114 1004 5171 sint
1031 5130 1196 5188 vera,
1227 5129 1355 5172 non
1380 5117 1521 5171 sunt
1559 5113 1893 5185 regularia:
1928 5129 2039 5171 nec

371 5216 472 5257 me
498 5200 594 5256 vel
634 5201 827 5274 vobis,
874 5203 971 5260 vel
1007 5202 1140 5262 aliis
1189 5208 1401 5262 contra
1423 5204 1524 5276 jus
1553 5206 1612 5261 et
1640 5203 1731 5263 fas
1760 5201 2039 5277 opitulari

372 5292 624 5361 oportet.
652 5289 873 5347 Valete.

374 5497 939 5627 Régglil’ictavium,
995 5506 1058 5560 ut
1085 5504 1264 5562 nobis
1317 5504 1570 5575 videtur,
1615 5505 1817 5579 potius
1846 5522 2036 5579 quam

419 5661 557 5789 u83:)
582 5661 820 5718 Nostras
845 5661 1069 5732 lingua:
1088 5663 1334 5745 nomine
1356 5666 1457 5723 hic
1475 5665 1744 5795 profecto
1763 5667 2035 5748 intelligit

373 5728 412 5786 F
524 5736 683 5790 ertus
708 5732 1073 5793 Francorum
1096 5732 1472 5795 idiomaauo
1540 5740 1883 5795 Romanum
1906 5738 2026 5795 dlc-

524 5732 683 5790 ertus
708 5732 1073 5793 Francorum
1096 5732 1517 5810 idioma,quod
1540 5740 1883 5799 Romanum
1906 5732 2026 5795 dic-

2150 4490 2296 4547 mihi
2325 4488 2622 4546 immerito
2654 4489 2975 4545 exhibuisti
3003 4490 3169 4547 Unde
3193 4495 3354 4547 certo
3386 4489 3561 4556 scias,
3595 4488 3741 4563 quia
3772 4490 3820 4545 si

2150 4579 2255 4636 tibi
2285 4583 2390 4635 aut
2419 4579 2646 4653 populo
2675 4584 2776 4635 tuo
2799 4576 2913 4635 mei
2938 4579 3235 4636 ministeri
3264 4578 3590 4635 necessitas
3614 4578 3819 4635 immi-

2148 4672 2334 4738 neret,
2364 4672 2418 4724 et
2449 4669 2563 4724 hoc
2596 4668 2743 4724 mihi
2774 4667 3069 4725 mandare
3089 4666 3342 4740 dignum
3374 4668 3647 4735 duceres,
3672 4667 3817 4724 sub-

2148 4757 2418 4813 venircm
2442 4756 2548 4813 tibi
2578 4760 2699 4814 Deo
2730 4754 2961 4821 duce,si
2984 4773 3110 4813 non
3132 4770 3379 4831 possem
3410 4756 3596 4825 aliter,
3626 4755 3725 4812 vel
3754 4757 3818 4813 in

2146 4844 2354 4901 habitu
2376 4844 2658 4919 pauperis
2681 4844 2997 4918 peregrini.
3030 4847 3241 4902 Precor
3261 4850 3463 4902 autem
3482 4844 3816 4901 bonitatem

2146 4938 2335 5002 tuam,
2409 4939 2472 4990 ut
2530 4934 2802 4991 Baimoni
2862 4935 3124 4991 relevare
3191 4935 3452 5006 digneris
3519 4935 3817 4991 damnum

2144 5025 2312 5098 quod
2341 5024 2584 5098 pertulit
2613 5024 2673 5081 in
2702 5025 2939 5081 servitio
2960 5030 3188 5081 nostro.
3221 5026 3355 5083 Vale
3384 5041 3546 5082 nunc
3577 5028 3635 5081 et
3666 5041 3817 5081 sem-

2145 5131 2269 5188 per,
2302 5114 2566 5189 piissime
2598 5119 2777 5189 atque
2818 5115 3286 5187 benignissime:
3334 5132 3446 5186 ego
3476 5131 3620 5173 vero
3656 5130 3812 5172 nun-

2145 5220 2334 5276 quam
2360 5202 2679 5261 obliviscar
2710 5208 2782 5260 te.

2146 5514 2279 5635 121111))
2309 5510 2396 5634 pst
2420 5507 2563 5579 quia
2590 5524 2627 5565 a
2660 5510 2928 5565 Romana
2955 5508 3163 5580 lingua
3206 5508 3450 5583 puriore
3479 5512 3675 5568 ortum
3709 5508 3812 5567 ha-

2191 5596 2221 5634 e
2269 5595 2305 5635 a
2335 5621 2345 5633 .

2191 5595 2345 5635 enat.

2216 5668 2321 5740 (39)
2357 5670 2470 5726 Seu
2501 5668 3004 5727 Aurelianensem.
