3952 6404
394 315 500 370 239

722 436 1061 493 EPISTOLA
1103 438 1348 493 LXXVIII
1384 437 1548 508 [olim
1574 438 1747 509 XCV].

884 524 1077 595 (Circa
1124 540 1357 581 annum
1382 527 1568 597 1022.)

393 614 640 670 Robcrti
674 616 805 686 regi
849 616 1228 672 Francorum
1285 616 1368 673 ad
1415 616 1774 673 Gauslinum
1831 618 2064 675 Bituri-

821 720 1049 763 censem
1087 705 1627 776 archiepiscopum.

746 793 913 865 (Vide
957 793 1114 851 infra
1140 793 1204 850 in
1225 796 1486 851 Rossaro
1511 796 1698 867 rege.)

723 903 1059 958 ΕιηδτοιΑ
1088 903 1283 958 LXXIX
1315 901 1479 974 [olim
1520 902 1719 975 XCVI].

872 990 1059 1063 (Circa
1113 1006 1346 1048 annum
1377 992 1561 1062 1022.)

384 1081 669 1138 Gauzlini
681 1081 1076 1139 Bituricensis
1104 1081 1550 1152 archiepiscopi
1594 1082 1677 1139 ad
1703 1081 2050 1141 Robertum.

464 1176 469 1181 '
896 1171 1275 1227 Francorum
1323 1185 1541 1242 regem.

744 1256 905 1328 (Vide
926 1256 1084 1315 infra
1111 1255 1173 1313 in
1213 1259 1474 1314 Rossnro
1507 1258 1693 1330 rege.)

704 1364 1039 1422 EPISTOLA
1066 1365 1235 1421 LXXX
1282 1362 1448 1435 [olim
1498 1363 1724 1436 XCVII].

877 1471 1069 1544 (Circa
1100 1486 1332 1528 annum
1359 1471 1546 1543 1022.)

411 1561 523 1617 Pio
551 1561 685 1632 regi
730 1563 1008 1628 Ronsnro,
1058 1562 1378 1617 Fcusnros
1400 1559 1646 1618 humilis
1676 1562 2007 1633 episcopus,

977 1650 1178 1707 omnia
1213 1649 1443 1721 ﬁdelia.

447 1743 625 1797 Sacra
652 1746 850 1799 vestra
879 1739 1144 1797 monitus
1165 1754 1303 1795 sum
1327 1738 1627 1813 inquirere
1666 1739 2038 1811 festinanter,

375 1834 433 1887 et
458 1830 716 1888 scribere
742 1829 941 1899 vobis,
971 1828 1020 1885 si
1048 1845 1173 1903 qua
1200 1827 1449 1885 historia
1481 1829 1840 1900 sanguinem
1861 1830 2046 1905 pluis-

375 1935 436 1975 se
465 1919 698 1981 referat.
730 1923 787 1976 et
816 1918 864 1974 si
894 1918 1121 1974 factum
1151 1916 1281 1987 fuit,
1312 1916 1461 1991 quid
1492 1917 1761 1975 futurum
1807 1923 2046 1992 porten-

373 2008 543 2065 derit.
589 2008 840 2076 Livium,
876 2006 1192 2075 Valerium,
1226 2006 1523 2077 Orosium,
1552 2012 1609 2066 et
1633 2008 1835 2084 plures
1893 2008 2044 2066 alios

372 2098 555 2169 hujus
586 2098 668 2153 rei
699 2097 981 2154 relatores
1008 2096 1231 2167 inveni,
1256 2101 1313 2153 et
1368 2097 1593 2170 quibus
1651 2098 1732 2155 ad
1772 2114 2042 2172 praesens

374 2185 570 2242 solum
602 2184 952 2256 Gregorium
979 2188 1385 2241 Turonensem
1430 2186 1785 2259 episcopum
1832 2191 2041 2244 testem

371 2289 501 2330 esse
534 2272 897 2347 productum
930 2272 1207 2342 sufﬁciat,
1237 2279 1484 2347 propter
1512 2274 1925 2332 auctoritatem
1954 2291 2042 2333 re-

368 2361 608 2432 ligionis
638 2379 781 2419 suae.
816 2362 910 2418 Ait
928 2377 1072 2432 ergo
1103 2361 1420 2433 Gregorius
1442 2362 1604 2419 idem
1628 2363 1690 2419 in
1735 2367 1901 2421 sexto
1929 2363 2034 2421 lib.

370 2452 779 2519 Historiarum,
802 2467 933 2523 cap.
963 2451 1024 2507 l-i
1055 2469 1068 2507 :
1092 2473 1119 2499 η
1145 2457 1318 2508 Anno
1335 2450 1589 2526 septimo
1609 2452 1778 2522 regni
1810 2452 2037 2511 Childe-

367 2541 518 2600 berti
562 2540 738 2612 regis,
797 2540 901 2614 qui
960 2544 1086 2597 erat
1137 2540 1447 2613 Chilperici
1499 2545 1557 2598 et
1600 2542 1888 2599 Guntrani
1945 2547 2036 2615 21,

368 2646 573 2687 mense
603 2629 913 2699 Januario,
945 2629 1186 2704 pluviae,
1210 2630 1678 2699 coruscationes,
1711 2634 1893 2705 atque
1950 2636 2036 2689 to-

364 2720 560 2777 nitrua
590 2718 796 2790 gravia
825 2718 1106 2775 fuerunt:
1138 2718 1316 2776 ﬂores
1338 2718 1398 2775 in
1430 2718 1751 2776 arboribus
1806 2722 2033 2777 ostensi

368 2809 761 2879 sunt:stella,
792 2825 981 2883 quam
1018 2813 1313 2866 cometem
1366 2810 1647 2883 superius
1701 2810 2030 2880 nominavi,

366 2899 665 2974 apparuit,
695 2902 763 2955 ut
789 2898 851 2955 in
875 2898 1127 2955 circuitu
1154 2898 1284 2970 ejus
1313 2914 1540 2969 magna
1561 2899 1813 2971 nigredo
1855 2904 2030 2968 esset,

365 2994 423 3047 et
445 2989 546 3046 illa
570 2993 861 3061 tanquam
897 2988 946 3044 si
976 2988 1132 3045 intra
1185 2987 1460 3045 foramen
1510 2988 1759 3063 aliquod
1814 2990 2030 3063 posita,

364 3077 447 3134 ita
490 3076 768 3133 tenebras
836 3074 1143 3132 relucebat
1209 3074 1562 3146 scintillans,
1618 3091 2033 3151 spargensque

1436 314 1492 370 S.
1538 314 1872 371 FULBERTI
1910 313 2397 377 CARNOTENSIS
2436 322 2765 381 EPISCJPI.

3734 326 3856 390 240

2088 449 2137 502 Α
2175 446 2376 500 autem
2403 461 2474 501 eo
2504 463 2668 505 anno
2697 448 2758 506 in
2805 447 3256 506 Narbonensem
3301 448 3515 508 urbem
3569 451 3862 524 inguina-

2171 532 2330 590 rium
2361 535 2646 594 morbum
2671 538 2932 610 graviter
2959 538 3306 608 dessevisse,
3354 538 3438 596 ita
3483 544 3551 597 ut
3606 541 3857 600 nullum

2170 627 2326 680 esset
2354 626 2615 699 spatium
2645 627 2801 697 vitae,
2835 645 2976 685 cum
3032 628 3219 685 homo
3272 633 3581 703 correptus
3634 629 3855 690 fuisset

2169 712 2251 770 ab
2278 728 2371 771 eo.
2412 738 2439 764 »
2472 715 2774 774 Hactenus
2829 718 3146 791 Gregorius
3197 719 3581 777 Turonensis.
3635 720 3853 796 Liquet

2165 802 2347 874 igitur
2365 820 2436 861 ex
2468 805 2583 862 hac
2607 811 2664 863 et
2692 823 2767 863 ex
2796 823 2981 881 supra
3009 823 3107 864 me
3132 811 3507 866 moratorum
3551 809 3846 883 historiis,

2164 894 2331 968 quod
2361 894 2567 968 pluvia
2592 897 2906 968 sanguinis
2930 896 3240 972 publicam
3264 902 3528 970 stragem
3570 899 3847 959 futuram

2163 995 2292 1039 esse
2312 984 2650 1056 portendat.
2665 987 2840 1053 Quod
2850 993 3054 1044 autem
3075 1003 3270 1061 nuper
3285 988 3389 1060 huj
3399 989 3638 1047 usmodi
3663 1006 3849 1048 cruo-

2161 1086 2291 1129 rem
2318 1072 2379 1129 in
2408 1073 2679 1147 quadam
2703 1081 2873 1150 parte
2901 1078 3069 1149 regni
3097 1077 3273 1134 vestri
3298 1077 3523 1151 pluisse
3550 1079 3831 1148 audistis,

2161 1166 2219 1219 et
2266 1164 2435 1238 quod
2476 1164 2572 1222 ille
2630 1183 2808 1225 cruor
2862 1167 2966 1225 ubi
3012 1184 3200 1242 supra
3247 1172 3486 1242 petram
3526 1169 3623 1227 vel
3650 1185 3843 1243 super

2161 1268 2406 1312 carnem
2434 1255 2698 1313 hominis
2725 1256 3040 1327 ceciderat,
3073 1256 3239 1314 ablui
3262 1273 3389 1314 non
3425 1261 3680 1332 poterat,
3726 1258 3843 1316 ubi

2161 1347 2365 1401 autem
2392 1361 2575 1420 super
2601 1345 2835 1419 lignum
2881 1347 3197 1418 ceciderat,
3228 1347 3401 1406 facile
3447 1348 3835 1422 abluebatur,

2159 1447 2270 1507 per
2310 1434 2426 1491 hoc
2484 1435 2599 1493 tria
2642 1436 2961 1494 hominum
3031 1452 3255 1509 genera
3319 1437 3653 1509 signiﬁcata
3695 1454 3839 1496 esse

2157 1520 2472 1579 videntur:
2505 1540 2615 1598 per
2638 1523 2904 1599 lapidem
2945 1524 3138 1600 impii,
3182 1541 3293 1599 per
3334 1541 3582 1583 carnem
3634 1525 3828 1583 forni-

2157 1612 2321 1681 carii,
2351 1630 2461 1688 per
2486 1613 2722 1687 lignum
2745 1631 2890 1673 vero
2913 1614 3082 1689 quod
3106 1632 3304 1690 neque
3341 1615 3567 1674 durum
3618 1619 3707 1673 est
3762 1618 3834 1672 ut

2157 1701 2334 1776 lapis,
2364 1719 2563 1779 neque
2591 1704 2774 1761 molle
2804 1709 2870 1762 ut
2918 1721 3082 1776 caro,
3128 1706 3212 1763 illi
3257 1706 3367 1780 qui
3418 1722 3619 1781 neque
3657 1704 3837 1778 impii

2078 1800 2119 1855 B
2157 1796 2295 1850 sunt
2313 1808 2511 1867 neque
2529 1793 2851 1852 fornicarii.
2878 1798 3026 1853 Cum
3048 1811 3192 1867 ergo
3213 1795 3442 1852 venerit
3455 1811 3636 1869 super
3658 1794 3837 1851 illam

2157 1881 2418 1948 gentem,
2444 1878 2546 1935 cui
2569 1879 2967 1953 portenditur,
3014 1878 3275 1951 gladius,
3318 1879 3442 1935 sive
3483 1879 3833 1951 pestilentia

2153 1966 2468 2037 designata
2490 1983 2599 2041 per
2627 1967 3010 2038 sanguinem,
3043 1966 3093 2023 si
3122 1972 3301 2024 antea
3320 1966 3458 2024 duri
3480 1971 3584 2023 aut
3606 1966 3832 2024 molles

2151 2056 2371 2114 fuerint
2397 2057 2611 2114 mutati
2647 2058 2709 2114 in
2731 2057 2967 2125 melius,
2992 2073 3116 2114 non
3134 2057 3468 2113 morientur
3496 2060 3833 2129 perpetua-

2150 2145 2280 2203 liter
2294 2146 2369 2205 in
2400 2146 2693 2216 sanguine
2723 2162 2854 2203 suo.
2902 2146 3072 2204 Medii
3125 2162 3268 2203 vero
3319 2162 3427 2219 per
3476 2145 3832 2215 angustiam

2150 2235 2358 2291 mortis
2378 2234 2474 2291 vel
2494 2234 2663 2291 aliter
2683 2239 2966 2308 poterunt
2982 2234 3222 2291 liberari
3252 2250 3363 2307 pro
3421 2233 3669 2290 arbitrio
3724 2249 3827 2290 se-

2149 2322 2458 2381 cretissimi
2479 2328 2659 2398 atque
2691 2323 3172 2397 praestantissimi
3196 2323 3440 2380 Judicis.
3493 2322 3653 2394 Vale,
3678 2322 3830 2396 piis-

2149 2413 2299 2471 sime
2324 2429 2449 2470 rex.

2498 2503 2832 2559 EPISTULA
2874 2503 3067 2557 LXXXI
3102 2500 3267 2572 [olim
3303 2500 3459 2572 Xlll].

2774 2591 2965 2662 (Anno
3006 2590 3191 2660 1023.)

2144 2681 2396 2737 Domino
2424 2696 2532 2737 suo
2557 2682 2817 2736 Romano
2843 2679 2975 2751 regi
3013 2677 3453 2749 benignissimo,
3488 2680 3816 2735 FULssnrus

2344 2770 2590 2827 humilis
2614 2768 2892 2826 sacerdos
2919 2769 2983 2824 in
2999 2773 3357 2838 perpetuum
3384 2768 3601 2839 vigere.

2100 2892 2119 2909 '
2217 2878 2462 2935 Sacram
2500 2875 2830 2949 majestatis
2886 2879 3096 2931 vestrae
3153 2875 3499 2949 nuperrime
3572 2873 3818 2947 suscepi

2143 2971 2492 3024 monentem
2512 2982 2610 3023 me
2638 2982 2698 3023 vi
2753 2964 2878 3023 Kal.
2932 2968 3181 3037 August.
3237 2969 3435 3022 vestro
3473 2969 3532 3022 et
3579 2964 3818 3022 Henrici

2142 3055 2425 3112 interesse
2452 3054 2753 3129 colloquio
2776 3055 2910 3126 (41),
2938 3070 3062 3111 non
3085 3053 3282 3111 solum
3304 3054 3481 3111 vestri
3509 3052 3812 3127 obsequii,

364 3183 592 3224 comas.
623 3164 903 3222 Prodibat
924 3169 1125 3222 autem
1154 3180 1227 3222 ex
1273 3179 1348 3221 ea
1376 3165 1585 3222 radius
1644 3166 1813 3222 mirae
1862 3142 2017 3237 mag-

2199 3144 2253 3200 ad
2299 3148 2356 3202 et
2409 3148 2625 3201 nostrae
2693 3142 3138 3201 commoditatis
3188 3158 3391 3200 causa.
3444 3142 3609 3199 Unde
3665 3158 3815 3215 sup-

362 3255 670 3323 nItudinis,
715 3254 821 3329 qui
867 3259 1159 3328 tanquam
1211 3254 1416 3311 fumus
1464 3270 1726 3326 magnus
1769 3255 2033 3313 incendii

360 3344 695 3419 apparebat
722 3359 759 3400 a
785 3342 983 3413 longe.
1013 3342 1147 3399 Visa
1171 3346 1261 3399 est
1289 3342 1369 3399 ad
1419 3347 1652 3416 partem
1706 3343 2031 3401 occidentis

356 3433 421 3491 iu
448 3434 600 3491 hora
627 3432 821 3489 noctis
850 3432 1067 3506 prima.
1102 3435 1164 3488 In
1190 3431 1288 3488 die
1311 3437 1515 3489 autem
1546 3436 1756 3489 sancto
1786 3434 2027 3490 Pascha;

357 3524 524 3599 apud
551 3522 887 3581 Suessionis
933 3522 1233 3579 civitatem
1290 3522 1509 3579 caelum
1559 3522 1770 3579 ardere
1824 3522 2025 3579 visum

355 3618 463 3680 est,
490 3612 572 3669 ita
600 3616 664 3668 ut
683 3611 805 3668 duo
831 3613 1193 3684 apparerent
1221 3610 1537 3679 incendia;
1570 3615 1628 3667 et
1656 3627 1847 3667 unum
1898 3616 2025 3669 erat

353 3702 577 3773 majus,
599 3699 765 3756 aliud
788 3714 928 3756 vero
971 3698 1196 3755 minus.
1220 3700 1359 3754 Post
1400 3698 1665 3755 duarum
1721 3715 1867 3755 vero
1915 3699 2024 3756 ho-
2101 3741 2115 3759 .

352 3807 559 3848 rarum
588 3788 851 3863 spatium
881 3788 1206 3860 conjuncta
1233 3792 1373 3845 sunt
1402 3786 1601 3858 simul,
1633 3787 1914 3862 factaque
1957 3788 2021 3845 in

351 3881 613 3954 pharum
644 3893 938 3949 magnum
972 3881 1365 3934 evanuerunt.
1416 3880 1478 3933 ln
1529 3876 1830 3934 Parisiaco
1876 3893 2021 3935 vero

349 3967 608 4026 termino
635 3982 814 4024 verus
843 3965 1089 4036 sanguis
1115 3982 1187 4022 ex
1213 3964 1377 4022 nube
1406 3964 1676 4035 deﬂuxit,
1722 3970 1781 4023 et
1837 3982 2021 4040 super

350 4058 704 4115 vestimenta
727 4055 1056 4113 multorum
1082 4056 1403 4113 hominum
1430 4055 1664 4125 cecidit,
1691 4061 1749 4113 et
1765 4056 1847 4114 ita
1876 4056 2017 4113 tabe

349 4147 692 4214 maculavit,
742 4152 810 4204 ut
857 4146 973 4220 ipsi
1024 4146 1269 4220 propria
1312 4145 1667 4202 indumenta
1707 4146 2019 4204 horrentes

347 4238 700 4297 abnuerent.
731 4236 941 4295 Tribus
971 4235 1133 4292 enim
1162 4234 1308 4291 locis
1345 4236 1407 4292 in
1460 4235 1716 4292 termino
1767 4236 2019 4293 civitatis

344 4329 502 4386 illius
556 4328 673 4385 hoc
716 4326 1061 4401 prodigium
1127 4325 1427 4399 apparuit.
1476 4324 1540 4382 ln
1590 4323 2019 4382 Silvanectensi

344 4432 490 4476 vero
510 4415 802 4474 territorio
820 4413 1085 4472 hominis
1113 4411 1437 4485 cujusdam
1462 4412 1706 4482 domus,
1753 4430 1894 4470 cum
1918 4413 2016 4470 ille

2139 3233 2368 3307 pliciter
2421 3232 2595 3291 vobis
2674 3248 2786 3306 pro
2842 3236 3009 3289 tanta
3085 3247 3231 3303 erga
3279 3247 3376 3288 me
3429 3230 3666 3306 pietatis
3719 3230 3812 3287 af-

2137 3321 2390 3379 fectione
2450 3321 2760 3393 gratulans
2812 3320 3098 3392 rescribo,
3158 3337 3256 3378 me
3304 3321 3434 3393 jam
3489 3320 3595 3377 diu
3642 3319 3812 3377 inﬁr-

2136 3416 2393 3480 matum,
2449 3410 2870 3483 aegritudinem
2923 3411 3039 3468 hoc
3090 3415 3361 3484 tempore
3399 3409 3666 3468 maxime
3721 3425 3814 3467 re-

2133 3500 2341 3573 vereri,
2363 3500 2615 3573 longum
2643 3498 2753 3557 iter
2781 3498 3030 3571 aggredi
3058 3513 3183 3555 non
3218 3498 3462 3569 audere,
3519 3514 3809 3556 successu

2132 3606 2275 3648 vero
2326 3589 2614 3663 temporis
2664 3588 3135 3662 opportunioris,
3180 3593 3484 3645 annuente
3535 3590 3679 3659 Deo,
3729 3587 3805 3645 li-

2130 3680 2341 3738 benter
2417 3696 2524 3736 vos
2604 3695 2697 3750 eo,
2767 3678 2892 3735 sive
2961 3677 3109 3735 alias
3168 3677 3596 3735 comitaturum
3650 3694 3805 3749 esse,

2129 3785 2486 3844 quanquam
2516 3768 2596 3825 ad
2624 3784 2893 3843 praesens
2925 3768 2973 3824 si
3003 3767 3289 3825 valetudo
3313 3783 3439 3825 non
3464 3766 3803 3834 obsisteret.

2129 3859 2307 3931 longe
2358 3864 2566 3917 tamen
2623 3862 2762 3915 ante
2804 3858 3166 3931 praemoneri
3228 3874 3328 3915 me
3382 3857 3531 3916 tanti
3577 3857 3804 3915 itineris

2128 3954 2445 4025 oporteret.
2478 3948 2675 4006 Valete
2714 3948 2978 4006 feliciter.

2412 4038 2749 4095 EPISTOLA
2787 4039 3007 4093 LXXXII
3048 4038 3214 4103 [olim
3258 4037 3510 4110 XLVIII].

2629 4125 2821 4194 (Circa
2846 4141 3076 4182 annum
3112 4126 3296 4198 1023.)

2137 4214 2477 4273 Venerabili
2531 4216 2964 4272 Turonensium
3019 4215 3453 4286 archiprmsuli
3502 4219 3793 4285 Annum,

2199 4307 2518 4362 FULBEBTUS
2539 4306 2648 4378 (42)
2671 4306 2918 4363 humilis
2949 4307 3284 4377 episcOpus,
3336 4321 3570 4377 semper
3616 4322 3798 4379 agere

2191 4395 2528 4466 prudenter
2545 4410 2619 4453 ac
2641 4396 3018 4466 simpliciter.

308 4552 315 4559 .
342 4522 526 4565 mane
572 4506 859 4576 surgeret,
902 4501 1198 4574 sanguine
1240 4517 1522 4576 respersa
1542 4502 1621 4558 ab
1637 4501 1800 4559 intus
1822 4518 2017 4577 appa-
2046 4509 2093 4565 Ι)
2196 4506 2266 4560 Et
2290 4518 2454 4559 nunc
2495 4502 2743 4576 quidem
2801 4502 2992 4574 gratia
3020 4502 3122 4560 Dei
3152 4502 3235 4560 sic
3263 4503 3463 4576 agitis,
3492 4519 3634 4560 cum
3660 4503 3794 4561 licet

341 4594 482 4653 ruit.
508 4596 721 4665 Magna
746 4595 951 4649 autem
974 4606 1048 4648 eo
1079 4606 1242 4648 anno
1269 4590 1401 4647 lues
1423 4589 1486 4646 in
1506 4589 1736 4665 populo
1753 4590 1883 4648 fuit.
1908 4594 2017 4648 Va-

340 4683 638 4742 letudines
669 4696 813 4739 vero
844 4679 1045 4748 variae,
1079 4679 1334 4748 melinte,
1367 4696 1511 4737 cum
1537 4679 1802 4755 pustulis
1830 4684 1890 4736 et
1919 4696 2016 4737 ve-

343 4773 503 4846 sicis,
534 4770 794 4829 multum
848 4769 1146 4844 populum
1198 4768 1534 4826 affecerunt
1584 4773 1798 4826 morte.
1856 4769 2016 4827 Multi

341 4867 546 4922 tamen
574 4859 930 4919 adhibentes
963 4857 1232 4915 studium
1278 4862 1621 4915 evaserunt.
1653 4856 2015 4915 Andivimus

412 5009 528 5081 (41)
555 5004 743 5081 liabet
760 5008 931 5061 vetus
975 5001 1345 5081 manuscrip.
1366 5001 1505 5081 haec
1526 5000 1712 5057 verba
1742 5001 2012 5081 _:_Henri-

342 5073 446 5137 cus
474 5073 529 5136 et
558 5077 704 5135 Rob.
738 5091 903 5148 reges
924 5073 1005 5131 ad
1048 5073 1316 5148 charum
1351 5073 1605 5148 ﬂuuium
1654 5073 2017 5148 colloquun-

343 5157 447 5205 tur
472 5165 633 5205 anno
666 5143 835 5203 4023.
869 5148 937 5203 Et
954 5144 1261 5216 Gaguinus
1288 5143 1349 5199 in
1377 5143 1527 5216 iVita
1566 5143 1714 5200 Bob.
1770 5143 1854 5200 sic
1905 5145 2011 5201 ha-

342 5221 479 5277 bet:
508 5220 806 5276 Henricus
833 5215 1163 5288 imperator
1194 5216 1252 5273 ei
1275 5215 1422 5288 Rob.
1441 5230 1552 5271 res:
1579 5216 1804 5271 Franc.
1829 5231 2014 5288 super

347 5291 613 5348 Charum
640 5290 892 5359 ﬂuvium
917 5286 1086 5359 apud
1140 5287 1428 5359 Enosium
1474 5292 1886 5359 convenerunt
1939 5286 2013 5345 de

341 5365 506 5417 statu
520 5356 822 5430 Ecclesiae,
845 5356 1083 5430 imperii
1101 5364 1155 5415 et
1169 5358 1344 5430 regni
1367 5356 1767 5414 amicabiliter
1792 5364 2013 5416 tracta-

346 5431 475 5484 turi
500 5445 660 5484 anno
696 5433 848 5484 1023.

346 5431 475 5487 turi
500 5445 660 5487 anno
696 5433 848 5486 1023.

417 5571 526 5639 (42)
551 5568 703 5642 Quis
732 5569 807 5642 sit
829 5570 1127 5642 istearch.
1160 5572 1295 5626 Tur.
1357 5574 1413 5626 et
1454 5568 1881 5642 quo_nomine
1938 5569 2012 5642 sit

343 5638 663 5713 inSignitus
714 5638 813 5695 vix
868 5638 1065 5713 colligi
1107 5645 1305 5713 potest
1333 5657 1406 5696 ex
1444 5638 1667 5697 tabulis
1718 5641 2000 5697 Democh.

345 5708 773 5787 acquisiverat_
797 5708 1046 5787 pallium
1102 5708 1446 5787 archiprtes.
1494 5728 1531 5767 a
1568 5728 1814 5787 summo
1849 5727 2003 5785 pon-

342 5780 521 5855 tiﬁce,
578 5786 636 5839 et
661 5781 714 5837 ei
736 5780 1101 5851 denegatum
1151 5780 1359 5839 fuerat.
1394 5781 1751 5839 Describitur
1796 5780 1998 5839 autem

2122 4608 2249 4649 non
2304 4591 2628 4651 inconsulti
2677 4591 2932 4649 fratrum
2980 4596 3185 4650 tamen
3225 4591 3476 4650 consilia
3518 4593 3788 4667 captatis.

2123 4682 2584 4755 Respondemus
2607 4681 2811 4755 itaque
2829 4681 3023 4750 vobis,
3046 4682 3192 4757 quia
3204 4682 3255 4739 si
3275 4682 3528 4756 pallium
3546 4682 3793 4755 requisi-

2123 4770 2226 4827 stis
2252 4787 2290 4827 a
2319 4773 2590 4829 Romano
2619 4770 2924 4844 pontiﬁce,
2971 4775 3029 4827 et
3068 4770 3199 4845 ipse
3245 4771 3419 4829 vobis
3473 4770 3622 4827 illud
3665 4771 3789 4828 sine

2123 4876 2310 4918 causa
2335 4859 2601 4931 legitima
2622 4860 2961 4931 denegavit,
2985 4865 3231 4935 propter
3244 4861 3360 4918 hoc
3375 4875 3500 4918 non
3529 4864 3619 4916 est
3638 4876 3790 4934 opus

2123 4999 2937 5083 pulli-uinaLgthariocard.1
2954 5000 3059 5075 qui
3080 5005 3290 5083 postea
3320 5000 3654 5083 fuitlnnoc:
3690 5003 3785 5083 ill,

2122 5071 2185 5128 in
2215 5071 2319 5129 lib.
2347 5076 2426 5130 De
2443 5073 2644 5129 ofticio
2666 5073 2887 5143 missae,
2922 5071 3038 5129 hoc
3059 5071 3244 5129 modo
3269 5091 3282 5129 :
3307 5073 3577 5129 Pallium
3629 5072 3790 5128 istud

2124 5159 2241 5215 quo
2260 5147 2520 5214 majores
2543 5145 2805 5215 episcopi
2822 5150 3102 5215 utuntur,
3126 5150 3210 5201 est
3231 5144 3305 5201 de
3350 5144 3616 5215 candida
3645 5144 3784 5199 lana

2124 5214 2490 5282 contextum,
2550 5214 2806 5285 desuper
2891 5214 3113 5273 habens
3165 5216 3463 5273 circulum
3514 5214 3784 5272 humeros

2123 5287 2649 5358 constringentem,
2679 5292 2734 5343 et
2763 5287 2916 5343 duas
2948 5288 3137 5345 lineas
3165 5287 3241 5344 ab
3293 5292 3555 5358 utraque
3604 5291 3784 5356 parte

2118 5357 2474 5429 pendemus,
2505 5362 2767 5427 quatuor
2830 5373 3035 5414 cruces
3077 5373 3433 5429 perpureas,
3457 5357 3464 5358 “
3491 5363 3651 5429 ante,
3699 5372 3784 5414 re-

2123 5435 2237 5491 tro,
2310 5443 2378 5501 a_
2416 5428 2737 5501 dea'tris,‘a
2760 5429 3044 5501 sinistris,
3070 5427 3176 5501 sed
3191 5427 3235 5485 a
3261 5428 3523 5485 sinistris
3560 5427 3784 5498 duplex

2121 5504 2227 5567 est,
2252 5504 2305 5554 et
2326 5499 2582 5569 simplex
2596 5515 2634 5555 a
2650 5498 2900 5555 dextris.
2924 5498 3063 5556 Tres
3077 5500 3258 5557 etiam
3273 5514 3419 5557 acus
3440 5513 3645 5555 aureae
3658 5501 3784 5567 inﬁ—

2118 5574 2351 5640 guntur
2407 5570 2624 5639 pallio,
2674 5575 2814 5627 ante
2862 5576 3091 5641 pectus,
3145 5585 3329 5642 super
3377 5572 3692 5627 humerum
3727 5576 3780 5627 et

2110 5646 2243 5710 psst
2311 5646 2565 5711 tergum,
2646 5657 2828 5711 super
2902 5642 3184 5698 dextrum
3266 5642 3586 5698 humerum
3664 5656 3778 5698 non

2117 5713 2413 5783 inﬁgitur,
2457 5712 2581 5769 haec
2623 5714 2901 5785 quaelibet
2949 5729 3092 5769 acus
3141 5715 3471 5784 pretiosum
3522 5714 3777 5769 continet

2117 5783 2398 5853 lapidem.
2417 5782 2570 5850 Quid
2591 5788 2793 5842 autem
2803 5784 2934 5841 haec
2945 5782 3281 5855 signiﬁcent
3294 5783 3459 5842 idem
3471 5783 3777 5843 Lotharius
