3952 6428
312 277 420 332 243

1381 276 1437 332 8.
1478 273 1823 332 FULBERTI
1854 272 2333 332 CARNOTENSIS
2372 273 2708 333 EPISCOPI.

310 396 369 452 vi
394 395 804 453 molestiarum
827 395 1130 469 impulsus
1156 394 1534 453 indiscretius
1558 394 1859 452 irascaris.
1894 398 1976 451 Ne
2009 399 2054 452 A
2082 395 2239 453 infra
2265 400 2400 453 octo
2423 396 2552 452 dies
2583 413 2657 453 ex
2685 411 2809 470 quo
2838 395 2939 453 illa
2994 394 3297 469 expeditio
3315 394 3413 452 vel
3464 394 3623 452 facta
3645 392 3781 451 erit

311 486 457 542 forte
488 485 567 542 ad
595 485 1051 559 impatientiam,
1084 484 1224 540 inde
1263 485 1342 542 ad
1400 500 1572 541 arma
1592 499 1976 558 prorumpas,

308 580 367 632 et
399 591 539 631 cum
571 574 845 645 gladium
873 574 1134 632 alienum
1165 574 1574 648 usurpaveris,
1594 578 1765 632 tuum
1794 572 1979 630 facias

307 680 432 721 non
462 663 675 721 timeri.
702 666 868 734 Rogo
898 662 1114 719 iterum
1166 679 1243 721 ne
1295 663 1406 720 ﬁas
1435 663 1515 720 ob
1543 664 1801 720 multam
1819 662 1979 734 inju-

307 753 462 810 riam
498 752 698 823 tristis,
722 752 1101 809 turbulentus
1127 757 1186 809 et
1235 753 1471 823 anxius,
1522 753 1629 810 sed
1684 751 1979 809 delectare

312 858 551 915 semper
578 841 641 898 in
666 841 944 910 Domino,
976 845 1034 897 et
1076 840 1251 908 dabit
1299 841 1406 898 tibi
1436 841 1749 916 petitiones
1781 839 1978 896 cordis

309 932 412 989 tui.
453 930 894 987 Usumfructum
941 947 1084 987 vero
1112 931 1413 998 altarium,
1472 947 1655 1004 quem
1704 930 1789 986 tui
1819 932 1982 985 ante-

310 1037 581 1077 cessores
628 1020 795 1078 laicis
849 1020 1242 1089 tradiderunt,
1287 1025 1343 1077 te
1409 1020 1642 1077 alendis
1669 1019 1973 1077 debilibus

310 1110 558 1184 publica
611 1124 754 1167 voce
791 1108 1090 1167 destinare
1123 1109 1350 1169 suadeo
1384 1126 1397 1165 :
1430 1113 1558 1167 tum
1585 1124 1660 1165 ne
1690 1107 1827 1182 quis
1862 1106 1978 1163 illis

308 1199 448 1257 inde
474 1198 711 1256 fraudet
737 1198 986 1273 aliquid,
1018 1198 1387 1257 interminari
1414 1217 1427 1269 ;
1461 1203 1518 1256 et
1542 1198 1591 1255 si
1615 1197 1720 1272 qui
1739 1200 1803 1254 in
1822 1196 1980 1252 hanc

306 1289 583 1347 fraudem
614 1289 954 1363 irruperint,
1011 1288 1165 1347 sicut
1206 1289 1367 1346 fures
1410 1304 1721 1345 sacrorum
1746 1291 1802 1343 et
1830 1286 1984 1343 occi-

314 1395 481 1435 sores
510 1395 850 1455 pauperum
874 1378 1257 1436 anathemate
1310 1377 1723 1435 condemnari.
1774 1380 1853 1432 Ne
1883 1391 1982 1431 ve-

307 1467 509 1532 rearis,
543 1483 775 1541 quaeso,
804 1467 1079 1525 homines
1108 1466 1457 1524 innocenter
1480 1466 1784 1524 offendere
1800 1481 1981 1539 prop-

308 1562 395 1614 ter
426 1557 770 1626 Dominum,
804 1560 871 1613 ut
926 1557 1008 1615 sis
1038 1573 1110 1614 eo
1149 1558 1388 1627 dignus.
1451 1556 1508 1615 Si
1539 1560 1694 1614 Deus
1740 1572 1851 1629 pro
1902 1559 1978 1623 te,

306 1647 443 1721 quis
474 1651 684 1705 contra
708 1651 762 1704 te
790 1647 938 1707 ?Est
961 1647 1119 1704 enim
1145 1663 1256 1723 pro
1278 1651 1332 1703 te
1360 1663 1598 1720 semper
1621 1645 1682 1703 in
1705 1661 1815 1702 sua
1846 1659 1983 1701 cau-

2084 486 2179 542 vel
2207 486 2433 543 emissa
2459 491 2782 544 venturum
2814 503 2877 542 se
2896 501 3033 542 esse
3054 486 3133 545 ad
3158 484 3390 557 justitia
3416 485 3773 558 pollicetur.

2087 575 2201 631 Sed
2220 576 2469 649 quando
2498 575 2594 632 ille
2614 575 3036 651 promissionis
3068 591 3194 632 sum
3219 574 3628 648 adimplenda
3642 579 3777 632 ter-

2087 665 2323 723 minum
2369 666 2561 722 ﬁxum
2588 680 2713 723 non
2744 666 2965 733 statuit,
2998 669 3057 721 et
3092 664 3297 723 multas
3326 681 3525 722 causa
3553 668 3776 739 prote-

2084 754 2323 811 lationis
2347 755 2608 812 incidere
2633 755 3024 829 possunt,vel
3047 758 3205 811 certe
3233 770 3371 828 quin
3400 754 3576 811 nobis
3609 769 3776 811 con-

2082 844 2364 900 veniendi
2422 845 2695 902 adimant
2749 844 3116 914 facultatem,
3176 843 3526 914 suademus,
3566 843 3616 899 si
3644 843 3777 900 ho—

2084 939 2253 990 neste
2317 933 2447 991 ﬁeri
2493 934 2700 1008 possit,
2768 949 2877 1007 per
2924 938 3156 990 vestros
3197 932 3570 990 necessarios
3624 948 3777 989 rem

2085 1022 2438 1091 accelerare,
2468 1028 2526 1080 et
2554 1028 2824 1079 vestrum
2852 1021 3022 1079 vobis
3053 1027 3324 1080 casatum
3352 1022 3600 1079 ﬁrmiter
3625 1022 3775 1079 alli-

2086 1127 2249 1183 gare.
2282 1113 2527 1169 Nescitis
2557 1113 2719 1169 enim
2741 1112 2890 1185 quid
2927 1111 3171 1169 fortuna
3192 1112 3505 1186 parturiat.
3538 1111 3773 1168 Valete.

2409 1204 2745 1260 EPISTOLA
2775 1204 3013 1258 Lxxx1x
3045 1202 3212 1274 [olim
3239 1201 3439 1274 XLIV].

2623 1291 2815 1359 (Circa
2845 1306 2944 1346 an.
2971 1291 3203 1363 eumd.)

2086 1379 2309 1436 Sancto
2332 1385 2387 1436 et
2418 1380 2678 1450 sapienti
2718 1381 2849 1437 viro
2875 1379 2941 1435 G.
2975 1380 3185 1437 abbati
3207 1384 3265 1437 et
3287 1380 3778 1451 archiepiscopo,

2161 1473 2221 1526 F.
2240 1471 2484 1526 humilis
2505 1471 2834 1541 episcopus,
2850 1485 3003 1527 vera
3024 1470 3360 1527 dilectionis
3384 1472 3687 1540 affectum.

2161 1560 2399 1616 Noverit
2414 1560 2736 1633 prudentia
2766 1563 2984 1630 vestra,
3016 1564 3222 1617 sancte
3245 1563 3433 1627 Pater,
3462 1559 3629 1640 quod
3649 1558 3783 1614 do-

2090 1648 2292 1706 minus
2310 1652 2372 1707 T.
2406 1650 2599 1707 abbas
2624 1650 2941 1707 discedens
2970 1650 3267 1706 tristitiam
3311 1649 3489 1706 nobis
3524 1647 3786 1722 reliquit

307 1754 374 1795 sa
402 1740 577 1805 Deus,
611 1742 700 1793 est
723 1736 904 1795 etiam
937 1742 1158 1807 tecum,
1204 1741 1271 1794 ut
1299 1736 1416 1793 ait:
1448 1737 1602 1794 Ecce
1645 1752 1749 1808 ego
1799 1734 1981 1792 vobz's-
2011 1754 2052 1809 Β
2088 1743 2145 1795 et
2172 1738 2472 1812 lacrymas
2506 1757 2519 1795 :
2549 1755 2673 1796 non
2703 1739 2871 1813 quod
2893 1739 3302 1797 innocentiam
3332 1740 3481 1813 ejus,
3509 1739 3561 1794 si
3581 1742 3784 1807 esset,

306 1843 440 1884 cum
464 1842 595 1883 sum
643 1826 915 1885 omnibus
946 1826 1149 1883 diebus
1182 1842 1367 1899 usque
1415 1827 1499 1884 ad
1522 1824 1980 1893 consummatio-

308 1932 441 1974 nem
463 1918 671 1973 saaculi
726 1916 967 1987 (Matth.
1026 1932 1226 1983 XXVIII,
1262 1916 1373 1989 '20).
1436 1914 1590 1983 Quid
1621 1930 1765 1985 ergo
1811 1912 1981 1969 times

305 2003 627 2061 defendere
660 2003 760 2061 Dei
791 2019 1060 2074 causam,
1096 2020 1235 2061 cum
1261 2002 1389 2077 ipse
1420 2007 1619 2060 tecum
1644 2000 1717 2058 sit
1738 2000 1818 2057 ad
1848 2016 1985 2057 coo-

310 2092 653 2168 perandum
678 2108 790 2166 pro
816 2096 893 2161 te,
950 2091 1023 2148 sit
1064 2091 1144 2146 ad
1198 2091 1518 2149 tutandum
1549 2090 1577 2147 ‘2
1637 2088 1982 2148 Confortare

306 2182 530 2255 itaque,
571 2180 770 2248 frater,
802 2178 866 2239 in
898 2179 1173 2249 Domino,
1215 2183 1273 2237 et
1322 2179 1385 2236 in
1430 2178 1700 2253 potentia
1747 2176 1982 2239 virtutis

309 2270 483 2342 ejus:
517 2267 876 2339 confortare,
929 2266 1206 2341 inquam,
1254 2266 1490 2324 conﬁde
1542 2271 1601 2324 et
1636 2265 1854 2337 gaude,
1888 2282 1986 2321 ex-

309 2357 467 2415 sulta
495 2361 554 2414 ct
578 2355 861 2430 tripudia,
889 2360 947 2411 et
975 2355 1157 2412 alacri
1183 2354 1387 2412 animo
1414 2355 1491 2413 ad
1532 2357 1834 2411 certamen
1850 2355 1981 2427 ejus

308 2446 583 2521 proludc,
617 2462 759 2503 cum
779 2444 1075 2519 propheta
1099 2444 1356 2502 dicendo
1384 2462 1396 2500 :
1427 2444 1979 2517 Congralulamini,

306 2537 545 2609 populi,
577 2541 634 2597 et
664 2535 994 2604 vincimini,
1028 2535 1420 2605 accingimini
1450 2549 1569 2603 vos,
1621 2534 1768 2590 inite
1795 2532 1984 2589 consi-

313 2628 459 2681 lium
492 2631 548 2682 et
578 2624 974 2695 dissipabitur
993 2639 1015 2680 .’
1046 2623 1365 2695 loquimini
1388 2622 1631 2680 verbum
1654 2628 1840 2679 etnon
1859 2624 1982 2697 ﬁet,

310 2715 451 2786 quia
484 2714 646 2770 vobis
677 2728 813 2774 cum
838 2713 1130 2769 Dominus
1161 2712 1302 2785 (Isa.
1336 2728 1454 2781 VllI,
1488 2712 1563 2782 9).
1592 2714 1659 2768 Et
1682 2709 1826 2782 quia
1857 2726 1984 2766 cer-

310 2808 369 2859 to
402 2801 527 2858 scio
558 2817 948 2858 communem
996 2802 1320 2857 Dominum
1380 2798 1485 2857 tibi
1532 2800 1594 2855 in
1648 2815 1758 2856 sua
1800 2814 1987 2856 causa

309 2908 439 2949 esse
469 2890 1010 2965 patrocinaturum,
1070 2905 1167 2945 me
1210 2904 1455 2962 quoque
1506 2888 1813 2945 servulum
1855 2889 1985 2959 ejus

306 2998 431 3038 non
461 2980 807 3037 defuturum
837 2995 967 3036 esse
995 2978 1299 3053 polliceor,
1320 2979 1446 3034 sive
1476 2977 1555 3035 ad
1584 2977 1987 3035 coercendum

2087 1827 2477 1902 nequiremus
2507 1828 2700 1884 facere
2733 1832 2943 1897 tutam,
2986 1828 3091 1883 sed
3148 1827 3291 1900 quia
3348 1827 3593 1903 culpam
3653 1841 3787 1883 nec

2088 1933 2348 1992 purgare
2380 1933 2489 1973 nec
2512 1922 2706 1988 tegere
2732 1921 3101 1992 poteramus.
3161 1914 3326 1973 Unde
3355 1914 3404 1971 si
3431 1920 3631 1972 vestro
3656 1915 3788 1975 du-

2087 2010 2224 2061 catu
2253 2005 2427 2078 quasi
2458 2006 2537 2065 ad
2566 2005 3072 2062 examinationem
3100 2004 3301 2061 venire
3336 2004 3576 2061 affectat
3622 2020 3785 2065 cum

2088 2094 2352 2173 periculo
2384 2095 2475 2149 sui
2507 2095 2753 2165 gradus,
2784 2098 2841 2149 et
2886 2092 3197 2150 communi
3241 2093 3534 2149 dedecore
3566 2108 3785 2149 sacer-

2088 2183 2321 2254 dotum,
2376 2188 2628 2240 conatus
2686 2183 2818 2255 ejus
2872 2181 3210 2239 inefﬁcaces
3285 2181 3486 2255 sagaci
3532 2182 3785 2239 ratione

2090 2290 2473 2349 compescere
2503 2290 2611 2329 vos
2642 2277 2894 2347 oportet,
2937 2277 3236 2328 servantes
3294 2270 3442 2327 illud
3486 2271 3786 2346 apostoli-

2089 2381 2230 2421 cum
2264 2381 2277 2419 :
2311 2365 2381 2421 Si
2399 2370 2853 2435 praaoccupatus
2901 2363 3090 2435 fuerit
3123 2362 3295 2419 homo
3336 2364 3399 2418 in
3427 2363 3635 2436 aliqua
3664 2364 3782 2421 de-

2093 2454 2251 2523 licto,
2285 2457 2395 2522 etc,
2435 2453 2654 2525 (Galal.
2689 2469 2764 2520 γι,
2798 2454 2868 2523 1).
2902 2451 3060 2509 Vale.

2492 2560 2830 2616 EPISTOLA
2859 2560 2945 2617 xc
2985 2557 3151 2630 [olim
3179 2558 3354 2631 XLV].

2304 2714 2319 2726 ,
2626 2648 2815 2720 (Circa
2853 2664 2952 2705 an.
2997 2647 3229 2719 eumd.)

2088 2740 2343 2798 Domino
2393 2739 2575 2798 Patri
2628 2743 2680 2794 et
2736 2739 3080 2811 coepiscopo
3131 2752 3237 2794 suo
3280 2740 3372 2805 A.,
3415 2737 3773 2807 FULBERTUS,

2396 2828 2662 2887 omnium
2702 2827 3171 2901 expetendorum
3197 2841 3452 2887 summa.

2166 2918 2411 2977 Gaudeo
2439 2916 2625 2987 signis
2681 2915 2860 2979 oﬂicii
2907 2916 3087 2974 vestri
3119 2932 3329 2979 curam
3366 2914 3593 2977 habere
3639 2930 3784 2985 mo-

2094 3007 2401 3076 nentibus,
2418 3006 2587 3079 quod
2607 3022 2705 3063 me
2729 3004 2956 3079 alloqui
2981 3004 3179 3071 vultis,
3193 3004 3359 3079 quod
3370 3003 3782 3079 querimoniae

314 3086 545 3167 manus
563 3068 1077 3167 persequentium,
1113 3068 1237 3124 sive
1285 3067 1363 3125 ad
1416 3084 1522 3167 ora
1577 3067 1987 3167 contradicen-
2017 3108 2057 3163 ε
2094 3067 2522 3155 nostratith
2548 3094 2764 3165 facere,
2800 3067 2965 3167 qu‘od
2997 3067 3235 3155 inces'u;
3255 3067 3562 3157 co‘nﬁﬁbia
3588 3067 3781 3151 ὀᾶεῆ,

312 3160 460 3217 tium
490 3156 882 3217 obstruenda.
906 3155 1002 3227 ,Ad
1033 3173 1344 3214 summum
1372 3160 1576 3212 autem
1621 3171 1900 3212 securum
1933 3161 1987 3213 te

310 3247 688 3325 requiescere
709 3246 897 3320 jubeo
926 3246 1078 3302 inter
1109 3245 1343 3302 medios
1377 3245 1588 3302 cleros.
1630 3245 1903 3318 quandiu
1933 3250 1990 3301 te

310 3337 558 3395 audiero
581 3334 1066 3415 persecutoribus
1124 3332 1398 3392 Ecclesia:
1447 3349 1571 3391 non
1656 3333 1987 3391 cedentem.

314 3424 760 3483 Gualerannum
790 3441 952 3491 vero,
973 3426 1034 3480 ut
1060 3422 1278 3498 petisti,
1293 3422 1650 3480 conveniam
1677 3441 1689 3491 ;
1724 3427 1780 3478 et
1805 3438 1993 3479 causa

316 3513 613 3585 discussa,
669 3513 818 3589 quid
867 3513 1007 3569 inde
1064 3512 1339 3581 sentiam,
1394 3512 1489 3568 vel
1517 3511 1665 3586 quid
1692 3515 1746 3568 te
1794 3509 1991 3568 facere

317 3608 608 3679 oporteat,
634 3609 737 3661 aut
755 3602 955 3662 verbis
978 3605 1082 3661 aut
1118 3602 1323 3659 litteris
1346 3601 1913 3659 innotescam.Vale.

630 3694 972 3751 EPISTULA
1012 3695 1276 3750 LXXXVII
1308 3690 1474 3766 [olim
1505 3692 1682 3764 XLII].

813 3783 1005 3852 (Circa
1034 3798 1268 3839 annum
1305 3784 1487 3848 1025.)

314 3874 496 3931 Patri
514 3879 569 3931 et
599 3874 941 3944 coepiscopo
973 3874 1275 3940 FRANCONI,
1307 3874 1627 3927 Fuwaarus
1661 3871 1988 3943 episcopus.

400 3962 781 4019 Gualeranno
811 3959 927 4018 nisi
974 3960 1198 4037 litteras
1242 3958 1599 4031 hujusmodi
1630 3977 1643 4016 :
1669 3958 1995 4016 Fulbertus

318 4052 628 4124 episcopus
678 4052 1067 4109 Gualeranno
1088 4052 1233 4121 plus
1266 4050 1510 4106 honoris
1540 4064 1720 4123 quam
1775 4051 1850 4105 sit
1881 4064 1997 4107 me-

319 4142 496 4198 ritus.
529 4142 713 4212 Rogo,
738 4138 964 4211 frater,
993 4147 1047 4196 et
1077 4155 1303 4206 moneo,
1326 4132 1399 4195 ut
1455 4140 1733 4196 emendas
1783 4141 1995 4211 culpas

319 4246 469 4303 quas
499 4229 680 4288 habes
708 4235 921 4286 contra
945 4230 1288 4301 Dominum,
1316 4233 1373 4285 et
1396 4244 1507 4301 me,
1536 4234 1591 4286 et
1616 4229 1993 4285 Parisiorum

319 4316 681 4390 episcopum,
710 4318 818 4389 qui
840 4317 1289 4387 complanctum
1336 4317 1489 4388 facit
1516 4316 1590 4372 de
1615 4323 1688 4373 te.
1726 4318 1895 4385 Quod
1944 4318 1999 4373 si

314 4421 441 4464 non
462 4407 681 4478 feceris
709 4411 851 4463 ante
897 4405 1157 4463 medium
1193 4405 1749 4478 Quadragesimam,
1779 4406 1998 4464 abinde

312 4497 579 4568 facimus
602 4496 681 4555 de
696 4500 766 4555 ,ιε
791 4497 945 4553 sicut
975 4495 1049 4554 de
1076 4496 1317 4553 homine
1339 4496 1447 4569 qui
1460 4496 1734 4570 graviter
1757 4503 1992 4569 peccat,

310 4592 377 4643 et
396 4602 521 4642 non
553 4587 680 4644 vult
710 4585 1040 4643 emendari.
1074 4583 1135 4642 Si
1163 4598 1309 4655 ergo
1347 4583 1760 4643 Gualerannus
1782 4601 1849 4641 se
1870 4602 1995 4643 non

312 4674 731 4748 justiﬁcaveﬁt
784 4675 959 4733 vobis
1004 4678 1142 4732 ante
1170 4674 1496 4730 terminum
1548 4675 1993 4749 prmscriptum,

318 4768 465 4821 tunc
484 4762 656 4822 facile
679 4763 756 4821 de
782 4762 884 4822 illo
911 4763 1311 4822 ministerium
1336 4764 1769 4822 vestrum.Vale
1783 4780 1999 4838 quam-

313 4853 678 4937 plurimum,
888 4848 895 4853 ’

610 4945 951 5003 EPISTULA
988 4945 1277 5001 Lxxxvm
1308 4941 1475 5014 [olim
1505 4943 1710 5017 XLIII].

824 5033 1019 5105 (Circa
1047 5046 1281 5090 annum
1308 5035 1495 5100 4025.)

316 5114 650 5183 hmanas
678 5122 790 5194 Dei
809 5124 1014 5194 gratia
1059 5118 1447 5179 Carnotensis
1477 5122 1806 5194 episcopus,
1835 5136 2003 5181 vene-

397 5197 652 5255 rabilem
676 5192 924 5266 Patrem
976 5198 1032 5252 et
1083 5195 1492 5266 coepiscopum
1550 5192 1723 5250 suum
1762 5192 1832 5251 ιΡ.
1868 5210 2001 5251 cum

402 5268 628 5323 venerit
658 5262 946 5322 Dominus
976 5262 1273 5322 invenerit
1300 5262 1672 5338 vigilantem.

400 5370 821 5427 Cnmmonitus
841 5387 879 5427 a
906 5371 1106 5441 legato
1125 5375 1322 5430 vestro
1339 5370 1757 5431 Gualerannus
1786 5371 1864 5430 de
1879 5373 2004 5445 jus-

312 5460 455 5517 titia
502 5460 935 5535 prosequenda
960 5460 1025 5515 in
1053 5460 1215 5517 diem
1234 5464 1298 5517 et
1333 5460 1538 5517 locum
1574 5461 1938 5519 destinatum
1967 5480 2003 5521 a

325 5548 499 5606 vobis
530 5546 844 5620 respondit
875 5563 937 5603 se
962 5563 1092 5604 esse
1112 5550 1537 5622 praemonitum
1568 5550 1646 5607 ab
1674 5552 1880 5609 Odone
1907 5568 2003 5610 co-

320 5636 470 5694 mite
497 5636 614 5693 sub
666 5633 918 5691 nomine
971 5638 1329 5695 sacramenti
1358 5638 1433 5695 de
1459 5638 1737 5697 facienda
1766 5640 2009 5715 expedi-

331 5725 489 5782 tione
518 5726 730 5781 contra
744 5721 1072 5780 Fulconem
1090 5722 1249 5785 circa
1273 5727 1558 5785 eumdem
1578 5726 1765 5787 diem.
1781 5733 1999 5791 Verum

2093 3202 2258 3258 gare.
2293 3187 2442 3243 Sunt
2489 3184 2651 3247 enim
2693 3184 2821 3240 haec
2878 3182 3150 3255 studiosi,
3204 3182 3353 3256 justi
3408 3186 3588 3258 atque
3619 3182 3780 3240 casti

2096 3274 2285 3335 animi
2313 3273 2553 3332 indicia.
2610 3275 2679 3331 Et
2702 3272 2847 3346 quia
2876 3287 2975 3333 me
3022 3271 3113 3329 bis
3155 3271 3434 3344 gerendis
3462 3271 3625 3333 diem
3677 3271 3779 3330 loc

2097 3380 2358 3437 cumque
2386 3365 2649 3420 statuere
2696 3360 2992 3433 voluistis,
3048 3361 3123 3417 sit
3161 3359 3290 3421 dies
3339 3360 3403 3417 in
3445 3377 3488 3419 Χ
3513 3359 3774 3425 Kalend.

2096 3453 2303 3522 Martii,
2333 3452 2504 3510 locus
2534 3450 2896 3521 Masingiaci.
2936 3450 3109 3516 Quod
3165 3449 3216 3511 si
3243 3449 3571 3521 occurritis,
3628 3449 3776 3507 Hai-

2099 3557 2344 3603 monem
2375 3541 2678 3603 adducere
2731 3544 3097 3599 mementote
3130 3557 3142 3594 :
3176 3538 3448 3613 alioquin
3469 3539 3775 3611 resignate

2095 3631 2245 3691 mihi
2274 3631 2642 3705 tempestive,
2672 3646 2749 3688 ne
2778 3630 3002 3688 frustra
3028 3629 3189 3688 viam
3242 3628 3394 3691 tanti
3419 3628 3646 3691 laboris
3673 3629 3775 3686 in-

2097 3720 2363 3794 grediar.
2388 3720 2602 3779 Valete.

2468 3830 2807 3887 EPISTOLA
2831 3830 2942 3885 xei
2972 3804 3139 3899 [olim
3170 3827 3390 3900 Lxxu].

2732 3919 2929 3989 (Anno
2961 3918 3141 3989 4025.)

2100 4028 2424 4084 FULszarus
2454 4028 2570 4084 Dei
2592 4026 2800 4098 gratia
2841 4025 3299 4082 Carnotensium
3326 4025 3656 4096 episcopus,
3685 4027 3777 4080 Ri-

2172 4132 2390 4173 crumno
2413 4116 2638 4188 abbati,
2665 4122 2719 4172 et
2749 4116 3021 4171 omnibus
3047 4115 3245 4171 sancti
3262 4113 3546 4171 Medardi
3566 4128 3775 4171 mona-

2173 4206 2298 4263 chis
2324 4207 2614 4264 orationis
2644 4206 3030 4276 suffragium.

2170 4294 2454 4359 Quamdiu
2490 4295 2566 4351 de
2608 4292 2779 4350 vobis
2804 4309 2942 4366 quae
2970 4292 3046 4349 de
3092 4291 3273 4348 bonis
3300 4296 3359 4349 et
3399 4291 3777 4365 sapientibus

2099 4386 2244 4442 viris
2304 4384 2671 4451 audivimus,
2716 4383 3054 4455 gaudentes
3083 4381 3339 4441 Domino
3386 4381 3610 4452 gratias
3641 4397 3780 4451 age-

2026 4465 2071 4520 D
2098 4475 2341 4531 bamus.
2401 4476 2475 4530 At
2523 4487 2685 4529 nunc
2743 4471 2981 4528 sinistro
3052 4487 3295 4527 rumore
3352 4470 3469 4527 laeti
3518 4470 3589 4543 [Γ.
3649 4470 3776 4527 laesi

2101 4566 2195 4627 vel
2251 4564 2410 4638 tacti]
2467 4566 2729 4621 vestrum
2799 4561 3136 4639 periculum
3208 4560 3625 4618 formidamus.
3682 4561 3777 4617 Di-

2092 4657 2318 4719 cuntur
2342 4652 2505 4710 enim
2534 4650 2713 4708 vestri
2752 4648 3066 4711 domestici
3092 4649 3317 4706 atrium
3363 4654 3421 4705 et
3456 4648 3776 4706 ecclesiam

2099 4743 2260 4801 beati
2307 4741 2570 4801 ledardi
2598 4744 2851 4798 cruenta
2899 4738 3063 4796 caede
3100 4738 3381 4797 violasse.
3430 4738 3651 4796 Dicitur
3700 4738 3776 4795 de

2100 4833 2272 4890 vobis
2293 4831 2460 4905 quod
2510 4830 2571 4886 in
2602 4831 2815 4887 eadem
2844 4828 3062 4885 violata
3099 4828 3354 4885 ecclesia
3382 4827 3510 4884 sine
3542 4827 3777 4905 episco-

2098 4921 2226 5001 pali
2267 4919 2752 4992 reconciliatione
2825 4921 2945 4979 Deo
3004 4916 3339 4974 sacriﬁcare
3390 4916 3775 4991 praesumitis.

2098 5011 2283 5079 Quod
2326 5011 2375 5069 si
2431 5026 2644 5068 verum
2694 5012 2810 5079 est,
2861 5006 3131 5083 profecto
3160 5005 3553 5080 praesumptio
3576 5006 3696 5067 ista
3722 5012 3781 5064 et

2104 5116 2265 5158 nova
2286 5105 2401 5168 est,
2446 5103 2505 5156 et
2526 5098 2735 5166 nimia,
2769 5101 2826 5155 et
2864 5095 3042 5153 bonis
3088 5096 3374 5153 omnibus
3403 5095 3774 5153 insectanda.

2103 5189 2259 5256 Quid
2285 5189 2447 5245 enim
2492 5187 2635 5244 mali
2669 5190 2759 5242 est
2781 5186 2949 5259 quod
3008 5184 3073 5240 in
3127 5188 3336 5241 sancta
3367 5184 3629 5240 Ecclesia
3655 5198 3781 5240 ma-

2109 5278 2341 5341 chinari
2361 5276 2621 5349 incipitis
2647 5278 2674 5332 Ξ)
2703 5273 2885 5330 Vultis
2907 5274 3051 5331 dare
3081 5278 3282 5346 partes
3296 5271 3594 5330 laicorum
3608 5288 3780 5351 pres-

2104 5368 2351 5443 byteris,
2385 5366 2876 5440 presbyterorum
2904 5363 3071 5422 laicis
3102 5364 3132 5419 ‘I
3189 5362 3295 5419 Ubi
3341 5363 3514 5419 vobis
3570 5379 3779 5429 conce-

2105 5459 2269 5516 ditur
2304 5456 2619 5514 ecclesiam
2648 5460 2752 5512 aut
2780 5471 3006 5511 novam
3035 5452 3335 5520 dedicare,
3364 5458 3470 5511 aut
3497 5453 3779 5525 profana-

2106 5552 2233 5605 tam
2258 5546 2640 5604 reconciliare
2669 5548 2696 5601 ?
2727 5544 2841 5601 Sed
2868 5558 2978 5600 nec
3006 5542 3247 5599 oratorii
3265 5542 3512 5614 quidem
3528 5542 3780 5598 domum

2104 5638 2280 5707 vobis
2301 5634 2617 5703 aediﬁcare,
2664 5634 2779 5692 nisi
2832 5649 2939 5707 per
2982 5632 3338 5706 episcopum
3394 5630 3546 5689 licet.
3603 5630 3780 5689 Positi

2106 5743 2375 5801 namque
2404 5725 2547 5787 estis
2572 5723 2821 5783 omnino
2852 5721 2969 5779 sub
2993 5723 3284 5794 potestate
3296 5719 3512 5793 ipsius,
3561 5719 3688 5794 qui.
3716 5723 3780 5781 ut
