3952 6398
131 280 244 340 245

1654 263 2042 324 ΕΡΙΞΤΟΙΛΕ.

3463 268 3567 321 246

127 401 210 460 ait
241 401 656 472 Hieronymus,
684 399 1044 470 potestatem
1082 397 1265 453 habet
1288 397 1636 468 peccantem
1665 405 1789 446 mo-
1824 394 1870 446 Α
1903 393 2089 445 Deum
2126 389 2353 450 timere,
2387 393 2629 444 sanctos
2657 389 2978 456 honorare,
3012 389 3334 444 Ecclesiam
3363 388 3568 444 defen-

124 491 397 548 naehum
423 488 652 544 tradere
687 489 920 544 Satanae
951 486 1012 544 in
1036 486 1342 542 interitum
1396 484 1610 540 carnis.
1678 478 1791 536 Sed

123 596 204 636 ne
226 595 418 654 parva
448 576 796 634 auctoritate
823 576 1009 631 fretus
1039 576 1166 631 haec
1198 575 1395 632 dicere
1426 573 1650 642 videar,
1676 575 1790 625 tes-

123 673 250 727 tem
282 667 428 725 mihi
459 667 651 735 allego
681 680 972 734 magnam
1016 665 1320 737 synodum
1352 662 1790 720 Chalcedonen-

124 775 257 814 sem
287 755 736 825 duodetriginta
771 755 1196 829 episcoporum
1229 754 1342 810 sub
1392 768 1556 827 papa
1598 754 1788 807 Leone

123 848 246 906 sub
275 847 558 905 Martiano
589 846 857 920 principe
890 845 1277 917 celebratam,
1326 844 1388 899 in
1435 859 1558 915 qua
1617 845 1790 913 Euty-

123 940 270 996 ches
326 938 519 995 abbas
605 935 1299 1008 Constantinopolitanus
1354 933 1790 990 condemnatus

123 1033 234 1084 est.
275 1032 334 1084 In
365 1043 488 1101 qua
513 1025 694 1082 etiam
721 1026 794 1081 de
841 1024 1200 1098 supradictis
1246 1023 1445 1080 causis
1493 1021 1791 1078 sancitum

121 1121 260 1173 est:
311 1117 537 1174 Placuit
583 1115 886 1172 neminem
936 1119 1037 1170 aut
1079 1113 1391 1182 sedificare,
1449 1117 1552 1169 aut
1578 1109 1789 1167 consti-

121 1210 290 1262 tuere
319 1205 664 1262 monasterii
694 1204 946 1262 domum
978 1203 1103 1258 sine
1122 1203 1483 1260 conscientia
1505 1201 1693 1274 ipsius
1716 1199 1790 1254 ci-

123 1295 322 1354 vitatis
353 1294 617 1369 episCOpi
652 1310 664 1347 :
699 1309 802 1348 eos
835 1309 977 1348 vero
1009 1293 1113 1365 qui
1152 1309 1258 1366 per
1284 1292 1550 1363 singulas
1589 1289 1788 1346 civita-

123 1390 211 1442 tes
234 1403 340 1441 seu
365 1384 778 1458 possessiones
804 1383 868 1440 in
895 1383 1275 1439 monasteriis
1310 1388 1467 1452 sunt,
1488 1381 1788 1451 subjectos

123 1492 254 1532 esse
285 1475 502 1530 debere
533 1474 841 1546 episcopo,
873 1477 928 1528 et
967 1471 1151 1544 quieti
1191 1487 1440 1544 operam
1493 1471 1660 1539 dare,
1712 1473 1789 1524 at-

120 1580 242 1637 que
271 1564 592 1620 observare
613 1562 846 1634 jejunia
883 1565 939 1617 et
957 1561 1257 1617 orationes
1286 1560 1347 1618 in
1377 1560 1524 1616 locis
1556 1559 1616 1616 in
1663 1557 1790 1631 qui-

119 1651 242 1707 bus
261 1651 448 1707 semel
478 1654 596 1707 Deo
625 1666 688 1706 se
715 1650 1087 1706 devoverth
1116 1652 1538 1724 permanentes
1566 1665 1578 1705 :
1613 1651 1670 1703 et
1693 1661 1791 1702 ne-

1900 479 2062 548 dere,
2093 479 2426 534 contemnis
2447 481 2656 545 Deum,
2688 482 2927 532 sanctos
2959 478 3306 542 :nhonoras,
3339 494 3432 532 res
3469 481 3567 533 Ec-

1901 568 2097 623 clesiae
2119 567 2355 623 invadis
2378 573 2434 623 et
2464 567 2662 622 aufers
2697 584 2709 621 :
2744 566 3081 638 periclitari,
3115 567 3406 640 quoniam
3461 568 3566 640 qui

1898 657 2042 714 talia
2095 662 2302 728 agunt,
2366 673 2490 712 non
2543 655 2768 712 habent
2816 657 3049 728 partem
3103 656 3162 711 in
3206 672 3392 727 regno
3441 656 3561 712 Dei.

1899 750 2143 820 Propter
2167 747 2295 802 haec
2320 750 2572 820 peccata
2599 744 2834 801 monuit
2851 744 3339 820 archiepiscopus
3378 745 3564 801 Turo-

1898 835 2103 891 nensis
2127 851 2339 891 omnes
2366 835 2681 908 episcopos
2712 839 2969 904 nostros,
3021 840 3077 890 et
3100 834 3252 890 inter
3283 834 3434 891 alios
3463 851 3560 891 me

1897 925 2204 999 pusillum,
2238 929 2304 981 ut
2331 929 2382 980 te
2405 923 3088 981 exeommunicarcmus.
3121 924 3235 981 Sed
3288 940 3399 996 ego
3422 941 3560 980 cen-

1899 1015 1990 1070 sui
2020 1015 2189 1088 pium
2216 1031 2364 1081 esse,
2399 1017 2463 1070 ut
2494 1019 2546 1069 te
2577 1013 2745 1086 prius
2772 1029 3086 1069 monerem
3121 1031 3132 1068 :
3168 1018 3223 1069 et
3248 1013 3558 1086 deprecor,

1897 1107 1963 1160 ut
1999 1103 2228 1159 habeas
2259 1103 2733 1158 misericordiam
2758 1103 2832 1158 de
2871 1102 3077 1159 anima
3131 1106 3252 1169 tua,
3308 1103 3559 1176 placans

1900 1195 2257 1248 Deum..lam
2289 1192 2448 1247 enim
2475 1207 2662 1265 prope
2693 1195 2781 1246 est
2809 1196 2946 1247 tuus
2986 1191 3141 1246 ﬁnis.
3193 1191 3430 1247 Festina
3456 1192 3560 1260 igi-

1898 1286 2012 1352 tur,
2041 1298 2270 1354 qumso,
2301 1281 2671 1337 reconc1liari
2707 1281 2937 1338 Christo
2966 1281 3254 1337 Salvatori
3302 1286 3506 1336 nostro
3543 1299 3555 1348 ;

1897 1373 2040 1445 quia
2066 1388 2190 1428 non
2217 1377 2304 1428 est
2325 1371 2486 1427 salus
2511 1371 2744 1426 homini
2774 1370 2887 1426 nisi
2917 1386 3023 1444 per
3051 1371 3272 1443 ipsum.
3307 1371 3466 1426 Tene
3497 1371 3560 1426 in

1897 1462 2192 1517 memoria
2221 1462 2656 1518 verbumhoc:
2710 1459 2820 1526 Qui
2865 1459 3206 1516 conﬁtendo
3263 1463 3319 1516 et
3363 1459 3558 1532 poeni-

1896 1550 2078 1606 tendo
2108 1550 2290 1606 ﬁnem
2331 1550 2473 1606 facit
2499 1549 2762 1624 peccatis
2793 1547 2935 1616 suis,
2985 1551 3311 1621 antequam
3341 1548 3559 1605 moria-

1896 1643 2011 1707 tur,
2043 1638 2227 1695 ﬁnem
2256 1639 2502 1696 habebit
2522 1640 2583 1695 in
2627 1638 2814 1695 altero
2844 1637 3063 1693 saeculo
3090 1654 3271 1711 poena
3326 1637 3514 1711 ipsius
3542 1657 3556 1707 ;

117 1758 242 1814 que
272 1740 742 1808 communicare,
765 1739 1196 1795 ecclesiasticas
1223 1738 1538 1794 saeculares
1555 1737 1788 1810 aliquas
1825 1748 1864 1802 Β
1898 1733 1954 1784 et
1982 1728 2088 1802 qui
2111 1729 2370 1802 peccatis
2400 1728 2755 1786 mortalibus
2781 1727 3128 1800 paenitendo
3162 1742 3284 1782 non
3314 1725 3456 1783 facit
3491 1726 3558 1782 ﬁ-

118 1836 437 1890 attrectare
477 1831 764 1900 actiones,
807 1829 1209 1902 relinquentes
1267 1829 1511 1903 propria
1551 1844 1789 1885 monas-

118 1923 290 1991 teria,
323 1923 441 1980 nisi
470 1923 619 1984 forte
644 1921 972 1993 jubeantur
997 1925 1240 1994 propter
1280 1925 1560 1991 urgentes
1583 1935 1787 1975 neces-

119 2011 330 2068 sitates
359 2011 438 2068 ab
466 2011 657 2084 ipsius
690 2008 944 2065 civitatis
968 2008 1275 2082 episcopo.
1301 2012 1444 2064 Item
1469 2007 1530 2062 in
1551 2005 1784 2066 eadem;

113 2099 409 2161 Jubemus
434 2098 815 2158 monasteriis
848 2102 953 2154 aut
1004 2097 1308 2170 martyriis
1342 2095 1696 2162 constitutis,
1724 2098 1789 2151 ut

114 2190 181 2246 in
210 2194 500 2262 potestate
522 2189 638 2248 sint
665 2189 795 2261 ejus
823 2187 929 2260 qui
954 2187 1016 2244 in
1043 2203 1116 2242 ea
1141 2191 1228 2243 est
1281 2186 1514 2243 civitate
1556 2185 1787 2258 episeo-

115 2296 236 2353 pus
267 2278 602 2342 secundum
633 2276 1014 2334 traditionem
1055 2281 1401 2332 sanctorum
1424 2278 1687 2342 Patrum,
1711 2289 1787 2330 ne

115 2385 228 2442 per
243 2367 778 2441 praesumptionem
808 2365 1090 2422 recedant
1119 2381 1156 2420 a
1182 2381 1291 2422 suo
1317 2364 1621 2438 episcopo.
1675 2366 1787 2420 Eos

115 2470 263 2510 vero
290 2456 396 2527 qui
425 2455 556 2514 ausi
585 2455 804 2514 fuerint
853 2454 1204 2512 reseendere
1244 2452 1598 2526 hujusmodi
1628 2452 1788 2509 insti—

117 2545 434 2612 tutionem,
467 2561 834 2619 quocunque
874 2545 1076 2612 modo,
1111 2544 1205 2600 vel
1237 2543 1282 2599 si
1315 2542 1613 2598 noluerint
1639 2541 1785 2597 sub-

111 2635 314 2705 jaeere
340 2635 586 2708 proprio
621 2636 905 2708 episcopo
940 2651 951 2689 :
983 2634 1296 2706 siquidem
1342 2632 1561 2688 fuerint
1589 2629 1783 2686 clerici

114 2739 518 2796 personarum
574 2723 950 2784 ordinatione
1006 2722 1359 2798 subjaceant
1411 2721 1781 2778 condemna-

114 2813 383 2873 tionibus
416 2830 722 2872 canonum
757 2832 769 2881 ;
813 2813 861 2868 si
891 2829 1034 2870 vero
1058 2812 1196 2872 laici
1224 2811 1319 2868 vel
1349 2811 1631 2867 monachi
1657 2810 1780 2864 fue-

111 2904 251 2972 rint,
284 2903 710 2966 communione
733 2904 1056 2976 priventur.
1087 2905 1359 2958 Poteram
1419 2901 1538 2957 alia
1588 2898 1780 2956 multa

112 2994 190 3050 de
218 2993 453 3064 legibus
485 2993 703 3052 divinis
732 2994 871 3050 huic
897 2992 1116 3050 rationi
1142 2992 1524 3048 ﬁrmamenta
1557 2990 1778 3046 subne-

112 3089 288 3153 ctere,
315 3083 422 3140 sed
449 3083 698 3140 brevem
728 3100 825 3140 me
857 3083 1116 3140 scribere
1137 3082 1382 3138 nemini.
1444 3085 1528 3150 Et,
1581 3085 1644 3137 ut
1697 3080 1778 3136 ait
1802 3106 1844 3163 ρ

113 3174 401 3241 lsidorus,
461 3174 611 3232 sicut
658 3173 828 3236 militi
892 3173 995 3230 illa
1052 3189 1223 3230 arma
1276 3170 1597 3238 sufﬁciunt,
1639 3186 1776 3245 quae

112 3264 262 3321 ferre
293 3264 371 3320 ad
396 3268 633 3337 tempus
660 3267 1059 3333 congruenter
1109 3265 1322 3336 potest,
1384 3262 1467 3318 sic
1494 3261 1671 3318 nobis
1701 3261 1776 3318 de

108 3354 313 3412 multis
345 3354 648 3412 sententiis
685 3370 918 3426 paucae,
967 3357 1148 3426 prout
1200 3357 1438 3425 tempus
1494 3353 1773 3422 exegerit.

107 3448 277 3500 Nunc
303 3444 473 3500 vobis
503 3443 852 3502 charitative
890 3442 1029 3500 volo
1058 3442 1312 3499 suadere
1370 3445 1435 3498 ut
1463 3457 1612 3498 sano
1638 3456 1775 3497 con-

106 3534 244 3593 silio
273 3533 590 3607 praebeatis
616 3550 934 3590 assensum
967 3551 981 3601 ;
1014 3532 1094 3590 ad
1139 3531 1577 3602 subjectionem
1621 3530 1776 3602 epis-

105 3623 246 3694 copi
273 3623 447 3678 vestri
478 3622 822 3695 simpliciter
842 3620 1120 3678 redeatis.
1162 3623 1243 3676 De
1273 3620 1570 3693 praeterita
1592 3619 1771 3691 culpa

104 3711 425 3784 requiratis
455 3711 696 3769 veniam
729 3730 741 3780 ;
772 3711 846 3768 de
864 3711 1063 3767 futura
1091 3708 1419 3766 assumatis
1450 3707 1769 3775 cautelam,

109 3805 177 3865 ut
221 3806 280 3858 et
326 3817 434 3860 vos
489 3800 596 3858 ﬁat
642 3803 814 3874 quies
873 3801 947 3856 de
994 3797 1336 3856 obedientia
1392 3801 1449 3853 et
1501 3795 1678 3852 nobis
1697 3796 1772 3852 de

107 3894 312 3950 vestra
368 3889 566 3962 quiete
628 3889 850 3946 laetitia.
907 3887 1188 3961 Alioquin
1237 3902 1347 3959 pro
1409 3890 1568 3944 certo
1619 3885 1770 3941 scia-

107 3980 183 4036 tis
251 3979 396 4053 quia
453 3980 522 4050 si,
561 3979 730 4053 quod
782 3977 993 4038 absit!
1052 3977 1113 4036 in
1196 3975 1580 4034 contumacia
1636 3991 1775 4032 con-

107 4075 200 4128 tra
272 4068 441 4125 illum
509 4068 868 4135 manseritis,
960 4066 1023 4122 in
1116 4066 1394 4140 proximo
1471 4069 1773 4122 conventu

105 4157 536 4232 episcoporum
556 4173 736 4227 grave
770 4155 1156 4231 dispendium
1186 4154 1519 4214 incurretis.
1555 4154 1770 4212 Valete.

435 4248 786 4316 EPISTOLA
828 4249 961 4305 xeu
1044 4247 1230 4317 Lotim.
1264 4246 1442 4316 xen].

716 4341 911 4405 (Anno
981 4338 1162 4401 1025.)

102 4431 258 4501 Regi
284 4429 580 4498 sacerdos,
618 4428 857 4485 domino
883 4427 1102 4497 ﬁdelis,
1135 4428 1395 4482 Rosaaro
1429 4428 1767 4482 FULBERTUS.

183 4523 252 4576 Ut
281 4518 453 4574 vobis
479 4517 756 4590 proximo
789 4517 1052 4578 Sabbato
1083 4515 1334 4573 Turonis
1371 4531 1769 4585 occurrerem,

103 4608 252 4683 quia
270 4623 403 4665 sero
449 4606 979 4664 commonitorium
1032 4605 1259 4678 accepi,
1317 4621 1442 4661 non
1483 4604 1678 4678 parui.
1717 4605 1774 4661 Si

105 4715 245 4773 quae
277 4696 408 4754 aliae
440 4711 637 4752 causae
668 4700 809 4752 sunt
838 4698 1108 4752 tacentur
1149 4694 1229 4750 ad
1283 4710 1568 4767 praesens,
1625 4693 1772 4767 quia

107 4790 311 4846 minus
336 4803 444 4846 vos
495 4784 684 4842 tacitae
743 4799 932 4856 quam
984 4783 1270 4856 expositae
1331 4783 1576 4842 laedunt.
1633 4784 1771 4841 Vale

107 4896 272 4937 nunc
292 4883 350 4936 et
368 4892 624 4949 semper.

460 4965 813 5024 EPISTOLA
834 4966 994 5022 xcm
1036 4965 1200 5036 [olim
1221 4965 1419 5036 XCVI].

610 5056 802 5129 (Circa
832 5070 1064 5111 annum
1091 5057 1268 5125 1025.)

111 5152 328 5211 Odom's
355 5150 582 5209 comitis
637 5147 718 5205 ad
741 5146 1064 5203 Robertum
1115 5147 1499 5204 Francorum
1551 5163 1767 5218 regem.

467 5239 631 5310 (Vide
659 5236 818 5294 infra
842 5236 905 5292 in
936 5239 1201 5293 Bonsaro
1229 5241 1411 5309 rege.)

432 5327 780 5386 EPISTOLA
841 5327 1000 5384 xelv
1047 5327 1213 5397 [olim
1250 5329 1446 5400 XCIX].

609 5417 802 5489 (Circa
825 5432 1062 5474 annum.
1091 5421 1272 5490 1025.)

111 5515 435 5568 FULBERTUS
469 5506 928 5580 Camotensium
965 5506 1222 5580 humilis
1270 5511 1598 5580 episcopus,
1632 5512 1772 5566 Fu.-

614 5595 741 5635 com
771 5578 973 5633 comiti
996 5579 1270 5636 salutem.

187 5662 369 5719 Doleo
402 5677 583 5733 super
620 5664 696 5729 te,
729 5656 947 5712 nobilis
986 5658 1192 5727 homo,
1223 5678 1360 5717 cum
1394 5667 1447 5719 te
1478 5662 1658 5719 audio
1685 5679 1775 5717 er-

114 5771 247 5812 rare
279 5758 335 5810 et
354 5751 693 5828 periclitari.
731 5751 935 5804 Errare
983 5751 1138 5821 dico,
1166 5754 1333 5827 quod
1359 5771 1497 5811 cum
1555 5755 1780 5812 debeas

1897 1833 2058 1885 nem,
2090 1834 2274 1891 poena
2302 1818 2492 1890 ipsius
2544 1818 2652 1874 erit
2704 1816 2830 1872 sine
2883 1815 3022 1873 ﬁne.
3085 1816 3332 1886 Evigilia
3382 1816 3560 1887 igitur

1895 1909 2142 1980 propter
2170 1907 2576 1981 temetipsum,
2602 1907 2754 1963 sicut
2781 1907 2967 1962 homo
2997 1905 3057 1961 in
3075 1905 3354 1978 proximo
3380 1905 3559 1962 mori-

1897 2001 2068 2052 turus
2100 2013 2112 2051 :
2147 2001 2201 2052 et
2230 1997 2614 2053 reconciliare
2634 1997 2885 2066 Christo,
2913 2012 2988 2052 ne
3013 1995 3292 2051 moriaris
3320 1999 3559 2069 aposto-

1897 2085 2011 2142 lica
2049 2086 2398 2144 auctoritate
2431 2086 2776 2144 damnatus.
2804 2085 2943 2142 Vale
2974 2088 3031 2141 et
3070 2085 3366 2142 remanda
3409 2085 3560 2142 mihi

1896 2175 2178 2232 velociter
2201 2180 2380 2249 atque
2413 2176 2702 2232 veraciter
2730 2175 3100 2231 voluntatem
3126 2178 3313 2232 tuam.

2327 2268 2664 2324 EPISTULA
2689 2268 2822 2323 XCV
2850 2266 3016 2336 [olim
3043 2264 3127 2334 C].

2436 2338 2628 2411 (Circa
2658 2353 2757 2393 an.
2792 2336 3024 2409 eumd.)

1896 2429 2220 2483 FULBeaTrs
2247 2429 2358 2484 Dei
2383 2429 2588 2499 gratia
2623 2427 3083 2483 Carnote-nsium
3114 2427 3422 2497 episcopus
3471 2441 3560 2483 co-

2108 2500 2242 2554 miti
2280 2501 2523 2555 FULCONI
2564 2500 3080 2555 commonitorium
3106 2499 3340 2553 salutis.

1967 2587 2117 2642 Tam
2144 2587 2448 2643 horrendo
2480 2587 2748 2643 facinore
2787 2586 3170 2659 praesentiam
3205 2584 3436 2640 domini
3463 2600 3556 2640 re-

1893 2676 1982 2746 gis
2011 2677 2116 2749 qui
2146 2676 2584 2732 dedecoravere
2605 2675 2906 2743 satellites,
2948 2679 3014 2730 ut
3055 2673 3351 2730 mundani
3398 2671 3556 2744 judi-

1891 2781 1990 2821 ces
2020 2769 2292 2822 asserant
2319 2765 2576 2838 capitale
2604 2768 2659 2821 te
2685 2780 2929 2838 quoque
2969 2779 3140 2819 reum
3194 2761 3552 2833 majestatis,

1888 2857 1994 2929 qui
2019 2857 2102 2912 eis
2132 2860 2342 2930 postea
2402 2855 2806 2931 patrocinium
2853 2859 3024 2912 tuum
3068 2858 3126 2910 et
3175 2853 3555 2926 receptacula

1886 2946 2219 3018 praebuisti.
2248 2946 2501 3002 Proinde
2541 2945 2875 3016 rogabatur
2904 2959 2940 3000 a
2966 2943 3190 3010 multis,
3219 2947 3285 2999 ut
3322 2941 3419 2998 die
3463 2958 3554 2998 sa-

1887 3051 1988 3092 cro
2020 3039 2393 3093 Pentecostes
2426 3040 2483 3093 et
2511 3039 2564 3092 te
2593 3039 2650 3092 et
2678 3034 2811 3091 illos
2865 3033 3549 3090 excommunicaremus.

1889 3126 2002 3183 Sed
2031 3142 2144 3182 nos
2172 3131 2289 3183 tuae
2319 3126 2707 3200 providentes
2735 3123 2930 3193 saluti,
2983 3123 3162 3179 trium
3223 3122 3554 3180 hebdoma-

1885 3217 2104 3274 darum
2133 3216 2212 3273 ab
2231 3217 2365 3290 ipso
2395 3216 2492 3272 die
2522 3215 2842 3289 petivimus
2871 3213 3166 3282 inducias,
3227 3216 3293 3270 ut
3347 3212 3552 3269 litteris

1883 3312 1939 3365 te
1957 3307 2277 3364 convenire
2302 3323 2641 3382 possemus.
2669 3305 2876 3361 Talem
2900 3304 3080 3360 etiam
3107 3319 3144 3360 a
3173 3319 3312 3375 rege
3343 3303 3550 3359 condi-

1884 3398 2109 3455 tionem
2133 3397 2610 3472 impetravimus,
2643 3395 2690 3452 si
2719 3395 2958 3452 veneris
3007 3394 3067 3450 in
3116 3394 3436 3465 judicium,
3487 3397 3550 3449 ut

1883 3501 2008 3543 non
2039 3502 2220 3559 super
2242 3487 2415 3553 vitas,
2450 3489 2555 3540 aut
2580 3499 2761 3556 super
2788 3482 3084 3549 membra,
3130 3480 3235 3537 sed
3258 3497 3439 3554 super
3460 3481 3548 3537 fa-

1885 3575 2136 3631 cultates
2161 3574 2306 3630 ultio
2346 3573 2700 3629 reﬂectatur.
2735 3571 2897 3627 Unde
2952 3575 3006 3626 te
3064 3585 3546 3638 commonemus,

1886 3667 1951 3720 ut
1974 3668 2109 3720 ante
2140 3662 2556 3735 praescriptum
2588 3659 2913 3716 terminum
2944 3661 3218 3714 auctores
3247 3658 3394 3713 tanti
3420 3673 3546 3712 sce-

1881 3754 2020 3810 leris
2042 3757 2147 3810 aut
2172 3753 2234 3808 in
2253 3752 2549 3823 judicium
2579 3749 2870 3820 adducas,
2903 3751 3006 3805 aut
3064 3751 3310 3821 propter
3361 3748 3548 3804 bono.

1882 3861 2011 3901 rem
2039 3843 2196 3915 regis
2225 3842 2504 3916 repudies
2545 3859 2559 3896 :
2589 3839 2974 3912 temetipsum
2995 3838 3230 3907 deinde,
3264 3837 3417 3894 sicut
3438 3854 3547 3913 per

1883 3934 2169 3991 abbatem
2191 3932 2383 3989 sancti
2407 3930 2603 3988 Albini
2624 3929 2970 4005 promisisti,
3000 3944 3316 4003 expurges,
3351 3934 3408 3987 et
3430 3931 3543 3987 hu-

1881 4025 2008 4082 mili
2039 4023 2442 4081 satisfactione
2467 4023 2626 4094 regis
2677 4021 2950 4078 animum
3002 4021 3224 4094 places.
3277 4021 3451 4088 Quod
3497 4022 3545 4077 si

1880 4133 2016 4174 reos
2038 4117 2201 4191 ipsos
2229 4130 2341 4172 nec
2372 4114 2451 4170 ad
2501 4111 2792 4186 justitiam
2851 4112 3090 4183 ducere,
3137 4127 3248 4168 nec
3299 4103 3545 4187 propter

1882 4204 2180 4261 seniorem
2211 4207 2383 4261 tuum
2435 4203 2754 4277 repudiare
2808 4201 3090 4272 volueris,
3145 4201 3542 4259 Christianam

1883 4294 2376 4350 communionem
2416 4293 2737 4350 nobiscum
2798 4291 3045 4348 ulterius
3098 4307 3223 4348 non
3264 4290 3536 4348 habebis.

1881 4383 2072 4456 Vigila
2103 4399 2246 4454 ergo
2267 4385 2418 4439 sicut
2455 4399 2566 4456 pro
2609 4382 2949 4456 temetipso,
3005 4385 3061 4437 et
3109 4379 3256 4456 quid
3314 4380 3540 4438 habeas

1807 4470 1849 4524 D
1881 4472 2067 4530 animi
2097 4472 2213 4528 cito
2240 4471 2387 4527 mihi
2415 4471 2725 4527 remanda.
2758 4469 3060 4542 Optimam
3084 4473 3320 4543 partem
3353 4468 3542 4526 consi-

1879 4562 1942 4619 lii
1963 4561 2064 4618 det
2089 4559 2194 4616 tibi
2219 4561 2373 4616 Deus
2404 4559 2642 4628 eligere.

2278 4648 2624 4705 EPISTOLA
2649 4647 2804 4703 XCVI
2836 4649 3000 4718 [olim
3030 4650 3142 4720 ΧΗ,

2377 4720 2571 4792 (Circa
2600 4733 2832 4775 annum
2867 4720 3048 4792 1026.)

1894 4793 2242 4852 Venerando
2270 4793 2648 4850 Parisiorum
2671 4792 2933 4847 antistiti
2958 4793 3262 4862 ancom,
3291 4794 3538 4850 Fumea-

1952 4883 2054 4923 rus
2111 4867 2223 4922 Dei
2275 4866 2481 4936 gratia
2548 4863 2932 4921 Carnotensis
2983 4865 3313 4937 episcopus,
3357 4867 3539 4923 totius

1945 4938 2367 5010 prosperitatis
2405 4951 2643 4993 munus.

1952 5027 2413 5084 Laudunensem
2465 5025 2629 5082 illam
2696 5023 3071 5096 sacrilegam,
3132 5041 3226 5082 res
3267 5026 3539 5083 Ecclesiae

1880 5122 2089 5176 vestrae
2121 5117 2523 5192 diripientem,
2578 5119 2823 5190 propter
2874 5115 2985 5174 has
3045 5132 3259 5174 causas
3305 5134 3542 5175 excom-

1878 5209 2190 5266 munieare
2247 5207 2632 5264 distulimus:
2692 5205 2916 5277 Primo,
2986 5207 3130 5281 quia
3184 5208 3368 5266 defuit
3434 5211 3540 5283 qui

1878 5300 1995 5374 ipsi
2024 5300 2175 5356 ferre
2228 5298 2478 5356 auderet
2513 5300 2784 5355 nostram
2828 5299 3538 5359 excommunicationem.

1882 5389 2106 5446 Deinde
2161 5388 2308 5463 quia
2371 5404 2592 5462 parum
2658 5386 2831 5443 vobis
2905 5392 3010 5445 aut
3069 5389 3222 5447 nihil
3274 5390 3542 5449 fortassis

1881 5479 2212 5555 prodesset,
2278 5478 2326 5534 si
2388 5477 2491 5535 illa
2555 5475 2833 5534 nesciens
2918 5481 3543 5539 excommunicaretur

1881 5571 1943 5626 in
1995 5568 2258 5626 Ecclesia
2310 5572 2535 5626 nostra.
2603 5565 2813 5636 Tertio,
2863 5569 3007 5642 quia
3063 5573 3542 5645 exspectavimus

1885 5664 1950 5716 ut
2009 5659 2070 5716 in
2146 5663 2444 5716 conventu
2507 5663 2850 5713 nostrorum
2943 5662 3541 5737 comprovincialium

1888 5752 2314 5826 episcoporum
2360 5748 2561 5807 utilius
2611 5749 2728 5806 hoc
2756 5747 2942 5808 ﬁeret.
2991 5754 3163 5820 Quod
3220 5753 3397 5809 etiam
3440 5751 3545 5808 ad-
