3952 6394
128 307 241 361 249

1666 302 2039 361 EPISTOLE.

3465 303 3572 358 250

114 431 327 485 Jesum
348 433 604 499 justum,
634 431 760 500 ipse
814 436 897 486 est
928 432 1198 487 exoratio
1241 447 1356 500 pro
1386 431 1642 501 peccatis
1664 445 1793 485 nos-
1822 432 1868 485 Α
1905 443 2049 497 ergo
2075 432 2213 500 post
2243 431 2325 483 tot
2341 427 2771 500 prohibitiones
2792 427 2920 481 hac
2950 425 3188 481 decreta
3218 425 3570 498 apostolica,

123 520 239 574 tris
266 521 325 590 (Ῑ
345 521 520 575 Joan.
550 537 609 589 II,
649 525 720 587 1).
754 521 822 575 Et
850 520 980 593 ipse
1009 522 1298 576 Dominus
1323 522 1402 577 ait
1437 541 1449 577 :
1498 521 1797 576 Gaudium

117 613 207 663 est
237 611 473 680 angelis
502 610 615 665 Dei
637 625 819 679 super
870 626 989 665 uno
1026 616 1343 679 peccatore
1383 611 1798 680 paenitentiam

117 704 359 767 agente,
392 714 573 769 quam
604 713 784 767 super
834 700 1167 769 nonaginta
1214 715 1420 755 novem
1458 700 1662 769 justis,
1697 698 1801 767 qui

116 801 246 840 non
280 787 551 857 indigent
580 788 932 855 paenitentia
956 787 1358 856 (Luc.xv.tO).
1381 790 1618 843 Certum
1637 785 1797 841 enim

121 874 310 930 habet
358 875 651 931 catholica
704 875 875 942 ﬁdes,
944 880 1009 932 ut
1050 876 1248 932 verbis
1304 876 1464 933 beati
1506 874 1798 945 Fulgentii

118 968 281 1031 utar,
315 963 460 1036 quia
489 980 855 1036 quocunque
882 970 1149 1037 tempore
1176 966 1361 1021 homo
1388 966 1572 1035 egerit
1606 963 1797 1037 poeni-

120 1053 393 1119 tentiam,
426 1052 758 1125 quamlibet
788 1070 1075 1120 annosus,
1109 1056 1156 1110 si
1184 1060 1307 1111 toto
1346 1055 1526 1111 corde
1582 1070 1797 1110 renun-

130 1142 364 1198 tiaverit
384 1142 644 1215 peccatis
660 1143 991 1216 praeteritis,
1027 1148 1082 1199 et
1112 1160 1222 1217 pro
1262 1145 1344 1199 eis
1373 1144 1434 1200 in
1474 1148 1798 1217 conspectu

125 1231 229 1287 Dei
264 1247 388 1287 non
416 1231 611 1287 solum
644 1232 910 1305 corporis
932 1233 1037 1289 sed
1068 1233 1248 1289 etiam
1274 1234 1471 1290 cordis
1498 1234 1799 1305 lacrymas

129 1320 372 1388 fuderit,
401 1325 458 1376 et
482 1320 783 1377 malorum
823 1337 1076 1394 operum
1108 1323 1379 1379 maculas
1410 1323 1586 1379 bonis
1612 1322 1806 1394 operi-

122 1409 244 1465 bus
275 1408 501 1465 diluere
532 1408 843 1477 curaverit,
878 1410 1151 1466 omnium
1182 1416 1569 1484 peccatorum
1605 1410 1799 1466 indul-

124 1498 392 1567 gentiam
414 1514 557 1553 mox
581 1498 847 1555 habebit.
882 1503 1118 1567 Verum,
1153 1506 1219 1556 ut
1246 1501 1327 1557 ait
1371 1503 1541 1557 Pater
1570 1505 1799 1570 Augus-

121 1588 308 1657 tinus,
338 1586 441 1659 qui
465 1587 706 1643 veniam
736 1588 1046 1661 poenitenti
1073 1590 1366 1662 promisit,
1397 1588 1799 1645 dissimulanti

126 1676 292 1732 diem
324 1676 652 1732 crastinum
682 1693 804 1732 non
838 1679 1182 1751 spopondit.
1236 1682 1540 1748 Rogamus
1594 1678 1795 1747 etiam,

124 1767 364 1833 fratres,
396 1770 463 1822 ut
520 1766 817 1822 domuum
871 1770 931 1822 F.
984 1769 1383 1825 venerabilem
1440 1769 1795 1842 episcopum
1830 1787 1867 1839 Β

120 1856 256 1912 vice
298 1861 507 1912 nostra
563 1856 822 1913 salutare
868 1863 925 1913 et
971 1858 1306 1915 confortare
1364 1858 1794 1925 memineritis;

120 1950 289 2001 certo
322 1946 574 2002 scientes
607 1963 717 2002 sua
747 1947 933 2004 tristia
964 1954 1170 2005 nostra
1217 1966 1371 2019 esse,
1400 1953 1606 2005 nostra
1629 1964 1796 2020 pros-

120 2051 272 2108 pera
287 2052 416 2091 sua.
446 2035 640 2091 Valete
671 2052 810 2094 cum
836 2036 987 2110 ipso.

454 2140 789 2195 EPISTOLA
816 2142 1024 2197 XCVIII
1057 2139 1222 2213 [olim
1257 2142 1474 2214 XXXV].

678 2243 864 2313 (Circa
895 2258 994 2300 an.
1019 2245 1245 2317 eumd.)

120 2344 358 2400 Dilecto
388 2343 569 2400 Patri
596 2350 649 2400 et
682 2347 1023 2416 coepiscopo
1073 2363 1180 2402 suo
1220 2349 1307 2417 G.,
1354 2348 1675 2404 FULBERTUS
1714 2348 1798 2401 vi-

711 2451 865 2505 vere,
898 2442 950 2492 eI.
985 2438 1205 2493 valere.

197 2539 398 2593 Vester
427 2536 675 2593 clericus
702 2539 1082 2611 propinquus
1133 2544 1335 2595 noster
1364 2540 1426 2595 F.
1456 2539 1535 2596 ad
1560 2555 1673 2595 nos
1702 2554 1798 2593 ve-

126 2626 305 2683 niens
336 2642 407 2681 eo
435 2643 497 2682 se
551 2627 943 2696 gratiosorem
998 2628 1285 2696 exhibuit,
1344 2645 1468 2701 quo
1516 2628 1591 2683 de
1630 2627 1800 2683 vobis

122 2718 279 2797 bene
330 2732 437 2788 per
519 2717 726 2772 omnia
799 2717 1114 2773 nuntiavit.
1190 2719 1353 2774 Unde
1411 2734 1573 2773 nunc
1629 2717 1798 2772 illum

126 2806 501 2862 salutationis
555 2804 833 2875 gerulum
895 2805 1198 2871 facientes,
1250 2812 1306 2862 et
1359 2807 1611 2862 claritati
1664 2822 1798 2861 ves-

127 2900 231 2950 trm
283 2894 617 2966 comparati
663 2892 1040 2950 munusculis
1093 2912 1339 2951 exorare
1389 2896 1691 2964 volumus,
1751 2895 1800 2949 si

126 3000 250 3039 non
275 2987 363 3038 est
391 2984 830 3056 importunum,
872 2988 937 3039 ut
979 2999 1115 3039 eam
1146 2984 1401 3053 gratiam
1448 2984 1560 3039 sibi
1589 2983 1801 3038 sentiat

128 3072 440 3145 prodesse,
494 3089 683 3145 quam
719 3072 884 3144 apud
930 3088 1040 3129 vos
1082 3073 1450 3144 jamdudum
1479 3089 1588 3128 vos
1620 3072 1801 3128 credi-

130 3178 270 3217 mus
303 3161 612 3218 habuisse.
646 3162 804 3218 Vale.

474 3265 810 3320 EPISTOLA
836 3267 988 3322 χρυ(
1022 3264 1185 3335 [olim
1218 3265 1459 3337 xxxvn].

666 3354 856 3424 (Circa
902 3370 1001 3410 an.
1035 3354 1265 3425 eumd.)

129 3447 336 3503 Charo
360 3445 542 3500 Patri
564 3450 617 3499 et
645 3445 987 3514 coepiscopo
1012 3460 1118 3500 suo
1162 3446 1416 3514 GUIDONI,
1456 3446 1797 3500 FULBERTUS.

205 3543 260 3600 Si
293 3542 552 3598 diacono
583 3542 689 3614 qui
742 3558 803 3597 se
834 3543 1256 3614 presbyterum
1310 3542 1632 3613 simulavit,
1665 3541 1803 3596 mis-

130 3648 388 3704 samque
420 3631 720 3687 celebrare
746 3632 1153 3704 priesumpsit,
1210 3631 1462 3687 modum
1516 3632 1802 3703 poeniten-

135 3725 231 3780 tiaa
259 3722 322 3777 in
342 3721 561 3777 divinis
590 3721 825 3790 legibus
845 3720 1085 3793 proprie
1125 3724 1559 3777 statutummon
1586 3718 1807 3775 inveni-

125 3830 288 3880 mus,
341 3827 448 3884 per
496 3811 1015 3867 ratiocinationem
1063 3809 1318 3865 similem
1377 3809 1459 3865 sic
1511 3810 1805 3864 aestimare

130 3917 486 3975 possumus.
522 3902 688 3967 Core,
714 3899 945 3956 Dathan
973 3903 1027 3954 et
1052 3898 1276 3954 Abiron
1299 3898 1526 3970 judicio
1548 3897 1649 3954 Dei
1670 3913 1807 3953 con-

138 3989 431 4059 demnati,
464 3994 518 4045 et
540 3988 809 4045 horribili
831 3993 1021 4045 morte
1052 3988 1321 4044 mulctati
1356 3992 1513 4055 sunt,
1537 4004 1608 4044 eo
1638 3985 1806 4060 quod

141 4085 343 4136 Aaron
380 4078 673 4135 sacerdoti
720 4094 782 4133 se
835 4093 1189 4151 comparare
1233 4077 1484 4149 ejusque
1541 4076 1807 4133 ofﬁcium

132 4183 429 4240 usurpare
468 4170 1007 4238 praesumpserunt.
1057 4165 1158 4221 Hic
1206 4170 1407 4221 autem
1436 4165 1616 4222 levita
1639 4180 1808 4220 more

136 4252 378 4308 illorum
430 4251 626 4306 illicite
673 4250 787 4305 sibi
828 4250 1230 4306 sacerdotium
1281 4250 1613 4323 usurpavit.
1666 4249 1809 4315 Quis

133 4357 278 4411 ergo
305 4341 367 4396 in
392 4340 506 4396 isto
539 4340 770 4395 dubitet
799 4355 931 4394 esse
975 4338 1224 4395 mortale
1258 4339 1672 4406 commissum,
1703 4337 1808 4411 qui

131 4433 196 4487 in
227 4430 340 4486 illis
390 4433 508 4486 Deo
553 4430 757 4501 judice
788 4428 945 4485 videt
994 4434 1185 4485 morte
1215 4428 1497 4502 punitum
1521 4431 1549 4484 ἰ)
1568 4432 1638 4483 At
1663 4427 1807 4499 quia

127 4522 254 4593 jam
291 4519 561 4577 Salvator
586 4524 813 4583 noster,
844 4520 949 4591 qui
977 4519 1139 4574 venit
1168 4518 1400 4574 salvare
1423 4517 1590 4590 quod
1623 4517 1808 4589 perie-

141 4614 256 4677 rat,
288 4624 413 4663 non
444 4608 569 4663 vult
608 4613 862 4663 mortem
894 4608 1245 4681 peccatoris,
1278 4607 1383 4663 sed
1413 4612 1478 4663 ut
1501 4610 1808 4662 converta-

131 4707 231 4757 tur
262 4701 320 4753 et
346 4696 526 4763 vivat,
560 4696 882 4751 clementer
935 4698 1131 4767 agitur
1159 4702 1226 4752 ut
1254 4696 1661 4765 degradentur
1704 4697 1810 4750 liu-

130 4786 424 4862 jusmodi,
451 4790 509 4841 et
528 4786 679 4841 inter
705 4784 891 4840 laicos
918 4786 1333 4857 pmnitentiam
1360 4790 1564 4855 agant.
1597 4785 1710 4842 Sed
1736 4801 1811 4839 ne

136 4876 319 4933 nimis
353 4874 763 4930 austeritatem
799 4872 1014 4929 veteris
1060 4873 1207 4944 legis
1260 4874 1389 4929 haec
1441 4874 1813 4930 ratiocinatio

136 4983 349 5039 sapere
380 4964 671 5030 videatur,
706 4978 1123 5036 proponamus
1154 4968 1210 5019 et
1256 4980 1435 5019 nova.
1494 4964 1727 5033 Legitur
1752 4964 1813 5018 in

137 5055 407 5129 quodam
444 5054 710 5128 capitulo
741 5071 753 5108 :
790 5056 1085 5111 Statutum
1118 5052 1445 5125 saepissime
1476 5058 1533 5108 et
1576 5052 1813 5108 inhabi-

139 5152 269 5202 tum
294 5149 401 5211 est,
446 5149 509 5199 ut
533 5143 861 5199 missarum
887 5142 1315 5198 celebrationes
1341 5142 1401 5197 in
1432 5142 1576 5197 locis
1605 5142 1812 5197 incon-

145 5234 501 5307 gruentibus
529 5233 778 5289 omnino
804 5249 929 5289 non
955 5232 1122 5289 ﬁant.
1152 5236 1217 5289 Et
1247 5232 1617 5304 quibusdam
1642 5233 1817 5288 inter-

139 5333 350 5407 positis
385 5332 653 5404 sequitur
682 5351 694 5388 :
732 5330 883 5397 Quia
906 5330 1058 5388 sicut
1075 5347 1201 5387 non
1230 5336 1318 5387 est
1344 5347 1721 5398 concessum,
1755 5334 1820 5385 ut

139 5421 239 5476 alii
268 5421 522 5476 missam
548 5424 788 5476 cantent
834 5425 892 5476 et
912 5420 1205 5476 sacrificia
1226 5424 1595 5485 consecrent,
1629 5434 1819 5491 quam

139 5509 223 5565 illi
249 5508 353 5581 qui
380 5509 457 5565 ad
502 5509 617 5565 hoc
657 5508 737 5565 ab
768 5508 1066 5581 episcopis
1118 5513 1261 5564 sunt
1298 5507 1628 5564 consecrati
1678 5525 1690 5561 :
1738 5506 1821 5561 ita

140 5614 265 5654 non
292 5602 380 5653 est
408 5598 635 5654 licitum
682 5602 747 5653 ut
777 5599 840 5654 in
870 5598 1000 5655 aliis
1031 5598 1337 5667 domibus,
1388 5598 1479 5654 vel
1509 5595 1819 5663 altaribus,

147 5692 255 5745 aut
282 5687 431 5744 locis
472 5688 689 5745 missas
733 5687 1036 5745 celebrare
1086 5693 1479 5762 prresumant,
1517 5702 1703 5759 quam
1744 5685 1822 5740 ab

141 5776 445 5861 episcopis
476 5776 842 5834 consecratis
866 5781 977 5834 etc.
1026 5778 1090 5833 In
1110 5777 1230 5833 ﬁne
1275 5775 1520 5850 capituli
1552 5795 1564 5833 :
1601 5774 1659 5832 Si
1683 5773 1820 5848 quis

1906 522 1962 571 et
2014 516 2288 588 synodali
2336 516 2682 571 auctoritate
2736 518 3024 569 renovata
3076 518 3364 569 temerare
3418 529 3572 585 pra:-

1906 606 2247 678 sumpserit,
2299 606 2525 677 gradus
2564 605 2655 659 sui
2706 603 2972 677 periculo
3025 602 3379 673 subjacebit.
3414 602 3576 659 Vide-

1905 712 2043 750 mus
2068 712 2211 766 ergo
2233 694 2564 768 capitulum
2593 710 2765 750 novre
2786 693 2933 763 legis
2956 696 3199 747 vetustae
3222 707 3572 763 congruere,

1905 800 2016 839 nec
2048 801 2201 857 opus
2231 790 2321 840 est
2349 783 2610 857 amplius
2631 783 2779 855 quid
2809 782 2883 837 de
2926 781 3026 837 illo
3052 780 3310 837 diacono
3354 781 3575 838 facien-

1906 873 2055 929 dum
2103 875 2177 929 sit
2218 874 2513 929 dubitare.
2568 876 2669 929 Est
2722 872 2883 927 enim
2934 870 3149 944 procul
3193 870 3379 926 dubio
3410 876 3576 929 extra

1907 965 2160 1019 chorum
2189 964 2610 1037 deponendus,
2639 961 2982 1035 poenitentia
3010 960 3384 1033 plectendus.
3402 961 3575 1027 Quod

1907 1053 1955 1108 si
1992 1045 2066 1108 de
2097 1053 2468 1124 longitudine
2499 1052 2859 1124 poenitentiae
2899 1050 3150 1124 quaestio
3189 1050 3313 1116 ﬁat,
3366 1050 3575 1105 memi-

1904 1140 2066 1196 nisse
2119 1142 2414 1197 debemus
2469 1141 2623 1196 illius
2700 1140 3026 1207 sententiae,
3078 1156 3211 1211 quae
3267 1138 3345 1194 ad
3416 1139 3575 1195 hanc

1904 1231 2299 1303 quaestionem
2328 1230 2653 1303 respondet
2676 1231 2790 1286 hoc
2810 1228 2995 1285 modo
3024 1247 3037 1284 :
3071 1232 3409 1285 Mensuram
3430 1231 3574 1283 tem-

1905 1320 2068 1392 poris
2093 1320 2155 1376 in
2182 1320 2421 1390 agenda
2447 1320 2797 1393 poenitentia
2818 1319 3042 1374 idcirco
3071 1334 3193 1373 non
3226 1317 3366 1373 satis
3389 1321 3576 1373 atten-

1906 1414 1960 1465 te
1986 1411 2308 1482 preeﬁgunt
2335 1425 2597 1466 canones
2629 1425 2740 1481 pro
2770 1424 3140 1481 unoquoque
3167 1406 3434 1473 crimine,
3468 1404 3575 1460 sed

1905 1499 2100 1567 magis
2128 1499 2190 1554 in
2221 1499 2464 1555 arbitrio
2487 1498 2760 1554 antistitis
2791 1496 3176 1553 statuendum
3205 1495 3572 1566 relinquunt,

1906 1589 2049 1661 quia
2080 1588 2243 1659 apud
2283 1588 2606 1644 Dominum
2636 1603 2759 1642 non
2814 1590 3047 1641 tantum
3090 1584 3248 1640 valet
3288 1595 3574 1637 mensura

1906 1677 2213 1750 temporis,
2248 1694 2437 1750 quam
2466 1678 2729 1745 doloris;
2782 1692 2891 1731 nec
2948 1672 3309 1730 abstinentia
3335 1675 3574 1727 tantum

1906 1766 2203 1835 ciborum,
2239 1768 2345 1822 sed
2368 1766 2746 1822 mortiﬁcatio
2768 1764 2970 1838 potius
2996 1762 3298 1818 vitiorum.
3350 1760 3414 1814 In
3438 1775 3573 1814 ves-

1906 1860 1997 1911 tra
2026 1871 2168 1926 ergo
2195 1872 2381 1912 manu
2430 1855 2610 1911 situm
2666 1859 2772 1925 est,
2832 1851 3243 1926 paenitentiam
3297 1850 3427 1919 ejus
3478 1847 3575 1903 vel

1905 1946 2198 2009 breviare,
2246 1947 2340 2002 vel
2369 1946 2684 2020 protelare,
2713 1945 2887 2017 juxta
2939 1942 3105 2015 quod
3135 1957 3275 1997 eum
3300 1940 3361 1994 in
3386 1938 3575 2011 poeni-

1908 2035 2087 2090 tendo
2116 2035 2600 2105 diligentem,seu
2628 2032 3031 2104 negligentem
3055 2030 3339 2085 videritis.
3374 2027 3577 2083 Valeat

1908 2124 2191 2180 sanctitas
2218 2128 2436 2180 vestra.

2290 2215 2625 2270 EPISTOLA
2657 2216 2696 2269 c
2721 2212 2886 2283 [olim
2918 2209 3199 2280 LXXXIX].

2411 2302 2598 2373 (Circa
2627 2316 2856 2357 aunum
2890 2302 3073 2365 £026.)

1907 2393 2303 2448 Dilectissimo
2352 2391 2589 2447 domino
2648 2390 2891 2461 regique
2935 2390 3216 2451 Rom-mro,
3250 2384 3577 2438 Fumearus

1981 2483 2225 2538 humilis
2253 2482 2561 2550 episcopus
2590 2479 2991 2536 humilitatem
3017 2477 3080 2530 in
3093 2472 3580 2544 prosperis,ﬁdu-

1978 2574 2131 2627 ciam
2159 2572 2219 2625 in
2250 2572 2537 2626 adversis.

1980 2664 2059 2717 De
2091 2660 2354 2716 Lisiardo
2385 2658 2616 2725 clerico,
2668 2657 2773 2729 qui
2802 2653 3113 2712 Meldensis
3167 2648 3454 2723 episcopii
3481 2662 3575 2703 res

1908 2750 2119 2806 odiosa
2167 2748 2616 2821 importunitate
2648 2745 2929 2818 pervasit,
2978 2741 3091 2797 tale
3121 2738 3440 2795 consilium
3470 2736 3574 2791 da-

1908 2856 2045 2894 mus
2078 2858 2090 2894 :
2124 2838 2425 2910 Prtecipite
2454 2834 2909 2908 archiepiscopo
2969 2828 3317 2895 Senonensi,
3369 2831 3434 2881 ut
3480 2824 3575 2879 vel

1909 2928 2281 3002 episcopium
2310 2928 2437 2999 ipse
2469 2926 2685 2994 visitet,
2716 2928 3045 2992 vestraeque
3097 2924 3154 2974 et
3200 2933 3324 2972 suae
3365 2912 3575 2970 ditioni

1909 3022 2165 3084 revocet,
2194 3020 2258 3071 ut
2282 3016 2536 3086 dignum
2566 3018 2693 3080 est;
2726 3011 2842 3083 vel,
2874 3012 2923 3066 si
2955 3009 3018 3065 id
3045 3008 3240 3064 facere
3261 3003 3578 3078 prohibea-

1910 3112 2024 3175 tur,
2052 3104 2301 3160 mandet
2328 3104 2614 3177 praedicto
2643 3105 2700 3158 [ι.
2729 3117 2837 3174 per
2862 3099 3087 3154 litteras
3118 3112 3189 3151 ex
3219 3109 3332 3149 sua
3363 3096 3418 3147 et
3442 3106 3579 3145 nos-

1910 3201 2021 3263 tra,
2055 3210 2303 3250 suorum
2351 3192 2621 3248 videlicet
2657 3190 3181 3260 suffraganeorum
3216 3187 3385 3256 parte
3411 3195 3582 3236 cons-

1911 3285 2150 3357 criptas,
2204 3288 2269 3338 ut
2293 3282 2466 3338 cedat
2512 3281 2646 3337 loco
2675 3285 2731 3336 et
2780 3278 2960 3334 rebus
3000 3274 3173 3331 stulte
3203 3271 3492 3345 pervasis,
3524 3275 3584 3326 et

1910 3374 1984 3428 de
2006 3373 2476 3445 praesumptione
2502 3388 2613 3426 sua
2628 3369 2805 3426 nobis
2827 3366 3165 3423 satisfacere
3191 3362 3429 3418 studeat
3442 3364 3581 3416 ante

1910 3464 2253 3537 proximam
2302 3462 2679 3518 festivitatem
2720 3459 2908 3514 sancti
2963 3455 3113 3511 Petri
3163 3450 3582 3524 apostolorum

1910 3553 2216 3626 principis.
2272 3551 2445 3616 Quod
2492 3550 2541 3604 si
2591 3549 2786 3604 facere
2843 3543 3185 3615 neglexerit,
3242 3556 3315 3595 ex
3346 3544 3489 3594 tunc
3516 3538 3579 3594 in

1912 3648 2091 3699 antea
2119 3641 2353 3699 anobis
2384 3639 2669 3696 omnibus
2726 3634 3282 3692 excommunicatus
3335 3630 3426 3686 sit.
3473 3633 3580 3685 Va-

1912 3732 2043 3787 lete.

2344 3819 2678 3876 EPISTOLA
2704 3816 2769 3873 c1
2802 3815 2965 3886 [olim
2996 3814 3145 3883 XCI].

2415 3907 2604 3980 (Circa
2632 3922 2863 3963 annum
2897 3904 3074 3975 1026.)

1914 4002 2297 4059 Serenissimo
2356 4001 2486 4069 regi
2525 4000 2903 4055 Francorum
2950 3997 3208 4049 BOBERTO
3256 3992 3584 4047 FULBenrus

1989 4093 2234 4149 humilis
2266 4090 2723 4146 Carnotensium
2779 4087 3107 4156 episcopus,
3148 4081 3308 4154 quod
3336 4081 3497 4136 decet
3527 4082 3584 4133 et

1982 4182 2247 4253 prodest.

1991 4270 2265 4328 Gratulor
2294 4269 2419 4336 tibi,
2447 4266 2693 4323 domine
2732 4264 2837 4331 mi,
2874 4263 3041 4336 quod
3084 4261 3245 4317 fonte
3275 4256 3585 4323 bonitatis,

1920 4366 1985 4417 ut
2018 4376 2258 4432 semper
2275 4358 2552 4429 irrigans,
2600 4354 2909 4426 negotium
2963 4352 3061 4407 Dei
3094 4346 3395 4405 mandasti
3437 4343 3585 4399 mihi

1919 4454 2175 4507 tractare
2202 4452 2269 4502 ut
2296 4447 2554 4518 expedit.
2578 4444 2739 4500 Talia
2768 4442 3027 4514 denique
3052 4447 3105 4494 te
3132 4452 3338 4507 regem
3380 4432 3586 4507 praeci-

1919 4553 2060 4612 pere
2088 4538 2273 4591 decus
2302 4539 2409 4600 est,
2454 4532 2846 4602 subditosque
2875 4528 2977 4583 tibi
3007 4539 3322 4598 capescere
3365 4526 3581 4577 tutum.

1922 4627 2032 4685 Sed
2074 4625 2221 4681 illud
2246 4624 2450 4690 miror,
2477 4622 2645 4694 quod
2668 4620 2939 4676 Odonem
2995 4615 3277 4671 comitem
3332 4613 3396 4667 in
3448 4626 3587 4666 mea

1919 4700 2350 4773 deliberatione
2399 4712 2495 4767 vel
2568 4709 2844 4784 posuisse
2890 4706 2985 4762 vel
3038 4704 3376 4778 positurum
3452 4715 3586 4756 esse

1920 4806 2141 4871 dixisti,
2160 4802 2307 4876 quid
2338 4802 2531 4857 facere
2559 4798 2777 4855 debeat
2801 4797 2875 4852 de
2905 4794 3242 4867 receptione
3274 4788 3586 4847 Meldensis

1922 4892 2207 4967 episcopi,
2240 4908 2377 4947 cum
2414 4889 2634 4946 abhinc
2690 4902 2850 4943 anno
2898 4885 3018 4940 fere
3072 4880 3325 4938 dimidio
3366 4893 3476 4934 nec
3502 4877 3589 4949 ip-

1922 4966 2058 5041 sum
2098 4981 2372 5050 viderim,
2404 4996 2515 5035 nec
2540 4979 2615 5034 de
2665 4976 2767 5033 tali
2796 4974 3037 5045 negotio
3066 4970 3428 5042 legationem
3459 4966 3590 5037 ejus

1920 5073 2270 5145 acceperim.
2297 5073 2573 5126 Attamen
2601 5069 2649 5125 si
2666 5067 2967 5140 aspirante
2996 5069 3113 5120 Deo
3143 5062 3224 5117 ad
3244 5076 3357 5116 nos
3385 5057 3591 5113 venire

1923 5172 1979 5223 et
2009 5163 2269 5220 consiliis
2294 5162 2443 5217 meis
2474 5153 2853 5232 acquiescere
2884 5154 3155 5221 voluerit,
3186 5150 3422 5207 desinet
3448 5164 3590 5222 pro-

1924 5256 2019 5312 cul
2045 5253 2231 5310 dubio
2261 5252 2611 5325 praedictam
2624 5247 2951 5303 Ecclesiam
2978 5243 3302 5301 lacerando
3323 5239 3592 5296 divinam

1923 5344 2211 5401 ultionem
2243 5342 2303 5397 in
2326 5358 2388 5397 se
2408 5353 2760 5413 provocare,
2790 5336 3025 5409 tuisque
3057 5334 3238 5391 sacris
3264 5329 3592 5389 ordinatio-

1926 5434 2104 5491 nibus
2137 5432 2448 5489 contraire.
2478 5429 2637 5485 Vale.
