3952 6390
798 397 1135 458 EPISTOLA
1174 398 1264 457 CII
1291 400 1457 471 [olim
1498 400 1629 471 LX.]

996 488 1193 559 (Anno
1233 490 1417 562 1027.)

388 576 729 636 Venerabili
749 577 924 647 patri
971 580 1398 649 et.coepiscopo
1441 594 1546 637 suo
1601 580 1664 637 G.
1698 580 2044 637 FULaeerus.

449 664 541 723 Ad
563 665 1045 729 benedictionem
1067 667 1298 726 Henrici
1327 667 1507 739 regiae
1538 667 1722 740 prolis
1765 667 1878 739 (45)
1905 669 2045 727 voto

376 754 625 828 quidem
653 755 875 828 rapior,
899 756 1007 814 sed
1047 756 1307 817 adversa
1333 773 1432 816 me
1462 756 1729 829 corporis
1766 754 2045 818 valetudo

377 843 661 906 ratardat.
716 848 1037 905 Tentarum
1088 848 1291 905 tamen
1360 850 1666 919 utcunque
1720 843 2067 911 moderatis,

380 934 846 1006 equitationibus
871 950 943 993 eo
972 935 1305 1009 pervenire,
1326 936 1375 991 si
1402 952 1527 994 non
1556 934 1915 995 absterreret
1934 950 2044 990 sse-

378 1020 524 1081 vitia
551 1022 758 1081 matris
789 1022 944 1093 ejus,
975 1022 1070 1085 cui
1096 1022 1236 1085 satis
1269 1023 1528 1081 creditur
1551 1040 1690 1081 cum
1712 1022 1876 1087 mala
1904 1034 2045 1095 pro-

381 1108 575 1177 mittit,
604 1108 788 1170 ﬁdem
818 1109 1172 1173 facientibus
1225 1112 1407 1182 gestis
1437 1112 1591 1183 ejus.
1635 1113 1765 1178 Qua
1787 1109 2045 1167 difﬁcul-

381 1203 499 1259 tate
528 1199 891 1273 prohibitus,
925 1215 1075 1271 rogo
1098 1205 1360 1261 vestram
1389 1201 1760 1272 charitatem,
1791 1199 2046 1259 dilectis-

383 1289 556 1358 sime,
582 1294 647 1347 ut
674 1291 801 1348 vice
829 1306 968 1351 mea
993 1290 1297 1353 suadentis
1328 1292 1556 1349 domno
1596 1290 2046 1364 archiepiscopo

381 1378 659 1439 Bemensi
686 1380 1033 1453 caeterisque
1058 1380 1443 1454 primoribus,
1474 1398 1552 1439 ne
1576 1398 1702 1455 qua
1726 1380 2046 1438 occasione

382 1468 664 1535 differant
685 1469 1168 1532 benedictionem
1215 1472 1451 1543 juvenis
1481 1472 1826 1546 supradicti.
1863 1474 2047 1545 Spero

383 1558 547 1617 enim
571 1559 742 1619 illum
772 1562 914 1628 Deo,
955 1564 1014 1618 et
1067 1560 1246 1621 bonis
1276 1562 1624 1621 hominibus
1660 1562 2041 1635 placiturum.

778 1739 1114 1797 EPISTOLA
1139 1739 1256 1801 CIII
1279 1739 1445 1810 [olim
1478 1739 1651 1810 LXV].

1021 1828 1217 1900 (Anno
1248 1829 1429 1900 1027.)

383 1915 780 1975 Dilectissimo
804 1918 1145 1987 coepiscopo
1169 1932 1275 1976 suo
1300 1918 1582 1975 Onomuco
1613 1918 1952 1984 Fumsarus,
1973 1930 2048 1972 ex

718 2007 919 2065 animo
948 2007 1242 2079 quidquid
1269 2022 1443 2065 verus
1464 2008 1709 2067 amicus.

455 2095 719 2151 Primum
750 2096 972 2165 gratias
1000 2112 1137 2166 ago,
1164 2096 1533 2163 charissime,
1565 2095 1735 2167 quod
1762 2094 1938 2151 nobis
1969 2094 2048 2155 ad

385 2179 707 2236 concilium
731 2185 789 2241 et
817 2181 1166 2245 comitatum
1198 2186 1256 2237 et
1273 2180 1636 2253 obsequium
1660 2178 2043 2253 pollicemini.

387 2270 561 2338 Quod
589 2270 738 2326 dum
768 2270 981 2343 facitis,
1003 2271 1269 2342 ingenita
1287 2270 1654 2342 benignitate
1683 2269 2046 2326 vestramul-

386 2364 515 2420 tum
552 2376 664 2418 nos
717 2360 1024 2421 hilaratis:
1081 2366 1140 2421 et
1167 2361 1345 2421 nobis
1398 2360 1645 2433 quidem
1683 2359 2047 2421 desiderium

383 2453 540 2507 esset
569 2455 903 2512 memorato
931 2450 1183 2511 concilio
1214 2450 1519 2520 interesse,
1552 2450 1705 2509 sicut
1733 2449 1914 2514 etiam
1943 2464 2046 2509 ve-

383 2536 636 2592 nerabili
656 2537 1106 2611 archiepiscopo
1133 2540 1339 2594 nostro
1358 2538 1700 2595 Leutherico
1730 2536 2049 2599 inaudien-

384 2626 467 2685 tia
495 2631 691 2685 vestra
718 2642 831 2687 nos
851 2626 1073 2685 dixisse
1098 2627 1509 2698 meminimus,
1531 2626 1637 2687 sed
1667 2625 2046 2695 difﬁcultates

383 2731 458 2773 ex
500 2716 727 2775 malitia
771 2716 954 2788 hujus
1007 2717 1295 2791 temporis
1351 2717 1577 2781 obortae
1642 2732 1765 2781 non
1823 2716 2042 2781 sinunt.

293 2885 301 2892 _
384 2807 559 2873 Quod
584 2807 765 2866 etiam
793 2824 904 2865 vos
933 2807 1018 2865 illi
1054 2813 1259 2868 notem
1283 2806 1478 2867 facere
1501 2823 1841 2882 precamur,
1872 2823 1950 2864 ne
1974 2805 2049 2869 sit

382 2901 590 2954 nostra
619 2897 1064 2970 exspectatione
1095 2914 1447 2971 suspensus.
1481 2901 1772 2963 Caeterum
1798 2901 2047 2970 exopta-

380 2984 519 3041 bilis
569 2986 853 3059 colloquii
906 2986 1088 3045 vestri
1140 2987 1652 3060 opportunitatem
1689 2988 1752 3043 in
1780 3002 2045 3061 praesens

381 3090 507 3130 non
535 3075 855 3148 habemus,
903 3075 1017 3135 nisi
1044 3076 1195 3135 forte
1246 3077 1416 3137 vobis
1470 3077 1868 3149 Novigentum
1915 3076 2045 3150 pla-

380 3164 567 3221 cuerit
585 3164 1014 3239 propinquare.
1048 3166 1206 3227 Vale.

765 3255 1103 3313 EPISTULA
1133 3255 1245 3313 CIV
1273 3256 1439 3326 [olim
1470 3255 1666 3326 LXVI].

882 3344 1075 3411 (Circa
1099 3360 1329 3403 annum
1363 3350 1547 3415 1027.)

802 3435 1034 3493 Dilecto
1056 3452 1164 3494 sua
1190 3438 1255 3494 0.
1289 3439 1632 3497 FULBBRTUS.

451 3523 619 3590 Quod
652 3524 825 3581 vobis
876 3524 1041 3595 olim,
1088 3526 1459 3596 charissima,
1513 3544 1622 3600 per
1668 3526 2046 3595 veredarium

378 3618 644 3670 vestrum
666 3613 892 3672 litteras
915 3630 1040 3673 non
1070 3615 1293 3684 remisi,
1325 3616 1387 3678 id
1415 3632 1618 3677 causas
1634 3616 1746 3675 fuit
1764 3617 1909 3690 quia
1937 3633 2045 3674 vos

378 3703 837 3776 quamprimum
873 3703 1065 3762 visere
1123 3706 1526 3775 destinabam,
1581 3707 1763 3781 idque
1806 3708 1913 3763 etsi
1942 3707 2048 3767 diu

378 3792 598 3861 distuli,
631 3792 973 3853 desiderare
1026 3810 1152 3861 non
1211 3795 1427 3857 destiti.
1483 3796 1599 3855 Sed
1646 3797 1884 3853 interim
1936 3814 2046 3853 vos

380 3881 532 3943 scire
555 3881 695 3938 volo
723 3883 892 3954 quod
921 3884 1127 3956 un'que
1154 3884 1307 3945 velle
1360 3886 1483 3943 scio
1510 3903 1524 3941 :
1549 3901 1648 3941 me
1701 3886 1922 3942 scilicet
1966 3886 2048 3942 ad

377 3982 647 4042 praesens
703 3970 805 4031 Dei
849 3970 1041 4040 gratia
1087 3972 1243 4033 bene
1271 3972 1470 4033 valere
1490 3973 1702 4033 vestris
1739 3974 2047 4047 obsequiis

378 4058 760 4130 spiritualiter
784 4059 1109 4121 instantem
1139 4061 1526 4134 corporaliter
1554 4068 1938 4136 apparatum,
1964 4064 2047 4119 si-

379 4151 480 4204 cut
507 4163 688 4204 nemo
716 4148 972 4219 ﬁdelius,
1027 4155 1275 4223 excepto
1300 4150 1399 4207 illo
1456 4156 1666 4208 sancto
1719 4153 2046 4215 monacho-

375 4252 516 4295 rum
545 4238 910 4309 archangelo
952 4239 1220 4308 0dilone,
1255 4240 1351 4299 cui
1378 4258 1477 4302 me
1524 4241 1587 4298 in
1609 4241 1775 4303 nullo
1805 4258 2047 4316 compa-

376 4341 510 4384 rare
530 4342 857 4400 prtesumo.
908 4330 1092 4400 Cujus
1149 4330 1329 4391 etiam
1378 4331 1637 4393 charitas
1694 4332 1746 4388 si
1794 4331 2049 4405 qualiter

376 4416 602 4475 afﬁciet
630 4418 899 4477 animam
926 4424 1095 4479 tuam
1116 4421 1435 4490 aggrediar
1463 4421 1680 4490 dicere,
1711 4422 1930 4491 deﬁcit,
1971 4439 2046 4479 ne

375 4521 507 4563 rem
535 4506 1002 4565 inenarrabilem
1031 4508 1241 4571 videar
1267 4509 1410 4567 velle
1437 4526 1703 4568 narrare.
1736 4511 1912 4568 Plura
1948 4527 2047 4568 me

378 4595 636 4653 scribere
662 4597 971 4669 prohibuit
1000 4601 1127 4659 tam
1180 4599 1492 4672 multiplex
1544 4601 1925 4671 negotiorum
1954 4619 2050 4658 oc-

376 4685 640 4757 cupatio,
671 4701 861 4758 quam
886 4686 1067 4748 etiam
1100 4687 1337 4759 legatus
1364 4704 1676 4755 morarum
1701 4689 2043 4763 impatiens.

380 4774 495 4832 Sed
519 4774 635 4832 hoc
664 4790 858 4835 unum
887 4776 1132 4843 tandem
1159 4777 1325 4851 apud
1340 4782 1603 4836 vestram
1618 4779 2047 4851 benignitatem

377 4861 687 4934 deprecor,
719 4869 785 4924 ut
807 4880 950 4923 cum
980 4870 1255 4924 nostrum
1298 4867 1731 4937 archangelum
1759 4869 1885 4927 vice
1914 4885 2051 4925 nos-

378 4956 470 5009 tra
492 4952 909 5022 salutaveritis,
941 4970 1082 5015 cum
1123 4954 1500 5028 simplicitate
1543 4957 1879 5014 monastica
1901 4958 2050 5015 hila-

376 5042 613 5102 ritatem
642 5043 981 5115 angelicam
1009 5060 1148 5118 quas
1176 5045 1351 5106 vobis
1374 5050 1593 5119 praesto
1640 5051 1733 5105 est
1760 5046 2044 5107 induatis.

378 5129 577 5193 Valete
601 5145 888 5205 prospere
917 5133 981 5190 in
1009 5133 1220 5194 virtute
1251 5134 1374 5193 Dei.

384 5235 565 5316 m(45)
594 5238 887 5316 successit
911 5239 1167 5316 Roberto
1182 5241 1310 5312 regi
1335 5241 1620 5297 Henricus
1650 5241 1833 5316 ﬁlius,
1847 5258 2046 5316 _quem

380 5303 478 5387 ille
500 5306 761 5387 moriens
779 5311 1082 5387 hmredem
1096 5303 1498 5387 nuncuparet,
1522 5303 2049 5387 utnonnu'lis‘scri-

381 5376 555 5454 bunt,
583 5377 876 5454 minorem
1197 5376 1340 5441 Huic
1394 5376 1641 5443 consilio
1700 5387 2048 5443 Constantia

383 5447 596 5527 regina
618 5447 897 5527 obstabat
912 5457 970 5506 et
994 5455 1315 5512 Bobertum
1341 5456 1595 5513 alterum
1620 5456 1812 5513 ﬁlium
1842 5474 2046 5527 regem

387 5516 980 5598 salutabatLOdoque
1008 5528 1351 5598 Campaniae
1409 5534 1466 5584 et
1514 5529 1837 5584 Balduinus
1878 5516 2047 5585 Flau-

386 5585 833 5671 driaecomites,
860 5585 930 5671 de
959 5608 1080 5671 non
1100 5585 1279 5671 pauci
1308 5605 1594 5671 praeterea
1624 5616 1746 5655 non
1779 5607 2046 5657 contem-

387 5656 605 5729 nendae
628 5658 955 5729 nobilitatis
993 5663 1054 5717 in
1081 5656 1263 5722 armis
1308 5656 1579 5727 aderant.
1615 5672 1880 5729 Tandem
1934 5676 2047 5729 Ro-

385 5726 591 5810 bertus
615 5727 749 5809 jure
777 5730 935 5801 regis
952 5733 1158 5810 cedere
1180 5726 1672 5810 coactus,ducatu
1686 5726 2050 5810 illurgiindiee

387 5760 486 5782 um
500 5760 591 5810 ηιξ
615 5760 749 5809 δξμυ
777 5760 935 5801 regis
952 5760 1158 5790 uouere
1180 5760 1672 5809 coaetus,uucatu
1693 5760 1806 5800 bur
1849 5760 2046 5801 unaue

387 5799 764 5859 nobilissimo
778 5815 852 5861 ac
870 5802 1326 5876 opulentissimO
1345 5760 2046 5874 contentus.PauﬁEmil.

1424 275 1482 332 S.
1524 273 1863 332 FULBEBTI
1902 268 2388 335 WWNSIS
2427 273 2761 332 EPISCOPI.

2072 396 2124 463 Δ

3707 276 3830 335 252

2538 400 2874 457 EPISTOLA
2902 400 2990 455 CV
3017 398 3185 469 [olim
3215 398 3438 469 LXVII].

2655 489 2846 561 (Circa
2874 504 3103 546 annum
3138 491 3321 556 I027.)

2167 576 2505 637 Venerabili
2528 580 2708 635 Patri
2728 594 2835 634 suo
2879 580 3131 647 OnxLom,
3165 578 3490 635 FULBERTUS
3544 577 3831 639 sacerdos

2225 683 2347 727 non
2371 669 2574 725 meriti
2589 669 2973 738 conﬁdentia,
3001 669 3104 725 sed
3129 668 3375 738 pietatis
3404 668 3625 738 affectu
3670 683 3831 738 prae-

2226 762 2526 827 sumptum
2553 759 2841 815 orationis
2866 758 3247 828 suﬂ'ragium.

2225 866 2506 934 Magnum
2536 865 2682 921 mihi
2709 864 3078 922 desiderium
3108 864 3233 933 fuit,
3265 868 3322 920 et
3343 864 3542 920 adhuc
3571 864 3829 938 quidem

2156 954 2347 1015 estad
2376 971 2483 1010 vos
2508 955 2804 1027 veniendi,
2853 956 2959 1011 sed
2991 955 3217 1011 obortas
3274 970 3468 1028 nuper
3496 971 3557 1011 in
3613 958 3829 1011 nostro

2156 1044 2507 1117 episcopatu
2544 1045 2997 1102 dissensionum
3042 1062 3240 1102 causa;
3292 1044 3671 1117 propositum
3712 1044 3831 1101 iter

2154 1133 2424 1189 omittere
2463 1139 2804 1205 coegerunt.
2840 1134 3014 1200 Quod
3039 1134 3212 1191 vobis
3237 1133 3693 1207 quamprimum
3724 1133 3827 1189 his

2154 1222 2429 1295 pauculis
2457 1222 2730 1295 apicibus
2759 1223 3096 1294 signiﬁcare
3128 1223 3350 1294 curavi,
3371 1238 3447 1278 ne
3478 1222 3827 1278 sublimitas

2152 1315 2352 1369 vestra
2377 1312 2450 1368 sit
2480 1312 2558 1369 ad
2582 1328 2848 1385 praesens
2881 1313 2955 1368 de
2980 1328 3130 1368 mea;
3161 1311 3496 1386 pusillitatis
3517 1308 3831 1385 exspecta-

2154 1400 2313 1457 tione
2345 1417 2658 1474 suspensa.
2685 1402 2927 1459 Veniam
2965 1406 3167 1458 autem
3193 1402 3525 1475 aliquando
3563 1401 3612 1456 si
3640 1401 3830 1457 licue-

2153 1489 2228 1547 rit
2265 1490 2345 1547 ad
2375 1506 2504 1561 vos,
2536 1506 2692 1564 quos
2717 1507 2856 1547 vere
2912 1490 3207 1548 inhabitat
3255 1491 3504 1564 Spiritus
3553 1495 3827 1557 sanctus,

2154 1579 2473 1635 consilium
2498 1579 2682 1636 divini
2708 1579 2933 1637 oraculi
2977 1581 3289 1653 petiturus.
3352 1580 3547 1637 Valete
3572 1580 3634 1636 in
3713 1582 3833 1635 Do-

2154 1667 2320 1725 mino
2341 1684 2597 1742 semper,
2623 1669 2839 1725 iterum
2868 1670 3003 1725 dico
3033 1668 3243 1725 valete.

2504 1777 2840 1833 EPISTOLA
2869 1778 2979 1833 CVI
3008 1776 3171 1847 [olim
3211 1775 3459 1844 LXVIII].

2661 1882 2850 1949 (Circa
2880 1898 3111 1938 annum
3141 1881 3323 1952 1027.)

2155 1992 2497 2048 Prudenter
2525 1997 2578 2048 et
2596 1992 2894 2061 praeclare
2920 1989 3238 2063 magniﬁco
3263 1989 3442 2051 Patri
3482 1989 3546 2044 Ο.
3580 1990 3829 2047 FULBER-

2838 2096 2940 2136 TUS
2977 2095 3139 2136 suus.

2228 2193 2297 2246 Ut
2321 2190 2400 2246 ab
2429 2188 2545 2245 alio
2584 2188 2906 2251 liberaliter
2960 2190 3264 2263 acceptus,
3313 2185 3398 2241 sic
3450 2198 3612 2240 nunc
3665 2200 3829 2257 quas

2155 2295 2335 2354 opere
2358 2294 2615 2353 nequeo,
2649 2277 2867 2335 affectu
2899 2276 3112 2332 saltem
3141 2275 3359 2346 gratias
3398 2288 3824 2355 recompenso.

2155 2368 2278 2426 Tali
2299 2368 2461 2424 enim
2491 2371 2788 2440 apparatu
2829 2365 2891 2422 in
2921 2365 3175 2440 epistola
3196 2368 3297 2420 tua
3325 2363 3609 2433 dignatus
3658 2378 3826 2425 sum,

2156 2457 2322 2532 quali
2351 2473 2475 2513 non
2514 2456 2772 2512 festivior
2800 2460 3173 2528 exspectetur
3200 2454 3261 2510 in
3298 2452 3522 2509 ferculo
3554 2450 3831 2509 Salomo-

2156 2548 2248 2604 nis
2278 2546 2430 2603 inter
2458 2562 2689 2616 organa
2716 2550 2947 2616 vatum,
2997 2548 3054 2599 et
3101 2542 3377 2619 ardentes
3440 2540 3829 2597 cincendelas

2153 2639 2460 2709 virginum
2511 2638 2646 2709 (46).
2705 2635 3056 2706 Angelicum
3112 2633 3258 2689 mihi
3310 2648 3537 2689 manna
3564 2630 3828 2705 posuisti

2156 2744 2281 2785 non
2303 2728 2429 2783 sine
2457 2726 2713 2800 mystica
2735 2726 2891 2798 dape
2923 2723 3346 2781 columbarum
3398 2738 3467 2778 ac
3498 2726 3827 2777 turturum.

2155 2817 2525 2891 Propinabas
2542 2814 2766 2871 interea
2795 2813 3097 2870 charitatis
3123 2816 3346 2869 nectar.
3372 2813 3501 2878 Quo
3524 2809 3835 2867 inhianter

2154 2907 2377 2963 hausto
2406 2909 2464 2961 et
2521 2904 2599 2960 ad
2628 2903 2825 2960 cordis
2862 2903 3147 2959 interiora
3176 2901 3553 2968 transmisso,
3590 2898 3642 2955 si
3698 2914 3832 2954 non

2156 2995 2503 3070 prophetice
2528 2998 2593 3050 ut
2613 2993 2799 3050 David
2843 2993 3098 3049 verbum
3142 2992 3397 3059 bonum,
3458 2989 3831 3064 panegyrice

2078 3115 2132 3171 α
2156 3090 2359 3142 tamen
2389 3089 2451 3140 ut
2478 3083 2563 3151 ﬁt,
2595 3087 2652 3140 et
2677 3082 3092 3155 imprecatorie
3138 3081 3288 3138 sicut
3305 3081 3429 3137 ﬁlio
3456 3079 3830 3136 refociliatus

2157 3174 2357 3241 Israel,
2384 3173 2488 3230 tibi
2507 3172 2661 3228 Patri
2680 3172 2839 3228 ﬁlius
2873 3176 3139 3228 eructare
3168 3170 3531 3242 gaudebam.
3573 3172 3833 3226 Paterna

2156 3263 2376 3320 deinde
2407 3278 2553 3319 cura
2581 3261 2929 3333 signiﬁcasti
2974 3266 3029 3318 te
3053 3277 3203 3317 meae
3247 3259 3606 3317 valetudinis
3650 3258 3831 3315 habi-

2157 3358 2285 3409 tum
2317 3351 2608 3422 sagaciter
2637 3351 2998 3424 explorasse,
3055 3354 3234 3423 atque
3291 3349 3395 3405 ubi
3433 3348 3627 3405 vitalis
3659 3347 3830 3405 calor

2156 3441 2405 3515 aliquod
2429 3442 2491 3496 in
2521 3457 2619 3497 me
2657 3440 2844 3496 dabat
2863 3440 3164 3512 sospitatis
3190 3438 3483 3495 indicium
3515 3436 3825 3508 gratulari,

2156 3531 2358 3588 dolere
2379 3530 2576 3586 morbi
2600 3529 2841 3601 signum
2868 3534 2925 3585 et
2954 3527 3281 3585 formidare
3320 3528 3673 3602 perieulum.
3708 3530 3827 3584 Nec

2154 3636 2296 3677 vero
2321 3620 2564 3677 tandem
2589 3619 2932 3690 benignitas
2964 3623 3067 3674 tua
3119 3618 3365 3692 plagam
3394 3633 3594 3674 meam
3650 3616 3827 3675 relin-

2154 3727 2337 3784 quere
2362 3725 2546 3783 passa
2576 3714 2803 3765 estsuas
2834 3708 3159 3765 curationis
3185 3711 3502 3773 exsortem,
3530 3706 3680 3779 quin
3696 3710 3825 3761 arte

2157 3799 2362 3855 divina
2402 3798 2752 3855 mirabiliter
2780 3815 2927 3854 usus
2957 3798 3253 3870 liquorem
3278 3796 3609 3870 quemdam
3634 3794 3828 3853 instar

2155 3890 2278 3946 vini
2315 3889 2497 3946 Samii
2525 3889 2692 3961 prius
2748 3888 3038 3955 infudisti,
3069 3888 3174 3960 qui
3218 3887 3580 3957 indigestum
3600 3886 3825 3942 humo-

2154 3996 2283 4036 rem
2312 3984 2689 4053 excoqueret,
2722 3979 2939 4035 dehinc
2970 3977 3221 4035 alterum
3253 3978 3412 4033 olivo
3432 3976 3822 4049 persimilem,

2152 4086 2277 4144 quo
2306 4075 2464 4126 totus
2493 4070 2743 4126 omnino
2796 4074 2997 4125 tumor
3044 4073 3223 4141 atque
3279 4067 3452 4124 dolor
3509 4066 3824 4135 mitigatus

2155 4160 2522 4216 abscederet.
2549 4163 2714 4215 Nunc
2739 4174 2883 4229 ergo
2924 4164 3028 4215 tua
3055 4162 3296 4216 curatus
3335 4157 3647 4225 industria,
3704 4155 3825 4213 tuis

2155 4249 2347 4323 epulis
2374 4253 2693 4316 recreatus,
2726 4249 2978 4319 dignum
2995 4249 3154 4305 duco
3182 4253 3248 4304 ut
3266 4264 3477 4306 omnes
3498 4263 3648 4304 meae
3670 4246 3828 4302 vires

2156 4343 2272 4395 tute
2305 4337 2622 4394 voluntatis
2650 4352 2886 4410 semper
2914 4335 3680 4393 adminiculentureﬁ'ectui.
3706 4338 3825 4391 Nec

2157 4429 2535 4500 aliquatenus
2565 4443 2601 4483 a
2624 4432 2726 4483 tua
2746 4427 3036 4483 sententia
3065 4427 3471 4500 discrepatum
3500 4428 3583 4482 ire
3600 4430 3823 4495 statuo,

2155 4534 2291 4591 quae
2318 4521 2373 4574 te
2404 4533 2542 4572 cum
2577 4516 2831 4572 Domino
2860 4520 3157 4589 quantum
3187 4517 3419 4573 homini
3439 4517 3634 4582 datur,
3659 4516 3824 4573 idem

2153 4602 2301 4659 velle
2329 4606 2506 4675 atque
2536 4601 2695 4657 nolle
2721 4601 2981 4657 conﬁdo.
3047 4605 3217 4659 Decet
3254 4602 3478 4675 itaque,
3524 4604 3711 4672 Pater,
3758 4603 3829 4655 ut

2155 4697 2217 4750 tu
2263 4708 2509 4766 quoque
2565 4692 2834 4748 vicissim
2900 4709 2998 4748 me
3057 4697 3227 4749 tuum
3284 4692 3589 4748 servulum
3640 4690 3716 4746 de
3767 4695 3825 4746 te

2153 4782 2539 4856 pendentem,
2598 4786 2774 4854 teque
2818 4797 2941 4838 non
3001 4782 3129 4837 sine
3177 4797 3403 4852 magna
3431 4780 3656 4836 ﬁducia
3695 4793 3825 4835 res-

2155 4876 2516 4945 pectantem,
2552 4870 2738 4927 sacris
2791 4870 3317 4927 intercessionibus
3347 4869 3618 4940 adjuves.
3675 4870 3820 4925 Sum

2154 4961 2316 5016 enim
2340 4961 2515 5017 valde
2531 4960 2891 5016 miserabilis
2916 4958 3232 5032 homo,qui
3252 4974 3391 5013 cum
3410 4956 3488 5012 ad
3508 4957 3824 5030 propriam

2154 5065 2279 5106 non
2309 5049 2667 5118 sufﬁcerem,
2723 5049 2799 5106 ad
2843 5050 3153 5123 publicam
3206 5061 3414 5101 curam
3458 5046 3662 5103 nescio
3696 5063 3825 5120 qua

2156 5155 2263 5194 seu
2317 5138 2568 5211 ratione,
2626 5155 2733 5194 seu
2784 5138 3112 5195 temeritate
3158 5134 3486 5208 perductus
3528 5152 3686 5208 sum,
3736 5136 3826 5192 id-

2153 5244 2216 5301 in
2245 5246 2368 5301 vita
2388 5245 2636 5301 Henrici.

2227 5317 2340 5387 (46)
2367 5317 2533 5372 Inter
2560 5331 2793 5387 organa
2816 5321 3041 5387 vatum,
3066 5318 3121 5371 et
3180 5314 3458 5372 ardentes
3515 5315 3823 5387 cincende-

2158 5386 2247 5449 las
2278 5386 2601 5458 virginum.
2636 5386 2728 5443 Sic
2748 5386 3002 5449 habetur
3030 5386 3091 5442 in
3119 5390 3324 5442 nostro
3363 5404 3475 5442 ms.
3533 5391 3589 5443 et
3617 5386 3676 5458 in
3702 5402 3816 5458 ms.

2157 5460 2221 5517 D.
2273 5456 2495 5514 Patavii
2548 5459 2657 5523 viri
2713 5474 2877 5514 cons.
2920 5462 2976 5517 et
3028 5458 3376 5527 doctissimi,
3411 5458 3472 5514 in
3519 5456 3820 5514 Catholico

2155 5529 2442 5586 Januensi
2475 5530 2559 5584 sic
2611 5529 3065 5602 interpretatur:
3127 5552 3152 5577 ‹‹
3191 5531 3553 5586 Cincendela
3589 5544 3643 5602 Aa
3682 5545 3822 5584 can-

2155 5604 2283 5672 deo,
2334 5601 2571 5669 candes,
2622 5600 2884 5657 dicitur:
2940 5601 3159 5670 infula,
3218 5618 3407 5671 genus
3452 5600 3817 5656 scrabonum

2154 5674 2323 5748 quod
2352 5673 2582 5748 _volans
2640 5673 2940 5748 candeat;
2982 5673 3359 5748 cicendulum
3413 5673 3657 5746 ponitur
3706 5688 3817 5745 pro

2157 5745 2429 5814 candela,
2458 5760 2603 5809 nam
2629 5745 2845 5807 dicitur
2869 5761 2907 5805 a
2930 5746 3174 5807 cantico.
3194 5768 3225 5797 υ
