3952 6388
110 275 237 329 253

112 413 249 470 que
280 400 434 453 certe
464 400 554 451 est
583 411 780 468 neque
812 395 1177 462 dissimules,
1211 395 1376 468 quod
1426 398 1478 451 te
1528 389 1793 464 speciali-

112 491 218 542 ter
243 487 389 542 mihi
415 486 555 540 facit
583 485 817 542 consilii
869 489 1047 557 atque
1079 485 1281 541 auxilii
1314 484 1644 540 debitorem
1691 479 1794 552 qui

112 582 182 633 te
212 593 458 633 suasore
483 591 605 631 non
634 576 847 631 desero
874 576 1035 630 hunc
1064 576 1353 634 laborem.
1384 574 1541 630 Vale.

500 666 834 722 EPISTOLA
867 667 1000 721 cvu
1029 666 1193 735 [olim
1227 665 1420 733 LXIX].

109 755 513 812 Sanctissimo
543 762 724 826 atque
749 755 1132 810 dilectissimo
1152 755 1332 810 Patri
1356 755 1444 818 0.,
1475 755 1793 808 FULBERTL'S

310 829 552 885 humilis
579 827 873 895 sacerdos,
916 827 1204 882 orationis
1230 826 1609 896 suffragium.

200 917 486 972 Volebam
516 916 690 972 vobis
713 933 1045 982 occurrere,
1079 919 1264 982 Pater,
1286 920 1350 972 ut
1380 913 1665 972 mandavi
1687 929 1794 986 per

111 1011 191 1064 R.
221 1007 539 1064 diaconem
569 1023 775 1064 meum
801 1023 814 1059 :
849 1007 953 1060 sed
980 1006 1291 1062 domestici
1325 1005 1440 1060 mei
1471 1020 1626 1058 novo
1649 1019 1796 1076 quo-

108 1095 271 1150 dam
318 1111 558 1152 rumore
617 1094 913 1166 permoti,
966 1110 1074 1150 nec
1124 1111 1219 1152 me
1262 1095 1370 1150 iter
1422 1093 1500 1150 ad
1525 1109 1792 1168 praisens

108 1201 324 1254 agere,
381 1200 493 1239 nec
549 1200 609 1238 se
652 1184 876 1240 itineris
923 1184 1042 1240 mei
1086 1185 1211 1240 fore
1267 1183 1516 1239 comites
1557 1182 1793 1255 acquie-

107 1279 320 1342 scunt,
353 1274 545 1330 donec
577 1274 759 1329 tutius
778 1274 839 1328 id
869 1273 996 1329 ﬁeri
1026 1289 1202 1346 posse
1231 1273 1628 1346 perpendant.

423 1365 757 1422 EPISTOLA
797 1366 953 1419 cvm
987 1364 1172 1433 [olim.
1211 1363 1492 1432 LXXXVI].

756 1453 950 1524 (Anno
987 1455 1164 1524 1027).

104 1543 271 1612 Regi
297 1543 573 1598 sacerdos
605 1542 1434 1611 Rosenro,Funarius/ideas
1456 1546 1509 1597 et
1539 1557 1788 1612 pronus.

191 1634 450 1702 Accepta
501 1631 798 1700 legatione
850 1635 1048 1688 vestra
1092 1647 1197 1703 per
1245 1634 1306 1687 Β.
1336 1635 1556 1686 sanctae
1591 1631 1791 1688 Crucis

107 1736 510 1778 mconomum
557 1721 944 1790 destinatum,
994 1720 1535 1793 peregrinationem
1574 1723 1789 1778 iterum

105 1810 431 1868 intermisi.
466 1814 630 1866 Nunc
662 1810 810 1882 quid
839 1827 934 1865 me
963 1810 1099 1866 velit
1126 1811 1412 1866 serenitas
1462 1815 1564 1866 tua
1612 1810 1789 1866 collo-

106 1899 265 1971 quio
292 1900 508 1969 magis,
543 1901 591 1955 si
621 1900 746 1955 fieri
777 1900 986 1972 possit,
1018 1916 1208 1972 quam
1239 1901 1448 1969 legatis
1496 1904 1598 1955 aut
1643 1899 1790 1957 litte-

106 1989 199 2046 ris
229 1990 473 2062 cupiam
505 1989 760 2046 edoceri.
799 1989 1068 2046 Venirem
1112 1994 1312 2046 autem
1359 1990 1484 2063 ipse
1515 1990 1788 2062 protinus

108 2079 197 2134 ad
225 2095 333 2134 vos
364 2080 545 2150 hujus
574 2079 658 2138 rei
689 2079 900 2149 gratia,
931 2079 977 2134 si
1006 2081 1322 2135 commode
1368 2096 1631 2151 possem,
1682 2081 1787 2135 sed

105 2169 318 2225 venire
346 2169 406 2224 in
438 2169 620 2226 armis
653 2186 894 2226 sacrum
935 2175 1174 2242 tempus
1224 2170 1435 2226 abnuit
1481 2187 1549 2226 ac
1581 2170 1786 2239 religio

106 2259 305 2315 nostri
327 2259 572 2315 ordinis.
609 2260 815 2316 Venire
843 2260 1124 2329 inermes,
1153 2261 1336 2331 longa
1375 2261 1473 2316 via
1520 2261 1787 2318 intermi-

102 2353 314 2417 natur,
333 2365 402 2404 ac
433 2348 662 2404 malitia
688 2348 1010 2406 seacularis.
1050 2353 1146 2405 Est
1175 2349 1335 2405 enim
1386 2349 1532 2405 mihi
1577 2352 1641 2408 Ο.
1694 2367 1788 2405 co-

100 2435 288 2493 luber
316 2437 378 2492 in
405 2437 503 2493 via
531 2437 668 2506 (47),
725 2440 788 2492 R.
837 2441 1092 2493 cerastes
1139 2438 1199 2494 in
1229 2438 1459 2494 semita.
1495 2439 1786 2494 Caeterum

103 2543 188 2582 ex
219 2526 464 2583 arbitrio
493 2532 690 2586 vestro
717 2526 995 2599 pendeat,
1029 2529 1254 2584 amodo
1285 2545 1406 2600 quo
1455 2534 1633 2601 pacto
1683 2545 1786 2584 vo-

30 2657 34 2674 .
99 2617 406 2675 luntatem
428 2623 694 2675 vestram
723 2618 870 2674 mihi
902 2619 1136 2690 placeat
1167 2620 1454 2686 indicare,
1495 2619 1787 2690 quoniam

100 2707 280 2780 apud
310 2723 406 2764 me
434 2707 752 2764 deﬁnitum
796 2707 1089 2764 voluntati
1135 2713 1370 2777 vestrae,
1428 2724 1565 2779 quae
1615 2709 1788 2764 vobis

98 2811 234 2858 non
265 2801 498 2862 noceat,
532 2794 872 2852 convenire.
906 2794 1102 2852 Valete
1129 2796 1404 2866 regaliter
1435 2798 1566 2866 (48).

527 2887 864 2944 EPISTULA
893 2885 997 2940 CIX
1023 2886 1190 2956 [olim
1219 2889 1372 2955 CVI].

617 2957 806 3028 (Circa
836 2973 1062 3013 annum
1100 2959 1274 3028 1027).

96 3049 508 3112 Dilectissimo
563 3047 802 3102 domino
860 3063 964 3100 suo
1021 3050 1305 3104 Fl'LBERTO
1356 3049 1624 3117 episcopo
1691 3051 1777 3116 H.,

177 3121 308 3189 ejus
334 3119 531 3192 ﬁdelis
550 3121 740 3192 juxta
788 3119 1030 3192 Domini
1062 3125 1445 3188 praeceptum,
1498 3123 1782 3192 serpe-nti-

177 3206 319 3245 nam
364 3191 757 3259 prudentiam
804 3190 1146 3245 columbina
1202 3190 1596 3260 simplicitate
1626 3210 1780 3262 prae-

176 3263 389 3318 ditam.

178 3351 351 3413 Quod
379 3354 502 3417 tuo,
534 3349 875 3406 beatissime
903 3349 1095 3418 Pater,
1141 3350 1521 3423 aliorumque
1566 3353 1778 3409 multo-

92 3455 243 3495 rum
273 3439 464 3495 relatu
493 3455 903 3511 perceperam,
932 3439 994 3494 id
1032 3440 1234 3512 ipsum
1261 3457 1477 3512 nuper,
1529 3441 1778 3497 domino

95 3529 366 3585 Bcrardo
401 3529 733 3584 Suessionis
783 3528 1067 3601 episcopo
1112 3528 1420 3596 referente,
1474 3531 1774 3599 cognovi:

98 3618 330 3673 scilicet
377 3618 699 3673 incurrisse
749 3622 802 3673 te
849 3618 1273 3687 gravissimum
1305 3619 1527 3688 reginae
1567 3620 1777 3674 odium

97 3709 408 3766 faventem
446 3709 645 3781 potius
674 3708 891 3764 marito
919 3725 1050 3775 suo,
1093 3708 1167 3763 de
1195 3709 1612 3764 constituendo
1637 3725 1777 3778 rege

97 3798 336 3869 majore
366 3797 509 3868 ﬁlio,
537 3814 723 3871 quem
771 3798 978 3853 dicunt
1023 3797 1434 3853 simulatorem
1484 3813 1634 3863 esse,
1689 3814 1778 3853 se-

99 3906 310 3960 gnem,
342 3889 609 3958 mollem,
643 3889 701 3944 in
729 3888 1093 3958 negligendo
1116 3889 1250 3959 jure
1289 3888 1771 3961 patrissaturum,

36 4015 39 4026 ι
97 3979 271 4034 fratri
315 3994 425 4033 suo
470 3978 692 4049 juniori
743 3978 1133 4034 attribuentes
1181 3978 1273 4032 his
1326 3978 1642 4034 contraria.
1703 3982 1778 4034 Te

97 4084 350 4141 quoque
381 4067 623 4140 plurimi
654 4067 1078 4140 episcoporum
1125 4067 1404 4122 mordent
1432 4067 1775 4124 clanculum

95 4158 197 4214 vel
239 4158 318 4213 ab
359 4158 443 4213 eis
493 4174 563 4215 ac
611 4158 838 4213 caeteris
889 4157 1064 4230 quasi
1095 4157 1374 4229 quintum
1420 4158 1706 4214 malleum
1740 4176 1776 4215 a

96 4252 366 4321 quatuor
394 4248 800 4321 Pythagoricis
827 4261 938 4319 pro
977 4247 1090 4302 hac
1121 4261 1305 4302 causa
1333 4247 1767 4305 dissonantem.

99 4337 273 4393 Unde
304 4342 602 4408 quantum
633 4353 706 4392 ex
735 4336 935 4391 verbis
985 4337 1308 4409 supradicti
1351 4339 1623 4409 praesulis
1674 4339 1776 4395 ad-

95 4427 267 4493 verti,
303 4426 660 4482 sententiam
691 4426 1194 4500 coepiscoporum
1247 4431 1487 4483 tuorum
1536 4430 1771 4486 Franci-

98 4531 399 4586 genarum
427 4530 607 4586 super
631 4515 747 4570 hoc
777 4517 1083 4585 agendum
1134 4517 1442 4588 negotium
1495 4518 1769 4575 intimare

96 4606 208 4664 tibi
234 4621 360 4662 non
390 4621 486 4660 me
519 4605 742 4677 piguit;
778 4610 842 4661 ut
871 4606 920 4661 si
950 4607 1099 4662 forte
1131 4608 1332 4663 sanior
1362 4612 1470 4672 est,
1503 4609 1556 4663 ei
1586 4625 1661 4664 ne
1689 4627 1776 4664 re-

97 4695 375 4768 frageris,
399 4699 457 4750 et
485 4711 522 4750 a
549 4694 815 4766 periculo
841 4695 945 4750 tibi
970 4711 1203 4753 caveas.
1267 4700 1362 4752 Est
1390 4703 1592 4753 autem
1638 4699 1767 4753 haec

97 4801 313 4842 eorum
344 4783 422 4838 ad
453 4783 941 4854 componendam
968 4784 1246 4856 utrinque
1263 4785 1427 4839 litem
1446 4786 1768 4842 sententia:

100 4878 270 4948 patre
291 4871 528 4928 vivente
568 4870 802 4927 nullum
833 4886 1036 4941 regem
1066 4871 1179 4926 sibi
1232 4871 1453 4938 creari;
1498 4873 1664 4944 quod
1724 4874 1771 4929 si

101 4963 300 5020 acrius
325 4961 596 5017 institerit
623 4961 685 5016 in
717 4961 834 5017 vita
854 4961 1040 5033 patris
1066 4961 1179 5016 hoc
1197 4961 1344 5031 ﬁeri,
1364 4978 1546 5033 quem
1571 4963 1774 5017 melio-

100 5069 229 5108 rem
260 5051 524 5118 senserit,
564 5050 643 5106 ad
687 5065 890 5120 regem
919 5049 1138 5104 debere
1159 5049 1492 5106 sublimari.
1522 5051 1768 5121 Videris,

101 5143 272 5196 Pater
298 5140 780 5212 prudentissime,
809 5157 884 5196 ne
913 5142 992 5196 sis
1023 5141 1159 5213 plus
1190 5158 1364 5213 aequo
1389 5142 1607 5212 justus,
1661 5158 1770 5198 nec

42 5213 46 5226 ’
103 5245 139 5286 a
167 5231 391 5285 sanctis
414 5231 944 5287 consacerdotibus
975 5231 1089 5287 tuis
1114 5247 1433 5304 perperam
1454 5231 1767 5288 dissideas.

177 5320 373 5374 Insani
413 5335 637 5376 nomen
666 5336 852 5376 sanus
883 5321 1046 5386 feret,
1081 5336 1292 5392 aequus
1322 5320 1531 5393 iniqui,

173 5465 288 5534 (-17)
327 5466 434 5518 Per
457 5462 712 5522 litteram
741 5467 805 5522 Ο.
851 5465 1122 5522 Odonem
1153 5464 1271 5535 (alii
1305 5465 1508 5521 forsan
1541 5464 1770 5520 Odolri-

104 5552 240 5610 cum
269 5535 758 5610 Aurelianensem
789 5539 1161 5610 episcopum)
1186 5536 1569 5603 intelligimus
1601 5556 1612 5606 ;
1665 5554 1772 5610 per

102 5606 451 5680 litteram_H.
485 5607 757 5680 reginam
799 5606 1244 5674 Constantiam;
1303 5613 1550 5680 uterque
1608 5606 1767 5663 enim

102 5676 542 5761 adversabatur
575 5678 1192 5761 Fulberto,‘q_uod‘hic
1203 5685 1414 5761 partes
1437 5676 1767 5761 susciperet

99 5748 353 5818 Henrici,
379 5753 527 5806 natu
556 5749 804 5820 majoris
982 5748 1234 5807 Robertf
1272 5751 1428 5821 regis
1476 5748 1765 5807 adversus

1673 263 2048 329 samem.

3467 262 3577 336 ιιι

1981 387 2139 444 Ultra
2167 403 2356 460 quam
2387 386 2529 443 satis
2553 390 2663 454 est,
2696 385 2978 444 virtutem
3003 385 3054 442 si
3091 388 3257 458 petat
3281 385 3500 458 ipsam.

1906 464 1910 468 ”
1979 477 2274 533 Invidiam
2300 477 2487 532 nimio
2518 476 2680 531 cultu
2717 475 2898 531 vitare
2930 481 3234 548 memento

1975 568 2114 630 Quae
2149 567 2194 622 si
2224 583 2347 624 non
2365 566 2546 636 lasdit,
2573 570 2776 622 tamen
2796 566 2951 624 hanc
2979 565 3225 628 suﬂerre
3250 565 3573 622 molestum

1905 659 2012 712 est.

1972 744 2138 802 Adsit
2187 745 2293 800 tibi
2345 744 2410 800 in
2439 743 2723 800 omnibus
2773 743 2980 815 magni
3023 742 3254 806 consilii
3298 743 3571 814 angelus.

1903 834 2036 890 Mihi
2065 851 2308 907 quoque
2333 834 2557 890 tribuat
2586 834 2784 890 videre
2816 835 3033 892 faciam
3066 839 3230 892 tuam
3270 834 3574 891 desidera-

1901 924 2220 980 tissimam.
2267 925 2322 981 Si
2353 925 2494 997 quid
2553 925 2700 980 forte
2740 925 3015 980 insolenti
3077 941 3322 979 susurro
3377 928 3574 980 tecum

1901 1028 2040 1082 ago,
2075 1013 2330 1080 facilem,
2365 1029 2595 1084 quasso,
2629 1012 2794 1085 apud
2837 1018 2891 1068 te
2934 1013 3123 1068 veniae
3172 1013 3374 1068 locum
3419 1013 3572 1068 obti-

1901 1118 2100 1169 neam,
2131 1119 2269 1160 cum
2300 1102 2538 1172 magnis
2588 1119 2661 1158 ex
2715 1107 2999 1174 prompta
3047 1101 3331 1160 ﬁdelitate
3384 1119 3572 1175 quam

1900 1191 2182 1264 improba
2213 1192 2538 1248 temeritate
2566 1192 2964 1264 peccaverim.

2262 1301 2602 1356 EPISTOLA
2657 1301 2740 1355 cx
2799 1300 2962 1369 [olim
3031 1299 3210 1366 cvu].

2403 1388 2594 1458 (Circa
2623 1404 2854 1444 annum
2885 1389 3063 1459 1027).

1973 1481 2207 1535 Certum
2243 1483 2331 1535 est
2352 1479 2636 1536 omnibus
2666 1479 2770 1552 qui
2818 1479 3215 1534 fundamenta
3264 1475 3570 1532 catholicae

1897 1568 2168 1640 puritatis
2196 1572 2513 1638 noverunt,
2549 1568 2726 1624 totius
2780 1569 3051 1624 Ecclesiae
3105 1567 3462 1623 soliditatem
3507 1567 3567 1622 in

1898 1673 2047 1728 pace
2074 1657 2416 1726 consistere,
2447 1663 2504 1713 et
2544 1659 2785 1727 signum
2831 1658 3042 1715 Christi
3085 1656 3481 1728 discipulatus
3507 1655 3569 1710 in

1826 1751 1868 1808 Β
1896 1746 2229 1802 dilectione.
2260 1751 2408 1802 Nam
2435 1747 2586 1803 sicut
2604 1747 2665 1802 in
2685 1747 3005 1816 Evangelio
3035 1747 3353 1802 Dominum
3377 1745 3565 1802 dixis-

1897 1851 1958 1890 se
1991 1835 2246 1904 legimus
2281 1854 2292 1891 :
2323 1837 2542 1893 Pacem
2574 1839 2848 1909 relinquo
2882 1837 3063 1906 vobis,
3116 1853 3326 1906 pacem
3374 1851 3566 1892 meam

1896 1926 1972 1980 do
2029 1925 2189 1981 vobis
2255 1926 2453 1994 (Joan.
2478 1943 2600 1995 xxv,
2632 1928 2725 1997 27)
2754 1944 2768 1994 ;
2825 1931 2882 1981 et
2929 1926 3144 1982 iterum
3179 1943 3192 1980 :
3227 1928 3300 1982 In
3332 1925 3441 1980 hoc
3471 1941 3567 1981 co-

1897 2022 2182 2085 gnoscent
2213 2031 2410 2071 omnes
2443 2017 2584 2088 quia
2613 2019 2730 2071 mei
2758 2018 2894 2072 estis
2925 2017 3230 2085 discipuli,
3285 2017 3338 2071 si
3382 2016 3570 2071 delec-

1898 2107 2180 2160 tationem
2227 2105 2558 2161 habueritis
2589 2107 2670 2161 ad
2718 2107 2969 2162 invicem
3018 2108 3214 2175 (Joan.
3259 2122 3380 2173 xm,
3431 2109 3564 2176 35);

1896 2194 2084 2266 liquet
2112 2211 2254 2263 ergo
2284 2195 2591 2251 neminem
2621 2195 2745 2250 fore
2784 2196 2993 2252 Christi
3025 2195 3411 2268 discipulum,
3452 2196 3569 2250 nisi

1898 2284 2072 2354 signo
2128 2285 2459 2340 dilectionis
2497 2300 2568 2340 ac
2613 2284 2780 2356 pacis
2826 2284 2998 2340 fuerit
3050 2284 3387 2353 insignitus.
3449 2287 3568 2339 Hoc

1901 2391 2036 2429 vero
2088 2375 2467 2446 signaculum
2523 2391 2649 2430 non
2696 2374 3064 2447 adipiscitur.
3118 2375 3233 2429 nisi
3277 2375 3356 2429 ab
3403 2374 3474 2431 iis
3505 2375 3567 2432 in

1896 2464 2121 2535 quibus
2154 2464 2329 2518 fuerit
2351 2463 2530 2519 initas
2560 2463 2956 2519 voluntatum.
3008 2464 3208 2519 Unitas
3234 2468 3437 2520 autem
3466 2479 3568 2518 vo-

1895 2551 2197 2608 luntatum
2227 2553 2476 2608 inveniri
2499 2568 2620 2607 non
2648 2556 2865 2623 potest,
2897 2553 3011 2608 nisi
3038 2553 3098 2607 in
3130 2552 3222 2608 his
3250 2552 3356 2624 qui
3387 2569 3567 2608 suum

1895 2641 2044 2696 velle
2099 2646 2156 2696 et
2211 2641 2368 2696 nolle
2413 2641 2475 2696 in
2524 2641 2702 2696 unius
2737 2641 3042 2713 praepositi
3082 2641 3312 2712 judicio
3351 2641 3565 2700 consti-

1895 2734 2088 2785 tuunt.
2147 2730 2311 2785 Unde
2362 2735 2418 2784 et
2465 2733 2674 2784 auctor
2716 2729 2882 2801 pacis
2932 2729 3167 2784 nullum
3198 2729 3473 2784 ordinem
3502 2729 3564 2785 in

1897 2819 2155 2874 Ecclesia
2185 2819 2309 2874 sine
2339 2817 2568 2890 praelati
2594 2818 2881 2888 regimine
2911 2819 3278 2890 relinquens,
3304 2834 3414 2891 pro
3444 2835 3566 2874 cer-

1897 2912 1956 2963 to
1985 2907 2250 2962 insinuat
2280 2907 2446 2962 nulla
2471 2907 2589 2962 alia
2615 2907 2843 2962 ratione
2872 2907 3249 2977 fragilitatem
3278 2909 3564 2963 humana:

1894 2997 2196 3054 labilitatis
2222 2998 2298 3053 ad
2330 2998 2619 3053 unitatem
2667 2996 2907 3070 spiritus
2958 3013 3136 3070 posse
3183 2998 3392 3067 redigi,
3441 2998 3564 3053 sive

1819 3108 1860 3164 ε
1895 3088 1955 3143 in
1982 3104 2130 3160 pace
2161 3088 2522 3144 conservari.
2557 3091 2749 3153 Quare
2776 3104 2888 3143 nos
2914 3089 3092 3161 pauci
3115 3088 3322 3144 fratres
3363 3088 3423 3143 in
3445 3104 3563 3144 caa-

1897 3179 2102 3249 nobio,
2136 3179 2228 3234 cui
2263 3178 2421 3235 Cella
2454 3178 2674 3234 Boboni
2707 3195 2953 3246 nomen,
3005 3182 3062 3234 et
3093 3181 3211 3235 Deo
3241 3195 3350 3251 pro
3385 3195 3566 3252 posse

1895 3270 2279 3339 famulantes,
2327 3269 2472 3342 quia
2528 3269 2837 3325 vinculum
2873 3271 3039 3343 pacis
3087 3273 3145 3325 et
3183 3270 3565 3339 signaculum

1895 3360 2250 3416 Christranse
2296 3359 2629 3431 disciplinae
2684 3351 3065 3415 dilectionem
3118 3375 3226 3431 per
3272 3361 3564 3415 unitatem

1893 3451 2090 3506 cordis
2117 3450 2209 3505 vel
2241 3450 2458 3505 animae
2489 3449 2797 3521 possidere
2827 3449 3130 3521 cupimus,
3159 3453 3296 3520 post
3325 3449 3561 3505 obitum

1891 3540 2121 3595 domini
2154 3539 2351 3594 Garini
2392 3538 2630 3594 abbatis
2679 3538 2784 3592 viri
2816 3537 3073 3609 religiosi
3125 3537 3417 3606 elegimus
3451 3538 3565 3594 fra-

1890 3629 2040 3680 trem
2064 3626 2397 3697 quemdam
2426 3641 2664 3681 morum
2696 3626 2991 3697 probitate
3014 3631 3296 3682 ornatum
3321 3629 3564 3683 Bernar-

1887 3711 2056 3778 dum,
2089 3729 2273 3785 quem
2304 3713 2480 3768 nobis
2507 3713 2635 3768 vice
2683 3714 2866 3768 Patris
2908 3730 3167 3786 praeesse
3227 3714 3510 3769 volumus
3543 3733 3557 3783 ;

1887 3807 1944 3857 et
1962 3802 2022 3858 in
2049 3803 2394 3858 deﬁnitione
2421 3803 2551 3874 ejus
2574 3805 3003 3859 sententiarum
3029 3809 3373 3860 nostrarum
3401 3804 3559 3860 uniri

1886 3890 2314 3957 diversitatem,
2348 3908 2422 3946 ne
2448 3891 2683 3947 diversa
2711 3895 3053 3961 sentientes,
3087 3909 3124 3948 a
3153 3893 3368 3950 Christi
3413 3893 3560 3949 doc-

1887 3979 2042 4035 trina
2070 3981 2448 4037 inveniamur
2476 3981 2758 4037 extranei.
2817 3985 2990 4038 Facta
3039 3988 3127 4037 est
3175 3987 3378 4038 autem
3408 3983 3557 4039 elec-

1888 4069 1968 4125 tio
1999 4068 2110 4130 ista
2157 4070 2406 4125 consilio
2451 4075 2630 4142 atque
2682 4072 3033 4126 auctoritate
3084 4071 3294 4127 domni
3321 4071 3558 4128 abbatis

1888 4159 2120 4229 Majoris
2149 4160 2482 4215 Monasterii
2509 4166 2644 4233 post
2691 4177 3003 4216 excessum
3056 4160 3298 4232 gloriosi
3347 4161 3564 4234 princi-

1886 4248 1979 4320 pis
2013 4249 2258 4317 Odonis,
2291 4266 2326 4305 a
2349 4266 2472 4322 quo
2498 4250 2679 4321 hujus
2707 4250 2791 4305 rei
2822 4267 3030 4306 curam
3059 4256 3422 4322 susceperat.
3447 4250 3559 4315 Qui

1888 4337 2004 4393 hoc
2031 4339 2091 4392 in
2119 4343 2415 4396 conventu
2446 4339 2889 4395 monachorum
2916 4339 3031 4394 ritu
3053 4339 3272 4394 celebri
3293 4343 3554 4410 peracto,

1887 4426 2101 4482 obtulit
2129 4428 2308 4482 etiam
2341 4428 2580 4483 fratrem
2628 4428 2982 4499 praedictum
3031 4427 3440 4482 nobillissimaa
3486 4427 3553 4482 H.

1887 4516 2223 4581 comitissaa,
2253 4516 2365 4571 sub
2396 4517 2568 4586 cujus
2597 4516 2822 4571 ditione
2851 4517 3017 4571 locus
3040 4515 3166 4586 ipse
3197 4515 3476 4581 constitit,
3500 4521 3558 4570 et

1887 4606 2190 4678 Stephano
2221 4605 2421 4659 comiti
2449 4605 2579 4674 ejus
2611 4605 2754 4671 ﬁlio,
2801 4621 2835 4660 a
2885 4605 3107 4677 quibus
3157 4605 3410 4659 domum
3464 4621 3554 4660 re-

1884 4711 2020 4749 rum
2075 4694 2494 4766 temporalium
2539 4694 2618 4749 ad
2661 4692 2822 4748 idem
2876 4694 3300 4765 pertinentium
3351 4711 3554 4750 coeno-

1883 4783 2053 4839 bium
2082 4783 2362 4855 suscepit.
2400 4783 2619 4838 Dehinc
2649 4798 2790 4837 vero
2824 4783 3032 4838 statuit
3055 4799 3194 4837 eum
3221 4783 3549 4838 venerabili

1883 4871 2701 4938 Mainardo,Trecassinorum
2732 4871 3173 4944 praesuli,cujus
3200 4870 3557 4927 ecclesiasti-

1882 4977 1954 5018 ca
1984 4962 2330 5017 auctoritate
2375 4961 2724 5016 electionem
2773 4961 3128 5032 hujusmodi
3174 4960 3553 5016 corroborari

1881 5051 2145 5124 oportuit
2165 5055 2342 5122 atque
2365 5051 2443 5106 ab
2458 5051 2590 5122 ipso
2605 5051 2946 5106 animarum
2966 5066 3174 5105 curam
3193 5049 3552 5121 suscipi,nec

1881 5155 2005 5195 non
2057 5140 2294 5196 abbatis
2342 5140 2824 5196 benedictionem
2869 5139 3205 5194 secundum
3237 5138 3553 5194 institutio-

1882 5246 2022 5284 nem
2041 5233 2280 5286 Patrum
2307 5229 2612 5285 celebrari.
2639 5230 2811 5294 Quod
2846 5229 2971 5300 ipse
2993 5227 3421 5298 benignissime
3450 5244 3552 5284 an-

1881 5320 2028 5385 nuit,
2053 5325 2109 5375 et
2141 5320 2366 5388 omnia,
2384 5324 2563 5393 prout
2577 5336 2710 5373 mos
2726 5318 3064 5392 expostulat
3084 5318 3543 5386 ecclesiasticus,

1883 5463 2203 5520 Robertum
2234 5468 2380 5518 natu
2428 5461 2723 5532 majorem
2770 5477 2950 5533 quem
2983 5460 3216 5531 mulier,
3271 5460 3548 5517 muliebri

1879 5535 2302 5608 prepensione,
2346 5533 2702 5608 posthabita
2737 5533 2926 5589 (etatis
2977 5533 3393 5607 prz-erogativa,
3452 5549 3548 5590 cu-

1879 5605 2079 5680 piebat
2109 5607 2169 5660 in
2188 5623 2406 5680 regem
2433 5605 2707 5680 coronari

1953 5683 2058 5750 (48)
2100 5678 2315 5734 Gallice
2339 5679 2421 5733 sic
2450 5678 2569 5732 fere
2601 5696 2613 5732 :
2642 5693 2703 5733 se
2715 5683 2928 5746 porter
2954 5694 3178 5734 comme
3207 5693 3290 5732 un
3322 5677 3432 5731 rei.
