3952 6382
453 267 558 321 255

1527 260 1584 317 S.
1626 259 1965 316 FULBERTI
2005 255 2486 316 CARNOTENSIS
2527 257 2838 315 EPISCOPI

3804 252 3899 306 256

454 391 659 460 utpote
688 386 779 441 vir
807 385 1312 458 prudentissimus
1341 387 1521 457 atque
1547 384 1879 440 eruditione
1901 383 2118 452 clarus,
2157 387 2205 440 Α
2229 384 2429 454 fugite
2457 383 2521 438 in
2547 384 2733 439 aliam
2765 379 3005 452 (Matth.
3035 395 3094 446 x,
3125 377 3236 450 23).
3267 380 3334 434 Et
3361 394 3376 433 :
3411 376 3526 446 Qui
3573 381 3629 432 te
3665 391 3903 445 percus-

457 476 796 550 complevit.

837 566 1171 621 EPISTOLA
1211 567 1316 621 CXI
1352 565 1518 635 [olim
1542 565 1746 635 CVIII].

958 652 1150 724 (Circa
1174 669 1404 709 annum
1439 657 1619 721 1027).

533 744 800 800 0dilonis
831 743 1244 798 Cluniacensis
1283 743 1518 798 abbatis
1557 742 1638 798 ad
1677 741 2052 798 Fulbertum.

461 834 620 907 (Vide
679 831 1025 903 Patrologiae
1085 837 1230 888 tom.
1293 835 1490 900 CXLII,
1543 831 1694 888 inter
1741 830 2025 904 epistolas
2067 831 2122 887 S.

1137 920 1449 989 Odilonis).

1018 1011 1260 1066 EPISTO
1270 1012 1357 1065 LA
1398 1012 1552 1066 CXII.

535 1116 797 1156 FULBERTI
849 1115 1218 1155 CARNOTENSIS
1264 1115 1509 1154 EPISCOPI
1555 1117 1627 1154 AD
1662 1113 2053 1154 HILDEGARIUM.

701 1191 787 1245 De
810 1189 1096 1258 episcopis
1119 1188 1200 1243 ad
1231 1188 1387 1244 bella
1413 1188 1894 1257 procedentibus.

458 1282 768 1353 (Murem-3,
834 1279 1170 1334 Thesaurus
1223 1278 1690 1347 Anecdotorum,
1740 1280 1884 1332 tom.
1936 1280 1977 1343 Ι,
2013 1275 2126 1332 col.

727 1372 848 1435 150,
882 1384 974 1423 ex.
1002 1384 1114 1422 ms.
1153 1369 1207 1423 S.
1244 1367 1492 1436 Remigii
1525 1366 1877 1437 Remensis).

531 1462 873 1527 FULBERTUS,
900 1457 1355 1513 Carnotensium
1379 1457 1700 1530 episcopus
1723 1454 1989 1522 humilis,
2009 1457 2132 1510 Hii.-

459 1563 696 1604 necsmo
728 1546 895 1602 fratri
921 1545 1194 1602 salutem.

534 1641 922 1694 Decreveram
971 1635 1219 1708 quidem
1270 1634 1394 1699 tibi,
1448 1635 1584 1690 licet
1640 1635 1859 1707 saepius
1888 1633 2130 1708 petenti,

2231 473 2371 528 serit
2397 473 2460 527 in
2487 472 2763 528 dextram
2791 469 3132 538 maxillam,
3155 465 3358 537 praebe
3405 465 3504 521 illi
3550 470 3606 520 et
3643 465 3902 521 alteram

2235 561 2470 630 (Matth.
2504 577 2562 627 v,
2595 561 2706 630 39).
2743 561 2810 614 Et
2837 575 2849 613 :
2887 558 3000 625 Qui
3030 557 3160 613 vult
3188 560 3380 612 tecum
3401 554 3639 624 judicio
3667 559 3906 609 conten-

2233 650 2392 717 dere,
2423 655 2477 706 et
2503 651 2772 705 tunicam
2795 653 2961 704 tuam
2994 645 3466 716 tollere,remitte
3491 644 3545 700 ei
3563 649 3616 699 et
3641 643 3907 712 pallium

2234 738 2290 810 (Ι
2292 739 2434 807 bid.,
2461 741 2575 806 40).
2609 740 2675 792 Et
2694 737 2911 793 iterum
2945 754 2958 792 :
2993 735 3065 790 In
3087 734 3390 804 patientia
3420 737 3619 788 vestra
3646 731 3908 800 posside-

2236 832 2371 886 bitis
2399 834 2635 888 animas
2660 835 2889 886 vestras
2941 829 3102 898 (Luc.
3130 843 3253 896 xxx,
3290 829 3398 893 19).
3461 825 3696 882 Scimus
3749 822 3903 878 enim

2233 919 2338 993 qui
2367 919 2515 975 dixit
2543 937 2556 974 :
2591 919 2745 974 Mihi
2771 917 3096 974 vindictam
3119 920 3172 971 et
3199 930 3303 985 ego
3328 913 3662 970 retribuam
3711 913 3903 981 (Rom.

2233 1025 2338 1076 xu,
2374 1010 2481 1079 19).
2513 1011 2577 1063 In
2606 1006 2789 1064 veteri
2821 1006 3224 1062 instrumento
3253 1001 3521 1059 oratione
3563 999 3752 1074 Moysi
3806 999 3907 1054 ho-

2236 1098 2430 1155 stilem
2454 1099 2782 1154 exercitum
2812 1095 3091 1152 vincebat
3133 1093 3330 1163 Israel,
3383 1096 3491 1148 etc.
3521 1110 3536 1160 ;
3585 1088 3908 1155 contrario,

2237 1205 2456 1244 manus
2487 1187 2588 1244 illo
2627 1187 2981 1250 remittente,
3029 1183 3304 1241 hostibus
3361 1181 3613 1239 cedebat
3659 1178 3911 1235 victoria

2239 1279 2456 1349 (Exod.
2490 1294 2626 1343 xvu,
2661 1278 2766 1349 11).
2821 1275 2986 1333 Unde
3039 1273 3315 1343 colligere
3363 1286 3689 1346 possumus
3747 1266 3914 1342 quod

2238 1367 2454 1424 melius
2485 1366 2772 1440 patientia
2797 1369 2854 1422 et
2882 1363 3151 1420 oratione
3177 1361 3543 1435 praeliamur,
3574 1375 3771 1432 quam
3791 1357 3911 1427 gla-

2240 1456 2353 1512 diis
2383 1461 2440 1513 et
2467 1455 2880 1512 seditionibus.
2901 1459 3029 1527 Ipse
3046 1468 3291 1526 quoque
3313 1451 3600 1520 magister
3620 1446 3910 1508 veritatis,

2242 1549 2414 1619 cujus
2440 1545 2689 1616 vestigia
2721 1543 2892 1618 sequi
2922 1543 3238 1608 debemus,
3274 1540 3430 1596 sicut
3455 1543 3716 1595 Joannes
3776 1551 3913 1609 apo-

2245 1637 2429 1692 stolus
2459 1635 2664 1692 scribit
2696 1653 2709 1690 :
2745 1635 2861 1702 Qui
2888 1634 3032 1689 dicit
3064 1648 3124 1688 se
3152 1633 3214 1687 in
3248 1631 3489 1688 Christo
3532 1642 3785 1685 manere
3831 1627 3915 1681 de-

457 1743 849 1800 nequaquam
903 1725 1180 1793 scribere,
1236 1741 1358 1780 non
1415 1724 1581 1796 quod
1663 1723 1965 1780 dilectioni
2017 1727 2133 1778 tum
2172 1739 2214 1794 Β
2247 1728 2336 1783 bet
2367 1728 2520 1782 sicut
2552 1727 2660 1782 ille
2681 1725 3016 1782 ambulavit
3045 1728 3099 1778 et
3126 1723 3254 1790 ipse
3284 1720 3597 1776 ambulare
3639 1719 3698 1789 (Ι
3739 1719 3908 1772 Joan.

456 1815 797 1889 quidquam
827 1813 922 1869 vel
951 1830 1090 1869 cum
1117 1829 1253 1868 meo
1283 1812 1518 1885 pudore
1545 1828 1765 1882 negare
1797 1811 2131 1877 debuerim,

462 1907 585 1961 imo
614 1920 723 1960 nec
754 1903 1012 1958 debeam
1046 1921 1058 1969 ;
1093 1902 1197 1958 sed
1227 1903 1395 1975 quod
1426 1902 1757 1958 consultius
1797 1900 2136 1957 arbitrabar

462 1993 682 2062 lingua:
708 1991 962 2062 januam
993 1989 1296 2057 obserare,
1330 2006 1518 2062 quam
1550 2007 1622 2046 ea
1653 1990 1712 2046 in
1753 1990 1950 2046 lucem
1995 2004 2134 2061 pro-

463 2079 617 2135 ferre
644 2096 780 2151 quae
811 2079 1118 2133 incurrant
1171 2078 1498 2134 multorum
1550 2079 1868 2134 offensam.
1914 2077 2136 2133 Idcirco

464 2170 757 2224 hactenus
787 2165 951 2238 apud
991 2170 1045 2221 te
1077 2171 1278 2222 mutus
1320 2167 1424 2234 fui,
1469 2168 1636 2239 quod
1668 2168 2136 2223 obtrectatorum

465 2256 757 2312 invidiam
816 2260 1023 2311 contra
1081 2272 1177 2311 me
1235 2272 1563 2328 provocare
1619 2256 1924 2312 nolebam.
2005 2255 2137 2311 Scio

467 2345 693 2418 quippe
720 2360 843 2399 non
874 2344 1204 2413 defuturos,
1251 2345 1354 2418 qui
1401 2345 1529 2400 haec
1587 2363 1723 2418 quae
1774 2345 1987 2401 dicturi
2045 2362 2140 2401 su-

469 2451 626 2504 mus,
658 2433 835 2506 quasi
882 2434 1296 2490 inclementius
1351 2435 1510 2491 dicta
1554 2437 1612 2491 in
1663 2453 1834 2492 suam
1882 2435 2141 2492 referant

469 2524 916 2581 contumeliam.
949 2527 1163 2581 Verum
1195 2525 1340 2598 quia
1361 2525 1731 2582 obstinacius
1755 2525 1816 2582 in
1839 2525 2139 2599 pulsando

469 2613 756 2688 persistis,
790 2618 847 2669 et
874 2613 1077 2670 litteris
1109 2614 1330 2670 crebris
1357 2615 1772 2688 importunum
1804 2621 1858 2672 te
1898 2615 2139 2671 exhibe-

467 2719 531 2759 re
564 2719 684 2758 non
716 2701 941 2758 desinis
981 2703 1249 2776 aperiam
1300 2703 1402 2759 tibi
1463 2709 1642 2777 prout
1696 2704 1948 2777 Spiritus
2000 2719 2138 2758 san-

469 2797 601 2849 ctus
631 2791 909 2847 annuerit
938 2808 1074 2864 quae
1123 2793 1432 2865 postulas;
1478 2793 1600 2848 imo
1664 2809 1737 2848 ea
1781 2793 1911 2866 ipsa
1958 2792 2142 2848 revol-

467 2896 608 2936 vam
663 2897 799 2952 quze
857 2885 1205 2936 sanctorum
1268 2884 1508 2937 Patrum
1569 2883 1766 2937 sanxit
1795 2881 2138 2948 auctoritas,

469 2986 734 3040 quorum
760 2969 953 3025 dictus
984 2969 1292 3042 refragari,
1342 2971 1652 3027 veritatem
1705 2987 1986 3044 respuere
2033 2974 2138 3026 est.

543 3057 957 3150 Quaerisquid
989 3058 1245 3150 sentiam
1295 3059 1718 3150 demepiscopis
1777 3061 1899 3134 qui,
1945 3066 2144 3134 spreta
2176 3095 2216 3150 Ο

471 3145 885 3202 ecclesiasticae
915 3146 1084 3219 pacis
1117 3148 1559 3220 tranquillitate,
1609 3149 1932 3205 seditiones
1980 3165 2142 3222 quee-

470 3241 630 3304 runt,
688 3235 846 3292 bella
897 3238 1244 3292 sectantur?
1293 3240 1446 3295 Sane
1500 3255 1892 3312 nequaquam
1947 3239 2142 3296 audeo

469 3326 603 3381 illos
637 3325 956 3398 episcopos
982 3325 1316 3397 nominare,
1357 3344 1432 3383 ne
1463 3328 1742 3397 religioso
1790 3329 2020 3384 nomini
2052 3329 2142 3384 in-

464 3415 689 3486 juriam
717 3414 955 3470 faciam.
1015 3419 1324 3487 Tyrannos
1373 3417 1573 3489 potius
1637 3417 1980 3490 appellabo,
2040 3417 2144 3490 qui

468 3503 696 3559 bellicis
723 3504 999 3575 occupati
1031 3505 1308 3574 negotiis,
1342 3505 1530 3561 multo
1561 3507 1759 3579 stipati
1790 3507 1950 3562 latus
1983 3507 2142 3562 mili-

470 3598 548 3663 te,
582 3592 896 3648 solidarios
936 3593 1122 3665 pretio
1174 3595 1538 3660 conducunt,
1586 3601 1650 3651 ut
1697 3596 1895 3651 nullos
1947 3596 2144 3652 saeculi

469 3698 640 3753 reges
673 3689 776 3738 aut
797 3683 1097 3756 principes
1124 3684 1395 3740 noverim
1419 3685 1572 3741 adeo
1605 3686 1922 3742 instructos
1955 3686 2142 3741 bello-

469 3789 608 3828 rum
636 3772 891 3841 legibus,
927 3777 1113 3828 totam
1145 3790 1453 3829 armorum
1481 3773 1863 3847 disciplinam
1911 3775 1972 3829 in
2002 3791 2142 3846 pro-

471 3861 671 3917 cinctu
711 3861 932 3916 militiaa
965 3879 1222 3924 servare.
1277 3863 1545 3932 digerere
1595 3871 1846 3930 turmas,
1903 3863 2144 3919 ordines

472 3965 835 4021 componere
891 3951 970 4006 ad
1029 3951 1392 4007 turbandam
1475 3953 1746 4009 Ecclesiae
1803 3969 2037 4025 pacem,
2088 3957 2145 4008 et

473 4037 969 4108 Christianorum,
1024 4038 1156 4094 licet
1198 4040 1483 4108 hostium,
1539 4041 1896 4110 sanguinem
1949 4040 2142 4096 effun-

471 4127 762 4183 dendum.
799 4128 1027 4192 Quibus
1057 4129 1104 4183 si
1134 4129 1208 4184 de
1240 4131 1332 4186 his
1380 4131 1614 4186 dudum
1663 4132 1742 4187 ab
1791 4131 2142 4188 orthodoxis

470 4216 742 4272 Patribus
763 4219 1000 4290 prolata
1031 4219 1373 4275 testimonia
1403 4220 1692 4292 proferas,
1722 4221 1854 4276 illos
1886 4237 2008 4276 non
2048 4237 2145 4277 ar-

470 4305 610 4371 mis,
636 4306 740 4360 sed
773 4306 1185 4363 ecclesiasticae
1232 4309 1365 4381 paci
1409 4310 1628 4366 debere
1674 4327 1808 4366 esse
1862 4312 2142 4377 intentos,

468 4409 594 4449 non
625 4394 871 4450 excedia
925 4396 1275 4466 viventium,
1330 4397 1433 4453 sed
1488 4399 1756 4468 regimen
1809 4399 2146 4472 suscepisse

467 4483 833 4549 animarum,
862 4485 1061 4541 statim
1091 4487 1472 4558 prietendunt
1508 4488 1751 4558 justitiae
1803 4505 2039 4555 causas,
2085 4505 2148 4544 se

467 4572 683 4628 invitos
705 4589 876 4628 arma
909 4575 1235 4646 suscipere,
1267 4576 1534 4632 hostium
1568 4582 1841 4632 catervas
1887 4578 1962 4632 de
1993 4575 2147 4632 collo

467 4661 754 4734 pendere,
803 4661 1116 4718 imminere
1148 4665 1481 4720 cervicibus
1531 4665 1785 4736 gladios,
1810 4665 2147 4721 libertatem

469 4767 532 4805 se
562 4767 831 4823 quaerere
871 4753 1055 4808 armis
1099 4769 1287 4825 quam
1335 4770 1485 4826 pace
1535 4755 1802 4811 obtinere
1857 4771 1978 4810 non
2006 4771 2146 4826 pos-

471 4843 628 4894 sunt.
661 4841 855 4904 Quare
882 4856 1004 4896 non
1036 4841 1231 4910 magis
1283 4841 1620 4898 secundum
1661 4843 2018 4914 Apostolum
2055 4843 2146 4897 in-

464 4928 690 5000 juriam
719 4930 1012 4986 sustinent
1041 4931 1067 4986 ‘?
1097 4947 1287 5002 quare
1320 4946 1444 4986 non
1476 4932 1671 5002 magis
1719 4931 1993 4987 fraudem
2044 4949 2149 5005 pa-

468 5018 739 5074 tiuntur?
766 5020 959 5075 Arma
989 5020 1145 5076 enim
1177 5022 1428 5076 malitiae
1454 5027 1675 5077 nostrae
1706 5038 1824 5077 non
1866 5023 2147 5078 carnalia

469 5114 608 5162 sunt
635 5124 658 5177 ,'
681 5110 787 5164 sed
809 5111 1082 5178 potentia
1112 5111 1234 5165 Deo
1277 5110 1358 5164 ad
1383 5110 1820 5167 desructionem
1863 5113 2147 5167 munitio-

470 5210 638 5262 num,
668 5197 1120 5266 cogitatatioues
1146 5198 1537 5267 destruentes,
1572 5205 1623 5253 et
1656 5215 1885 5255 omnem
1933 5201 2148 5256 altitu-

473 5282 672 5336 dinem
703 5287 1080 5343 extollentem
1131 5303 1192 5344 se
1239 5288 1525 5344 adversus
1573 5290 1881 5345 scientiam
1929 5291 2041 5345 Dei
2063 5290 2156 5357 (II

477 5368 614 5423 Cor.
644 5385 703 5435 x,
733 5374 788 5440 4,
819 5377 894 5433 5).
928 5377 1310 5433 Orationibus
1348 5377 1646 5450 siquidem
1696 5378 1916 5435 instare
1964 5379 2147 5435 debe-

477 5461 630 5526 rent,
663 5463 719 5512 et
743 5461 907 5516 Pauli
950 5467 1197 5522 consilio
1255 5468 1635 5541 acquiescere
1685 5469 1936 5525 dicentis
1972 5471 2147 5526 :Non

480 5548 860 5614 vosmetipsos
899 5551 1298 5623 defendentes,
1339 5558 1698 5625 charissimi,
1755 5560 1857 5615 sed
1902 5561 2040 5616 date
2070 5561 2152 5615 l0-

481 5649 618 5720 cum
641 5633 759 5720 irte
790 5635 974 5703 (Rom.
1008 5656 1109 5706 xu,
1148 5648 1253 5712 19).
1286 5648 1351 5700 Et
1377 5648 1666 5703 Dominus
1709 5647 1787 5704 ad
1818 5647 2151 5720 discipulos

482 5719 750 5792 loquitur
781 5739 794 5777 :
827 5723 893 5780 Si
917 5741 1016 5782 vos
1037 5735 1336 5796 persecuti
1362 5736 1592 5802 fuerint
1632 5740 1696 5793 in
1743 5719 1994 5795 civitate
2011 5739 2149 5805 ista,

2244 1833 2280 1870 ιι
2309 1818 2382 1886 6).
2407 1831 2547 1871 cum
2567 1812 2968 1885 justissimam
3004 1810 3252 1866 haberet
3280 1824 3554 1873 causam,
3588 1823 3704 1862 nec
3734 1805 3912 1861 mino-

2245 1922 2371 1961 rem
2397 1908 2751 1978 potestatem
2775 1917 2916 1957 suos
2947 1897 3313 1954 fulminandi
3335 1896 3746 1962 adversarios,
3782 1894 3913 1950 sicut

2244 1994 2371 2067 ipse
2401 1997 2538 2049 ante
2568 1991 2915 2064 passionem
2942 2004 3116 2044 suam
3146 1989 3510 2060 protestatus
3556 1988 3648 2039 est
3687 1983 3911 2046 dicens,

2245 2081 2513 2138 exhiberi
2545 2079 2656 2135 sibi
2688 2095 2724 2135 a
2749 2081 2936 2146 Patre,
2969 2076 3015 2132 si
3063 2075 3260 2146 vellet,
3312 2073 3642 2147 plusquam
3691 2070 3912 2128 duode-

2247 2170 2364 2226 cim
2392 2168 2660 2238 legiones
2689 2163 3042 2236 angelorum
3092 2164 3332 2234 (Matth.
3366 2177 3527 2232 xxvr,
3589 2161 3722 2231 53);
3785 2175 3913 2215 cum

2247 2259 2424 2314 etiam
2459 2257 2538 2313 ad
2567 2255 2889 2328 imperium
2919 2254 3048 2324 ejus
3077 2257 3234 2308 totus
3263 2250 3428 2306 orbis
3479 2253 3786 2322 pugnaret
3816 2261 3912 2320 pro

2247 2362 2318 2402 eo
2341 2350 2548 2402 contra
2577 2344 2942 2413 insensatos,
2972 2341 3198 2415 quippe
3241 2339 3348 2412 qui
3386 2342 3595 2395 contra
3645 2353 3795 2393 eum
3843 2337 3914 2391 in-

2249 2439 2645 2502 surrexerant,
2679 2434 2782 2506 qui
2811 2449 2948 2490 vere
2976 2433 3266 2488 innocens
3288 2433 3432 2496 erat,
3452 2433 3509 2484 et
3533 2428 3594 2483 in
3619 2427 3802 2498 cujus
3823 2441 3912 2482 ore

2246 2541 2369 2582 non
2399 2529 2487 2581 est
2513 2524 2793 2580 inventus
2822 2521 2996 2578 dolus
3027 2522 3086 2592 (Ι
3109 2521 3272 2576 Petr.
3306 2535 3367 2589 ιι,
3398 2519 3511 2589 22),
3565 2515 3783 2572 volens
3837 2520 3912 2570 ta-

2248 2630 2385 2670 men
2416 2629 2550 2680 nos,
2567 2628 2830 2685 quorum
2847 2610 2947 2666 inti
2958 2609 3177 2666 rmitati
3197 2608 3259 2664 in
3280 2606 3565 2664 omnibus
3594 2604 3907 2672 consuluit,

2248 2704 2497 2760 invitare
2531 2701 2610 2758 ad
2639 2700 3013 2774 patientiam,
3043 2699 3259 2755 ductus
3289 2697 3368 2754 ad
3405 2696 3715 2752 victimam
3748 2693 3909 2768 quasi

2248 2791 2599 2848 mitissimus
2629 2805 2823 2860 agnus
2850 2804 2960 2844 nec
2992 2786 3228 2860 aperuit
3255 2802 3323 2842 os
3345 2801 3524 2841 suum
3549 2784 3689 2855 (Isa.
3723 2787 3908 2851 LIII,7).

2249 2886 2397 2938 Nam
2425 2897 2565 2936 cum
2588 2879 2781 2934 fidelis
2805 2877 3136 2950 discipulus
3165 2892 3277 2950 pro
3315 2875 3588 2945 Magistro
3632 2872 3908 2928 dimicare

2249 2975 2488 3044 pararet
2513 2986 2583 3025 ac
2613 2968 2842 3024 librans
2873 2983 3080 3022 ensem
3134 2981 3166 3022 e
3210 2965 3434 3036 vagina
3459 2963 3588 3035 jam
3625 2962 3688 3018 in
3714 2976 3909 3036 pugna

2250 3066 2545 3130 ageretur,
2580 3064 2646 3115 ut
2676 3059 2849 3114 sciret
2870 3074 2993 3114 non
3025 3058 3085 3113 in
3117 3055 3318 3126 gladio
3358 3053 3461 3110 sed
3507 3053 3569 3108 in
3617 3055 3741 3108 Deo
3795 3065 3904 3107 esse

2248 3152 2580 3217 victoriam,
2611 3150 2780 3207 audit
2825 3166 2861 3206 a
2899 3149 3178 3220 Magistro
3240 3165 3252 3202 :
3315 3146 3605 3202 Converte
3645 3144 3904 3214 gladium

2251 3248 2418 3297 tuum
2451 3242 2513 3296 in
2547 3241 2742 3295 locum
2771 3255 2945 3294 suum
2979 3258 2992 3295 :
3026 3253 3224 3294 omnes
3256 3237 3410 3292 enim
3443 3236 3548 3306 qui
3576 3231 3905 3302 acceperint

2249 3330 2543 3401 gladium,
2577 3330 2782 3400 gladio
2824 3328 3108 3398 peribunt
3144 3327 3382 3398 (Matth.
3417 3340 3578 3393 XXVI,
3605 3324 3717 3393 32).
3759 3317 3905 3376 Unde

2251 3425 2309 3476 et
2339 3423 2397 3475 Β.
2428 3419 2794 3490 Augustinus
2822 3418 2882 3474 in
2912 3417 3066 3474 libro
3119 3415 3525 3482 Quaestionum
3579 3411 3798 3468 Veteris
3849 3423 3906 3462 ac

2253 3510 2398 3566 Novi
2427 3508 2786 3566 Testamenti
2815 3525 2828 3563 :
2865 3530 2892 3556 «
2922 3504 3207 3580 Apostolo
3237 3507 3404 3561 Petro
3446 3517 3639 3576 usque
3685 3500 3766 3557 ad
3807 3499 3908 3554 hoc

2253 3599 2614 3671 permissum
2645 3601 2752 3667 est,
2781 3595 2946 3669 quod
2995 3593 3266 3651 dolorem
3316 3592 3552 3659 faceret,
3609 3605 3734 3645 non
3772 3584 3908 3643 occi'

2252 3687 2435 3744 deret.
2474 3711 2502 3737 ››
2561 3685 2712 3753 Quia
2759 3685 2920 3742 enim
2975 3688 3184 3740 sancta
3241 3681 3500 3738 Ecclesia
3556 3694 3680 3736 non
3743 3675 3910 3733 habet

2254 3778 2522 3848 gladium
2549 3777 2662 3832 nisi
2693 3775 3086 3849 spiritualem,
3118 3789 3228 3830 nec
3263 3771 3536 3829 occidere
3587 3769 3789 3839 debet,
3820 3763 3908 3820 sed

2254 3865 2574 3933 vivificare,
2601 3868 2850 3920 testatur
2881 3863 3154 3920 Nicolaus
3179 3877 3342 3935 papa
3365 3861 3572 3916 dicens
3605 3877 3618 3914 :
3647 3882 3673 3907 α
3710 3857 3914 3916 Sancta

2255 3955 2355 4011 Dei
2412 3955 2669 4011 Ecclesia
2734 3953 3062 4010 mundanis
3119 3967 3437 4024 nunquam
3485 3947 3912 4016 constringetur

2252 4044 2488 4115 legibus
2517 4063 2530 4112 ;
2565 4044 2835 4115 gladium
2864 4059 2988 4098 non
3018 4042 3202 4098 habet
3230 4039 3344 4097 nisi
3373 4037 3768 4112 spiritualem,
3798 4047 3906 4089 non

2253 4135 2489 4200 occidit,
2524 4134 2631 4188 sed
2656 4133 2937 4190 viviﬁcat.
2975 4156 3003 4182 »
3049 4135 3116 4188 Et
3160 4134 3218 4187 Β.
3263 4130 3661 4201 Hieronymus
3706 4127 3770 4182 in
3808 4121 3909 4195 epi-

2257 4223 2408 4279 stola
2433 4223 2513 4278 ad
2542 4222 2941 4293 Ageruchiam
2973 4239 2984 4276 :
3020 4244 3048 4270 «
3085 4219 3238 4278 Olim
3270 4217 3732 4291 praecipiebatur
3760 4208 3911 4270 reddi

2255 4311 2500 4367 oculum
2529 4327 2640 4384 pro
2667 4310 2864 4380 oculo,
2892 4311 3135 4366 dentem
3183 4324 3293 4382 pro
3341 4307 3517 4363 dente
3570 4305 3815 4377 (Matth.
3864 4315 3908 4364 ν,

2256 4405 2385 4473 38);
2445 4417 2606 4456 nunc
2660 4401 2998 4457 verberanti
3084 4398 3395 4456 maxillam
3470 4395 3814 4470 praebemus
3867 4391 3911 4443 et

2255 4491 2507 4548 alteram
2535 4491 2734 4562 (Ibid,
2791 4491 2899 4561 39).
2951 4488 3052 4545 lllo
3101 4489 3164 4544 in
3222 4493 3490 4560 tempore
3534 4481 3908 4540 bellatoribus

2256 4580 2624 4636 dicebatur:
2684 4580 3017 4649 Accingere
3069 4579 3276 4650 gladio
3334 4583 3434 4633 tuo
3499 4590 3681 4646 super
3729 4574 3912 4645 femur

2259 4677 2450 4737 tuum,
2501 4670 2912 4739 potentissime
2963 4670 3155 4740 (Psal.
3193 4685 3343 4737 κων,
3377 4668 3473 4738 4);
3532 4664 3718 4720 modo
3770 4656 3912 4718 audit

2257 4761 2509 4814 Petrus:
2547 4757 2748 4815 Conde
2789 4757 3060 4827 gladium
3119 4762 3294 4813 tuum
3351 4755 3413 4810 in
3468 4753 3758 4823 vaginam
3786 4770 3797 4806 :
3824 4742 3908 4819 qui

2259 4846 2420 4902 enim
2479 4845 2680 4915 gladio
2730 4845 3107 4918 percusserit,
3167 4843 3368 4914 gladio
3423 4840 3641 4916 peribit
3683 4834 3904 4910 (Matth.

2258 4953 2420 5002 xxvr,
2456 4937 2564 5006 32).
2598 4959 2624 4984 ››
2657 4967 2725 4975 —-
2755 4960 2780 4982 ‹‹
2821 4935 3046 4991 Debent
3075 4933 3300 5007 quippe
3331 4930 3619 5003 episcopi,
3653 4921 3906 4986 sicutisi-

2259 5025 2445 5082 dorus
2475 5025 2558 5080 ait
2581 5025 2641 5080 in
2671 5024 2824 5080 libro
2855 5025 2929 5080 de
2953 5023 3194 5091 Ofﬁciis,
3225 5020 3632 5095 principatum
3658 5020 3719 5076 in
3747 5028 3909 5093 popu-

2259 5114 2317 5170 lo
2349 5129 2471 5170 non
2503 5113 2796 5183 sanguine
2827 5112 3167 5176 defendere,
3203 5108 3312 5165 sed
3345 5109 3476 5164 vitae
3510 5108 3758 5165 meritis.
3805 5129 3828 5152 »
3857 5101 3907 5154 Εί

2261 5201 2402 5258 alibi
2437 5219 2448 5256 :
2485 5223 2512 5248 «
2544 5200 2824 5273 Episcopi
2850 5200 3107 5273 speciale
3147 5197 3414 5254 ofﬁcium
3463 5203 3553 5254 est
3598 5197 3904 5270 Scripturas

2260 5291 2478 5361 legere,
2507 5305 2856 5360 percurrere
2907 5304 3192 5356 canones,
3249 5287 3530 5361 exempla
3587 5291 3904 5343 sanctorum

2263 5377 2482 5434 imitari
2512 5375 2750 5445 vigiliis,
2777 5377 3020 5446 jejuniis
3052 5375 3424 5446 incumbere,
3459 5392 3600 5432 cum
3651 5369 3904 5430 fratribus

2261 5467 2487 5524 habere
2513 5481 2750 5538 pacem,
2783 5482 2892 5521 nec
2921 5482 3297 5539 quemquam
3351 5483 3426 5523 ex
3471 5465 3760 5522 membris
3807 5454 3902 5513 suis

2263 5556 2621 5628 discerpere,
2653 5554 2889 5610 nullum
2915 5555 3211 5613 damnare
3256 5557 3372 5612 nisi
3414 5556 3760 5631 probatum,
3796 5542 3902 5605 nlll'

2262 5647 2390 5702 lum
2425 5645 2948 5702 excommunicare
2978 5645 3090 5702 nisi
3112 5646 3478 5704 discussum.
3520 5669 3548 5698 »

2340 5733 2452 5801 Qui
2480 5733 2684 5807 itaque
2712 5733 2932 5792 talibus
2979 5734 3192 5792 officiis
3233 5753 3450 5796 vacare
3498 5735 3698 5805 debet,
3748 5740 3901 5806 quam
