  <div class='ocr_page' id='page_1' title='image "/cluster/home/n/w/nwhite01/storage/ocr_20150623/140-141/uc1.31175018559917/704.png"; bbox 0 0 3952 6386; ppageno 0'>
   <div class='ocr_carea' id='block_1_1' title="bbox 111 286 250 339">
    <p class='ocr_par' dir='ltr' id='par_1_1' title="bbox 111 286 250 339">
     <span class='ocr_line' id='line_1_1' title="bbox 111 286 250 339; baseline 0.014 -2"><span class='ocrx_word' id='word_1_1' title='bbox 111 286 250 339; x_wconf 74' lang='lat'>257</span> 
     </span>
    </p>
   </div>
   <div class='ocr_carea' id='block_1_2' title="bbox 1670 278 2046 342">
    <p class='ocr_par' dir='ltr' id='par_1_2' title="bbox 1670 278 2046 342">
     <span class='ocr_line' id='line_1_2' title="bbox 1670 278 2046 342; baseline 0.005 -2"><span class='ocrx_word' id='word_1_2' title='bbox 1670 280 1778 340; x_wconf 87' lang='lat' dir='ltr'>EPI</span> <span class='ocrx_word' id='word_1_3' title='bbox 1785 278 2046 342; x_wconf 67' lang='lat' dir='ltr'>STOLIE.</span> 
     </span>
    </p>
   </div>
   <div class='ocr_carea' id='block_1_3' title="bbox 3472 300 3581 352">
    <p class='ocr_par' dir='ltr' id='par_1_3' title="bbox 3472 300 3581 352">
     <span class='ocr_line' id='line_1_3' title="bbox 3472 300 3581 352; baseline -0.009 0"><span class='ocrx_word' id='word_1_4' title='bbox 3472 300 3581 352; x_wconf 79' lang='lat'>258</span> 
     </span>
    </p>
   </div>
   <div class='ocr_carea' id='block_1_4' title="bbox 114 403 3580 489">
    <p class='ocr_par' dir='ltr' id='par_1_4' title="bbox 114 403 3580 489">
     <span class='ocr_line' id='line_1_4' title="bbox 114 403 3580 489; baseline 0.003 -27"><span class='ocrx_word' id='word_1_5' title='bbox 114 405 334 462; x_wconf 87' lang='lat' dir='ltr'>illicite</span> <span class='ocrx_word' id='word_1_6' title='bbox 366 409 424 462; x_wconf 91' lang='lat' dir='ltr'>et</span> <span class='ocrx_word' id='word_1_7' title='bbox 451 409 660 461; x_wconf 89' lang='lat' dir='ltr'>contra</span> <span class='ocrx_word' id='word_1_8' title='bbox 690 403 947 474; x_wconf 86' lang='lat' dir='ltr'>gradum</span> <span class='ocrx_word' id='word_1_9' title='bbox 988 422 1165 461; x_wconf 91' lang='lat' dir='ltr'>suum</span> <span class='ocrx_word' id='word_1_10' title='bbox 1197 406 1276 462; x_wconf 89' lang='lat' dir='ltr'>ad</span> <span class='ocrx_word' id='word_1_11' title='bbox 1316 422 1487 464; x_wconf 88' lang='lat' dir='ltr'>arma</span> <span class='ocrx_word' id='word_1_12' title='bbox 1516 409 1802 465; x_wconf 65' lang='lat' dir='ltr'>humanae</span> <span class='ocrx_word' id='word_1_13' title='bbox 1842 412 1890 465; x_wconf 85' lang='grc' dir='ltr'><strong>Α</strong></span> <span class='ocrx_word' id='word_1_14' title='bbox 1914 410 2102 481; x_wconf 88' lang='lat' dir='ltr'>tiavit,</span> <span class='ocrx_word' id='word_1_15' title='bbox 2130 412 2337 469; x_wconf 88' lang='lat' dir='ltr'>dicens</span> <span class='ocrx_word' id='word_1_16' title='bbox 2374 430 2387 467; x_wconf 89' lang='lat'><strong>:</strong></span> <span class='ocrx_word' id='word_1_17' title='bbox 2423 436 2451 463; x_wconf 89' lang='grc'>‹‹</span> <span class='ocrx_word' id='word_1_18' title='bbox 2479 412 2689 471; x_wconf 82' lang='lat' dir='ltr'>Christi</span> <span class='ocrx_word' id='word_1_19' title='bbox 2714 414 2885 471; x_wconf 85' lang='lat' dir='ltr'>miles</span> <span class='ocrx_word' id='word_1_20' title='bbox 2908 432 3065 487; x_wconf 91' lang='lat' dir='ltr'>sum,</span> <span class='ocrx_word' id='word_1_21' title='bbox 3108 432 3380 489; x_wconf 88' lang='lat' dir='ltr'>pugnare</span> <span class='ocrx_word' id='word_1_22' title='bbox 3434 418 3580 474; x_wconf 90' lang='lat' dir='ltr'>mihi</span> 
     </span>
    </p>
   </div>
   <div class='ocr_carea' id='block_1_5' title="bbox 121 494 1805 570">
    <p class='ocr_par' dir='ltr' id='par_1_5' title="bbox 121 494 1805 570">
     <span class='ocr_line' id='line_1_5' title="bbox 121 494 1805 570; baseline 0.002 -19"><span class='ocrx_word' id='word_1_23' title='bbox 121 495 364 551; x_wconf 80' lang='lat' dir='ltr'>militiae</span> <span class='ocrx_word' id='word_1_24' title='bbox 392 497 739 565; x_wconf 82' lang='lat' dir='ltr'>consurgat,</span> <span class='ocrx_word' id='word_1_25' title='bbox 764 494 963 549; x_wconf 91' lang='lat' dir='ltr'>omnis</span> <span class='ocrx_word' id='word_1_26' title='bbox 991 495 1095 567; x_wconf 87' lang='lat' dir='ltr'>qui</span> <span class='ocrx_word' id='word_1_27' title='bbox 1128 512 1345 552; x_wconf 89' lang='lat' dir='ltr'>sanum</span> <span class='ocrx_word' id='word_1_28' title='bbox 1386 498 1541 570; x_wconf 89' lang='lat' dir='ltr'>sapit</span> <span class='ocrx_word' id='word_1_29' title='bbox 1593 498 1805 554; x_wconf 91' lang='lat' dir='ltr'>intelli-</span> 
     </span>
    </p>
   </div>
   <div class='ocr_carea' id='block_1_6' title="bbox 123 583 1809 655">
    <p class='ocr_par' dir='ltr' id='par_1_6' title="bbox 123 583 1809 655">
     <span class='ocr_line' id='line_1_6' title="bbox 123 583 1809 655; baseline 0.001 -15"><span class='ocrx_word' id='word_1_30' title='bbox 123 585 241 655; x_wconf 85' lang='lat' dir='ltr'>git.</span> <span class='ocrx_word' id='word_1_31' title='bbox 272 584 437 641; x_wconf 87' lang='lat' dir='ltr'>Unde</span> <span class='ocrx_word' id='word_1_32' title='bbox 471 586 529 639; x_wconf 86' lang='grc' dir='ltr'><strong>Β.</strong></span> <span class='ocrx_word' id='word_1_33' title='bbox 564 583 914 639; x_wconf 79' lang='lat' dir='ltr'>Ambrosius</span> <span class='ocrx_word' id='word_1_34' title='bbox 940 585 1354 641; x_wconf 83' lang='lat' dir='ltr'>sacerdotibus</span> <span class='ocrx_word' id='word_1_35' title='bbox 1408 586 1553 642; x_wconf 90' lang='lat' dir='ltr'>dare</span> <span class='ocrx_word' id='word_1_36' title='bbox 1603 587 1809 642; x_wconf 91' lang='lat' dir='ltr'>volens</span> 
     </span>
    </p>
   </div>
   <div class='ocr_carea' id='block_1_7' title="bbox 122 673 1811 747">
    <p class='ocr_par' dir='ltr' id='par_1_7' title="bbox 122 673 1811 747">
     <span class='ocr_line' id='line_1_7' title="bbox 122 673 1811 747; baseline 0.001 -16"><span class='ocrx_word' id='word_1_37' title='bbox 122 674 489 747; x_wconf 83' lang='lat' dir='ltr'>exemplum</span> <span class='ocrx_word' id='word_1_38' title='bbox 508 673 833 747; x_wconf 81' lang='lat' dir='ltr'>patientiae,</span> <span class='ocrx_word' id='word_1_39' title='bbox 862 673 924 729; x_wconf 89' lang='lat' dir='ltr'>in</span> <span class='ocrx_word' id='word_1_40' title='bbox 946 674 1197 747; x_wconf 90' lang='lat' dir='ltr'>epistola</span> <span class='ocrx_word' id='word_1_41' title='bbox 1218 680 1426 732; x_wconf 89' lang='lat' dir='ltr'>contra</span> <span class='ocrx_word' id='word_1_42' title='bbox 1449 676 1811 732; x_wconf 80' lang='lat' dir='ltr'>Auxentium</span> 
     </span>
    </p>
   </div>
   <div class='ocr_carea' id='block_1_8' title="bbox 122 755 1812 822">
    <p class='ocr_par' dir='ltr' id='par_1_8' title="bbox 122 755 1812 822">
     <span class='ocr_line' id='line_1_8' title="bbox 122 755 1812 822; baseline 0.002 -3"><span class='ocrx_word' id='word_1_43' title='bbox 122 764 214 820; x_wconf 93' lang='lat' dir='ltr'>de</span> <span class='ocrx_word' id='word_1_44' title='bbox 250 763 556 821; x_wconf 82' lang='lat' dir='ltr'>tradendis</span> <span class='ocrx_word' id='word_1_45' title='bbox 584 762 846 819; x_wconf 84' lang='lat' dir='ltr'>basilicis</span> <span class='ocrx_word' id='word_1_46' title='bbox 885 764 1113 820; x_wconf 88' lang='lat' dir='ltr'>civibus</span> <span class='ocrx_word' id='word_1_47' title='bbox 1142 755 1347 821; x_wconf 80' lang='lat' dir='ltr'>scribit</span> <span class='ocrx_word' id='word_1_48' title='bbox 1381 784 1393 820; x_wconf 93' lang='lat'>:</span> <span class='ocrx_word' id='word_1_49' title='bbox 1429 789 1455 816; x_wconf 88' lang='grc'>‹‹</span> <span class='ocrx_word' id='word_1_50' title='bbox 1491 766 1673 822; x_wconf 87' lang='lat' dir='ltr'>Video</span> <span class='ocrx_word' id='word_1_51' title='bbox 1702 783 1812 822; x_wconf 94' lang='lat' dir='ltr'>vos</span> 
     </span>
    </p>
   </div>
   <div class='ocr_carea' id='block_1_9' title="bbox 123 854 1812 929">
    <p class='ocr_par' dir='ltr' id='par_1_9' title="bbox 123 854 1812 929">
     <span class='ocr_line' id='line_1_9' title="bbox 123 854 1812 929; baseline 0 -19"><span class='ocrx_word' id='word_1_52' title='bbox 123 858 358 926; x_wconf 61' lang='lat' dir='ltr'>praeter</span> <span class='ocrx_word' id='word_1_53' title='bbox 385 854 626 909; x_wconf 87' lang='lat' dir='ltr'>solitum</span> <span class='ocrx_word' id='word_1_54' title='bbox 666 869 794 909; x_wconf 92' lang='lat' dir='ltr'>esse</span> <span class='ocrx_word' id='word_1_55' title='bbox 825 854 1094 910; x_wconf 89' lang='lat' dir='ltr'>turbatos</span> <span class='ocrx_word' id='word_1_56' title='bbox 1126 855 1320 911; x_wconf 90' lang='lat' dir='ltr'>solito.</span> <span class='ocrx_word' id='word_1_57' title='bbox 1355 856 1470 913; x_wconf 85' lang='lat' dir='ltr'>Sed</span> <span class='ocrx_word' id='word_1_58' title='bbox 1515 856 1664 929; x_wconf 88' lang='lat' dir='ltr'>quid</span> <span class='ocrx_word' id='word_1_59' title='bbox 1697 861 1812 911; x_wconf 90' lang='lat' dir='ltr'>tur-</span> 
     </span>
    </p>
   </div>
   <div class='ocr_carea' id='block_1_10' title="bbox 124 942 1812 1016">
    <p class='ocr_par' dir='ltr' id='par_1_10' title="bbox 124 942 1812 1016">
     <span class='ocr_line' id='line_1_10' title="bbox 124 942 1812 1016; baseline 0 -16"><span class='ocrx_word' id='word_1_60' title='bbox 124 943 422 1000; x_wconf 90' lang='lat' dir='ltr'>bamini?</span> <span class='ocrx_word' id='word_1_61' title='bbox 451 942 664 999; x_wconf 87' lang='lat' dir='ltr'>Volens</span> <span class='ocrx_word' id='word_1_62' title='bbox 706 958 1024 1015; x_wconf 89' lang='lat' dir='ltr'>nunquam</span> <span class='ocrx_word' id='word_1_63' title='bbox 1070 960 1176 999; x_wconf 84' lang='lat' dir='ltr'>vos</span> <span class='ocrx_word' id='word_1_64' title='bbox 1217 945 1515 1016; x_wconf 81' lang='lat' dir='ltr'>deseram,</span> <span class='ocrx_word' id='word_1_65' title='bbox 1570 950 1812 1002; x_wconf 89' lang='lat' dir='ltr'>coactus</span> 
     </span>
    </p>
   </div>
   <div class='ocr_carea' id='block_1_11' title="bbox 128 1032 1809 1107">
    <p class='ocr_par' dir='ltr' id='par_1_11' title="bbox 128 1032 1809 1107">
     <span class='ocr_line' id='line_1_11' title="bbox 128 1032 1809 1107; baseline 0.001 -18"><span class='ocrx_word' id='word_1_66' title='bbox 128 1049 483 1106; x_wconf 88' lang='lat' dir='ltr'>repugnare</span> <span class='ocrx_word' id='word_1_67' title='bbox 508 1048 633 1088; x_wconf 92' lang='lat' dir='ltr'>non</span> <span class='ocrx_word' id='word_1_68' title='bbox 664 1032 823 1101; x_wconf 91' lang='lat' dir='ltr'>novi,</span> <span class='ocrx_word' id='word_1_69' title='bbox 856 1032 1057 1089; x_wconf 84' lang='lat' dir='ltr'>dolere</span> <span class='ocrx_word' id='word_1_70' title='bbox 1101 1037 1331 1106; x_wconf 91' lang='lat' dir='ltr'>potero,</span> <span class='ocrx_word' id='word_1_71' title='bbox 1386 1035 1527 1090; x_wconf 87' lang='lat' dir='ltr'>ﬂere</span> <span class='ocrx_word' id='word_1_72' title='bbox 1579 1039 1809 1107; x_wconf 90' lang='lat' dir='ltr'>potero,</span> 
     </span>
    </p>
   </div>
   <div class='ocr_carea' id='block_1_12' title="bbox 128 1121 1812 1197">
    <p class='ocr_par' dir='ltr' id='par_1_12' title="bbox 128 1121 1812 1197">
     <span class='ocr_line' id='line_1_12' title="bbox 128 1121 1812 1197; baseline 0.001 -18"><span class='ocrx_word' id='word_1_73' title='bbox 128 1138 382 1192; x_wconf 84' lang='lat' dir='ltr'>gemere</span> <span class='ocrx_word' id='word_1_74' title='bbox 410 1126 642 1194; x_wconf 91' lang='lat' dir='ltr'>potero,</span> <span class='ocrx_word' id='word_1_75' title='bbox 675 1121 969 1178; x_wconf 87' lang='lat' dir='ltr'>adversus</span> <span class='ocrx_word' id='word_1_76' title='bbox 990 1122 1204 1178; x_wconf 90' lang='lat' dir='ltr'>milites</span> <span class='ocrx_word' id='word_1_77' title='bbox 1231 1124 1451 1179; x_wconf 88' lang='lat' dir='ltr'>Gothos</span> <span class='ocrx_word' id='word_1_78' title='bbox 1473 1140 1644 1180; x_wconf 87' lang='lat' dir='ltr'>arma</span> <span class='ocrx_word' id='word_1_79' title='bbox 1664 1140 1812 1197; x_wconf 87' lang='lat' dir='ltr'>quo—</span> 
     </span>
    </p>
   </div>
   <div class='ocr_carea' id='block_1_13' title="bbox 126 1211 1813 1285">
    <p class='ocr_par' dir='ltr' id='par_1_13' title="bbox 126 1211 1813 1285">
     <span class='ocr_line' id='line_1_13' title="bbox 126 1211 1813 1285; baseline 0.001 -17"><span class='ocrx_word' id='word_1_80' title='bbox 126 1228 260 1285; x_wconf 87' lang='lat' dir='ltr'>que</span> <span class='ocrx_word' id='word_1_81' title='bbox 284 1211 572 1284; x_wconf 77' lang='lat' dir='ltr'>lacrymae</span> <span class='ocrx_word' id='word_1_82' title='bbox 600 1227 751 1267; x_wconf 79' lang='lat' dir='ltr'>meae</span> <span class='ocrx_word' id='word_1_83' title='bbox 803 1216 959 1267; x_wconf 90' lang='lat' dir='ltr'>sunt.</span> <span class='ocrx_word' id='word_1_84' title='bbox 1011 1211 1172 1268; x_wconf 87' lang='lat' dir='ltr'>Talia</span> <span class='ocrx_word' id='word_1_85' title='bbox 1220 1217 1615 1269; x_wconf 91' lang='lat' dir='ltr'>monumenta</span> <span class='ocrx_word' id='word_1_86' title='bbox 1673 1218 1813 1269; x_wconf 89' lang='lat' dir='ltr'>sunt</span> 
     </span>
    </p>
   </div>
   <div class='ocr_carea' id='block_1_14' title="bbox 130 1300 1816 1375">
    <p class='ocr_par' dir='ltr' id='par_1_14' title="bbox 130 1300 1816 1375">
     <span class='ocr_line' id='line_1_14' title="bbox 130 1300 1816 1375; baseline 0 -18"><span class='ocrx_word' id='word_1_87' title='bbox 130 1301 471 1359; x_wconf 89' lang='lat' dir='ltr'>sacerdotis</span> <span class='ocrx_word' id='word_1_88' title='bbox 498 1320 510 1357; x_wconf 91' lang='lat'><strong>:</strong></span> <span class='ocrx_word' id='word_1_89' title='bbox 542 1300 710 1357; x_wconf 87' lang='lat' dir='ltr'>aliter</span> <span class='ocrx_word' id='word_1_90' title='bbox 738 1317 862 1357; x_wconf 90' lang='lat' dir='ltr'>non</span> <span class='ocrx_word' id='word_1_91' title='bbox 889 1301 1101 1369; x_wconf 89' lang='lat' dir='ltr'>debeo,</span> <span class='ocrx_word' id='word_1_92' title='bbox 1132 1318 1243 1358; x_wconf 90' lang='lat' dir='ltr'>nec</span> <span class='ocrx_word' id='word_1_93' title='bbox 1272 1319 1528 1375; x_wconf 90' lang='lat' dir='ltr'>possum</span> <span class='ocrx_word' id='word_1_94' title='bbox 1586 1302 1816 1359; x_wconf 87' lang='lat' dir='ltr'>resiste-</span> 
     </span>
    </p>
   </div>
   <div class='ocr_carea' id='block_1_15' title="bbox 128 1390 1816 1465">
    <p class='ocr_par' dir='ltr' id='par_1_15' title="bbox 128 1390 1816 1465">
     <span class='ocr_line' id='line_1_15' title="bbox 128 1390 1816 1465; baseline 0.001 -18"><span class='ocrx_word' id='word_1_95' title='bbox 128 1408 224 1448; x_wconf 88' lang='lat' dir='ltr'>re.</span> <span class='ocrx_word' id='word_1_96' title='bbox 249 1415 278 1442; x_wconf 84' lang='lat'>»</span> <span class='ocrx_word' id='word_1_97' title='bbox 309 1396 455 1448; x_wconf 89' lang='lat' dir='ltr'>Item</span> <span class='ocrx_word' id='word_1_98' title='bbox 485 1390 560 1447; x_wconf 92' lang='lat' dir='ltr'>de</span> <span class='ocrx_word' id='word_1_99' title='bbox 580 1391 796 1447; x_wconf 87' lang='lat' dir='ltr'>eadem</span> <span class='ocrx_word' id='word_1_100' title='bbox 826 1407 888 1447; x_wconf 89' lang='lat' dir='ltr'>re</span> <span class='ocrx_word' id='word_1_101' title='bbox 919 1392 982 1447; x_wconf 91' lang='lat' dir='ltr'>in</span> <span class='ocrx_word' id='word_1_102' title='bbox 1006 1391 1221 1448; x_wconf 90' lang='lat' dir='ltr'>eadem</span> <span class='ocrx_word' id='word_1_103' title='bbox 1251 1393 1503 1465; x_wconf 88' lang='lat' dir='ltr'>epistola</span> <span class='ocrx_word' id='word_1_104' title='bbox 1538 1410 1550 1448; x_wconf 89' lang='lat'><strong>:</strong></span> <span class='ocrx_word' id='word_1_105' title='bbox 1582 1415 1609 1442; x_wconf 86' lang='lat'><strong>«</strong></span> <span class='ocrx_word' id='word_1_106' title='bbox 1636 1392 1693 1449; x_wconf 91' lang='lat' dir='ltr'>Si</span> <span class='ocrx_word' id='word_1_107' title='bbox 1709 1409 1816 1465; x_wconf 88' lang='lat' dir='ltr'>pa-</span> 
     </span>
    </p>
   </div>
   <div class='ocr_carea' id='block_1_16' title="bbox 133 1480 1819 1556">
    <p class='ocr_par' dir='ltr' id='par_1_16' title="bbox 133 1480 1819 1556">
     <span class='ocr_line' id='line_1_16' title="bbox 133 1480 1819 1556; baseline -0.001 -19"><span class='ocrx_word' id='word_1_108' title='bbox 133 1480 496 1537; x_wconf 86' lang='lat' dir='ltr'>trimonium</span> <span class='ocrx_word' id='word_1_109' title='bbox 529 1480 770 1555; x_wconf 86' lang='lat' dir='ltr'>petitur,</span> <span class='ocrx_word' id='word_1_110' title='bbox 808 1481 1169 1550; x_wconf 82' lang='lat' dir='ltr'>invadatur;</span> <span class='ocrx_word' id='word_1_111' title='bbox 1221 1482 1271 1537; x_wconf 90' lang='lat' dir='ltr'>si</span> <span class='ocrx_word' id='word_1_112' title='bbox 1319 1499 1559 1556; x_wconf 89' lang='lat' dir='ltr'>corpus,</span> <span class='ocrx_word' id='word_1_113' title='bbox 1613 1496 1819 1537; x_wconf 89' lang='lat' dir='ltr'>occur-</span> 
     </span>
    </p>
   </div>
   <div class='ocr_carea' id='block_1_17' title="bbox 130 1570 1814 1644">
    <p class='ocr_par' dir='ltr' id='par_1_17' title="bbox 130 1570 1814 1644">
     <span class='ocr_line' id='line_1_17' title="bbox 130 1570 1814 1644; baseline -0.002 -17"><span class='ocrx_word' id='word_1_114' title='bbox 130 1587 295 1627; x_wconf 89' lang='lat' dir='ltr'>ram.</span> <span class='ocrx_word' id='word_1_115' title='bbox 326 1570 511 1627; x_wconf 83' lang='lat' dir='ltr'>Vultis</span> <span class='ocrx_word' id='word_1_116' title='bbox 541 1570 603 1625; x_wconf 92' lang='lat' dir='ltr'>in</span> <span class='ocrx_word' id='word_1_117' title='bbox 633 1570 877 1627; x_wconf 92' lang='lat' dir='ltr'>vincula</span> <span class='ocrx_word' id='word_1_118' title='bbox 906 1588 1137 1644; x_wconf 88' lang='lat' dir='ltr'>rapere,</span> <span class='ocrx_word' id='word_1_119' title='bbox 1170 1572 1347 1628; x_wconf 88' lang='lat' dir='ltr'>vultis</span> <span class='ocrx_word' id='word_1_120' title='bbox 1399 1572 1458 1627; x_wconf 91' lang='lat' dir='ltr'>in</span> <span class='ocrx_word' id='word_1_121' title='bbox 1506 1575 1761 1628; x_wconf 90' lang='lat' dir='ltr'>mortem</span> <span class='ocrx_word' id='word_1_122' title='bbox 1787 1570 1814 1624; x_wconf 85' lang='lat'><strong>?</strong></span> 
     </span>
    </p>
   </div>
   <div class='ocr_carea' id='block_1_18' title="bbox 133 1659 1815 1731">
    <p class='ocr_par' dir='ltr' id='par_1_18' title="bbox 133 1659 1815 1731">
     <span class='ocr_line' id='line_1_18' title="bbox 133 1659 1815 1731; baseline -0.001 -15"><span class='ocrx_word' id='word_1_123' title='bbox 133 1659 436 1716; x_wconf 81' lang='lat' dir='ltr'>voluntati</span> <span class='ocrx_word' id='word_1_124' title='bbox 466 1659 614 1717; x_wconf 89' lang='lat' dir='ltr'>mihi</span> <span class='ocrx_word' id='word_1_125' title='bbox 636 1664 740 1716; x_wconf 90' lang='lat' dir='ltr'>est.</span> <span class='ocrx_word' id='word_1_126' title='bbox 785 1663 912 1717; x_wconf 88' lang='lat' dir='ltr'>Non</span> <span class='ocrx_word' id='word_1_127' title='bbox 938 1677 1049 1731; x_wconf 90' lang='lat' dir='ltr'>ego</span> <span class='ocrx_word' id='word_1_128' title='bbox 1080 1678 1177 1717; x_wconf 91' lang='lat' dir='ltr'>me</span> <span class='ocrx_word' id='word_1_129' title='bbox 1220 1661 1459 1717; x_wconf 89' lang='lat' dir='ltr'>vallabo</span> <span class='ocrx_word' id='word_1_130' title='bbox 1498 1659 1815 1717; x_wconf 90' lang='lat' dir='ltr'>circumfu-</span> 
     </span>
    </p>
   </div>
   <div class='ocr_carea' id='block_1_19' title="bbox 1915 501 3581 579">
    <p class='ocr_par' dir='ltr' id='par_1_19' title="bbox 1915 501 3581 579">
     <span class='ocr_line' id='line_1_19' title="bbox 1915 501 3581 579; baseline 0.005 -24"><span class='ocrx_word' id='word_1_131' title='bbox 1915 516 2039 556; x_wconf 92' lang='lat' dir='ltr'>non</span> <span class='ocrx_word' id='word_1_132' title='bbox 2069 501 2257 557; x_wconf 81' lang='lat' dir='ltr'>licet.»</span> <span class='ocrx_word' id='word_1_133' title='bbox 2293 504 2547 559; x_wconf 86' lang='lat' dir='ltr'>Breviter</span> <span class='ocrx_word' id='word_1_134' title='bbox 2575 503 2777 559; x_wconf 91' lang='lat' dir='ltr'>docuit</span> <span class='ocrx_word' id='word_1_135' title='bbox 2844 521 2967 561; x_wconf 90' lang='lat' dir='ltr'>non</span> <span class='ocrx_word' id='word_1_136' title='bbox 3013 505 3209 561; x_wconf 91' lang='lat' dir='ltr'>solum</span> <span class='ocrx_word' id='word_1_137' title='bbox 3263 506 3581 579; x_wconf 87' lang='lat' dir='ltr'>episcopos</span> 
     </span>
    </p>
   </div>
   <div class='ocr_carea' id='block_1_20' title="bbox 1919 590 3582 666">
    <p class='ocr_par' dir='ltr' id='par_1_20' title="bbox 1919 590 3582 666">
     <span class='ocr_line' id='line_1_20' title="bbox 1919 590 3582 666; baseline 0.003 -20"><span class='ocrx_word' id='word_1_138' title='bbox 1919 594 2024 646; x_wconf 87' lang='lat' dir='ltr'>aut</span> <span class='ocrx_word' id='word_1_139' title='bbox 2052 590 2205 647; x_wconf 88' lang='lat' dir='ltr'>sacri</span> <span class='ocrx_word' id='word_1_140' title='bbox 2234 591 2461 647; x_wconf 90' lang='lat' dir='ltr'>ordinis</span> <span class='ocrx_word' id='word_1_141' title='bbox 2499 592 2802 649; x_wconf 88' lang='lat' dir='ltr'>ministros</span> <span class='ocrx_word' id='word_1_142' title='bbox 2832 610 2868 649; x_wconf 94' lang='lat' dir='ltr'>a</span> <span class='ocrx_word' id='word_1_143' title='bbox 2887 594 3103 666; x_wconf 80' lang='lat' dir='ltr'>praeliis</span> <span class='ocrx_word' id='word_1_144' title='bbox 3144 595 3428 663; x_wconf 87' lang='lat' dir='ltr'>cohiberi,</span> <span class='ocrx_word' id='word_1_145' title='bbox 3490 613 3582 651; x_wconf 86' lang='lat' dir='ltr'>ve-</span> 
     </span>
    </p>
   </div>
   <div class='ocr_carea' id='block_1_21' title="bbox 1921 681 3581 757">
    <p class='ocr_par' dir='ltr' id='par_1_21' title="bbox 1921 681 3581 757">
     <span class='ocr_line' id='line_1_21' title="bbox 1921 681 3581 757; baseline 0.003 -22"><span class='ocrx_word' id='word_1_146' title='bbox 1921 696 2055 735; x_wconf 88' lang='lat' dir='ltr'>rum</span> <span class='ocrx_word' id='word_1_147' title='bbox 2109 681 2289 736; x_wconf 86' lang='lat' dir='ltr'>etiam</span> <span class='ocrx_word' id='word_1_148' title='bbox 2344 682 2449 753; x_wconf 88' lang='lat' dir='ltr'>qui</span> <span class='ocrx_word' id='word_1_149' title='bbox 2507 682 2739 738; x_wconf 85' lang='lat' dir='ltr'>Christo</span> <span class='ocrx_word' id='word_1_150' title='bbox 2788 683 2972 739; x_wconf 90' lang='lat' dir='ltr'>semel</span> <span class='ocrx_word' id='word_1_151' title='bbox 3010 683 3262 739; x_wconf 86' lang='lat' dir='ltr'>militare</span> <span class='ocrx_word' id='word_1_152' title='bbox 3320 685 3581 757; x_wconf 83' lang='lat' dir='ltr'>cceperit,</span> 
     </span>
    </p>
   </div>
   <div class='ocr_carea' id='block_1_22' title="bbox 1919 769 3583 842">
    <p class='ocr_par' dir='ltr' id='par_1_22' title="bbox 1919 769 3583 842">
     <span class='ocr_line' id='line_1_22' title="bbox 1919 769 3583 842; baseline 0.003 -18"><span class='ocrx_word' id='word_1_153' title='bbox 1919 769 2100 825; x_wconf 90' lang='lat' dir='ltr'>etiam</span> <span class='ocrx_word' id='word_1_154' title='bbox 2122 770 2201 825; x_wconf 90' lang='lat' dir='ltr'>ab</span> <span class='ocrx_word' id='word_1_155' title='bbox 2238 770 2381 842; x_wconf 90' lang='lat' dir='ltr'>ipsis</span> <span class='ocrx_word' id='word_1_156' title='bbox 2410 771 2707 827; x_wconf 90' lang='lat' dir='ltr'>bellorum</span> <span class='ocrx_word' id='word_1_157' title='bbox 2755 772 3173 829; x_wconf 89' lang='lat' dir='ltr'>occasionibus</span> <span class='ocrx_word' id='word_1_158' title='bbox 3219 774 3583 831; x_wconf 89' lang='lat' dir='ltr'>omnimodis</span> 
     </span>
    </p>
   </div>
   <div class='ocr_carea' id='block_1_23' title="bbox 1922 858 3581 935">
    <p class='ocr_par' dir='ltr' id='par_1_23' title="bbox 1922 858 3581 935">
     <span class='ocr_line' id='line_1_23' title="bbox 1922 858 3581 935; baseline 0.004 -22"><span class='ocrx_word' id='word_1_159' title='bbox 1922 858 2347 914; x_wconf 90' lang='lat' dir='ltr'>abstinendum</span> <span class='ocrx_word' id='word_1_160' title='bbox 2371 860 2514 915; x_wconf 86' lang='lat' dir='ltr'>fore.</span> <span class='ocrx_word' id='word_1_161' title='bbox 2544 861 2706 916; x_wconf 90' lang='lat' dir='ltr'>Idem</span> <span class='ocrx_word' id='word_1_162' title='bbox 2734 861 2914 917; x_wconf 91' lang='lat' dir='ltr'>etiam</span> <span class='ocrx_word' id='word_1_163' title='bbox 2938 861 2998 917; x_wconf 91' lang='lat' dir='ltr'>in</span> <span class='ocrx_word' id='word_1_164' title='bbox 3024 862 3405 935; x_wconf 89' lang='lat' dir='ltr'>episcopatus</span> <span class='ocrx_word' id='word_1_165' title='bbox 3456 864 3581 919; x_wconf 91' lang='lat' dir='ltr'>cul-</span> 
     </span>
    </p>
   </div>
   <div class='ocr_carea' id='block_1_24' title="bbox 1921 948 3583 1024">
    <p class='ocr_par' dir='ltr' id='par_1_24' title="bbox 1921 948 3583 1024">
     <span class='ocr_line' id='line_1_24' title="bbox 1921 948 3583 1024; baseline 0.004 -21"><span class='ocrx_word' id='word_1_166' title='bbox 1921 948 2082 1004; x_wconf 90' lang='lat' dir='ltr'>mine</span> <span class='ocrx_word' id='word_1_167' title='bbox 2104 948 2337 1021; x_wconf 88' lang='lat' dir='ltr'>positus</span> <span class='ocrx_word' id='word_1_168' title='bbox 2367 965 2489 1005; x_wconf 91' lang='lat' dir='ltr'>non</span> <span class='ocrx_word' id='word_1_169' title='bbox 2524 950 2718 1005; x_wconf 90' lang='lat' dir='ltr'>solum</span> <span class='ocrx_word' id='word_1_170' title='bbox 2777 950 3042 1024; x_wconf 88' lang='lat' dir='ltr'>aliquem</span> <span class='ocrx_word' id='word_1_171' title='bbox 3080 968 3205 1009; x_wconf 90' lang='lat' dir='ltr'>non</span> <span class='ocrx_word' id='word_1_172' title='bbox 3258 953 3583 1011; x_wconf 89' lang='lat' dir='ltr'>insectatus</span> 
     </span>
    </p>
   </div>
   <div class='ocr_carea' id='block_1_25' title="bbox 1922 1038 3582 1107">
    <p class='ocr_par' dir='ltr' id='par_1_25' title="bbox 1922 1038 3582 1107">
     <span class='ocr_line' id='line_1_25' title="bbox 1922 1038 3582 1107; baseline 0.005 -15"><span class='ocrx_word' id='word_1_173' title='bbox 1922 1041 2008 1092; x_wconf 89' lang='lat' dir='ltr'>est</span> <span class='ocrx_word' id='word_1_174' title='bbox 2026 1038 2358 1107; x_wconf 90' lang='lat' dir='ltr'>inimicum,</span> <span class='ocrx_word' id='word_1_175' title='bbox 2395 1056 2605 1095; x_wconf 85' lang='lat' dir='ltr'>verum</span> <span class='ocrx_word' id='word_1_176' title='bbox 2635 1040 2814 1096; x_wconf 88' lang='lat' dir='ltr'>etiam</span> <span class='ocrx_word' id='word_1_177' title='bbox 2841 1046 3095 1098; x_wconf 88' lang='lat' dir='ltr'>mortem</span> <span class='ocrx_word' id='word_1_178' title='bbox 3142 1046 3386 1099; x_wconf 88' lang='lat' dir='ltr'>meritos</span> <span class='ocrx_word' id='word_1_179' title='bbox 3438 1044 3582 1100; x_wconf 71' lang='lat' dir='ltr'>inae-</span> 
     </span>
    </p>
   </div>
   <div class='ocr_carea' id='block_1_26' title="bbox 1923 1126 3583 1189">
    <p class='ocr_par' dir='ltr' id='par_1_26' title="bbox 1923 1126 3583 1189">
     <span class='ocr_line' id='line_1_26' title="bbox 1923 1126 3583 1189; baseline 0.005 -8"><span class='ocrx_word' id='word_1_180' title='bbox 1923 1126 2205 1183; x_wconf 85' lang='lat' dir='ltr'>stimabili</span> <span class='ocrx_word' id='word_1_181' title='bbox 2254 1128 2555 1184; x_wconf 89' lang='lat' dir='ltr'>charitatis</span> <span class='ocrx_word' id='word_1_182' title='bbox 2610 1129 2827 1184; x_wconf 70' lang='lat' dir='ltr'>affectu</span> <span class='ocrx_word' id='word_1_183' title='bbox 2887 1130 2965 1185; x_wconf 91' lang='lat' dir='ltr'>ab</span> <span class='ocrx_word' id='word_1_184' title='bbox 3024 1131 3359 1189; x_wconf 88' lang='lat' dir='ltr'>imminenti</span> <span class='ocrx_word' id='word_1_185' title='bbox 3416 1132 3583 1189; x_wconf 89' lang='lat' dir='ltr'>clade</span> 
     </span>
    </p>
   </div>
   <div class='ocr_carea' id='block_1_27' title="bbox 1921 1215 3585 1293">
    <p class='ocr_par' dir='ltr' id='par_1_27' title="bbox 1921 1215 3585 1293">
     <span class='ocr_line' id='line_1_27' title="bbox 1921 1215 3585 1293; baseline 0.004 -23"><span class='ocrx_word' id='word_1_186' title='bbox 1921 1215 2279 1289; x_wconf 84' lang='lat' dir='ltr'>plerumque</span> <span class='ocrx_word' id='word_1_187' title='bbox 2311 1216 2545 1289; x_wconf 87' lang='lat' dir='ltr'>eripuit,</span> <span class='ocrx_word' id='word_1_188' title='bbox 2587 1234 2821 1273; x_wconf 90' lang='lat' dir='ltr'>memor</span> <span class='ocrx_word' id='word_1_189' title='bbox 2850 1218 3005 1274; x_wconf 91' lang='lat' dir='ltr'>illius</span> <span class='ocrx_word' id='word_1_190' title='bbox 3046 1222 3327 1293; x_wconf 67' lang='lat' dir='ltr'>praecepti</span> <span class='ocrx_word' id='word_1_191' title='bbox 3358 1239 3370 1275; x_wconf 89' lang='lat'><strong>:</strong></span> <span class='ocrx_word' id='word_1_192' title='bbox 3422 1224 3585 1277; x_wconf 77' lang='lat' dir='ltr'>Erue</span> 
     </span>
    </p>
   </div>
   <div class='ocr_carea' id='block_1_28' title="bbox 1923 1305 3584 1375">
    <p class='ocr_par' dir='ltr' id='par_1_28' title="bbox 1923 1305 3584 1375">
     <span class='ocr_line' id='line_1_28' title="bbox 1923 1305 3584 1375; baseline 0.002 -14"><span class='ocrx_word' id='word_1_193' title='bbox 1923 1320 2016 1361; x_wconf 90' lang='lat' dir='ltr'>eos</span> <span class='ocrx_word' id='word_1_194' title='bbox 2042 1306 2149 1375; x_wconf 82' lang='lat' dir='ltr'>qui</span> <span class='ocrx_word' id='word_1_195' title='bbox 2174 1305 2484 1361; x_wconf 82' lang='lat' dir='ltr'>ducuntur</span> <span class='ocrx_word' id='word_1_196' title='bbox 2495 1307 2576 1362; x_wconf 80' lang='lat' dir='ltr'>ad</span> <span class='ocrx_word' id='word_1_197' title='bbox 2586 1311 2975 1363; x_wconf 74' lang='lat' dir='ltr'>mortemNec</span> <span class='ocrx_word' id='word_1_198' title='bbox 2994 1309 3109 1364; x_wconf 91' lang='lat' dir='ltr'>hoc</span> <span class='ocrx_word' id='word_1_199' title='bbox 3126 1309 3262 1364; x_wconf 91' lang='lat' dir='ltr'>dico</span> <span class='ocrx_word' id='word_1_200' title='bbox 3276 1314 3340 1365; x_wconf 93' lang='lat' dir='ltr'>ut</span> <span class='ocrx_word' id='word_1_201' title='bbox 3358 1310 3584 1365; x_wconf 89' lang='lat' dir='ltr'>maleﬁ-</span> 
     </span>
    </p>
   </div>
   <div class='ocr_carea' id='block_1_29' title="bbox 1925 1394 3580 1469">
    <p class='ocr_par' dir='ltr' id='par_1_29' title="bbox 1925 1394 3580 1469">
     <span class='ocr_line' id='line_1_29' title="bbox 1925 1394 3580 1469; baseline 0.004 -21"><span class='ocrx_word' id='word_1_202' title='bbox 1925 1410 2026 1449; x_wconf 90' lang='lat' dir='ltr'>cos</span> <span class='ocrx_word' id='word_1_203' title='bbox 2056 1398 2112 1449; x_wconf 93' lang='lat' dir='ltr'>et</span> <span class='ocrx_word' id='word_1_204' title='bbox 2140 1394 2259 1450; x_wconf 89' lang='lat' dir='ltr'>vita</span> <span class='ocrx_word' id='word_1_205' title='bbox 2286 1394 2419 1467; x_wconf 86' lang='lat' dir='ltr'>ipsa</span> <span class='ocrx_word' id='word_1_206' title='bbox 2450 1394 2731 1465; x_wconf 90' lang='lat' dir='ltr'>indignos</span> <span class='ocrx_word' id='word_1_207' title='bbox 2779 1396 2857 1451; x_wconf 90' lang='lat' dir='ltr'>ab</span> <span class='ocrx_word' id='word_1_208' title='bbox 2916 1396 3139 1452; x_wconf 89' lang='lat' dir='ltr'>ultione</span> <span class='ocrx_word' id='word_1_209' title='bbox 3186 1398 3580 1469; x_wconf 91' lang='lat' dir='ltr'>prohibeam;</span> 
     </span>
    </p>
   </div>
   <div class='ocr_carea' id='block_1_30' title="bbox 1925 1483 3586 1558">
    <p class='ocr_par' dir='ltr' id='par_1_30' title="bbox 1925 1483 3586 1558">
     <span class='ocr_line' id='line_1_30' title="bbox 1925 1483 3586 1558; baseline 0.002 -20"><span class='ocrx_word' id='word_1_210' title='bbox 1925 1483 2027 1539; x_wconf 91' lang='lat' dir='ltr'>sed</span> <span class='ocrx_word' id='word_1_211' title='bbox 2061 1483 2301 1553; x_wconf 80' lang='lat' dir='ltr'>regibus</span> <span class='ocrx_word' id='word_1_212' title='bbox 2328 1484 2442 1540; x_wconf 91' lang='lat' dir='ltr'>hoc</span> <span class='ocrx_word' id='word_1_213' title='bbox 2482 1484 2617 1540; x_wconf 87' lang='lat' dir='ltr'>licet</span> <span class='ocrx_word' id='word_1_214' title='bbox 2673 1502 2743 1540; x_wconf 91' lang='lat' dir='ltr'>ac</span> <span class='ocrx_word' id='word_1_215' title='bbox 2797 1485 3000 1540; x_wconf 69' lang='lat' dir='ltr'>saeculi</span> <span class='ocrx_word' id='word_1_216' title='bbox 3052 1487 3469 1558; x_wconf 88' lang='lat' dir='ltr'>potestatibus,</span> <span class='ocrx_word' id='word_1_217' title='bbox 3529 1491 3586 1541; x_wconf 90' lang='lat' dir='ltr'>et</span> 
     </span>
    </p>
   </div>
   <div class='ocr_carea' id='block_1_31' title="bbox 1924 1571 3585 1648">
    <p class='ocr_par' dir='ltr' id='par_1_31' title="bbox 1924 1571 3585 1648">
     <span class='ocr_line' id='line_1_31' title="bbox 1924 1571 3585 1648; baseline 0.003 -23"><span class='ocrx_word' id='word_1_218' title='bbox 1924 1571 2146 1643; x_wconf 86' lang='lat' dir='ltr'>quibus</span> <span class='ocrx_word' id='word_1_219' title='bbox 2178 1588 2213 1627; x_wconf 90' lang='lat' dir='ltr'>a</span> <span class='ocrx_word' id='word_1_220' title='bbox 2250 1572 2484 1641; x_wconf 77' lang='lat' dir='ltr'>legibus</span> <span class='ocrx_word' id='word_1_221' title='bbox 2500 1573 2864 1645; x_wconf 87' lang='lat' dir='ltr'>permissum</span> <span class='ocrx_word' id='word_1_222' title='bbox 2895 1578 3000 1630; x_wconf 89' lang='lat' dir='ltr'>est.</span> <span class='ocrx_word' id='word_1_223' title='bbox 3031 1574 3172 1629; x_wconf 74' lang='lat' dir='ltr'>AlitB</span> <span class='ocrx_word' id='word_1_224' title='bbox 3203 1575 3427 1648; x_wconf 90' lang='lat' dir='ltr'>quippe</span> <span class='ocrx_word' id='word_1_225' title='bbox 3447 1579 3585 1631; x_wconf 92' lang='lat' dir='ltr'>sunt</span> 
     </span>
    </p>
   </div>
   <div class='ocr_carea' id='block_1_32' title="bbox 1924 1659 3580 1732">
    <p class='ocr_par' dir='ltr' id='par_1_32' title="bbox 1924 1659 3580 1732">
     <span class='ocr_line' id='line_1_32' title="bbox 1924 1659 3580 1732; baseline 0.002 -19"><span class='ocrx_word' id='word_1_226' title='bbox 1924 1659 2085 1729; x_wconf 82' lang='lat' dir='ltr'>leges</span> <span class='ocrx_word' id='word_1_227' title='bbox 2117 1661 2379 1729; x_wconf 84' lang='lat' dir='ltr'>Caesaris,</span> <span class='ocrx_word' id='word_1_228' title='bbox 2414 1660 2511 1715; x_wconf 89' lang='lat' dir='ltr'>alii</span> <span class='ocrx_word' id='word_1_229' title='bbox 2538 1677 2736 1717; x_wconf 90' lang='lat' dir='ltr'>mores</span> <span class='ocrx_word' id='word_1_230' title='bbox 2791 1662 3201 1718; x_wconf 78' lang='lat' dir='ltr'>ecclesiasticae</span> <span class='ocrx_word' id='word_1_231' title='bbox 3259 1663 3580 1732; x_wconf 80' lang='lat' dir='ltr'>dignitatis.</span> 
     </span>
    </p>
   </div>
   <div class='ocr_carea' id='block_1_33' title="bbox 136 1747 3586 1822">
    <p class='ocr_par' dir='ltr' id='par_1_33' title="bbox 136 1747 3586 1822">
     <span class='ocr_line' id='line_1_33' title="bbox 136 1747 3586 1822; baseline 0.001 -18"><span class='ocrx_word' id='word_1_232' title='bbox 136 1748 312 1804; x_wconf 91' lang='lat' dir='ltr'>sione</span> <span class='ocrx_word' id='word_1_233' title='bbox 344 1748 734 1821; x_wconf 89' lang='lat' dir='ltr'>populorum,</span> <span class='ocrx_word' id='word_1_234' title='bbox 764 1764 873 1803; x_wconf 89' lang='lat' dir='ltr'>nec</span> <span class='ocrx_word' id='word_1_235' title='bbox 907 1749 1118 1805; x_wconf 89' lang='lat' dir='ltr'>altaria</span> <span class='ocrx_word' id='word_1_236' title='bbox 1145 1750 1363 1806; x_wconf 87' lang='lat' dir='ltr'>tenebo</span> <span class='ocrx_word' id='word_1_237' title='bbox 1402 1749 1587 1805; x_wconf 88' lang='lat' dir='ltr'>vitam</span> <span class='ocrx_word' id='word_1_238' title='bbox 1646 1748 1817 1803; x_wconf 87' lang='lat' dir='ltr'>obse-</span> <span class='ocrx_word' id='word_1_239' title='bbox 1846 1767 1888 1822; x_wconf 73' lang='grc' dir='ltr'><strong><em>Β</em></strong></span> <span class='ocrx_word' id='word_1_240' title='bbox 1927 1748 2091 1803; x_wconf 90' lang='lat' dir='ltr'>Unde</span> <span class='ocrx_word' id='word_1_241' title='bbox 2115 1747 2256 1804; x_wconf 87' lang='lat' dir='ltr'>dicit</span> <span class='ocrx_word' id='word_1_242' title='bbox 2285 1752 2343 1803; x_wconf 88' lang='grc' dir='ltr'>Β.</span> <span class='ocrx_word' id='word_1_243' title='bbox 2376 1751 2748 1819; x_wconf 81' lang='lat' dir='ltr'>Augustinus</span> <span class='ocrx_word' id='word_1_244' title='bbox 2776 1750 2837 1805; x_wconf 92' lang='lat' dir='ltr'>in</span> <span class='ocrx_word' id='word_1_245' title='bbox 2865 1750 3017 1807; x_wconf 89' lang='lat' dir='ltr'>libro</span> <span class='ocrx_word' id='word_1_246' title='bbox 3049 1752 3457 1817; x_wconf 81' lang='lat' dir='ltr'>Quaestionum</span> <span class='ocrx_word' id='word_1_247' title='bbox 3483 1754 3586 1807; x_wconf 87' lang='lat' dir='ltr'>Ve-</span> 
     </span>
    </p>
   </div>
   <div class='ocr_carea' id='block_1_34' title="bbox 137 1836 1817 1910">
    <p class='ocr_par' dir='ltr' id='par_1_34' title="bbox 137 1836 1817 1910">
     <span class='ocr_line' id='line_1_34' title="bbox 137 1836 1817 1910; baseline -0.001 -17"><span class='ocrx_word' id='word_1_248' title='bbox 137 1853 346 1906; x_wconf 90' lang='lat' dir='ltr'>crans,</span> <span class='ocrx_word' id='word_1_249' title='bbox 380 1838 484 1893; x_wconf 90' lang='lat' dir='ltr'>sed</span> <span class='ocrx_word' id='word_1_250' title='bbox 514 1852 625 1910; x_wconf 88' lang='lat' dir='ltr'>pro</span> <span class='ocrx_word' id='word_1_251' title='bbox 652 1836 940 1893; x_wconf 86' lang='lat' dir='ltr'>altaribus</span> <span class='ocrx_word' id='word_1_252' title='bbox 969 1839 1194 1908; x_wconf 88' lang='lat' dir='ltr'>gratius</span> <span class='ocrx_word' id='word_1_253' title='bbox 1224 1838 1649 1895; x_wconf 78' lang='lat' dir='ltr'>immolabor.»</span> <span class='ocrx_word' id='word_1_254' title='bbox 1695 1837 1817 1893; x_wconf 90' lang='lat' dir='ltr'>Ori-</span> 
     </span>
    </p>
   </div>
   <div class='ocr_carea' id='block_1_35' title="bbox 138 1927 1817 2000">
    <p class='ocr_par' dir='ltr' id='par_1_35' title="bbox 138 1927 1817 2000">
     <span class='ocr_line' id='line_1_35' title="bbox 138 1927 1817 2000; baseline -0.001 -17"><span class='ocrx_word' id='word_1_255' title='bbox 138 1943 330 1999; x_wconf 89' lang='lat' dir='ltr'>genes</span> <span class='ocrx_word' id='word_1_256' title='bbox 355 1943 599 2000; x_wconf 88' lang='lat' dir='ltr'>quoque</span> <span class='ocrx_word' id='word_1_257' title='bbox 631 1943 941 2000; x_wconf 83' lang='lat' dir='ltr'>exponens</span> <span class='ocrx_word' id='word_1_258' title='bbox 967 1928 1115 1985; x_wconf 91' lang='lat' dir='ltr'>illud</span> <span class='ocrx_word' id='word_1_259' title='bbox 1156 1929 1231 1984; x_wconf 92' lang='lat' dir='ltr'>de</span> <span class='ocrx_word' id='word_1_260' title='bbox 1281 1928 1602 1999; x_wconf 87' lang='lat' dir='ltr'>Evangelio</span> <span class='ocrx_word' id='word_1_261' title='bbox 1637 1945 1648 1982; x_wconf 93' lang='lat'>:</span> <span class='ocrx_word' id='word_1_262' title='bbox 1708 1927 1817 1982; x_wconf 86' lang='lat' dir='ltr'>At-</span> 
     </span>
    </p>
   </div>
   <div class='ocr_carea' id='block_1_36' title="bbox 141 2016 1813 2089">
    <p class='ocr_par' dir='ltr' id='par_1_36' title="bbox 141 2016 1813 2089">
     <span class='ocr_line' id='line_1_36' title="bbox 141 2016 1813 2089; baseline -0.001 -17"><span class='ocrx_word' id='word_1_263' title='bbox 141 2017 375 2073; x_wconf 82' lang='lat' dir='ltr'>tendite</span> <span class='ocrx_word' id='word_1_264' title='bbox 398 2032 435 2072; x_wconf 90' lang='lat' dir='ltr'>a</span> <span class='ocrx_word' id='word_1_265' title='bbox 462 2018 643 2086; x_wconf 79' lang='lat' dir='ltr'>falsis</span> <span class='ocrx_word' id='word_1_266' title='bbox 663 2017 994 2087; x_wconf 80' lang='lat' dir='ltr'>prophetis,</span> <span class='ocrx_word' id='word_1_267' title='bbox 1026 2019 1132 2089; x_wconf 85' lang='lat' dir='ltr'>qui</span> <span class='ocrx_word' id='word_1_268' title='bbox 1161 2019 1410 2074; x_wconf 79' lang='lat' dir='ltr'>veniunt</span> <span class='ocrx_word' id='word_1_269' title='bbox 1462 2018 1542 2073; x_wconf 88' lang='lat' dir='ltr'>ad</span> <span class='ocrx_word' id='word_1_270' title='bbox 1601 2033 1700 2073; x_wconf 89' lang='lat' dir='ltr'>vos</span> <span class='ocrx_word' id='word_1_271' title='bbox 1752 2016 1813 2071; x_wconf 86' lang='lat' dir='ltr'>in</span> 
     </span>
    </p>
   </div>
   <div class='ocr_carea' id='block_1_37' title="bbox 143 2105 1818 2175">
    <p class='ocr_par' dir='ltr' id='par_1_37' title="bbox 143 2105 1818 2175">
     <span class='ocr_line' id='line_1_37' title="bbox 143 2105 1818 2175; baseline -0.001 -14"><span class='ocrx_word' id='word_1_272' title='bbox 143 2105 515 2161; x_wconf 79' lang='lat' dir='ltr'>vestimentis</span> <span class='ocrx_word' id='word_1_273' title='bbox 532 2106 749 2171; x_wconf 83' lang='lat' dir='ltr'>ovium,</span> <span class='ocrx_word' id='word_1_274' title='bbox 784 2106 945 2161; x_wconf 81' lang='lat' dir='ltr'>intus</span> <span class='ocrx_word' id='word_1_275' title='bbox 972 2113 1169 2163; x_wconf 83' lang='lat' dir='ltr'>autem</span> <span class='ocrx_word' id='word_1_276' title='bbox 1198 2112 1337 2161; x_wconf 82' lang='lat' dir='ltr'>sunt</span> <span class='ocrx_word' id='word_1_277' title='bbox 1368 2107 1500 2175; x_wconf 82' lang='lat' dir='ltr'>lupi</span> <span class='ocrx_word' id='word_1_278' title='bbox 1527 2120 1776 2175; x_wconf 81' lang='lat' dir='ltr'>rapaces</span> <span class='ocrx_word' id='word_1_279' title='bbox 1796 2119 1818 2173; x_wconf 88' lang='lat'><em>;</em></span> 
     </span>
    </p>
   </div>
   <div class='ocr_carea' id='block_1_38' title="bbox 139 2194 1814 2266">
    <p class='ocr_par' dir='ltr' id='par_1_38' title="bbox 139 2194 1814 2266">
     <span class='ocr_line' id='line_1_38' title="bbox 139 2194 1814 2266; baseline -0.001 -17"><span class='ocrx_word' id='word_1_280' title='bbox 139 2194 448 2263; x_wconf 80' lang='lat' dir='ltr'>fructibus</span> <span class='ocrx_word' id='word_1_281' title='bbox 477 2209 679 2249; x_wconf 81' lang='lat' dir='ltr'>eorum</span> <span class='ocrx_word' id='word_1_282' title='bbox 703 2197 1063 2264; x_wconf 73' lang='lat' dir='ltr'>cognoscetis</span> <span class='ocrx_word' id='word_1_283' title='bbox 1115 2211 1208 2251; x_wconf 91' lang='lat' dir='ltr'>eos</span> <span class='ocrx_word' id='word_1_284' title='bbox 1268 2195 1506 2266; x_wconf 79' lang='lat' dir='ltr'>(Matth.</span> <span class='ocrx_word' id='word_1_285' title='bbox 1566 2211 1645 2262; x_wconf 81' lang='lat' dir='ltr'>1x,</span> <span class='ocrx_word' id='word_1_286' title='bbox 1710 2197 1814 2257; x_wconf 79' lang='lat' dir='ltr'>l5),</span> 
     </span>
    </p>
   </div>
   <div class='ocr_carea' id='block_1_39' title="bbox 143 2282 1817 2356">
    <p class='ocr_par' dir='ltr' id='par_1_39' title="bbox 143 2282 1817 2356">
     <span class='ocr_line' id='line_1_39' title="bbox 143 2282 1817 2356; baseline 0 -19"><span class='ocrx_word' id='word_1_287' title='bbox 143 2283 231 2339; x_wconf 90' lang='lat' dir='ltr'>sic</span> <span class='ocrx_word' id='word_1_288' title='bbox 262 2282 406 2338; x_wconf 91' lang='lat' dir='ltr'>dicit</span> <span class='ocrx_word' id='word_1_289' title='bbox 434 2299 446 2337; x_wconf 89' lang='lat'>:</span> <span class='ocrx_word' id='word_1_290' title='bbox 481 2304 506 2332; x_wconf 85' lang='grc'><em>‹‹</em></span> <span class='ocrx_word' id='word_1_291' title='bbox 541 2283 811 2355; x_wconf 85' lang='lat' dir='ltr'>Apostoli</span> <span class='ocrx_word' id='word_1_292' title='bbox 841 2288 898 2339; x_wconf 92' lang='lat' dir='ltr'>et</span> <span class='ocrx_word' id='word_1_293' title='bbox 917 2289 1212 2356; x_wconf 85' lang='lat' dir='ltr'>martyres</span> <span class='ocrx_word' id='word_1_294' title='bbox 1239 2284 1427 2339; x_wconf 90' lang='lat' dir='ltr'>sancti</span> <span class='ocrx_word' id='word_1_295' title='bbox 1458 2300 1580 2339; x_wconf 91' lang='lat' dir='ltr'>non</span> <span class='ocrx_word' id='word_1_296' title='bbox 1612 2298 1817 2355; x_wconf 86' lang='lat' dir='ltr'>perse-</span> 
     </span>
    </p>
   </div>
   <div class='ocr_carea' id='block_1_40' title="bbox 143 2371 1816 2445">
    <p class='ocr_par' dir='ltr' id='par_1_40' title="bbox 143 2371 1816 2445">
     <span class='ocr_line' id='line_1_40' title="bbox 143 2371 1816 2445; baseline -0.001 -17"><span class='ocrx_word' id='word_1_297' title='bbox 143 2371 456 2428; x_wconf 89' lang='lat' dir='ltr'>cutionem</span> <span class='ocrx_word' id='word_1_298' title='bbox 486 2371 774 2439; x_wconf 85' lang='lat' dir='ltr'>fecerunt,</span> <span class='ocrx_word' id='word_1_299' title='bbox 798 2373 901 2427; x_wconf 93' lang='lat' dir='ltr'>sed</span> <span class='ocrx_word' id='word_1_300' title='bbox 925 2373 1403 2445; x_wconf 85' lang='lat' dir='ltr'>persecutionem</span> <span class='ocrx_word' id='word_1_301' title='bbox 1426 2371 1816 2445; x_wconf 89' lang='lat' dir='ltr'>pertulerunt;</span> 
     </span>
    </p>
   </div>
   <div class='ocr_carea' id='block_1_41' title="bbox 142 2460 1817 2529">
    <p class='ocr_par' dir='ltr' id='par_1_41' title="bbox 142 2460 1817 2529">
     <span class='ocr_line' id='line_1_41' title="bbox 142 2460 1817 2529; baseline -0.001 -12"><span class='ocrx_word' id='word_1_302' title='bbox 142 2477 278 2518; x_wconf 90' lang='lat' dir='ltr'>non</span> <span class='ocrx_word' id='word_1_303' title='bbox 327 2460 786 2529; x_wconf 85' lang='lat' dir='ltr'>maledixerunt,</span> <span class='ocrx_word' id='word_1_304' title='bbox 840 2462 946 2517; x_wconf 92' lang='lat' dir='ltr'>sed</span> <span class='ocrx_word' id='word_1_305' title='bbox 995 2462 1315 2519; x_wconf 90' lang='lat' dir='ltr'>maledicta</span> <span class='ocrx_word' id='word_1_306' title='bbox 1368 2462 1817 2528; x_wconf 86' lang='lat' dir='ltr'>sustinuerunt;</span> 
     </span>
    </p>
   </div>
   <div class='ocr_carea' id='block_1_42' title="bbox 142 2550 1819 2625">
    <p class='ocr_par' dir='ltr' id='par_1_42' title="bbox 142 2550 1819 2625">
     <span class='ocr_line' id='line_1_42' title="bbox 142 2550 1819 2625; baseline -0.001 -17"><span class='ocrx_word' id='word_1_307' title='bbox 142 2567 277 2608; x_wconf 90' lang='lat' dir='ltr'>non</span> <span class='ocrx_word' id='word_1_308' title='bbox 328 2550 925 2624; x_wconf 88' lang='lat' dir='ltr'>blasphemaverunt,</span> <span class='ocrx_word' id='word_1_309' title='bbox 977 2552 1080 2608; x_wconf 91' lang='lat' dir='ltr'>sed</span> <span class='ocrx_word' id='word_1_310' title='bbox 1137 2569 1173 2608; x_wconf 91' lang='lat' dir='ltr'>a</span> <span class='ocrx_word' id='word_1_311' title='bbox 1229 2551 1819 2625; x_wconf 87' lang='lat' dir='ltr'>blasphematoribus</span> 
     </span>
    </p>
   </div>
   <div class='ocr_carea' id='block_1_43' title="bbox 147 2640 1819 2713">
    <p class='ocr_par' dir='ltr' id='par_1_43' title="bbox 147 2640 1819 2713">
     <span class='ocr_line' id='line_1_43' title="bbox 147 2640 1819 2713; baseline -0.002 -16"><span class='ocrx_word' id='word_1_312' title='bbox 147 2640 444 2697; x_wconf 88' lang='lat' dir='ltr'>interfecti</span> <span class='ocrx_word' id='word_1_313' title='bbox 477 2646 673 2697; x_wconf 80' lang='lat' dir='ltr'>sunt.»</span> <span class='ocrx_word' id='word_1_314' title='bbox 707 2644 774 2696; x_wconf 86' lang='lat' dir='ltr'>Et</span> <span class='ocrx_word' id='word_1_315' title='bbox 811 2644 868 2696; x_wconf 91' lang='lat' dir='ltr'>B.</span> <span class='ocrx_word' id='word_1_316' title='bbox 902 2642 1218 2711; x_wconf 88' lang='lat' dir='ltr'>Gregorius</span> <span class='ocrx_word' id='word_1_317' title='bbox 1249 2657 1412 2713; x_wconf 90' lang='lat' dir='ltr'>papa</span> <span class='ocrx_word' id='word_1_318' title='bbox 1442 2641 1501 2696; x_wconf 90' lang='lat' dir='ltr'>in</span> <span class='ocrx_word' id='word_1_319' title='bbox 1546 2640 1819 2713; x_wconf 88' lang='lat' dir='ltr'>quadam</span> 
     </span>
    </p>
   </div>
   <div class='ocr_carea' id='block_1_44' title="bbox 140 2729 1822 2787">
    <p class='ocr_par' dir='ltr' id='par_1_44' title="bbox 140 2729 1822 2787">
     <span class='ocr_line' id='line_1_44' title="bbox 140 2729 1822 2787; baseline -0.002 0"><span class='ocrx_word' id='word_1_320' title='bbox 140 2729 401 2787; x_wconf 89' lang='lat' dir='ltr'>homilia</span> <span class='ocrx_word' id='word_1_321' title='bbox 431 2729 769 2785; x_wconf 86' lang='lat' dir='ltr'>informans</span> <span class='ocrx_word' id='word_1_322' title='bbox 794 2746 906 2784; x_wconf 90' lang='lat' dir='ltr'>nos</span> <span class='ocrx_word' id='word_1_323' title='bbox 937 2730 1015 2785; x_wconf 89' lang='lat' dir='ltr'>ad</span> <span class='ocrx_word' id='word_1_324' title='bbox 1042 2730 1517 2785; x_wconf 89' lang='lat' dir='ltr'>conservandam</span> <span class='ocrx_word' id='word_1_325' title='bbox 1540 2730 1822 2784; x_wconf 88' lang='lat' dir='ltr'>innocen-</span> 
     </span>
    </p>
   </div>
   <div class='ocr_carea' id='block_1_45' title="bbox 146 2817 1817 2891">
    <p class='ocr_par' dir='ltr' id='par_1_45' title="bbox 146 2817 1817 2891">
     <span class='ocr_line' id='line_1_45' title="bbox 146 2817 1817 2891; baseline -0.002 -16"><span class='ocrx_word' id='word_1_326' title='bbox 146 2819 300 2875; x_wconf 88' lang='lat' dir='ltr'>tiam</span> <span class='ocrx_word' id='word_1_327' title='bbox 324 2819 405 2875; x_wconf 91' lang='lat' dir='ltr'>ita</span> <span class='ocrx_word' id='word_1_328' title='bbox 434 2818 577 2873; x_wconf 90' lang='lat' dir='ltr'>dicit</span> <span class='ocrx_word' id='word_1_329' title='bbox 610 2835 622 2873; x_wconf 89' lang='lat'><strong>:</strong></span> <span class='ocrx_word' id='word_1_330' title='bbox 649 2842 675 2867; x_wconf 78' lang='grc'>‹‹</span> <span class='ocrx_word' id='word_1_331' title='bbox 709 2817 946 2873; x_wconf 89' lang='lat' dir='ltr'>Utinam</span> <span class='ocrx_word' id='word_1_332' title='bbox 973 2818 1019 2873; x_wconf 92' lang='lat' dir='ltr'>si</span> <span class='ocrx_word' id='word_1_333' title='bbox 1051 2818 1130 2873; x_wconf 89' lang='lat' dir='ltr'>ad</span> <span class='ocrx_word' id='word_1_334' title='bbox 1157 2818 1599 2891; x_wconf 82' lang='lat' dir='ltr'>praedicationis</span> <span class='ocrx_word' id='word_1_335' title='bbox 1630 2817 1817 2873; x_wconf 88' lang='lat' dir='ltr'>virtu-</span> 
     </span>
    </p>
   </div>
   <div class='ocr_carea' id='block_1_46' title="bbox 139 2905 1822 2977">
    <p class='ocr_par' dir='ltr' id='par_1_46' title="bbox 139 2905 1822 2977">
     <span class='ocr_line' id='line_1_46' title="bbox 139 2905 1822 2977; baseline -0.001 -12"><span class='ocrx_word' id='word_1_336' title='bbox 139 2912 272 2965; x_wconf 74' lang='lat' dir='ltr'>tem</span> <span class='ocrx_word' id='word_1_337' title='bbox 292 2924 416 2964; x_wconf 91' lang='lat' dir='ltr'>non</span> <span class='ocrx_word' id='word_1_338' title='bbox 443 2905 799 2977; x_wconf 81' lang='lat' dir='ltr'>sufﬁcimus,</span> <span class='ocrx_word' id='word_1_339' title='bbox 833 2906 944 2962; x_wconf 91' lang='lat' dir='ltr'>loci</span> <span class='ocrx_word' id='word_1_340' title='bbox 978 2908 1164 2963; x_wconf 86' lang='lat' dir='ltr'>nostri</span> <span class='ocrx_word' id='word_1_341' title='bbox 1212 2906 1476 2963; x_wconf 85' lang='lat' dir='ltr'>ofﬁcium</span> <span class='ocrx_word' id='word_1_342' title='bbox 1535 2907 1595 2962; x_wconf 93' lang='lat' dir='ltr'>in</span> <span class='ocrx_word' id='word_1_343' title='bbox 1652 2907 1822 2963; x_wconf 90' lang='lat' dir='ltr'>inno-</span> 
     </span>
    </p>
   </div>
   <div class='ocr_carea' id='block_1_47' title="bbox 146 2996 1820 3070">
    <p class='ocr_par' dir='ltr' id='par_1_47' title="bbox 146 2996 1820 3070">
     <span class='ocr_line' id='line_1_47' title="bbox 146 2996 1820 3070; baseline -0.002 -16"><span class='ocrx_word' id='word_1_344' title='bbox 146 2997 347 3054; x_wconf 90' lang='lat' dir='ltr'>centia</span> <span class='ocrx_word' id='word_1_345' title='bbox 372 2996 507 3052; x_wconf 79' lang='lat' dir='ltr'>vitae</span> <span class='ocrx_word' id='word_1_346' title='bbox 530 3001 863 3052; x_wconf 88' lang='lat' dir='ltr'>teneamus.</span> <span class='ocrx_word' id='word_1_347' title='bbox 898 3000 962 3051; x_wconf 93' lang='lat' dir='ltr'>In</span> <span class='ocrx_word' id='word_1_348' title='bbox 994 2996 1311 3067; x_wconf 87' lang='lat' dir='ltr'>Evangelio</span> <span class='ocrx_word' id='word_1_349' title='bbox 1340 2996 1566 3070; x_wconf 87' lang='lat' dir='ltr'>quippe</span> <span class='ocrx_word' id='word_1_350' title='bbox 1626 2996 1820 3051; x_wconf 91' lang='lat' dir='ltr'>Domi-</span> 
     </span>
    </p>
   </div>
   <div class='ocr_carea' id='block_1_48' title="bbox 146 3086 1891 3177">
    <p class='ocr_par' dir='ltr' id='par_1_48' title="bbox 146 3086 1891 3177">
     <span class='ocr_line' id='line_1_48' title="bbox 146 3086 1891 3177; baseline -0.002 -34"><span class='ocrx_word' id='word_1_351' title='bbox 146 3104 269 3143; x_wconf 89' lang='lat' dir='ltr'>nus</span> <span class='ocrx_word' id='word_1_352' title='bbox 297 3086 379 3142; x_wconf 91' lang='lat' dir='ltr'>ait</span> <span class='ocrx_word' id='word_1_353' title='bbox 411 3103 423 3140; x_wconf 91' lang='lat'><strong>:</strong></span> <span class='ocrx_word' id='word_1_354' title='bbox 452 3086 608 3142; x_wconf 85' lang='lat' dir='ltr'>Ecce</span> <span class='ocrx_word' id='word_1_355' title='bbox 630 3101 734 3156; x_wconf 88' lang='lat' dir='ltr'>ego</span> <span class='ocrx_word' id='word_1_356' title='bbox 764 3087 933 3141; x_wconf 86' lang='lat' dir='ltr'>mitto</span> <span class='ocrx_word' id='word_1_357' title='bbox 968 3102 1065 3142; x_wconf 88' lang='lat' dir='ltr'>vos</span> <span class='ocrx_word' id='word_1_358' title='bbox 1096 3087 1249 3141; x_wconf 85' lang='lat' dir='ltr'>sicut</span> <span class='ocrx_word' id='word_1_359' title='bbox 1281 3101 1467 3156; x_wconf 86' lang='lat' dir='ltr'>agnos</span> <span class='ocrx_word' id='word_1_360' title='bbox 1519 3092 1677 3142; x_wconf 73' lang='lat' dir='ltr'>mtesu</span> <span class='ocrx_word' id='word_1_361' title='bbox 1732 3087 1820 3140; x_wconf 78' lang='grc' dir='ltr'>ιιι-</span> <span class='ocrx_word' id='word_1_362' title='bbox 1850 3121 1891 3177; x_wconf 75' lang='lat' dir='ltr'>C</span> 
     </span>
    </p>
   </div>
   <div class='ocr_carea' id='block_1_49' title="bbox 140 3174 1821 3247">
    <p class='ocr_par' dir='ltr' id='par_1_49' title="bbox 140 3174 1821 3247">
     <span class='ocr_line' id='line_1_49' title="bbox 140 3174 1821 3247; baseline -0.002 -15"><span class='ocrx_word' id='word_1_363' title='bbox 140 3192 261 3247; x_wconf 79' lang='lat' dir='ltr'>pos</span> <span class='ocrx_word' id='word_1_364' title='bbox 293 3174 535 3245; x_wconf 82' lang='lat' dir='ltr'>(Matth.</span> <span class='ocrx_word' id='word_1_365' title='bbox 568 3191 627 3241; x_wconf 92' lang='lat' dir='ltr'>x,</span> <span class='ocrx_word' id='word_1_366' title='bbox 666 3179 773 3239; x_wconf 82' lang='lat' dir='ltr'>l6).</span> <span class='ocrx_word' id='word_1_367' title='bbox 828 3174 1010 3245; x_wconf 86' lang='lat' dir='ltr'>Igitur</span> <span class='ocrx_word' id='word_1_368' title='bbox 1058 3174 1211 3230; x_wconf 87' lang='lat' dir='ltr'>sicut</span> <span class='ocrx_word' id='word_1_369' title='bbox 1260 3174 1401 3245; x_wconf 89' lang='lat' dir='ltr'>agni</span> <span class='ocrx_word' id='word_1_370' title='bbox 1451 3174 1602 3231; x_wconf 91' lang='lat' dir='ltr'>inter</span> <span class='ocrx_word' id='word_1_371' title='bbox 1648 3175 1821 3247; x_wconf 92' lang='lat' dir='ltr'>lupos</span> 
     </span>
    </p>
   </div>
   <div class='ocr_carea' id='block_1_50' title="bbox 152 3263 1825 3332">
    <p class='ocr_par' dir='ltr' id='par_1_50' title="bbox 152 3263 1825 3332">
     <span class='ocr_line' id='line_1_50' title="bbox 152 3263 1825 3332; baseline -0.001 -12"><span class='ocrx_word' id='word_1_372' title='bbox 152 3264 467 3332; x_wconf 85' lang='lat' dir='ltr'>mittimur,</span> <span class='ocrx_word' id='word_1_373' title='bbox 497 3268 561 3319; x_wconf 91' lang='lat' dir='ltr'>ut</span> <span class='ocrx_word' id='word_1_374' title='bbox 592 3279 837 3319; x_wconf 91' lang='lat' dir='ltr'>sensum</span> <span class='ocrx_word' id='word_1_375' title='bbox 882 3268 1185 3320; x_wconf 89' lang='lat' dir='ltr'>servantes</span> <span class='ocrx_word' id='word_1_376' title='bbox 1240 3263 1618 3331; x_wconf 65' lang='lat' dir='ltr'>innocentiae,</span> <span class='ocrx_word' id='word_1_377' title='bbox 1667 3280 1825 3319; x_wconf 89' lang='lat' dir='ltr'>mor-</span> 
     </span>
    </p>
   </div>
   <div class='ocr_carea' id='block_1_51' title="bbox 156 3353 1827 3427">
    <p class='ocr_par' dir='ltr' id='par_1_51' title="bbox 156 3353 1827 3427">
     <span class='ocr_line' id='line_1_51' title="bbox 156 3353 1827 3427; baseline -0.001 -16"><span class='ocrx_word' id='word_1_378' title='bbox 156 3371 296 3411; x_wconf 90' lang='lat' dir='ltr'>sum</span> <span class='ocrx_word' id='word_1_379' title='bbox 319 3353 559 3410; x_wconf 67' lang='lat' dir='ltr'>malitite</span> <span class='ocrx_word' id='word_1_380' title='bbox 588 3370 713 3409; x_wconf 91' lang='lat' dir='ltr'>non</span> <span class='ocrx_word' id='word_1_381' title='bbox 742 3353 1100 3410; x_wconf 90' lang='lat' dir='ltr'>habeamus.</span> <span class='ocrx_word' id='word_1_382' title='bbox 1133 3354 1243 3420; x_wconf 91' lang='lat' dir='ltr'>Qui</span> <span class='ocrx_word' id='word_1_383' title='bbox 1265 3353 1425 3409; x_wconf 90' lang='lat' dir='ltr'>enim</span> <span class='ocrx_word' id='word_1_384' title='bbox 1452 3354 1656 3410; x_wconf 90' lang='lat' dir='ltr'>locum</span> <span class='ocrx_word' id='word_1_385' title='bbox 1676 3370 1827 3427; x_wconf 65' lang='lat' dir='ltr'>prte-</span> 
     </span>
    </p>
   </div>
   <div class='ocr_carea' id='block_1_52' title="bbox 149 3442 1823 3514">
    <p class='ocr_par' dir='ltr' id='par_1_52' title="bbox 149 3442 1823 3514">
     <span class='ocr_line' id='line_1_52' title="bbox 149 3442 1823 3514; baseline -0.002 -13"><span class='ocrx_word' id='word_1_386' title='bbox 149 3442 472 3501; x_wconf 90' lang='lat' dir='ltr'>dicationis</span> <span class='ocrx_word' id='word_1_387' title='bbox 503 3442 769 3514; x_wconf 88' lang='lat' dir='ltr'>suscipit,</span> <span class='ocrx_word' id='word_1_388' title='bbox 798 3442 961 3499; x_wconf 89' lang='lat' dir='ltr'>mala</span> <span class='ocrx_word' id='word_1_389' title='bbox 1011 3442 1228 3499; x_wconf 84' lang='lat' dir='ltr'>inferre</span> <span class='ocrx_word' id='word_1_390' title='bbox 1285 3458 1410 3498; x_wconf 91' lang='lat' dir='ltr'>non</span> <span class='ocrx_word' id='word_1_391' title='bbox 1459 3442 1657 3510; x_wconf 90' lang='lat' dir='ltr'>debet,</span> <span class='ocrx_word' id='word_1_392' title='bbox 1717 3442 1823 3498; x_wconf 91' lang='lat' dir='ltr'>sed</span> 
     </span>
    </p>
   </div>
   <div class='ocr_carea' id='block_1_53' title="bbox 147 3531 1823 3605">
    <p class='ocr_par' dir='ltr' id='par_1_53' title="bbox 147 3531 1823 3605">
     <span class='ocr_line' id='line_1_53' title="bbox 147 3531 1823 3605; baseline -0.002 -14"><span class='ocrx_word' id='word_1_393' title='bbox 147 3534 586 3603; x_wconf 88' lang='lat' dir='ltr'>tolerare,utex</span> <span class='ocrx_word' id='word_1_394' title='bbox 614 3531 749 3605; x_wconf 89' lang='lat' dir='ltr'>ipsa</span> <span class='ocrx_word' id='word_1_395' title='bbox 775 3548 885 3588; x_wconf 89' lang='lat' dir='ltr'>sua</span> <span class='ocrx_word' id='word_1_396' title='bbox 913 3531 1375 3588; x_wconf 90' lang='lat' dir='ltr'>mansuetudine</span> <span class='ocrx_word' id='word_1_397' title='bbox 1394 3531 1546 3587; x_wconf 90' lang='lat' dir='ltr'>iram</span> <span class='ocrx_word' id='word_1_398' title='bbox 1574 3532 1823 3587; x_wconf 69' lang='lat' dir='ltr'>saevien-</span> 
     </span>
    </p>
   </div>
   <div class='ocr_carea' id='block_1_54' title="bbox 149 3621 1827 3694">
    <p class='ocr_par' dir='ltr' id='par_1_54' title="bbox 149 3621 1827 3694">
     <span class='ocr_line' id='line_1_54' title="bbox 149 3621 1827 3694; baseline -0.002 -14"><span class='ocrx_word' id='word_1_399' title='bbox 149 3625 308 3681; x_wconf 88' lang='lat' dir='ltr'>tium</span> <span class='ocrx_word' id='word_1_400' title='bbox 338 3622 586 3692; x_wconf 90' lang='lat' dir='ltr'>mitiget,</span> <span class='ocrx_word' id='word_1_401' title='bbox 620 3627 676 3677; x_wconf 91' lang='lat' dir='ltr'>et</span> <span class='ocrx_word' id='word_1_402' title='bbox 704 3627 1091 3694; x_wconf 89' lang='lat' dir='ltr'>peccatorum</span> <span class='ocrx_word' id='word_1_403' title='bbox 1112 3621 1363 3678; x_wconf 88' lang='lat' dir='ltr'>vulnera</span> <span class='ocrx_word' id='word_1_404' title='bbox 1392 3622 1454 3677; x_wconf 90' lang='lat' dir='ltr'>in</span> <span class='ocrx_word' id='word_1_405' title='bbox 1485 3622 1615 3677; x_wconf 87' lang='lat' dir='ltr'>aliis</span> <span class='ocrx_word' id='word_1_406' title='bbox 1645 3621 1827 3677; x_wconf 80' lang='lat' dir='ltr'>afﬂic-</span> 
     </span>
    </p>
   </div>
   <div class='ocr_carea' id='block_1_55' title="bbox 150 3710 1825 3784">
    <p class='ocr_par' dir='ltr' id='par_1_55' title="bbox 150 3710 1825 3784">
     <span class='ocr_line' id='line_1_55' title="bbox 150 3710 1825 3784; baseline -0.002 -13"><span class='ocrx_word' id='word_1_407' title='bbox 150 3712 420 3771; x_wconf 91' lang='lat' dir='ltr'>tionibus</span> <span class='ocrx_word' id='word_1_408' title='bbox 450 3711 581 3783; x_wconf 90' lang='lat' dir='ltr'>ipse</span> <span class='ocrx_word' id='word_1_409' title='bbox 605 3710 954 3768; x_wconf 88' lang='lat' dir='ltr'>vulneratus</span> <span class='ocrx_word' id='word_1_410' title='bbox 985 3716 1211 3767; x_wconf 85' lang='lat' dir='ltr'>sanet.»</span> <span class='ocrx_word' id='word_1_411' title='bbox 1234 3712 1399 3767; x_wconf 88' lang='lat' dir='ltr'>Idem</span> <span class='ocrx_word' id='word_1_412' title='bbox 1430 3711 1616 3767; x_wconf 92' lang='lat' dir='ltr'>etiam</span> <span class='ocrx_word' id='word_1_413' title='bbox 1664 3726 1825 3784; x_wconf 77' lang='lat' dir='ltr'>papa</span> 
     </span>
    </p>
   </div>
   <div class='ocr_carea' id='block_1_56' title="bbox 151 3799 1819 3873">
    <p class='ocr_par' dir='ltr' id='par_1_56' title="bbox 151 3799 1819 3873">
     <span class='ocr_line' id='line_1_56' title="bbox 151 3799 1819 3873; baseline -0.004 -13"><span class='ocrx_word' id='word_1_414' title='bbox 151 3803 333 3860; x_wconf 88' lang='lat' dir='ltr'>docet</span> <span class='ocrx_word' id='word_1_415' title='bbox 363 3799 528 3856; x_wconf 89' lang='lat' dir='ltr'>nullo</span> <span class='ocrx_word' id='word_1_416' title='bbox 558 3799 765 3870; x_wconf 88' lang='lat' dir='ltr'>modo,</span> <span class='ocrx_word' id='word_1_417' title='bbox 796 3816 993 3873; x_wconf 91' lang='lat' dir='ltr'>neque</span> <span class='ocrx_word' id='word_1_418' title='bbox 1022 3817 1133 3873; x_wconf 89' lang='lat' dir='ltr'>pro</span> <span class='ocrx_word' id='word_1_419' title='bbox 1173 3800 1336 3871; x_wconf 90' lang='lat' dir='ltr'>justa</span> <span class='ocrx_word' id='word_1_420' title='bbox 1386 3800 1566 3855; x_wconf 89' lang='lat' dir='ltr'>etiam</span> <span class='ocrx_word' id='word_1_421' title='bbox 1616 3816 1819 3867; x_wconf 88' lang='lat' dir='ltr'>causa,</span> 
     </span>
    </p>
   </div>
   <div class='ocr_carea' id='block_1_57' title="bbox 153 3888 1825 3965">
    <p class='ocr_par' dir='ltr' id='par_1_57' title="bbox 153 3888 1825 3965">
     <span class='ocr_line' id='line_1_57' title="bbox 153 3888 1825 3965; baseline -0.003 -17"><span class='ocrx_word' id='word_1_422' title='bbox 153 3891 515 3965; x_wconf 76' lang='lat' dir='ltr'>epiSCOpum</span> <span class='ocrx_word' id='word_1_423' title='bbox 538 3890 757 3946; x_wconf 91' lang='lat' dir='ltr'>debere</span> <span class='ocrx_word' id='word_1_424' title='bbox 809 3890 993 3946; x_wconf 88' lang='lat' dir='ltr'>armis</span> <span class='ocrx_word' id='word_1_425' title='bbox 1048 3889 1380 3945; x_wconf 87' lang='lat' dir='ltr'>inservire:</span> <span class='ocrx_word' id='word_1_426' title='bbox 1439 3889 1645 3944; x_wconf 90' lang='lat' dir='ltr'>volens</span> <span class='ocrx_word' id='word_1_427' title='bbox 1696 3888 1825 3943; x_wconf 85' lang='lat' dir='ltr'>aliis</span> 
     </span>
    </p>
   </div>
   <div class='ocr_carea' id='block_1_58' title="bbox 155 3977 1826 4051">
    <p class='ocr_par' dir='ltr' id='par_1_58' title="bbox 155 3977 1826 4051">
     <span class='ocr_line' id='line_1_58' title="bbox 155 3977 1826 4051; baseline -0.004 -13"><span class='ocrx_word' id='word_1_428' title='bbox 155 3997 272 4037; x_wconf 90' lang='lat' dir='ltr'>suo</span> <span class='ocrx_word' id='word_1_429' title='bbox 303 3978 641 4035; x_wconf 88' lang='lat' dir='ltr'>satisfacere</span> <span class='ocrx_word' id='word_1_430' title='bbox 669 3978 967 4051; x_wconf 82' lang='lat' dir='ltr'>exemplo,</span> <span class='ocrx_word' id='word_1_431' title='bbox 997 3977 1201 4033; x_wconf 89' lang='lat' dir='ltr'>scribit</span> <span class='ocrx_word' id='word_1_432' title='bbox 1250 3993 1431 4049; x_wconf 90' lang='lat' dir='ltr'>super</span> <span class='ocrx_word' id='word_1_433' title='bbox 1494 3977 1609 4033; x_wconf 90' lang='lat' dir='ltr'>hoc</span> <span class='ocrx_word' id='word_1_434' title='bbox 1664 3977 1826 4034; x_wconf 88' lang='lat' dir='ltr'>Sabi-</span> 
     </span>
    </p>
   </div>
   <div class='ocr_carea' id='block_1_59' title="bbox 154 4067 1830 4141">
    <p class='ocr_par' dir='ltr' id='par_1_59' title="bbox 154 4067 1830 4141">
     <span class='ocr_line' id='line_1_59' title="bbox 154 4067 1830 4141; baseline -0.004 -13"><span class='ocrx_word' id='word_1_435' title='bbox 154 4070 343 4128; x_wconf 89' lang='lat' dir='ltr'>niano</span> <span class='ocrx_word' id='word_1_436' title='bbox 359 4068 616 4125; x_wconf 88' lang='lat' dir='ltr'>diacono</span> <span class='ocrx_word' id='word_1_437' title='bbox 637 4068 843 4125; x_wconf 91' lang='lat' dir='ltr'>dicens</span> <span class='ocrx_word' id='word_1_438' title='bbox 865 4086 911 4135; x_wconf 85' lang='grc'>;‹‹</span> <span class='ocrx_word' id='word_1_439' title='bbox 930 4071 1125 4123; x_wconf 90' lang='lat' dir='ltr'>Unum</span> <span class='ocrx_word' id='word_1_440' title='bbox 1136 4072 1225 4123; x_wconf 90' lang='lat' dir='ltr'>est</span> <span class='ocrx_word' id='word_1_441' title='bbox 1247 4067 1412 4141; x_wconf 90' lang='lat' dir='ltr'>quod</span> <span class='ocrx_word' id='word_1_442' title='bbox 1439 4067 1694 4123; x_wconf 81' lang='lat' dir='ltr'>breviter</span> <span class='ocrx_word' id='word_1_443' title='bbox 1706 4084 1830 4122; x_wconf 87' lang='lat' dir='ltr'>sur-</span> 
     </span>
    </p>
   </div>
   <div class='ocr_carea' id='block_1_60' title="bbox 157 4156 1827 4233">
    <p class='ocr_par' dir='ltr' id='par_1_60' title="bbox 157 4156 1827 4233">
     <span class='ocr_line' id='line_1_60' title="bbox 157 4156 1827 4233; baseline -0.003 -17"><span class='ocrx_word' id='word_1_444' title='bbox 157 4176 336 4233; x_wconf 88' lang='lat' dir='ltr'>geras</span> <span class='ocrx_word' id='word_1_445' title='bbox 369 4158 763 4215; x_wconf 88' lang='lat' dir='ltr'>serenissimis</span> <span class='ocrx_word' id='word_1_446' title='bbox 790 4157 1053 4213; x_wconf 88' lang='lat' dir='ltr'>Dominis</span> <span class='ocrx_word' id='word_1_447' title='bbox 1084 4157 1301 4213; x_wconf 91' lang='lat' dir='ltr'>nostris</span> <span class='ocrx_word' id='word_1_448' title='bbox 1330 4156 1827 4230; x_wconf 81' lang='lat' dir='ltr'>imperatoribus;</span> 
     </span>
    </p>
   </div>
   <div class='ocr_carea' id='block_1_61' title="bbox 157 4246 1830 4324">
    <p class='ocr_par' dir='ltr' id='par_1_61' title="bbox 157 4246 1830 4324">
     <span class='ocr_line' id='line_1_61' title="bbox 157 4246 1830 4324; baseline -0.002 -19"><span class='ocrx_word' id='word_1_449' title='bbox 157 4248 308 4324; x_wconf 89' lang='lat' dir='ltr'>quia</span> <span class='ocrx_word' id='word_1_450' title='bbox 330 4248 377 4304; x_wconf 94' lang='lat' dir='ltr'>si</span> <span class='ocrx_word' id='word_1_451' title='bbox 391 4265 503 4319; x_wconf 89' lang='lat' dir='ltr'>ego</span> <span class='ocrx_word' id='word_1_452' title='bbox 531 4264 739 4304; x_wconf 89' lang='lat' dir='ltr'>servus</span> <span class='ocrx_word' id='word_1_453' title='bbox 763 4263 973 4303; x_wconf 90' lang='lat' dir='ltr'>eorum</span> <span class='ocrx_word' id='word_1_454' title='bbox 1001 4246 1061 4302; x_wconf 91' lang='lat' dir='ltr'>in</span> <span class='ocrx_word' id='word_1_455' title='bbox 1094 4252 1284 4304; x_wconf 91' lang='lat' dir='ltr'>morte</span> <span class='ocrx_word' id='word_1_456' title='bbox 1308 4246 1402 4302; x_wconf 90' lang='lat' dir='ltr'>vel</span> <span class='ocrx_word' id='word_1_457' title='bbox 1432 4246 1830 4317; x_wconf 88' lang='lat' dir='ltr'>Langobardo</span> 
     </span>
    </p>
   </div>
   <div class='ocr_carea' id='block_1_62' title="bbox 156 4334 1829 4406">
    <p class='ocr_par' dir='ltr' id='par_1_62' title="bbox 156 4334 1829 4406">
     <span class='ocr_line' id='line_1_62' title="bbox 156 4334 1829 4406; baseline -0.004 -11"><span class='ocrx_word' id='word_1_458' title='bbox 156 4355 298 4395; x_wconf 89' lang='lat' dir='ltr'>rum</span> <span class='ocrx_word' id='word_1_459' title='bbox 329 4354 425 4393; x_wconf 91' lang='lat' dir='ltr'>me</span> <span class='ocrx_word' id='word_1_460' title='bbox 455 4337 708 4393; x_wconf 90' lang='lat' dir='ltr'>miscere</span> <span class='ocrx_word' id='word_1_461' title='bbox 734 4335 1268 4405; x_wconf 86' lang='lat' dir='ltr'>voluissem,hodie</span> <span class='ocrx_word' id='word_1_462' title='bbox 1292 4334 1829 4406; x_wconf 86' lang='lat' dir='ltr'>Langobardorum</span> 
     </span>
    </p>
   </div>
   <div class='ocr_carea' id='block_1_63' title="bbox 160 4424 1827 4500">
    <p class='ocr_par' dir='ltr' id='par_1_63' title="bbox 160 4424 1827 4500">
     <span class='ocr_line' id='line_1_63' title="bbox 160 4424 1827 4500; baseline -0.003 -16"><span class='ocrx_word' id='word_1_463' title='bbox 160 4443 311 4500; x_wconf 89' lang='lat' dir='ltr'>gens</span> <span class='ocrx_word' id='word_1_464' title='bbox 340 4442 449 4483; x_wconf 91' lang='lat' dir='ltr'>nec</span> <span class='ocrx_word' id='word_1_465' title='bbox 470 4442 695 4497; x_wconf 86' lang='lat' dir='ltr'>regem,</span> <span class='ocrx_word' id='word_1_466' title='bbox 729 4442 838 4481; x_wconf 92' lang='lat' dir='ltr'>nec</span> <span class='ocrx_word' id='word_1_467' title='bbox 862 4425 1067 4493; x_wconf 91' lang='lat' dir='ltr'>duces,</span> <span class='ocrx_word' id='word_1_468' title='bbox 1100 4441 1210 4482; x_wconf 90' lang='lat' dir='ltr'>nec</span> <span class='ocrx_word' id='word_1_469' title='bbox 1262 4425 1512 4481; x_wconf 90' lang='lat' dir='ltr'>comites</span> <span class='ocrx_word' id='word_1_470' title='bbox 1561 4424 1827 4492; x_wconf 87' lang='lat' dir='ltr'>haberet,</span> 
     </span>
    </p>
   </div>
   <div class='ocr_carea' id='block_1_64' title="bbox 161 4513 1831 4589">
    <p class='ocr_par' dir='ltr' id='par_1_64' title="bbox 161 4513 1831 4589">
     <span class='ocr_line' id='line_1_64' title="bbox 161 4513 1831 4589; baseline -0.003 -15"><span class='ocrx_word' id='word_1_471' title='bbox 161 4521 344 4589; x_wconf 88' lang='lat' dir='ltr'>atque</span> <span class='ocrx_word' id='word_1_472' title='bbox 370 4516 431 4571; x_wconf 92' lang='lat' dir='ltr'>in</span> <span class='ocrx_word' id='word_1_473' title='bbox 458 4531 698 4570; x_wconf 90' lang='lat' dir='ltr'>summa</span> <span class='ocrx_word' id='word_1_474' title='bbox 723 4514 1076 4571; x_wconf 89' lang='lat' dir='ltr'>confusione</span> <span class='ocrx_word' id='word_1_475' title='bbox 1097 4518 1252 4571; x_wconf 88' lang='lat' dir='ltr'>esset</span> <span class='ocrx_word' id='word_1_476' title='bbox 1280 4514 1492 4570; x_wconf 87' lang='lat' dir='ltr'>divisa.</span> <span class='ocrx_word' id='word_1_477' title='bbox 1529 4513 1644 4572; x_wconf 89' lang='lat' dir='ltr'>Sed</span> <span class='ocrx_word' id='word_1_478' title='bbox 1689 4513 1831 4586; x_wconf 88' lang='lat' dir='ltr'>quia</span> 
     </span>
    </p>
   </div>
   <div class='ocr_carea' id='block_1_65' title="bbox 162 4602 1835 4673">
    <p class='ocr_par' dir='ltr' id='par_1_65' title="bbox 162 4602 1835 4673">
     <span class='ocr_line' id='line_1_65' title="bbox 162 4602 1835 4673; baseline -0.004 -10"><span class='ocrx_word' id='word_1_479' title='bbox 162 4610 357 4663; x_wconf 89' lang='lat' dir='ltr'>Deum</span> <span class='ocrx_word' id='word_1_480' title='bbox 378 4603 580 4667; x_wconf 79' lang='lat' dir='ltr'>timeo,</span> <span class='ocrx_word' id='word_1_481' title='bbox 614 4602 674 4656; x_wconf 93' lang='lat' dir='ltr'>in</span> <span class='ocrx_word' id='word_1_482' title='bbox 705 4608 895 4659; x_wconf 90' lang='lat' dir='ltr'>morte</span> <span class='ocrx_word' id='word_1_483' title='bbox 927 4603 1249 4673; x_wconf 88' lang='lat' dir='ltr'>cujuslibet</span> <span class='ocrx_word' id='word_1_484' title='bbox 1277 4603 1541 4659; x_wconf 89' lang='lat' dir='ltr'>hominis</span> <span class='ocrx_word' id='word_1_485' title='bbox 1572 4620 1670 4659; x_wconf 92' lang='lat' dir='ltr'>me</span> <span class='ocrx_word' id='word_1_486' title='bbox 1726 4602 1835 4658; x_wconf 91' lang='lat' dir='ltr'>mi-</span> 
     </span>
    </p>
   </div>
   <div class='ocr_carea' id='block_1_66' title="bbox 163 4689 679 4751">
    <p class='ocr_par' dir='ltr' id='par_1_66' title="bbox 163 4689 679 4751">
     <span class='ocr_line' id='line_1_66' title="bbox 163 4689 679 4751; baseline -0.017 0"><span class='ocrx_word' id='word_1_487' title='bbox 163 4708 333 4751; x_wconf 90' lang='lat' dir='ltr'>scere</span> <span class='ocrx_word' id='word_1_488' title='bbox 361 4689 679 4747; x_wconf 87' lang='lat' dir='ltr'>formido.»</span> 
     </span>
    </p>
   </div>
   <div class='ocr_carea' id='block_1_67' title="bbox 242 4778 1830 4853">
    <p class='ocr_par' dir='ltr' id='par_1_67' title="bbox 242 4778 1830 4853">
     <span class='ocr_line' id='line_1_67' title="bbox 242 4778 1830 4853; baseline -0.002 -13"><span class='ocrx_word' id='word_1_489' title='bbox 242 4781 409 4840; x_wconf 90' lang='lat' dir='ltr'>Unde</span> <span class='ocrx_word' id='word_1_490' title='bbox 424 4779 652 4853; x_wconf 90' lang='lat' dir='ltr'>liquido</span> <span class='ocrx_word' id='word_1_491' title='bbox 684 4778 960 4847; x_wconf 87' lang='lat' dir='ltr'>colligere</span> <span class='ocrx_word' id='word_1_492' title='bbox 988 4784 1179 4852; x_wconf 89' lang='lat' dir='ltr'>potes,</span> <span class='ocrx_word' id='word_1_493' title='bbox 1213 4781 1715 4853; x_wconf 90' lang='lat' dir='ltr'>quandoquidem</span> <span class='ocrx_word' id='word_1_494' title='bbox 1734 4782 1830 4837; x_wconf 90' lang='lat' dir='ltr'>ille</span> 
     </span>
    </p>
   </div>
   <div class='ocr_carea' id='block_1_68' title="bbox 165 4866 1835 4940">
    <p class='ocr_par' dir='ltr' id='par_1_68' title="bbox 165 4866 1835 4940">
     <span class='ocr_line' id='line_1_68' title="bbox 165 4866 1835 4940; baseline -0.002 -11"><span class='ocrx_word' id='word_1_495' title='bbox 165 4878 305 4929; x_wconf 91' lang='lat' dir='ltr'>tuas</span> <span class='ocrx_word' id='word_1_496' title='bbox 334 4876 458 4927; x_wconf 92' lang='lat' dir='ltr'>tam</span> <span class='ocrx_word' id='word_1_497' title='bbox 488 4866 809 4925; x_wconf 78' lang='lat' dir='ltr'>efficaciter</span> <span class='ocrx_word' id='word_1_498' title='bbox 838 4866 1048 4923; x_wconf 91' lang='lat' dir='ltr'>ulcisci</span> <span class='ocrx_word' id='word_1_499' title='bbox 1060 4868 1393 4940; x_wconf 83' lang='lat' dir='ltr'>praevalens</span> <span class='ocrx_word' id='word_1_500' title='bbox 1411 4868 1680 4939; x_wconf 88' lang='lat' dir='ltr'>injurias,</span> <span class='ocrx_word' id='word_1_501' title='bbox 1713 4886 1835 4925; x_wconf 90' lang='lat' dir='ltr'>me-</span> 
     </span>
    </p>
   </div>
   <div class='ocr_carea' id='block_1_69' title="bbox 168 4956 1837 5029">
    <p class='ocr_par' dir='ltr' id='par_1_69' title="bbox 168 4956 1837 5029">
     <span class='ocr_line' id='line_1_69' title="bbox 168 4956 1837 5029; baseline -0.004 -10"><span class='ocrx_word' id='word_1_502' title='bbox 168 4967 235 5019; x_wconf 88' lang='lat' dir='ltr'>tu</span> <span class='ocrx_word' id='word_1_503' title='bbox 263 4965 465 5016; x_wconf 89' lang='lat' dir='ltr'>tamen</span> <span class='ocrx_word' id='word_1_504' title='bbox 487 4957 694 5016; x_wconf 90' lang='lat' dir='ltr'>divino</span> <span class='ocrx_word' id='word_1_505' title='bbox 720 4956 896 5025; x_wconf 83' lang='lat' dir='ltr'>elegit</span> <span class='ocrx_word' id='word_1_506' title='bbox 921 4961 1157 5012; x_wconf 90' lang='lat' dir='ltr'>scutum</span> <span class='ocrx_word' id='word_1_507' title='bbox 1188 4957 1509 5029; x_wconf 60' lang='lat' dir='ltr'>patientia,</span> <span class='ocrx_word' id='word_1_508' title='bbox 1542 4973 1616 5012; x_wconf 91' lang='lat' dir='ltr'>ne</span> <span class='ocrx_word' id='word_1_509' title='bbox 1645 4958 1837 5014; x_wconf 92' lang='lat' dir='ltr'>homi-</span> 
     </span>
    </p>
   </div>
   <div class='ocr_carea' id='block_1_70' title="bbox 169 5046 1838 5121">
    <p class='ocr_par' dir='ltr' id='par_1_70' title="bbox 169 5046 1838 5121">
     <span class='ocr_line' id='line_1_70' title="bbox 169 5046 1838 5121; baseline -0.002 -13"><span class='ocrx_word' id='word_1_510' title='bbox 169 5068 322 5108; x_wconf 88' lang='lat' dir='ltr'>num</span> <span class='ocrx_word' id='word_1_511' title='bbox 345 5049 639 5106; x_wconf 90' lang='lat' dir='ltr'>mortibus</span> <span class='ocrx_word' id='word_1_512' title='bbox 670 5064 732 5103; x_wconf 91' lang='lat' dir='ltr'>se</span> <span class='ocrx_word' id='word_1_513' title='bbox 761 5047 1052 5112; x_wconf 88' lang='lat' dir='ltr'>misceret,</span> <span class='ocrx_word' id='word_1_514' title='bbox 1082 5048 1249 5121; x_wconf 87' lang='lat' dir='ltr'>quod</span> <span class='ocrx_word' id='word_1_515' title='bbox 1270 5046 1363 5103; x_wconf 90' lang='lat' dir='ltr'>isti</span> <span class='ocrx_word' id='word_1_516' title='bbox 1381 5046 1590 5103; x_wconf 85' lang='lat' dir='ltr'>timOre</span> <span class='ocrx_word' id='word_1_517' title='bbox 1617 5049 1718 5103; x_wconf 91' lang='lat' dir='ltr'>Dei</span> <span class='ocrx_word' id='word_1_518' title='bbox 1735 5048 1838 5104; x_wconf 90' lang='lat' dir='ltr'>ab-</span> 
     </span>
    </p>
   </div>
   <div class='ocr_carea' id='block_1_71' title="bbox 167 5128 1840 5213">
    <p class='ocr_par' dir='ltr' id='par_1_71' title="bbox 167 5128 1840 5213">
     <span class='ocr_line' id='line_1_71' title="bbox 167 5128 1840 5213; baseline -0.002 -17"><span class='ocrx_word' id='word_1_519' title='bbox 167 5141 329 5213; x_wconf 91' lang='lat' dir='ltr'>jecto</span> <span class='ocrx_word' id='word_1_520' title='bbox 356 5128 580 5196; x_wconf 78' lang='lat' dir='ltr'>nefarie</span> <span class='ocrx_word' id='word_1_521' title='bbox 610 5137 877 5195; x_wconf 70' lang='lat' dir='ltr'>caedibus</span> <span class='ocrx_word' id='word_1_522' title='bbox 908 5136 1226 5193; x_wconf 91' lang='lat' dir='ltr'>hominum</span> <span class='ocrx_word' id='word_1_523' title='bbox 1258 5152 1319 5193; x_wconf 90' lang='lat' dir='ltr'>se</span> <span class='ocrx_word' id='word_1_524' title='bbox 1349 5136 1724 5204; x_wconf 89' lang='lat' dir='ltr'>interserunt,</span> <span class='ocrx_word' id='word_1_525' title='bbox 1782 5142 1840 5193; x_wconf 92' lang='lat' dir='ltr'>et</span> 
     </span>
    </p>
   </div>
   <div class='ocr_carea' id='block_1_72' title="bbox 176 5226 1834 5300">
    <p class='ocr_par' dir='ltr' id='par_1_72' title="bbox 176 5226 1834 5300">
     <span class='ocr_line' id='line_1_72' title="bbox 176 5226 1834 5300; baseline -0.002 -13"><span class='ocrx_word' id='word_1_526' title='bbox 176 5234 457 5287; x_wconf 88' lang='lat' dir='ltr'>cruentas</span> <span class='ocrx_word' id='word_1_527' title='bbox 486 5233 717 5300; x_wconf 88' lang='lat' dir='ltr'>strages</span> <span class='ocrx_word' id='word_1_528' title='bbox 746 5226 1168 5285; x_wconf 91' lang='lat' dir='ltr'>contaminatis</span> <span class='ocrx_word' id='word_1_529' title='bbox 1185 5226 1495 5283; x_wconf 89' lang='lat' dir='ltr'>obtutibus</span> <span class='ocrx_word' id='word_1_530' title='bbox 1515 5227 1834 5300; x_wconf 90' lang='lat' dir='ltr'>aspiciunt.</span> 
     </span>
    </p>
   </div>
   <div class='ocr_carea' id='block_1_73' title="bbox 176 5317 1836 5390">
    <p class='ocr_par' dir='ltr' id='par_1_73' title="bbox 176 5317 1836 5390">
     <span class='ocr_line' id='line_1_73' title="bbox 176 5317 1836 5390; baseline -0.001 -15"><span class='ocrx_word' id='word_1_531' title='bbox 176 5319 351 5386; x_wconf 88' lang='lat' dir='ltr'>Quod</span> <span class='ocrx_word' id='word_1_532' title='bbox 399 5318 779 5375; x_wconf 89' lang='lat' dir='ltr'>beatissimus</span> <span class='ocrx_word' id='word_1_533' title='bbox 838 5318 1117 5375; x_wconf 88' lang='lat' dir='ltr'>Martinus</span> <span class='ocrx_word' id='word_1_534' title='bbox 1161 5332 1529 5390; x_wconf 85' lang='lat' dir='ltr'>magnopere</span> <span class='ocrx_word' id='word_1_535' title='bbox 1581 5317 1836 5387; x_wconf 88' lang='lat' dir='ltr'>fugiens,</span> 
     </span>
    </p>
   </div>
   <div class='ocr_carea' id='block_1_74' title="bbox 178 5408 1841 5481">
    <p class='ocr_par' dir='ltr' id='par_1_74' title="bbox 178 5408 1841 5481">
     <span class='ocr_line' id='line_1_74' title="bbox 178 5408 1841 5481; baseline -0.002 -14"><span class='ocrx_word' id='word_1_536' title='bbox 178 5408 476 5467; x_wconf 86' lang='lat' dir='ltr'>abdicatis</span> <span class='ocrx_word' id='word_1_537' title='bbox 503 5410 707 5476; x_wconf 89' lang='lat' dir='ltr'>armis,</span> <span class='ocrx_word' id='word_1_538' title='bbox 731 5409 952 5481; x_wconf 83' lang='lat' dir='ltr'>quibus</span> <span class='ocrx_word' id='word_1_539' title='bbox 977 5408 1090 5464; x_wconf 91' lang='lat' dir='ltr'>sub</span> <span class='ocrx_word' id='word_1_540' title='bbox 1122 5413 1356 5464; x_wconf 89' lang='lat' dir='ltr'>terreno</span> <span class='ocrx_word' id='word_1_541' title='bbox 1375 5423 1513 5478; x_wconf 88' lang='lat' dir='ltr'>rege</span> <span class='ocrx_word' id='word_1_542' title='bbox 1545 5408 1841 5464; x_wconf 89' lang='lat' dir='ltr'>militabat</span> 
     </span>
    </p>
   </div>
   <div class='ocr_carea' id='block_1_75' title="bbox 181 5497 1840 5555">
    <p class='ocr_par' dir='ltr' id='par_1_75' title="bbox 181 5497 1840 5555">
     <span class='ocr_line' id='line_1_75' title="bbox 181 5497 1840 5555; baseline -0.002 0"><span class='ocrx_word' id='word_1_543' title='bbox 181 5515 305 5555; x_wconf 63' lang='lat' dir='ltr'>suae</span> <span class='ocrx_word' id='word_1_544' title='bbox 335 5497 476 5553; x_wconf 92' lang='lat' dir='ltr'>ﬁdei</span> <span class='ocrx_word' id='word_1_545' title='bbox 505 5498 844 5554; x_wconf 90' lang='lat' dir='ltr'>tirocinium</span> <span class='ocrx_word' id='word_1_546' title='bbox 874 5497 1353 5554; x_wconf 90' lang='lat' dir='ltr'>mansuetudinis</span> <span class='ocrx_word' id='word_1_547' title='bbox 1384 5502 1441 5553; x_wconf 92' lang='lat' dir='ltr'>et</span> <span class='ocrx_word' id='word_1_548' title='bbox 1483 5498 1840 5554; x_wconf 62' lang='lat' dir='ltr'>innocentiae</span> 
     </span>
    </p>
   </div>
   <div class='ocr_carea' id='block_1_76' title="bbox 182 5587 1843 5662">
    <p class='ocr_par' dir='ltr' id='par_1_76' title="bbox 182 5587 1843 5662">
     <span class='ocr_line' id='line_1_76' title="bbox 182 5587 1843 5662; baseline -0.001 -19"><span class='ocrx_word' id='word_1_549' title='bbox 182 5587 491 5662; x_wconf 89' lang='lat' dir='ltr'>proposito</span> <span class='ocrx_word' id='word_1_550' title='bbox 517 5587 835 5655; x_wconf 88' lang='lat' dir='ltr'>dedicavit,</span> <span class='ocrx_word' id='word_1_551' title='bbox 865 5592 921 5643; x_wconf 89' lang='lat' dir='ltr'>et</span> <span class='ocrx_word' id='word_1_552' title='bbox 950 5588 1223 5644; x_wconf 90' lang='lat' dir='ltr'>nondum</span> <span class='ocrx_word' id='word_1_553' title='bbox 1273 5587 1559 5643; x_wconf 89' lang='lat' dir='ltr'>clericatis</span> <span class='ocrx_word' id='word_1_554' title='bbox 1615 5587 1843 5643; x_wconf 90' lang='lat' dir='ltr'>ordinis</span> 
     </span>
    </p>
   </div>
   <div class='ocr_carea' id='block_1_77' title="bbox 184 5675 1843 5748">
    <p class='ocr_par' dir='ltr' id='par_1_77' title="bbox 184 5675 1843 5748">
     <span class='ocr_line' id='line_1_77' title="bbox 184 5675 1843 5748; baseline -0.001 -16"><span class='ocrx_word' id='word_1_555' title='bbox 184 5675 445 5748; x_wconf 87' lang='lat' dir='ltr'>gradum</span> <span class='ocrx_word' id='word_1_556' title='bbox 490 5675 753 5747; x_wconf 84' lang='lat' dir='ltr'>aliquem</span> <span class='ocrx_word' id='word_1_557' title='bbox 806 5676 1069 5746; x_wconf 87' lang='lat' dir='ltr'>sortitus,</span> <span class='ocrx_word' id='word_1_558' title='bbox 1110 5676 1313 5732; x_wconf 90' lang='lat' dir='ltr'>multis</span> <span class='ocrx_word' id='word_1_559' title='bbox 1369 5680 1574 5732; x_wconf 89' lang='lat' dir='ltr'>tamen</span> <span class='ocrx_word' id='word_1_560' title='bbox 1631 5676 1843 5731; x_wconf 90' lang='lat' dir='ltr'>merito</span> 
     </span>
    </p>
   </div>
   <div class='ocr_carea' id='block_1_78' title="bbox 185 5764 1841 5840">
    <p class='ocr_par' dir='ltr' id='par_1_78' title="bbox 185 5764 1841 5840">
     <span class='ocr_line' id='line_1_78' title="bbox 185 5764 1841 5840; baseline -0.001 -17"><span class='ocrx_word' id='word_1_561' title='bbox 185 5764 597 5840; x_wconf 57' lang='lat' dir='ltr'>praeferendus</span> <span class='ocrx_word' id='word_1_562' title='bbox 657 5764 980 5839; x_wconf 88' lang='lat' dir='ltr'>episcopis,</span> <span class='ocrx_word' id='word_1_563' title='bbox 1011 5765 1232 5823; x_wconf 83' lang='lat' dir='ltr'>militiae</span> <span class='ocrx_word' id='word_1_564' title='bbox 1253 5768 1595 5824; x_wconf 87' lang='lat' dir='ltr'>constanter</span> <span class='ocrx_word' id='word_1_565' title='bbox 1618 5780 1841 5822; x_wconf 89' lang='lat' dir='ltr'>renun-</span> 
     </span>
    </p>
   </div>
   <div class='ocr_carea' id='block_1_79' title="bbox 1924 1837 3583 1905">
    <p class='ocr_par' dir='ltr' id='par_1_79' title="bbox 1924 1837 3583 1905">
     <span class='ocr_line' id='line_1_79' title="bbox 1924 1837 3583 1905; baseline 0.003 -13"><span class='ocrx_word' id='word_1_566' title='bbox 1924 1837 2063 1893; x_wconf 88' lang='lat' dir='ltr'>teris</span> <span class='ocrx_word' id='word_1_567' title='bbox 2091 1854 2161 1893; x_wconf 90' lang='lat' dir='ltr'>ac</span> <span class='ocrx_word' id='word_1_568' title='bbox 2191 1838 2334 1893; x_wconf 88' lang='lat' dir='ltr'>Novi</span> <span class='ocrx_word' id='word_1_569' title='bbox 2366 1839 2757 1895; x_wconf 88' lang='lat' dir='ltr'>Testamenti:</span> <span class='ocrx_word' id='word_1_570' title='bbox 2795 1862 2821 1889; x_wconf 92' lang='grc'>‹‹</span> <span class='ocrx_word' id='word_1_571' title='bbox 2856 1842 3049 1905; x_wconf 83' lang='lat' dir='ltr'>Quare</span> <span class='ocrx_word' id='word_1_572' title='bbox 3100 1841 3391 1897; x_wconf 90' lang='lat' dir='ltr'>sententia</span> <span class='ocrx_word' id='word_1_573' title='bbox 3439 1842 3583 1897; x_wconf 90' lang='lat' dir='ltr'>data</span> 
     </span>
    </p>
   </div>
   <div class='ocr_carea' id='block_1_80' title="bbox 1927 1925 3585 2001">
    <p class='ocr_par' dir='ltr' id='par_1_80' title="bbox 1927 1925 3585 2001">
     <span class='ocr_line' id='line_1_80' title="bbox 1927 1925 3585 2001; baseline 0.002 -20"><span class='ocrx_word' id='word_1_574' title='bbox 1927 1929 2059 1982; x_wconf 86' lang='lat' dir='ltr'>est?</span> <span class='ocrx_word' id='word_1_575' title='bbox 2089 1929 2157 1981; x_wconf 93' lang='lat' dir='ltr'>Ut</span> <span class='ocrx_word' id='word_1_576' title='bbox 2183 1925 2331 1998; x_wconf 90' lang='lat' dir='ltr'>quid</span> <span class='ocrx_word' id='word_1_577' title='bbox 2352 1926 2457 1998; x_wconf 92' lang='lat' dir='ltr'>qui</span> <span class='ocrx_word' id='word_1_578' title='bbox 2474 1926 2689 1999; x_wconf 89' lang='lat' dir='ltr'>accipit</span> <span class='ocrx_word' id='word_1_579' title='bbox 2711 1927 2980 1997; x_wconf 87' lang='lat' dir='ltr'>gladium</span> <span class='ocrx_word' id='word_1_580' title='bbox 3002 1928 3201 1999; x_wconf 87' lang='lat' dir='ltr'>gladio</span> <span class='ocrx_word' id='word_1_581' title='bbox 3224 1934 3446 2001; x_wconf 88' lang='lat' dir='ltr'>pereat,</span> <span class='ocrx_word' id='word_1_582' title='bbox 3470 1930 3585 1985; x_wconf 88' lang='lat' dir='ltr'>nisi</span> 
     </span>
    </p>
   </div>
   <div class='ocr_carea' id='block_1_81' title="bbox 1926 2016 3586 2093">
    <p class='ocr_par' dir='ltr' id='par_1_81' title="bbox 1926 2016 3586 2093">
     <span class='ocr_line' id='line_1_81' title="bbox 1926 2016 3586 2093; baseline 0.003 -23"><span class='ocrx_word' id='word_1_583' title='bbox 1926 2016 2071 2087; x_wconf 89' lang='lat' dir='ltr'>quia</span> <span class='ocrx_word' id='word_1_584' title='bbox 2100 2016 2246 2070; x_wconf 91' lang='lat' dir='ltr'>nulli</span> <span class='ocrx_word' id='word_1_585' title='bbox 2275 2016 2428 2085; x_wconf 80' lang='lat' dir='ltr'>licet,</span> <span class='ocrx_word' id='word_1_586' title='bbox 2459 2021 2709 2089; x_wconf 91' lang='lat' dir='ltr'>excepto</span> <span class='ocrx_word' id='word_1_587' title='bbox 2725 2018 2948 2089; x_wconf 91' lang='lat' dir='ltr'>judice,</span> <span class='ocrx_word' id='word_1_588' title='bbox 2981 2018 3183 2088; x_wconf 89' lang='lat' dir='ltr'>gladio</span> <span class='ocrx_word' id='word_1_589' title='bbox 3212 2036 3586 2093; x_wconf 89' lang='lat' dir='ltr'>quemquam</span> 
     </span>
    </p>
   </div>
   <div class='ocr_carea' id='block_1_82' title="bbox 1927 2105 3586 2181">
    <p class='ocr_par' dir='ltr' id='par_1_82' title="bbox 1927 2105 3586 2181">
     <span class='ocr_line' id='line_1_82' title="bbox 1927 2105 3586 2181; baseline 0.002 -21"><span class='ocrx_word' id='word_1_590' title='bbox 1927 2105 2241 2161; x_wconf 85' lang='lat' dir='ltr'>occidere?</span> <span class='ocrx_word' id='word_1_591' title='bbox 2276 2128 2301 2154; x_wconf 83' lang='grc'><strong>››</strong></span> <span class='ocrx_word' id='word_1_592' title='bbox 2334 2109 2400 2161; x_wconf 89' lang='lat' dir='ltr'>Et</span> <span class='ocrx_word' id='word_1_593' title='bbox 2426 2105 2636 2162; x_wconf 90' lang='lat' dir='ltr'>beatus</span> <span class='ocrx_word' id='word_1_594' title='bbox 2664 2108 3079 2179; x_wconf 81' lang='lat' dir='ltr'>Hieronymus,</span> <span class='ocrx_word' id='word_1_595' title='bbox 3113 2125 3292 2181; x_wconf 89' lang='lat' dir='ltr'>super</span> <span class='ocrx_word' id='word_1_596' title='bbox 3323 2109 3586 2165; x_wconf 85' lang='lat' dir='ltr'>Ezechie-</span> 
     </span>
    </p>
   </div>
   <div class='ocr_carea' id='block_1_83' title="bbox 1926 2193 3589 2270">
    <p class='ocr_par' dir='ltr' id='par_1_83' title="bbox 1926 2193 3589 2270">
     <span class='ocr_line' id='line_1_83' title="bbox 1926 2193 3589 2270; baseline 0.002 -21"><span class='ocrx_word' id='word_1_597' title='bbox 1926 2193 2043 2249; x_wconf 90' lang='lat' dir='ltr'>lem</span> <span class='ocrx_word' id='word_1_598' title='bbox 2069 2195 2222 2250; x_wconf 90' lang='lat' dir='ltr'>libro</span> <span class='ocrx_word' id='word_1_599' title='bbox 2252 2212 2309 2249; x_wconf 91' lang='grc' dir='ltr'>ιιι</span> <span class='ocrx_word' id='word_1_600' title='bbox 2340 2212 2351 2250; x_wconf 93' lang='lat'>:</span> <span class='ocrx_word' id='word_1_601' title='bbox 2388 2217 2415 2244; x_wconf 83' lang='lat'><strong>«</strong></span> <span class='ocrx_word' id='word_1_602' title='bbox 2442 2195 2551 2261; x_wconf 90' lang='lat' dir='ltr'>Qui</span> <span class='ocrx_word' id='word_1_603' title='bbox 2570 2196 2762 2251; x_wconf 88' lang='lat' dir='ltr'>malos</span> <span class='ocrx_word' id='word_1_604' title='bbox 2790 2196 3062 2268; x_wconf 86' lang='lat' dir='ltr'>percutit.</span> <span class='ocrx_word' id='word_1_605' title='bbox 3092 2196 3152 2251; x_wconf 88' lang='lat' dir='ltr'>in</span> <span class='ocrx_word' id='word_1_606' title='bbox 3168 2214 3238 2253; x_wconf 91' lang='lat' dir='ltr'>eo</span> <span class='ocrx_word' id='word_1_607' title='bbox 3258 2198 3423 2270; x_wconf 90' lang='lat' dir='ltr'>quod</span> <span class='ocrx_word' id='word_1_608' title='bbox 3445 2198 3589 2253; x_wconf 92' lang='lat' dir='ltr'>mali</span> 
     </span>
    </p>
   </div>
   <div class='ocr_carea' id='block_1_84' title="bbox 1929 2284 3586 2359">
    <p class='ocr_par' dir='ltr' id='par_1_84' title="bbox 1929 2284 3586 2359">
     <span class='ocr_line' id='line_1_84' title="bbox 1929 2284 3586 2359; baseline 0.003 -22"><span class='ocrx_word' id='word_1_609' title='bbox 1929 2288 2087 2354; x_wconf 85' lang='lat' dir='ltr'>sunt,</span> <span class='ocrx_word' id='word_1_610' title='bbox 2116 2288 2173 2339; x_wconf 89' lang='lat' dir='ltr'>et</span> <span class='ocrx_word' id='word_1_611' title='bbox 2199 2284 2383 2340; x_wconf 89' lang='lat' dir='ltr'>habet</span> <span class='ocrx_word' id='word_1_612' title='bbox 2406 2301 2556 2340; x_wconf 90' lang='lat' dir='ltr'>vasa</span> <span class='ocrx_word' id='word_1_613' title='bbox 2589 2284 3012 2341; x_wconf 88' lang='lat' dir='ltr'>interfectionis</span> <span class='ocrx_word' id='word_1_614' title='bbox 3042 2290 3108 2341; x_wconf 89' lang='lat' dir='ltr'>ut</span> <span class='ocrx_word' id='word_1_615' title='bbox 3137 2286 3373 2342; x_wconf 91' lang='lat' dir='ltr'>occidat</span> <span class='ocrx_word' id='word_1_616' title='bbox 3400 2287 3586 2359; x_wconf 91' lang='lat' dir='ltr'>pessi-</span> 
     </span>
    </p>
   </div>
   <div class='ocr_carea' id='block_1_85' title="bbox 1928 2373 3589 2449">
    <p class='ocr_par' dir='ltr' id='par_1_85' title="bbox 1928 2373 3589 2449">
     <span class='ocr_line' id='line_1_85' title="bbox 1928 2373 3589 2449; baseline 0.002 -22"><span class='ocrx_word' id='word_1_617' title='bbox 1928 2388 2082 2439; x_wconf 88' lang='lat' dir='ltr'>mos,</span> <span class='ocrx_word' id='word_1_618' title='bbox 2114 2373 2383 2429; x_wconf 90' lang='lat' dir='ltr'>minister</span> <span class='ocrx_word' id='word_1_619' title='bbox 2407 2379 2497 2429; x_wconf 89' lang='lat' dir='ltr'>est</span> <span class='ocrx_word' id='word_1_620' title='bbox 2522 2374 2775 2430; x_wconf 88' lang='lat' dir='ltr'>Domini.</span> <span class='ocrx_word' id='word_1_621' title='bbox 2818 2397 2843 2424; x_wconf 88' lang='grc'><strong>››</strong></span> <span class='ocrx_word' id='word_1_622' title='bbox 2898 2378 2964 2430; x_wconf 85' lang='lat' dir='ltr'>Et</span> <span class='ocrx_word' id='word_1_623' title='bbox 2985 2374 3215 2443; x_wconf 85' lang='lat' dir='ltr'>Haimo,</span> <span class='ocrx_word' id='word_1_624' title='bbox 3248 2392 3426 2448; x_wconf 90' lang='lat' dir='ltr'>super</span> <span class='ocrx_word' id='word_1_625' title='bbox 3460 2376 3589 2449; x_wconf 86' lang='lat' dir='ltr'>Epi-</span> 
     </span>
    </p>
   </div>
   <div class='ocr_carea' id='block_1_86' title="bbox 1930 2462 3590 2536">
    <p class='ocr_par' dir='ltr' id='par_1_86' title="bbox 1930 2462 3590 2536">
     <span class='ocr_line' id='line_1_86' title="bbox 1930 2462 3590 2536; baseline 0.002 -20"><span class='ocrx_word' id='word_1_626' title='bbox 1930 2462 2148 2518; x_wconf 87' lang='lat' dir='ltr'>stolam</span> <span class='ocrx_word' id='word_1_627' title='bbox 2188 2463 2265 2517; x_wconf 92' lang='lat' dir='ltr'>ad</span> <span class='ocrx_word' id='word_1_628' title='bbox 2321 2466 2624 2518; x_wconf 81' lang='lat' dir='ltr'>Romanos</span> <span class='ocrx_word' id='word_1_629' title='bbox 2658 2481 2670 2517; x_wconf 70' lang='grc' dir='ltr'><em>τ</em></span> <span class='ocrx_word' id='word_1_630' title='bbox 2723 2485 2750 2512; x_wconf 87' lang='grc'><em>‹‹</em></span> <span class='ocrx_word' id='word_1_631' title='bbox 2789 2465 2937 2519; x_wconf 91' lang='lat' dir='ltr'>Sunt</span> <span class='ocrx_word' id='word_1_632' title='bbox 2979 2464 3263 2536; x_wconf 72' lang='lat' dir='ltr'>quaedam</span> <span class='ocrx_word' id='word_1_633' title='bbox 3321 2465 3590 2521; x_wconf 90' lang='lat' dir='ltr'>enormia</span> 
     </span>
    </p>
   </div>
   <div class='ocr_carea' id='block_1_87' title="bbox 1930 2550 3591 2627">
    <p class='ocr_par' dir='ltr' id='par_1_87' title="bbox 1930 2550 3591 2627">
     <span class='ocr_line' id='line_1_87' title="bbox 1930 2550 3591 2627; baseline 0.002 -21"><span class='ocrx_word' id='word_1_634' title='bbox 1930 2550 2155 2620; x_wconf 91' lang='lat' dir='ltr'>ﬂagitia</span> <span class='ocrx_word' id='word_1_635' title='bbox 2184 2568 2321 2623; x_wconf 68' lang='lat' dir='ltr'>qum</span> <span class='ocrx_word' id='word_1_636' title='bbox 2346 2552 2546 2623; x_wconf 92' lang='lat' dir='ltr'>potius</span> <span class='ocrx_word' id='word_1_637' title='bbox 2572 2568 2679 2625; x_wconf 89' lang='lat' dir='ltr'>per</span> <span class='ocrx_word' id='word_1_638' title='bbox 2704 2552 2916 2607; x_wconf 89' lang='lat' dir='ltr'>mundi</span> <span class='ocrx_word' id='word_1_639' title='bbox 2957 2553 3195 2623; x_wconf 90' lang='lat' dir='ltr'>judices</span> <span class='ocrx_word' id='word_1_640' title='bbox 3248 2570 3436 2627; x_wconf 89' lang='lat' dir='ltr'>quam</span> <span class='ocrx_word' id='word_1_641' title='bbox 3482 2571 3591 2625; x_wconf 90' lang='lat' dir='ltr'>per</span> 
     </span>
    </p>
   </div>
   <div class='ocr_carea' id='block_1_88' title="bbox 1929 2639 3591 2712">
    <p class='ocr_par' dir='ltr' id='par_1_88' title="bbox 1929 2639 3591 2712">
     <span class='ocr_line' id='line_1_88' title="bbox 1929 2639 3591 2712; baseline 0.003 -19"><span class='ocrx_word' id='word_1_642' title='bbox 1929 2639 2221 2695; x_wconf 88' lang='lat' dir='ltr'>antistites</span> <span class='ocrx_word' id='word_1_643' title='bbox 2251 2644 2308 2694; x_wconf 93' lang='lat' dir='ltr'>et</span> <span class='ocrx_word' id='word_1_644' title='bbox 2329 2644 2586 2695; x_wconf 91' lang='lat' dir='ltr'>rectores</span> <span class='ocrx_word' id='word_1_645' title='bbox 2616 2640 3007 2695; x_wconf 87' lang='lat' dir='ltr'>ecclesiarum</span> <span class='ocrx_word' id='word_1_646' title='bbox 3035 2642 3402 2712; x_wconf 91' lang='lat' dir='ltr'>judicantur,</span> <span class='ocrx_word' id='word_1_647' title='bbox 3438 2644 3591 2698; x_wconf 91' lang='lat' dir='ltr'>sicut</span> 
     </span>
    </p>
   </div>
   <div class='ocr_carea' id='block_1_89' title="bbox 1928 2728 3586 2803">
    <p class='ocr_par' dir='ltr' id='par_1_89' title="bbox 1928 2728 3586 2803">
     <span class='ocr_line' id='line_1_89' title="bbox 1928 2728 3586 2803; baseline 0.002 -20"><span class='ocrx_word' id='word_1_648' title='bbox 1928 2732 2018 2783; x_wconf 91' lang='lat' dir='ltr'>est</span> <span class='ocrx_word' id='word_1_649' title='bbox 2040 2745 2178 2783; x_wconf 91' lang='lat' dir='ltr'>cum</span> <span class='ocrx_word' id='word_1_650' title='bbox 2208 2728 2344 2801; x_wconf 88' lang='lat' dir='ltr'>quis</span> <span class='ocrx_word' id='word_1_651' title='bbox 2402 2728 2677 2784; x_wconf 82' lang='lat' dir='ltr'>interﬁcit</span> <span class='ocrx_word' id='word_1_652' title='bbox 2732 2729 3149 2801; x_wconf 90' lang='lat' dir='ltr'>apostolicum,</span> <span class='ocrx_word' id='word_1_653' title='bbox 3209 2731 3586 2803; x_wconf 78' lang='lat' dir='ltr'>episc0pum,</span> 
     </span>
    </p>
   </div>
   <div class='ocr_carea' id='block_1_90' title="bbox 1928 2817 3591 2891">
    <p class='ocr_par' dir='ltr' id='par_1_90' title="bbox 1928 2817 3591 2891">
     <span class='ocr_line' id='line_1_90' title="bbox 1928 2817 3591 2891; baseline 0.002 -19"><span class='ocrx_word' id='word_1_654' title='bbox 1928 2817 2373 2890; x_wconf 84' lang='lat' dir='ltr'>presbyterum,</span> <span class='ocrx_word' id='word_1_655' title='bbox 2407 2817 2752 2874; x_wconf 88' lang='lat' dir='ltr'>diaconum.</span> <span class='ocrx_word' id='word_1_656' title='bbox 2790 2819 3143 2889; x_wconf 86' lang='lat' dir='ltr'>Hujusmodi</span> <span class='ocrx_word' id='word_1_657' title='bbox 3172 2836 3308 2876; x_wconf 90' lang='lat' dir='ltr'>reos</span> <span class='ocrx_word' id='word_1_658' title='bbox 3333 2836 3504 2891; x_wconf 91' lang='lat' dir='ltr'>reges</span> <span class='ocrx_word' id='word_1_659' title='bbox 3534 2824 3591 2875; x_wconf 90' lang='lat' dir='ltr'>et</span> 
     </span>
    </p>
   </div>
   <div class='ocr_carea' id='block_1_91' title="bbox 1928 2906 3591 2979">
    <p class='ocr_par' dir='ltr' id='par_1_91' title="bbox 1928 2906 3591 2979">
     <span class='ocr_line' id='line_1_91' title="bbox 1928 2906 3591 2979; baseline 0.003 -19"><span class='ocrx_word' id='word_1_660' title='bbox 1928 2906 2229 2979; x_wconf 89' lang='lat' dir='ltr'>principes</span> <span class='ocrx_word' id='word_1_661' title='bbox 2258 2906 2471 2961; x_wconf 89' lang='lat' dir='ltr'>mundi</span> <span class='ocrx_word' id='word_1_662' title='bbox 2496 2906 2807 2961; x_wconf 86' lang='lat' dir='ltr'>damnant.</span> <span class='ocrx_word' id='word_1_663' title='bbox 2860 2910 3011 2977; x_wconf 89' lang='lat' dir='ltr'>Ergo</span> <span class='ocrx_word' id='word_1_664' title='bbox 3064 2924 3187 2964; x_wconf 90' lang='lat' dir='ltr'>non</span> <span class='ocrx_word' id='word_1_665' title='bbox 3230 2909 3355 2965; x_wconf 89' lang='lat' dir='ltr'>sine</span> <span class='ocrx_word' id='word_1_666' title='bbox 3407 2925 3591 2965; x_wconf 89' lang='lat' dir='ltr'>causa</span> 
     </span>
    </p>
   </div>
   <div class='ocr_carea' id='block_1_92' title="bbox 1928 2995 3593 3069">
    <p class='ocr_par' dir='ltr' id='par_1_92' title="bbox 1928 2995 3593 3069">
     <span class='ocr_line' id='line_1_92' title="bbox 1928 2995 3593 3069; baseline 0.001 -18"><span class='ocrx_word' id='word_1_667' title='bbox 1928 3000 2127 3069; x_wconf 88' lang='lat' dir='ltr'>portat</span> <span class='ocrx_word' id='word_1_668' title='bbox 2151 2996 2441 3066; x_wconf 87' lang='lat' dir='ltr'>gladium,</span> <span class='ocrx_word' id='word_1_669' title='bbox 2469 2996 2580 3068; x_wconf 90' lang='lat' dir='ltr'>qui</span> <span class='ocrx_word' id='word_1_670' title='bbox 2613 2995 2751 3051; x_wconf 90' lang='lat' dir='ltr'>talia</span> <span class='ocrx_word' id='word_1_671' title='bbox 2772 2995 2995 3052; x_wconf 88' lang='lat' dir='ltr'>scelera</span> <span class='ocrx_word' id='word_1_672' title='bbox 3029 2997 3334 3067; x_wconf 86' lang='lat' dir='ltr'>dijudicat.</span> <span class='ocrx_word' id='word_1_673' title='bbox 3369 3022 3396 3048; x_wconf 90' lang='grc'><strong>››</strong></span> <span class='ocrx_word' id='word_1_674' title='bbox 3434 2998 3593 3055; x_wconf 89' lang='lat' dir='ltr'>Sicut</span> 
     </span>
    </p>
   </div>
   <div class='ocr_carea' id='block_1_93' title="bbox 1930 3085 3590 3157">
    <p class='ocr_par' dir='ltr' id='par_1_93' title="bbox 1930 3085 3590 3157">
     <span class='ocr_line' id='line_1_93' title="bbox 1930 3085 3590 3157; baseline 0.001 -16"><span class='ocrx_word' id='word_1_675' title='bbox 1930 3101 2072 3155; x_wconf 86' lang='lat' dir='ltr'>ergo</span> <span class='ocrx_word' id='word_1_676' title='bbox 2104 3085 2400 3157; x_wconf 90' lang='lat' dir='ltr'>episcopis</span> <span class='ocrx_word' id='word_1_677' title='bbox 2426 3090 2483 3140; x_wconf 91' lang='lat' dir='ltr'>et</span> <span class='ocrx_word' id='word_1_678' title='bbox 2514 3086 2667 3140; x_wconf 90' lang='lat' dir='ltr'>sacri</span> <span class='ocrx_word' id='word_1_679' title='bbox 2725 3086 2953 3140; x_wconf 87' lang='lat' dir='ltr'>ordinis</span> <span class='ocrx_word' id='word_1_680' title='bbox 3001 3085 3286 3142; x_wconf 88' lang='lat' dir='ltr'>ministris</span> <span class='ocrx_word' id='word_1_681' title='bbox 3341 3087 3590 3143; x_wconf 89' lang='lat' dir='ltr'>omnino</span> 
     </span>
    </p>
   </div>
   <div class='ocr_carea' id='block_1_94' title="bbox 1930 3174 3594 3250">
    <p class='ocr_par' dir='ltr' id='par_1_94' title="bbox 1930 3174 3594 3250">
     <span class='ocr_line' id='line_1_94' title="bbox 1930 3174 3594 3250; baseline 0.001 -20"><span class='ocrx_word' id='word_1_682' title='bbox 1930 3175 2299 3249; x_wconf 89' lang='lat' dir='ltr'>prohibitum</span> <span class='ocrx_word' id='word_1_683' title='bbox 2332 3179 2422 3229; x_wconf 90' lang='lat' dir='ltr'>est</span> <span class='ocrx_word' id='word_1_684' title='bbox 2448 3174 2709 3247; x_wconf 88' lang='lat' dir='ltr'>aliquem</span> <span class='ocrx_word' id='word_1_685' title='bbox 2741 3175 3033 3239; x_wconf 90' lang='lat' dir='ltr'>occidere,</span> <span class='ocrx_word' id='word_1_686' title='bbox 3068 3175 3147 3231; x_wconf 90' lang='lat' dir='ltr'>ita</span> <span class='ocrx_word' id='word_1_687' title='bbox 3178 3176 3381 3232; x_wconf 72' lang='lat' dir='ltr'>saeculi</span> <span class='ocrx_word' id='word_1_688' title='bbox 3436 3176 3594 3250; x_wconf 90' lang='lat' dir='ltr'>prin-</span> 
     </span>
    </p>
   </div>
   <div class='ocr_carea' id='block_1_95' title="bbox 1931 3263 3594 3336">
    <p class='ocr_par' dir='ltr' id='par_1_95' title="bbox 1931 3263 3594 3336">
     <span class='ocr_line' id='line_1_95' title="bbox 1931 3263 3594 3336; baseline 0.001 -17"><span class='ocrx_word' id='word_1_689' title='bbox 1931 3264 2168 3336; x_wconf 89' lang='lat' dir='ltr'>cipibus</span> <span class='ocrx_word' id='word_1_690' title='bbox 2198 3264 2313 3319; x_wconf 88' lang='lat' dir='ltr'>hoc</span> <span class='ocrx_word' id='word_1_691' title='bbox 2338 3263 2473 3319; x_wconf 89' lang='lat' dir='ltr'>licet</span> <span class='ocrx_word' id='word_1_692' title='bbox 2501 3264 2737 3335; x_wconf 88' lang='lat' dir='ltr'>absque</span> <span class='ocrx_word' id='word_1_693' title='bbox 2767 3270 2935 3320; x_wconf 89' lang='lat' dir='ltr'>reatu</span> <span class='ocrx_word' id='word_1_694' title='bbox 2964 3266 3179 3335; x_wconf 83' lang='lat' dir='ltr'>facere,</span> <span class='ocrx_word' id='word_1_695' title='bbox 3215 3265 3363 3321; x_wconf 91' lang='lat' dir='ltr'>sicut</span> <span class='ocrx_word' id='word_1_696' title='bbox 3403 3266 3594 3321; x_wconf 83' lang='lat' dir='ltr'>Hiero-</span> 
     </span>
    </p>
   </div>
   <div class='ocr_carea' id='block_1_96' title="bbox 1932 3353 3593 3426">
    <p class='ocr_par' dir='ltr' id='par_1_96' title="bbox 1932 3353 3593 3426">
     <span class='ocr_line' id='line_1_96' title="bbox 1932 3353 3593 3426; baseline 0.002 -19"><span class='ocrx_word' id='word_1_697' title='bbox 1932 3368 2156 3426; x_wconf 90' lang='lat' dir='ltr'>nymus</span> <span class='ocrx_word' id='word_1_698' title='bbox 2188 3357 2431 3408; x_wconf 88' lang='lat' dir='ltr'>testatur</span> <span class='ocrx_word' id='word_1_699' title='bbox 2459 3369 2639 3425; x_wconf 90' lang='lat' dir='ltr'>super</span> <span class='ocrx_word' id='word_1_700' title='bbox 2666 3353 2989 3425; x_wconf 87' lang='lat' dir='ltr'>Epistolam</span> <span class='ocrx_word' id='word_1_701' title='bbox 3016 3354 3094 3409; x_wconf 90' lang='lat' dir='ltr'>ad</span> <span class='ocrx_word' id='word_1_702' title='bbox 3130 3354 3386 3421; x_wconf 90' lang='lat' dir='ltr'>Galatas,</span> <span class='ocrx_word' id='word_1_703' title='bbox 3438 3354 3593 3410; x_wconf 88' lang='lat' dir='ltr'>libro</span> 
     </span>
    </p>
   </div>
   <div class='ocr_carea' id='block_1_97' title="bbox 1930 3442 3593 3515">
    <p class='ocr_par' dir='ltr' id='par_1_97' title="bbox 1930 3442 3593 3515">
     <span class='ocr_line' id='line_1_97' title="bbox 1930 3442 3593 3515; baseline 0.001 -18"><span class='ocrx_word' id='word_1_704' title='bbox 1930 3459 1990 3497; x_wconf 78' lang='lat' dir='ltr'>x1</span> <span class='ocrx_word' id='word_1_705' title='bbox 2025 3459 2037 3497; x_wconf 92' lang='lat'>:</span> <span class='ocrx_word' id='word_1_706' title='bbox 2074 3466 2101 3490; x_wconf 85' lang='grc'><strong>‹‹</strong></span> <span class='ocrx_word' id='word_1_707' title='bbox 2133 3442 2326 3497; x_wconf 84' lang='lat' dir='ltr'>Judex</span> <span class='ocrx_word' id='word_1_708' title='bbox 2354 3457 2478 3497; x_wconf 90' lang='lat' dir='ltr'>non</span> <span class='ocrx_word' id='word_1_709' title='bbox 2498 3446 2585 3497; x_wconf 91' lang='lat' dir='ltr'>est</span> <span class='ocrx_word' id='word_1_710' title='bbox 2610 3447 2814 3497; x_wconf 92' lang='lat' dir='ltr'>auctcr</span> <span class='ocrx_word' id='word_1_711' title='bbox 2844 3442 3102 3508; x_wconf 90' lang='lat' dir='ltr'>sceleris,</span> <span class='ocrx_word' id='word_1_712' title='bbox 3160 3458 3358 3515; x_wconf 89' lang='lat' dir='ltr'>neque</span> <span class='ocrx_word' id='word_1_713' title='bbox 3396 3443 3593 3499; x_wconf 86' lang='lat' dir='ltr'>homi-</span> 
     </span>
    </p>
   </div>
   <div class='ocr_carea' id='block_1_98' title="bbox 1932 3529 3597 3603">
    <p class='ocr_par' dir='ltr' id='par_1_98' title="bbox 1932 3529 3597 3603">
     <span class='ocr_line' id='line_1_98' title="bbox 1932 3529 3597 3603; baseline 0.001 -17"><span class='ocrx_word' id='word_1_714' title='bbox 1932 3548 2038 3587; x_wconf 91' lang='lat' dir='ltr'>nes</span> <span class='ocrx_word' id='word_1_715' title='bbox 2093 3529 2426 3597; x_wconf 90' lang='lat' dir='ltr'>vinciendo,</span> <span class='ocrx_word' id='word_1_716' title='bbox 2480 3545 2675 3602; x_wconf 89' lang='lat' dir='ltr'>neque</span> <span class='ocrx_word' id='word_1_717' title='bbox 2727 3530 3005 3585; x_wconf 90' lang='lat' dir='ltr'>homines</span> <span class='ocrx_word' id='word_1_718' title='bbox 3036 3531 3411 3603; x_wconf 88' lang='lat' dir='ltr'>perimendo.</span> <span class='ocrx_word' id='word_1_719' title='bbox 3448 3556 3476 3582; x_wconf 83' lang='lat'><strong>»</strong></span> <span class='ocrx_word' id='word_1_720' title='bbox 3512 3532 3597 3588; x_wconf 89' lang='lat' dir='ltr'>Li-</span> 
     </span>
    </p>
   </div>
   <div class='ocr_carea' id='block_1_99' title="bbox 1934 3618 3595 3693">
    <p class='ocr_par' dir='ltr' id='par_1_99' title="bbox 1934 3618 3595 3693">
     <span class='ocr_line' id='line_1_99' title="bbox 1934 3618 3595 3693; baseline 0.001 -19"><span class='ocrx_word' id='word_1_721' title='bbox 1934 3624 2077 3693; x_wconf 90' lang='lat' dir='ltr'>quet</span> <span class='ocrx_word' id='word_1_722' title='bbox 2105 3619 2304 3690; x_wconf 88' lang='lat' dir='ltr'>itaque</span> <span class='ocrx_word' id='word_1_723' title='bbox 2336 3618 2476 3673; x_wconf 90' lang='lat' dir='ltr'>solis</span> <span class='ocrx_word' id='word_1_724' title='bbox 2532 3618 2746 3673; x_wconf 89' lang='lat' dir='ltr'>mundi</span> <span class='ocrx_word' id='word_1_725' title='bbox 2801 3618 3196 3691; x_wconf 85' lang='lat' dir='ltr'>potestatibus</span> <span class='ocrx_word' id='word_1_726' title='bbox 3246 3620 3595 3676; x_wconf 88' lang='lat' dir='ltr'>attributam</span> 
     </span>
    </p>
   </div>
   <div class='ocr_carea' id='block_1_100' title="bbox 1933 3707 3594 3783">
    <p class='ocr_par' dir='ltr' id='par_1_100' title="bbox 1933 3707 3594 3783">
     <span class='ocr_line' id='line_1_100' title="bbox 1933 3707 3594 3783; baseline 0.001 -19"><span class='ocrx_word' id='word_1_727' title='bbox 1933 3713 2289 3783; x_wconf 87' lang='lat' dir='ltr'>potestatem</span> <span class='ocrx_word' id='word_1_728' title='bbox 2316 3707 2665 3763; x_wconf 89' lang='lat' dir='ltr'>eradicandi</span> <span class='ocrx_word' id='word_1_729' title='bbox 2694 3707 2914 3780; x_wconf 89' lang='lat' dir='ltr'>impios</span> <span class='ocrx_word' id='word_1_730' title='bbox 2954 3707 3028 3763; x_wconf 90' lang='lat' dir='ltr'>de</span> <span class='ocrx_word' id='word_1_731' title='bbox 3061 3713 3237 3775; x_wconf 90' lang='lat' dir='ltr'>terra,</span> <span class='ocrx_word' id='word_1_732' title='bbox 3270 3709 3423 3765; x_wconf 89' lang='lat' dir='ltr'>sicut</span> <span class='ocrx_word' id='word_1_733' title='bbox 3449 3709 3594 3765; x_wconf 90' lang='lat' dir='ltr'>bea-</span> 
     </span>
    </p>
   </div>
   <div class='ocr_carea' id='block_1_101' title="bbox 1938 3796 3596 3869">
    <p class='ocr_par' dir='ltr' id='par_1_101' title="bbox 1938 3796 3596 3869">
     <span class='ocr_line' id='line_1_101' title="bbox 1938 3796 3596 3869; baseline 0 -15"><span class='ocrx_word' id='word_1_734' title='bbox 1938 3798 2201 3854; x_wconf 87' lang='lat' dir='ltr'>tissimus</span> <span class='ocrx_word' id='word_1_735' title='bbox 2231 3802 2459 3869; x_wconf 88' lang='lat' dir='ltr'>martyr</span> <span class='ocrx_word' id='word_1_736' title='bbox 2500 3796 2833 3869; x_wconf 89' lang='lat' dir='ltr'>Cyprianus</span> <span class='ocrx_word' id='word_1_737' title='bbox 2876 3796 3076 3852; x_wconf 90' lang='lat' dir='ltr'>scribit</span> <span class='ocrx_word' id='word_1_738' title='bbox 3104 3797 3163 3853; x_wconf 90' lang='lat' dir='ltr'>in</span> <span class='ocrx_word' id='word_1_739' title='bbox 3186 3814 3349 3853; x_wconf 90' lang='lat' dir='ltr'>nono</span> <span class='ocrx_word' id='word_1_740' title='bbox 3379 3814 3596 3867; x_wconf 89' lang='lat' dir='ltr'>genere</span> 
     </span>
    </p>
   </div>
   <div class='ocr_carea' id='block_1_102' title="bbox 1939 3884 3594 3959">
    <p class='ocr_par' dir='ltr' id='par_1_102' title="bbox 1939 3884 3594 3959">
     <span class='ocr_line' id='line_1_102' title="bbox 1939 3884 3594 3959; baseline 0.001 -17"><span class='ocrx_word' id='word_1_741' title='bbox 1939 3885 2268 3942; x_wconf 85' lang='lat' dir='ltr'>abusionis.</span> <span class='ocrx_word' id='word_1_742' title='bbox 2304 3908 2331 3935; x_wconf 87' lang='grc'>‹‹</span> <span class='ocrx_word' id='word_1_743' title='bbox 2378 3888 2517 3951; x_wconf 83' lang='lat' dir='ltr'>Rex,</span> <span class='ocrx_word' id='word_1_744' title='bbox 2579 3884 2793 3957; x_wconf 90' lang='lat' dir='ltr'>inquit.</span> <span class='ocrx_word' id='word_1_745' title='bbox 2847 3885 3028 3941; x_wconf 92' lang='lat' dir='ltr'>debet</span> <span class='ocrx_word' id='word_1_746' title='bbox 3079 3886 3237 3943; x_wconf 90' lang='lat' dir='ltr'>furta</span> <span class='ocrx_word' id='word_1_747' title='bbox 3293 3888 3594 3959; x_wconf 91' lang='lat' dir='ltr'>cohibere,</span> 
     </span>
    </p>
   </div>
   <div class='ocr_carea' id='block_1_103' title="bbox 1938 3974 3597 4051">
    <p class='ocr_par' dir='ltr' id='par_1_103' title="bbox 1938 3974 3597 4051">
     <span class='ocr_line' id='line_1_103' title="bbox 1938 3974 3597 4051; baseline 0.001 -19"><span class='ocrx_word' id='word_1_748' title='bbox 1938 3975 2231 4032; x_wconf 90' lang='lat' dir='ltr'>adulteria</span> <span class='ocrx_word' id='word_1_749' title='bbox 2252 3975 2486 4047; x_wconf 90' lang='lat' dir='ltr'>punire,</span> <span class='ocrx_word' id='word_1_750' title='bbox 2509 3974 2727 4047; x_wconf 89' lang='lat' dir='ltr'>impios</span> <span class='ocrx_word' id='word_1_751' title='bbox 2754 3974 2829 4030; x_wconf 91' lang='lat' dir='ltr'>de</span> <span class='ocrx_word' id='word_1_752' title='bbox 2853 3979 3005 4031; x_wconf 91' lang='lat' dir='ltr'>terra</span> <span class='ocrx_word' id='word_1_753' title='bbox 3030 3976 3298 4048; x_wconf 90' lang='lat' dir='ltr'>perdere.</span> <span class='ocrx_word' id='word_1_754' title='bbox 3359 3977 3597 4051; x_wconf 87' lang='lat' dir='ltr'>patrici-</span> 
     </span>
    </p>
   </div>
   <div class='ocr_carea' id='block_1_104' title="bbox 1936 4064 3599 4138">
    <p class='ocr_par' dir='ltr' id='par_1_104' title="bbox 1936 4064 3599 4138">
     <span class='ocr_line' id='line_1_104' title="bbox 1936 4064 3599 4138; baseline 0 -17"><span class='ocrx_word' id='word_1_755' title='bbox 1936 4066 2047 4121; x_wconf 90' lang='lat' dir='ltr'>das</span> <span class='ocrx_word' id='word_1_756' title='bbox 2076 4069 2132 4120; x_wconf 93' lang='lat' dir='ltr'>et</span> <span class='ocrx_word' id='word_1_757' title='bbox 2148 4065 2484 4138; x_wconf 89' lang='lat' dir='ltr'>pejerantes</span> <span class='ocrx_word' id='word_1_758' title='bbox 2508 4079 2631 4119; x_wconf 92' lang='lat' dir='ltr'>non</span> <span class='ocrx_word' id='word_1_759' title='bbox 2660 4064 2850 4120; x_wconf 89' lang='lat' dir='ltr'>sinere</span> <span class='ocrx_word' id='word_1_760' title='bbox 2882 4064 3098 4131; x_wconf 87' lang='lat' dir='ltr'>vivere,</span> <span class='ocrx_word' id='word_1_761' title='bbox 3132 4064 3285 4122; x_wconf 87' lang='lat' dir='ltr'>ﬁlios</span> <span class='ocrx_word' id='word_1_762' title='bbox 3302 4084 3444 4123; x_wconf 91' lang='lat' dir='ltr'>suos</span> <span class='ocrx_word' id='word_1_763' title='bbox 3474 4083 3599 4123; x_wconf 91' lang='lat' dir='ltr'>non</span> 
     </span>
    </p>
   </div>
   <div class='ocr_carea' id='block_1_105' title="bbox 1938 4153 3598 4227">
    <p class='ocr_par' dir='ltr' id='par_1_105' title="bbox 1938 4153 3598 4227">
     <span class='ocr_line' id='line_1_105' title="bbox 1938 4153 3598 4227; baseline 0.001 -18"><span class='ocrx_word' id='word_1_764' title='bbox 1938 4155 2129 4210; x_wconf 90' lang='lat' dir='ltr'>sinere</span> <span class='ocrx_word' id='word_1_765' title='bbox 2159 4154 2341 4227; x_wconf 89' lang='lat' dir='ltr'>impie</span> <span class='ocrx_word' id='word_1_766' title='bbox 2366 4169 2561 4224; x_wconf 89' lang='lat' dir='ltr'>agere.</span> <span class='ocrx_word' id='word_1_767' title='bbox 2612 4153 2887 4227; x_wconf 90' lang='lat' dir='ltr'>Episcopi</span> <span class='ocrx_word' id='word_1_768' title='bbox 2921 4171 3060 4210; x_wconf 89' lang='lat' dir='ltr'>vero</span> <span class='ocrx_word' id='word_1_769' title='bbox 3091 4155 3153 4210; x_wconf 92' lang='lat' dir='ltr'>in</span> <span class='ocrx_word' id='word_1_770' title='bbox 3174 4173 3283 4211; x_wconf 91' lang='lat' dir='ltr'>sua</span> <span class='ocrx_word' id='word_1_771' title='bbox 3314 4172 3598 4212; x_wconf 85' lang='lat' dir='ltr'>mansue-</span> 
     </span>
    </p>
   </div>
   <div class='ocr_carea' id='block_1_106' title="bbox 1938 4242 3599 4315">
    <p class='ocr_par' dir='ltr' id='par_1_106' title="bbox 1938 4242 3599 4315">
     <span class='ocr_line' id='line_1_106' title="bbox 1938 4242 3599 4315; baseline -0.001 -16"><span class='ocrx_word' id='word_1_772' title='bbox 1938 4243 2145 4299; x_wconf 89' lang='lat' dir='ltr'>tudine</span> <span class='ocrx_word' id='word_1_773' title='bbox 2177 4248 2234 4299; x_wconf 91' lang='lat' dir='ltr'>et</span> <span class='ocrx_word' id='word_1_774' title='bbox 2262 4242 2667 4299; x_wconf 90' lang='lat' dir='ltr'>ecclesiastica</span> <span class='ocrx_word' id='word_1_775' title='bbox 2719 4242 3025 4298; x_wconf 80' lang='lat' dir='ltr'>severitate</span> <span class='ocrx_word' id='word_1_776' title='bbox 3072 4249 3127 4299; x_wconf 91' lang='lat' dir='ltr'>et</span> <span class='ocrx_word' id='word_1_777' title='bbox 3175 4243 3599 4315; x_wconf 70' lang='lat' dir='ltr'>praedicatione</span> 
     </span>
    </p>
   </div>
   <div class='ocr_carea' id='block_1_107' title="bbox 1937 4332 3599 4403">
    <p class='ocr_par' dir='ltr' id='par_1_107' title="bbox 1937 4332 3599 4403">
     <span class='ocr_line' id='line_1_107' title="bbox 1937 4332 3599 4403; baseline -0.001 -15"><span class='ocrx_word' id='word_1_778' title='bbox 1937 4332 2106 4388; x_wconf 88' lang='lat' dir='ltr'>verbi</span> <span class='ocrx_word' id='word_1_779' title='bbox 2135 4333 2234 4388; x_wconf 92' lang='lat' dir='ltr'>Dei</span> <span class='ocrx_word' id='word_1_780' title='bbox 2279 4332 2521 4388; x_wconf 90' lang='lat' dir='ltr'>stabiles</span> <span class='ocrx_word' id='word_1_781' title='bbox 2565 4336 2981 4403; x_wconf 87' lang='lat' dir='ltr'>permaneant,</span> <span class='ocrx_word' id='word_1_782' title='bbox 3042 4333 3193 4388; x_wconf 90' lang='lat' dir='ltr'>sicut</span> <span class='ocrx_word' id='word_1_783' title='bbox 3238 4334 3299 4388; x_wconf 91' lang='lat' dir='ltr'>in</span> <span class='ocrx_word' id='word_1_784' title='bbox 3353 4332 3599 4388; x_wconf 84' lang='lat' dir='ltr'>Actibus</span> 
     </span>
    </p>
   </div>
   <div class='ocr_carea' id='block_1_108' title="bbox 1941 4421 3599 4494">
    <p class='ocr_par' dir='ltr' id='par_1_108' title="bbox 1941 4421 3599 4494">
     <span class='ocr_line' id='line_1_108' title="bbox 1941 4421 3599 4494; baseline -0.001 -17"><span class='ocrx_word' id='word_1_785' title='bbox 1941 4421 2351 4494; x_wconf 88' lang='lat' dir='ltr'>apostolorum</span> <span class='ocrx_word' id='word_1_786' title='bbox 2385 4422 2674 4492; x_wconf 89' lang='lat' dir='ltr'>scriptum</span> <span class='ocrx_word' id='word_1_787' title='bbox 2704 4424 2796 4476; x_wconf 90' lang='lat' dir='ltr'>est</span> <span class='ocrx_word' id='word_1_788' title='bbox 2823 4438 2835 4474; x_wconf 91' lang='lat'><strong>:</strong></span> <span class='ocrx_word' id='word_1_789' title='bbox 2863 4422 2999 4475; x_wconf 85' lang='lat' dir='ltr'>Non</span> <span class='ocrx_word' id='word_1_790' title='bbox 3030 4428 3113 4476; x_wconf 83' lang='lat' dir='ltr'>est</span> <span class='ocrx_word' id='word_1_791' title='bbox 3151 4438 3382 4492; x_wconf 62' lang='lat' dir='ltr'>wquum</span> <span class='ocrx_word' id='word_1_792' title='bbox 3413 4422 3599 4477; x_wconf 76' lang='lat' dir='ltr'>relin—</span> 
     </span>
    </p>
   </div>
   <div class='ocr_carea' id='block_1_109' title="bbox 1942 4510 3597 4583">
    <p class='ocr_par' dir='ltr' id='par_1_109' title="bbox 1942 4510 3597 4583">
     <span class='ocr_line' id='line_1_109' title="bbox 1942 4510 3597 4583; baseline 0 -19"><span class='ocrx_word' id='word_1_793' title='bbox 1942 4525 2123 4583; x_wconf 84' lang='lat' dir='ltr'>quere</span> <span class='ocrx_word' id='word_1_794' title='bbox 2143 4510 2385 4565; x_wconf 77' lang='lat' dir='ltr'>verbum</span> <span class='ocrx_word' id='word_1_795' title='bbox 2410 4510 2519 4564; x_wconf 87' lang='lat' dir='ltr'>Dei</span> <span class='ocrx_word' id='word_1_796' title='bbox 2546 4514 2602 4565; x_wconf 84' lang='lat' dir='ltr'>et</span> <span class='ocrx_word' id='word_1_797' title='bbox 2652 4510 2998 4564; x_wconf 83' lang='lat' dir='ltr'>ministrare</span> <span class='ocrx_word' id='word_1_798' title='bbox 3052 4511 3267 4564; x_wconf 85' lang='lat' dir='ltr'>mensis</span> <span class='ocrx_word' id='word_1_799' title='bbox 3325 4510 3480 4579; x_wconf 84' lang='lat' dir='ltr'>(Act.</span> <span class='ocrx_word' id='word_1_800' title='bbox 3523 4527 3597 4581; x_wconf 68' lang='lat' dir='ltr'>vn,</span> 
     </span>
    </p>
   </div>
   <div class='ocr_carea' id='block_1_110' title="bbox 1941 4594 3601 4667">
    <p class='ocr_par' dir='ltr' id='par_1_110' title="bbox 1941 4594 3601 4667">
     <span class='ocr_line' id='line_1_110' title="bbox 1941 4594 3601 4667; baseline -0.001 -14"><span class='ocrx_word' id='word_1_801' title='bbox 1941 4600 2052 4656; x_wconf 75' lang='lat'>2).»</span> <span class='ocrx_word' id='word_1_802' title='bbox 2083 4596 2192 4661; x_wconf 92' lang='lat' dir='ltr'>Qui</span> <span class='ocrx_word' id='word_1_803' title='bbox 2212 4598 2297 4651; x_wconf 88' lang='lat' dir='ltr'>sic</span> <span class='ocrx_word' id='word_1_804' title='bbox 2319 4594 2498 4651; x_wconf 91' lang='lat' dir='ltr'>etiam</span> <span class='ocrx_word' id='word_1_805' title='bbox 2529 4594 2745 4650; x_wconf 91' lang='lat' dir='ltr'>docere</span> <span class='ocrx_word' id='word_1_806' title='bbox 2767 4595 3007 4660; x_wconf 91' lang='lat' dir='ltr'>debent,</span> <span class='ocrx_word' id='word_1_807' title='bbox 3033 4596 3184 4651; x_wconf 90' lang='lat' dir='ltr'>sicut</span> <span class='ocrx_word' id='word_1_808' title='bbox 3205 4596 3601 4667; x_wconf 83' lang='lat' dir='ltr'>Hieronymus</span> 
     </span>
    </p>
   </div>
   <div class='ocr_carea' id='block_1_111' title="bbox 1943 4684 3605 4757">
    <p class='ocr_par' dir='ltr' id='par_1_111' title="bbox 1943 4684 3605 4757">
     <span class='ocr_line' id='line_1_111' title="bbox 1943 4684 3605 4757; baseline -0.001 -14"><span class='ocrx_word' id='word_1_809' title='bbox 1943 4688 2042 4756; x_wconf 90' lang='lat' dir='ltr'>ait,</span> <span class='ocrx_word' id='word_1_810' title='bbox 2077 4691 2143 4741; x_wconf 90' lang='lat' dir='ltr'>ut</span> <span class='ocrx_word' id='word_1_811' title='bbox 2168 4685 2291 4741; x_wconf 90' lang='lat' dir='ltr'>vita</span> <span class='ocrx_word' id='word_1_812' title='bbox 2336 4700 2548 4740; x_wconf 90' lang='lat' dir='ltr'>eorum</span> <span class='ocrx_word' id='word_1_813' title='bbox 2594 4684 3206 4757; x_wconf 89' lang='lat' dir='ltr'>irreprehehensibilis</span> <span class='ocrx_word' id='word_1_814' title='bbox 3261 4685 3351 4741; x_wconf 90' lang='lat' dir='ltr'>sit.</span> <span class='ocrx_word' id='word_1_815' title='bbox 3411 4686 3605 4742; x_wconf 91' lang='lat' dir='ltr'>Perdit</span> 
     </span>
    </p>
   </div>
   <div class='ocr_carea' id='block_1_112' title="bbox 1944 4772 3603 4847">
    <p class='ocr_par' dir='ltr' id='par_1_112' title="bbox 1944 4772 3603 4847">
     <span class='ocr_line' id='line_1_112' title="bbox 1944 4772 3603 4847; baseline -0.001 -15"><span class='ocrx_word' id='word_1_816' title='bbox 1944 4774 2105 4832; x_wconf 89' lang='lat' dir='ltr'>enim</span> <span class='ocrx_word' id='word_1_817' title='bbox 2140 4773 2556 4830; x_wconf 89' lang='lat' dir='ltr'>auctoritatem</span> <span class='ocrx_word' id='word_1_818' title='bbox 2612 4772 2889 4839; x_wconf 87' lang='lat' dir='ltr'>docendi,</span> <span class='ocrx_word' id='word_1_819' title='bbox 2951 4774 3123 4843; x_wconf 90' lang='lat' dir='ltr'>cujus</span> <span class='ocrx_word' id='word_1_820' title='bbox 3176 4790 3374 4829; x_wconf 92' lang='lat' dir='ltr'>sermo</span> <span class='ocrx_word' id='word_1_821' title='bbox 3423 4791 3603 4847; x_wconf 89' lang='lat' dir='ltr'>opere</span> 
     </span>
    </p>
   </div>
   <div class='ocr_carea' id='block_1_113' title="bbox 1944 4860 3604 4919">
    <p class='ocr_par' dir='ltr' id='par_1_113' title="bbox 1944 4860 3604 4919">
     <span class='ocr_line' id='line_1_113' title="bbox 1944 4860 3604 4919; baseline -0.001 0"><span class='ocrx_word' id='word_1_822' title='bbox 1944 4863 2285 4919; x_wconf 89' lang='lat' dir='ltr'>destruitur.</span> <span class='ocrx_word' id='word_1_823' title='bbox 2316 4860 2569 4917; x_wconf 90' lang='lat' dir='ltr'>Proinde</span> <span class='ocrx_word' id='word_1_824' title='bbox 2601 4860 2792 4917; x_wconf 90' lang='lat' dir='ltr'>sciant</span> <span class='ocrx_word' id='word_1_825' title='bbox 2816 4861 2929 4917; x_wconf 91' lang='lat' dir='ltr'>sibi</span> <span class='ocrx_word' id='word_1_826' title='bbox 2983 4861 3230 4917; x_wconf 92' lang='lat' dir='ltr'>omnino</span> <span class='ocrx_word' id='word_1_827' title='bbox 3282 4861 3604 4918; x_wconf 89' lang='lat' dir='ltr'>inhibitum</span> 
     </span>
    </p>
   </div>
   <div class='ocr_carea' id='block_1_114' title="bbox 1945 4952 3604 5027">
    <p class='ocr_par' dir='ltr' id='par_1_114' title="bbox 1945 4952 3604 5027">
     <span class='ocr_line' id='line_1_114' title="bbox 1945 4952 3604 5027; baseline -0.001 -15"><span class='ocrx_word' id='word_1_828' title='bbox 1945 4956 2025 5013; x_wconf 91' lang='lat' dir='ltr'>ad</span> <span class='ocrx_word' id='word_1_829' title='bbox 2043 4954 2203 5011; x_wconf 91' lang='lat' dir='ltr'>bella</span> <span class='ocrx_word' id='word_1_830' title='bbox 2231 4954 2576 5027; x_wconf 90' lang='lat' dir='ltr'>procedere,</span> <span class='ocrx_word' id='word_1_831' title='bbox 2616 4953 2731 5009; x_wconf 88' lang='lat' dir='ltr'>nisi</span> <span class='ocrx_word' id='word_1_832' title='bbox 2752 4952 3121 5026; x_wconf 88' lang='lat' dir='ltr'>quibusdam</span> <span class='ocrx_word' id='word_1_833' title='bbox 3148 4969 3222 5009; x_wconf 89' lang='lat' dir='ltr'>ex</span> <span class='ocrx_word' id='word_1_834' title='bbox 3242 4954 3438 5009; x_wconf 89' lang='lat' dir='ltr'>causis</span> <span class='ocrx_word' id='word_1_835' title='bbox 3467 4971 3604 5026; x_wconf 82' lang='lat' dir='ltr'>quae</span> 
     </span>
    </p>
   </div>
   <div class='ocr_carea' id='block_1_115' title="bbox 1944 5042 3601 5117">
    <p class='ocr_par' dir='ltr' id='par_1_115' title="bbox 1944 5042 3601 5117">
     <span class='ocr_line' id='line_1_115' title="bbox 1944 5042 3601 5117; baseline -0.001 -16"><span class='ocrx_word' id='word_1_836' title='bbox 1944 5046 2007 5101; x_wconf 92' lang='lat' dir='ltr'>in</span> <span class='ocrx_word' id='word_1_837' title='bbox 2063 5043 2454 5117; x_wconf 89' lang='lat' dir='ltr'>subsequenti</span> <span class='ocrx_word' id='word_1_838' title='bbox 2512 5043 2703 5100; x_wconf 88' lang='lat' dir='ltr'>Caroli</span> <span class='ocrx_word' id='word_1_839' title='bbox 2760 5043 2917 5114; x_wconf 88' lang='lat' dir='ltr'>regis</span> <span class='ocrx_word' id='word_1_840' title='bbox 2993 5042 3187 5098; x_wconf 91' lang='lat' dir='ltr'>edicto</span> <span class='ocrx_word' id='word_1_841' title='bbox 3258 5043 3601 5114; x_wconf 88' lang='lat' dir='ltr'>patebunt:</span> 
     </span>
    </p>
   </div>
   <div class='ocr_carea' id='block_1_116' title="bbox 1948 5132 3606 5204">
    <p class='ocr_par' dir='ltr' id='par_1_116' title="bbox 1948 5132 3606 5204">
     <span class='ocr_line' id='line_1_116' title="bbox 1948 5132 3606 5204; baseline -0.002 -12"><span class='ocrx_word' id='word_1_842' title='bbox 1948 5158 1975 5184; x_wconf 88' lang='lat'><strong>«</strong></span> <span class='ocrx_word' id='word_1_843' title='bbox 2003 5133 2246 5192; x_wconf 88' lang='lat' dir='ltr'>Carolus</span> <span class='ocrx_word' id='word_1_844' title='bbox 2268 5132 2369 5189; x_wconf 94' lang='lat' dir='ltr'>Dei</span> <span class='ocrx_word' id='word_1_845' title='bbox 2396 5132 2584 5203; x_wconf 86' lang='lat' dir='ltr'>gratia</span> <span class='ocrx_word' id='word_1_846' title='bbox 2609 5150 2713 5188; x_wconf 89' lang='lat' dir='ltr'>rex</span> <span class='ocrx_word' id='word_1_847' title='bbox 2743 5132 3029 5204; x_wconf 82' lang='lat' dir='ltr'>regnique</span> <span class='ocrx_word' id='word_1_848' title='bbox 3062 5135 3426 5188; x_wconf 85' lang='lat' dir='ltr'>Francorum</span> <span class='ocrx_word' id='word_1_849' title='bbox 3482 5149 3606 5189; x_wconf 92' lang='lat' dir='ltr'>rec-</span> 
     </span>
    </p>
   </div>
   <div class='ocr_carea' id='block_1_117' title="bbox 1949 5224 3607 5297">
    <p class='ocr_par' dir='ltr' id='par_1_117' title="bbox 1949 5224 3607 5297">
     <span class='ocr_line' id='line_1_117' title="bbox 1949 5224 3607 5297; baseline -0.002 -14"><span class='ocrx_word' id='word_1_850' title='bbox 1949 5231 2059 5295; x_wconf 89' lang='lat' dir='ltr'>tor,</span> <span class='ocrx_word' id='word_1_851' title='bbox 2093 5231 2147 5283; x_wconf 90' lang='lat' dir='ltr'>et</span> <span class='ocrx_word' id='word_1_852' title='bbox 2178 5226 2431 5282; x_wconf 79' lang='lat' dir='ltr'>devotus</span> <span class='ocrx_word' id='word_1_853' title='bbox 2474 5229 2696 5281; x_wconf 65' lang='lat' dir='ltr'>sanctae</span> <span class='ocrx_word' id='word_1_854' title='bbox 2754 5224 3034 5279; x_wconf 88' lang='lat' dir='ltr'>defensor</span> <span class='ocrx_word' id='word_1_855' title='bbox 3096 5224 3385 5295; x_wconf 73' lang='lat' dir='ltr'>Ecclesiae,</span> <span class='ocrx_word' id='word_1_856' title='bbox 3428 5229 3607 5297; x_wconf 87' lang='lat' dir='ltr'>atque</span> 
     </span>
    </p>
   </div>
   <div class='ocr_carea' id='block_1_118' title="bbox 1950 5313 3607 5386">
    <p class='ocr_par' dir='ltr' id='par_1_118' title="bbox 1950 5313 3607 5386">
     <span class='ocr_line' id='line_1_118' title="bbox 1950 5313 3607 5386; baseline -0.001 -15"><span class='ocrx_word' id='word_1_857' title='bbox 1950 5316 2191 5386; x_wconf 89' lang='lat' dir='ltr'>adjutor</span> <span class='ocrx_word' id='word_1_858' title='bbox 2220 5316 2279 5371; x_wconf 90' lang='lat' dir='ltr'>in</span> <span class='ocrx_word' id='word_1_859' title='bbox 2310 5316 2593 5371; x_wconf 91' lang='lat' dir='ltr'>omnibus</span> <span class='ocrx_word' id='word_1_860' title='bbox 2615 5313 2957 5385; x_wconf 67' lang='lat' dir='ltr'>apostolicae</span> <span class='ocrx_word' id='word_1_861' title='bbox 2981 5313 3158 5369; x_wconf 90' lang='lat' dir='ltr'>sedis.</span> <span class='ocrx_word' id='word_1_862' title='bbox 3192 5317 3433 5370; x_wconf 86' lang='lat' dir='ltr'>Hortatu</span> <span class='ocrx_word' id='word_1_863' title='bbox 3481 5331 3607 5370; x_wconf 92' lang='lat' dir='ltr'>om-</span> 
     </span>
    </p>
   </div>
   <div class='ocr_carea' id='block_1_119' title="bbox 1950 5404 3609 5478">
    <p class='ocr_par' dir='ltr' id='par_1_119' title="bbox 1950 5404 3609 5478">
     <span class='ocr_line' id='line_1_119' title="bbox 1950 5404 3609 5478; baseline -0.001 -16"><span class='ocrx_word' id='word_1_864' title='bbox 1950 5406 2119 5462; x_wconf 90' lang='lat' dir='ltr'>nium</span> <span class='ocrx_word' id='word_1_865' title='bbox 2149 5405 2419 5461; x_wconf 91' lang='lat' dir='ltr'>ﬁdelium</span> <span class='ocrx_word' id='word_1_866' title='bbox 2444 5411 2807 5471; x_wconf 90' lang='lat' dir='ltr'>nostrorum,</span> <span class='ocrx_word' id='word_1_867' title='bbox 2836 5408 2892 5459; x_wconf 90' lang='lat' dir='ltr'>et</span> <span class='ocrx_word' id='word_1_868' title='bbox 2906 5404 3170 5460; x_wconf 87' lang='lat' dir='ltr'>maxime</span> <span class='ocrx_word' id='word_1_869' title='bbox 3186 5404 3609 5478; x_wconf 87' lang='lat' dir='ltr'>episcoporum</span> 
     </span>
    </p>
   </div>
   <div class='ocr_carea' id='block_1_120' title="bbox 1952 5494 3610 5567">
    <p class='ocr_par' dir='ltr' id='par_1_120' title="bbox 1952 5494 3610 5567">
     <span class='ocr_line' id='line_1_120' title="bbox 1952 5494 3610 5567; baseline -0.001 -17"><span class='ocrx_word' id='word_1_870' title='bbox 1952 5512 2021 5550; x_wconf 91' lang='lat' dir='ltr'>ac</span> <span class='ocrx_word' id='word_1_871' title='bbox 2052 5494 2423 5567; x_wconf 90' lang='lat' dir='ltr'>reliquorum</span> <span class='ocrx_word' id='word_1_872' title='bbox 2454 5494 2833 5549; x_wconf 88' lang='lat' dir='ltr'>sacerdotum</span> <span class='ocrx_word' id='word_1_873' title='bbox 2866 5494 3161 5559; x_wconf 89' lang='lat' dir='ltr'>consultu,</span> <span class='ocrx_word' id='word_1_874' title='bbox 3183 5494 3366 5549; x_wconf 90' lang='lat' dir='ltr'>servis</span> <span class='ocrx_word' id='word_1_875' title='bbox 3385 5495 3484 5550; x_wconf 92' lang='lat' dir='ltr'>Dei</span> <span class='ocrx_word' id='word_1_876' title='bbox 3503 5510 3610 5567; x_wconf 89' lang='lat' dir='ltr'>per</span> 
     </span>
    </p>
   </div>
   <div class='ocr_carea' id='block_1_121' title="bbox 1952 5583 3605 5657">
    <p class='ocr_par' dir='ltr' id='par_1_121' title="bbox 1952 5583 3605 5657">
     <span class='ocr_line' id='line_1_121' title="bbox 1952 5583 3605 5657; baseline 0 -19"><span class='ocrx_word' id='word_1_877' title='bbox 1952 5583 2160 5639; x_wconf 90' lang='lat' dir='ltr'>omnia</span> <span class='ocrx_word' id='word_1_878' title='bbox 2189 5584 2474 5637; x_wconf 89' lang='lat' dir='ltr'>omnibus</span> <span class='ocrx_word' id='word_1_879' title='bbox 2507 5587 2877 5639; x_wconf 85' lang='lat' dir='ltr'>armaturam</span> <span class='ocrx_word' id='word_1_880' title='bbox 2905 5589 3140 5657; x_wconf 90' lang='lat' dir='ltr'>portare</span> <span class='ocrx_word' id='word_1_881' title='bbox 3170 5584 3262 5639; x_wconf 90' lang='lat' dir='ltr'>vel</span> <span class='ocrx_word' id='word_1_882' title='bbox 3314 5600 3605 5656; x_wconf 88' lang='lat' dir='ltr'>pugnare,</span> 
     </span>
    </p>
   </div>
   <div class='ocr_carea' id='block_1_122' title="bbox 1954 5671 3609 5747">
    <p class='ocr_par' dir='ltr' id='par_1_122' title="bbox 1954 5671 3609 5747">
     <span class='ocr_line' id='line_1_122' title="bbox 1954 5671 3609 5747; baseline -0.001 -18"><span class='ocrx_word' id='word_1_883' title='bbox 1954 5677 2056 5729; x_wconf 89' lang='lat' dir='ltr'>aut</span> <span class='ocrx_word' id='word_1_884' title='bbox 2083 5672 2145 5728; x_wconf 91' lang='lat' dir='ltr'>in</span> <span class='ocrx_word' id='word_1_885' title='bbox 2166 5671 2491 5727; x_wconf 86' lang='lat' dir='ltr'>exercitum</span> <span class='ocrx_word' id='word_1_886' title='bbox 2523 5677 2579 5728; x_wconf 91' lang='lat' dir='ltr'>et</span> <span class='ocrx_word' id='word_1_887' title='bbox 2620 5672 2681 5728; x_wconf 93' lang='lat' dir='ltr'>in</span> <span class='ocrx_word' id='word_1_888' title='bbox 2726 5673 2961 5731; x_wconf 90' lang='lat' dir='ltr'>hostem</span> <span class='ocrx_word' id='word_1_889' title='bbox 3011 5690 3279 5747; x_wconf 86' lang='lat' dir='ltr'>pergere,</span> <span class='ocrx_word' id='word_1_890' title='bbox 3339 5674 3609 5729; x_wconf 90' lang='lat' dir='ltr'>omnimo</span> 
     </span>
    </p>
   </div>
   <div class='ocr_carea' id='block_1_123' title="bbox 1956 5761 3610 5838">
    <p class='ocr_par' dir='ltr' id='par_1_123' title="bbox 1956 5761 3610 5838">
     <span class='ocr_line' id='line_1_123' title="bbox 1956 5761 3610 5838; baseline -0.003 -17"><span class='ocrx_word' id='word_1_891' title='bbox 1956 5761 2377 5837; x_wconf 81' lang='lat' dir='ltr'>prohibemus;</span> <span class='ocrx_word' id='word_1_892' title='bbox 2410 5762 2523 5819; x_wconf 87' lang='lat' dir='ltr'>nisi</span> <span class='ocrx_word' id='word_1_893' title='bbox 2567 5763 2680 5822; x_wconf 87' lang='lat' dir='ltr'>illis</span> <span class='ocrx_word' id='word_1_894' title='bbox 2736 5764 3159 5824; x_wconf 84' lang='lat' dir='ltr'>tantummodo</span> <span class='ocrx_word' id='word_1_895' title='bbox 3206 5763 3312 5838; x_wconf 89' lang='lat' dir='ltr'>qui</span> <span class='ocrx_word' id='word_1_896' title='bbox 3366 5766 3610 5835; x_wconf 87' lang='lat' dir='ltr'>propter</span> 
     </span>
    </p>
   </div>
  </div>
