3952 6394
446 268 555 324 289

1502 266 1558 325 S.
1601 267 1937 324 FULBERTI
1975 258 2455 321 W818
2493 261 2803 321 EPISCOPI

3780 268 3883 325 200

447 388 719 447 divinum
752 390 1151 448 ministerium
1181 388 1503 447 missarum
1556 390 1777 447 scilicet
1819 387 2113 446 solemnia
2145 391 2193 444 Α
2217 384 2392 456 jubet
2420 401 2552 442 esse
2580 385 2709 443 sine
2730 385 2998 454 crimine,
3029 401 3155 444 non
3182 401 3627 460 percussorem.
3657 387 3883 455 Quibus

446 478 839 553 adimplenda
872 484 929 536 et
974 482 1071 537 SS.
1131 479 1465 552 patrocinia
1520 481 1822 552 portanda
1873 478 1953 535 ad
1994 478 2110 533 hoc

445 567 612 624 electi
638 574 797 640 sunt,
828 568 891 624 id
920 572 1012 625 est
1032 584 1192 625 unus
1218 568 1314 625 vel
1342 568 1467 625 duo
1516 569 1783 643 episcopi
1839 584 1980 625 cum
2017 581 2111 623 ca-

443 657 695 731 pellanis
706 658 1071 731 presbyteris
1092 675 1106 725 ;
1123 663 1182 714 et
1198 658 1611 731 unusquisque
1621 658 1903 732 princeps
1918 672 2110 713 unum

442 748 865 820 presbyterum
897 764 1103 804 secum
1129 748 1370 816 habeat,
1399 748 1504 821 qui
1523 753 1773 822 peccata
1825 746 2111 805 conﬁten-

441 834 601 893 tibus
632 835 898 894 indicare
927 842 987 895 et
1022 837 1281 893 indicere
1310 837 1725 909 paenitentiam
1754 837 1998 911 possit.»

512 930 641 983 Haec
672 929 878 984 omnia
903 928 997 984 isti
1016 928 1485 1002 parvipendunt,
1526 928 1650 984 imo
1689 929 1870 985 etiam
1923 943 2106 984 evan-

440 1016 630 1087 gelica
658 1017 927 1074 instituta
955 1022 1428 1089 contemnentes,
1460 1017 1838 1091 plerumque,
1877 1021 1943 1073 ut
1996 1034 2104 1073 au-

438 1105 722 1178 divimus,
750 1107 951 1163 adhuc
979 1107 1137 1163 illitis
1165 1123 1373 1164 recens
1392 1107 1549 1164 facta
1592 1108 1755 1164 caade
1798 1106 2101 1175 manibus,

436 1211 561 1251 non
592 1195 790 1252 solum
819 1197 1133 1253 ecclesiam
1156 1197 1377 1254 intrare
1408 1197 1514 1254 sed
1562 1198 1641 1254 ad
1698 1198 1834 1271 ipsa
1892 1196 2105 1255 Christi

435 1290 812 1342 sacramenta
867 1286 1099 1342 nefario
1148 1302 1302 1343 ausu
1351 1292 1725 1361 praesumunt
1794 1287 2099 1358 accedere,

432 1389 557 1431 non
586 1374 922 1446 dijucantes
951 1390 1172 1450 corpus
1195 1381 1253 1433 et
1288 1378 1647 1448 sanguinem
1670 1378 1905 1435 Domini
1938 1395 1951 1447 ;
2010 1377 2101 1434 ni-

430 1463 653 1519 mirum
682 1470 806 1520 non
837 1466 1212 1522 attendentes
1254 1467 1419 1539 quod
1449 1468 1610 1524 idem
1662 1468 1926 1524 Christus
1976 1483 2102 1524 non

431 1553 626 1611 alieno
658 1570 888 1623 cruore,
923 1556 1029 1612 sed
1047 1557 1295 1630 proprio
1317 1557 1609 1628 sanguine
1634 1557 1896 1614 introivit
1916 1557 2099 1614 semel

427 1643 489 1699 in
506 1648 733 1714 sancta,
757 1661 794 1701 a
819 1647 938 1701 Deo
955 1645 1411 1703 miserationum
1434 1648 1704 1705 ubertate
1719 1648 2095 1716 redundans,

2220 474 2477 533 breviter
2500 476 2657 548 dico,
2692 476 2739 534 si
2766 477 2916 533 tueri
2973 493 3036 533 se
3086 476 3339 548 [volunt]
3387 492 3576 550 pravo
3632 478 3883 551 alicujus

2220 567 2518 639 exemplo,
2565 567 2838 624 noverint
2905 566 3052 640 quia
3097 565 3418 639 singularis
3473 583 3743 640 personas
3789 569 3885 627 vel

2219 671 2418 713 causas
2447 672 2572 713 non
2593 656 3011 729 praejudicant,
3043 656 3191 729 [sed]
3223 657 3533 714 communi
3546 656 3666 729 legi
3679 662 3737 716 et
3748 658 3881 716 uni-

2216 744 2433 802 versali
2460 746 2789 802 sententias.
2823 744 2908 803 illi
2932 745 3137 818 itaque
3159 744 3391 803 solliciti
3446 745 3564 803 sint
3616 746 3880 820 episcopi

2218 834 2375 891 circa
2401 851 2645 906 gregem
2670 851 2874 907 suum,
2906 839 3163 909 pascant
3204 850 3503 908 pauperes
3532 836 3798 894 ecclesias
3823 841 3879 895 et

2216 924 2579 981 domesticos
2608 926 2771 994 ﬁdei,
2801 930 2859 983 et
2883 942 3070 983 causa
3087 925 3410 982 viduarum
3442 930 3499 982 et
3514 925 3876 1000 pupillorum

2215 1014 2586 1085 ingrediatur
2613 1016 2692 1073 ad
2724 1032 2849 1087 eos,
2882 1016 3139 1074 vestiant
3167 1015 3387 1083 nudos,
3420 1016 3726 1087 egentium
3754 1016 3877 1074 ani-

2212 1120 2346 1161 mas
2375 1105 2721 1171 refocillent,
2751 1110 2810 1162 et
2846 1110 3059 1163 caetera
3088 1104 3459 1179 paternitatis
3495 1104 3789 1179 obsequia
3808 1106 3877 1162 ﬁ-

2211 1193 2304 1250 liis
2334 1194 2457 1251 suis
2484 1195 2858 1269 impendant.
2891 1195 3007 1253 Sed
3037 1194 3406 1252 omnimodis
3461 1195 3576 1253 hoc
3605 1201 3877 1266 caveant,

2210 1299 2287 1339 ne
2314 1299 2389 1341 ea
2416 1301 2555 1358 qua;
2583 1284 2664 1341 ob
2691 1284 3096 1355 indigentium
3147 1283 3571 1341 necessitatem
3616 1284 3880 1342 Ecclesia

2210 1378 2537 1444 congregat
2562 1378 2619 1429 et
2643 1377 2841 1429 servat
2863 1371 3195 1445 aliquando
3243 1371 3456 1433 tollant
3506 1376 3564 1431 et
3614 1373 3677 1429 in
3729 1374 3878 1430 alios

2204 1474 2357 1517 usus
2380 1461 2612 1517 nefarie
2632 1461 2983 1529 effundant;
3002 1460 3214 1518 Christi
3244 1460 3506 1521 ﬁliorum
3535 1477 3760 1536 panem
3783 1479 3878 1520 ca-

2207 1566 2314 1607 nes
2338 1550 2681 1620 comedent,
2730 1552 2898 1625 quod
2923 1551 3175 1609 omnino
3204 1566 3331 1608 non
3374 1551 3616 1624 expedit
3642 1552 3879 1609 anima-

2206 1640 2322 1697 bus
2341 1657 2572 1697 eorum.
2597 1641 2868 1699 Invenies
2894 1644 2954 1697 et
2977 1640 3097 1698 alia
3122 1641 3446 1699 innumera
3465 1640 3686 1699 divinae
3710 1640 3879 1714 pagi-

428 1736 493 1788 ut
519 1749 632 1807 pro
660 1732 807 1807 ipsis
837 1734 961 1791 suis
991 1736 1498 1809 persecutoribus,
1523 1737 1661 1794 licet
1688 1737 2098 1796 misericordia
2127 1748 2171 1807 Β
2204 1747 2298 1787 1183
2335 1730 2712 1798 testimonia;
2771 1730 2878 1787 8θά
2924 1731 3053 1804 ipse
3107 1729 3214 1787 tibi
3261 1746 3335 1787 ex
3358 1735 3529 1804 Part6
3556 1747 3696 1788 mea
3748 1732 3876 1788 haec

426 1821 713 1894 indignis,
746 1822 824 1880 ad
856 1827 1090 1881 Patrem
1122 1826 1346 1883 diceret
1374 1842 1386 1882 :
1419 1828 1626 1898 Pater,
1672 1830 1911 1899 ignosce
1948 1830 2092 1897 illis,

425 1914 573 1983 quia
594 1914 869 1971 nesciunt
896 1917 1047 1989 quid
1069 1917 1311 1986 faciunt
1342 1918 1509 1989 (Luc.
1534 1934 1701 1986 xxm,
1726 1919 1836 1991 34).
1895 1918 2096 1975 Memi-

424 2000 585 2055 nisse
608 2017 853 2075 quoque
884 2000 1173 2059 deberent
1199 2004 1367 2078 quod
1398 2004 1583 2061 David
1621 2020 1726 2061 rex
1779 2005 2095 2079 quondam

423 2090 900 2165 potentissimus,
934 2092 1009 2149 de
1040 2108 1162 2165 quo
1221 2094 1512 2150 Dominus
1545 2111 1560 2150 :
1597 2096 1829 2164 Inveni,
1878 2094 2091 2168 inquit,

425 2179 620 2235 virum
649 2181 974 2237 secundum
1003 2196 1107 2238 cor
1128 2196 1343 2251 meum,
1373 2183 1478 2254 qui
1492 2184 1689 2253 faciat
1714 2197 1943 2240 omnem
1997 2198 2093 2239 vo-

425 2269 721 2327 luntatem
749 2287 940 2329 meam
975 2270 1161 2343 (Psal.
1184 2288 1463 2348 Lxxxvm,
1488 2272 1614 2344 21);
1665 2276 1868 2328 tamen
1912 2288 2093 2346 prop-

420 2361 508 2413 ter
548 2365 804 2417 mortem
859 2360 1006 2417 Urise
1057 2364 1115 2417 et
1170 2361 1469 2434 populum
1494 2361 1854 2417 recensitum
1885 2366 1943 2418 et
1980 2362 2091 2419 fre-

420 2452 673 2520 quentes
724 2450 1136 2523 expeditiones
1204 2449 1545 2523 prohibitus
1627 2455 1715 2507 est
1796 2451 2091 2509 aediﬁcare

418 2537 712 2611 templum
739 2538 1014 2603 Domino,
1039 2538 1205 2611 quod
1234 2540 1371 2611 ipso
1395 2543 1634 2595 mortuo
1664 2540 1966 2608 Salomon,
2026 2540 2089 2597 id

418 2629 506 2681 est
536 2642 643 2682 rex
674 2626 985 2700 paciﬁcus,
1017 2625 1316 2683 aediﬁcare
1349 2628 1565 2684 meruit
1587 2629 1654 2700 (Ι.
1688 2629 1835 2685 Par.
1864 2631 2083 2702 xxvm).

418 2713 539 2787 lpsi
562 2715 771 2789 itaque
806 2731 933 2772 non
955 2716 1165 2772 timent
1188 2716 1355 2790 quod
1384 2717 1704 2790 Apostolus
1744 2718 1886 2775 dicit
1916 2735 1931 2774 :
1975 2719 2091 2787 Qui

415 2805 663 2875 indigne
690 2807 1042 2878 manducet,
1065 2806 1364 2876 judicium
1386 2807 1498 2863 sibi
1515 2807 1923 2878 munducat(1
1946 2809 2082 2865 Cor.

413 2908 496 2962 xi,
527 2894 638 2965 29).
669 2893 835 2950 Unde
868 2895 1215 2951 admonens
1247 2910 1357 2952 nos
1374 2896 1725 2953 Ambrosius
1746 2897 1922 2954 dicit:
1949 2920 1977 2947 α
1998 2898 2087 2953 Vi-

415 2982 490 3039 de
516 2983 666 3055 quid
698 2984 1155 3054 agas,sacerdos
1189 3002 1203 3041 :
1238 3002 1312 3042 ne
1338 2985 1693 3044 febricitanti
1718 3003 1906 3044 manu
1926 2989 2086 3045 Chri-

416 3072 489 3128 sti
529 3088 747 3146 corpus
778 3074 1074 3143 attingas;
1107 3075 1275 3149 prius
1309 3092 1539 3147 curare,
1571 3082 1636 3133 ut
1662 3078 1860 3150 possis
1907 3078 2083 3134 mini-
2113 3104 2155 3164 ο

386 3206 389 3211 .
417 3164 659 3217 strare.»
690 3164 759 3218 Et
788 3164 848 3218 B.
901 3162 1300 3239 Hieronymus
1328 3165 1390 3221 in
1443 3166 1681 3223 Psalmo
1711 3184 1724 3222 :
1794 3190 1821 3217 ‹‹
1857 3168 2083 3225 Eiectos

416 3249 594 3306 Israel
622 3249 953 3322 impedivit,
984 3252 1397 3326 impediuntur
1424 3259 1480 3311 et
1508 3268 1670 3311 nunc
1701 3255 1869 3312 electi
1892 3256 2084 3313 Eccle-

414 3338 519 3395 sia:
552 3339 600 3395 si
625 3355 750 3396 non
775 3339 889 3413 ipsi
907 3357 1151 3416 quoque
1177 3344 1514 3401 sacerdotes
1530 3344 1881 3402 innocenter
1907 3346 2084 3402 sacri-

410 3427 549 3483 ﬁcia
573 3428 935 3502 percipiant.
965 3450 995 3482 ›
1028 3431 1180 3497 Quia
1206 3431 1386 3502 igitur
1426 3432 1625 3490 illicita
1681 3439 2077 3507 praesumunt,

412 3516 624 3572 merito
651 3533 774 3573 sum
802 3518 1053 3575 actionis
1084 3524 1222 3576 ante
1248 3521 1456 3577 oculos
1481 3522 1725 3596 superni
1744 3523 1966 3579 iudicis
1997 3524 2083 3579 di-

417 3606 657 3677 gnitatis
682 3623 805 3662 suae
834 3607 1064 3666 honore
1091 3609 1425 3683 privantur,
1457 3611 1563 3684 qui
1590 3611 1743 3668 falso
1762 3617 2079 3685 pastorum

405 3696 651 3752 nomine
678 3701 814 3753 ante
846 3696 1123 3754 homines
1156 3699 1504 3769 gloriantur.
1531 3701 1697 3757 Unde
1728 3702 1999 3759 noverint
2014 3719 2077 3760 se

404 3798 529 3839 non
558 3785 783 3841 habere
808 3785 977 3842 illum
995 3788 1282 3859 apostolis
1309 3792 1489 3863 atque
1517 3790 1845 3863 apostolico
1873 3807 2075 3847 exem-

405 3871 506 3943 plo
532 3871 875 3928 viventibus
902 3874 1200 3948 episcopis
1211 3876 1490 3933 collatam
1521 3894 1557 3934 a
1575 3878 1696 3935 Deo
1721 3884 2076 3951 potestatem

403 3959 635 4030 ligandi
664 3966 844 4033 atque
873 3962 1165 4031 solvendi,
1195 3966 1368 4036 juxta
1397 3966 1645 4025 beatum
1674 3968 2076 4037 Augustinum

404 4047 465 4104 in
498 4049 791 4106 canonica
812 4051 1023 4121 regula
1052 4052 1134 4109 ita
1164 4053 1464 4112 dicentem
1496 4076 1569 4112 ;-‹‹
1596 4056 1680 4112 111i
1710 4057 1820 4113 soli
1846 4057 2075 4128 ligandi

405 4142 585 4211 atque
611 4139 904 4209 solvendi,
941 4142 1093 4200 sicut
1121 4146 1312 4202 sancti
1342 4146 1598 4219 apostoli
1635 4147 1861 4204 habent
1914 4154 2076 4222 pote-

403 4230 640 4296 statem,
669 4230 773 4302 qui
808 4229 1047 4287 illorum
1078 4233 1357 4306 exempla
1386 4250 1526 4290 cum
1555 4234 1828 4291 doctrina
1853 4240 2071 4307 tenent,

402 4322 458 4373 et
488 4319 824 4377 secundum
845 4321 1119 4391 regulam
1152 4324 1543 4396 apostolicam
1572 4324 1778 4381 omnia
1807 4342 2077 4384 commu-

398 4406 501 4464 nia
552 4407 798 4466 habent.
832 4430 862 4463 ›
910 4414 1121 4467 Beatus
1166 4429 1411 4487 quoque
1464 4430 1627 4487 papa
1671 4416 1985 4485 Gregorius
2010 4417 2069 4473 in

400 4496 651 4569 Dialogo
678 4516 689 4554 :
719 4521 747 4550 ‹‹
777 4500 925 4556 Petri
953 4501 1147 4558 vicem
1172 4502 1234 4559 in
1264 4502 1513 4573 ligando
1533 4510 1590 4560 et
1620 4504 1911 4563 solvendo
1965 4508 2073 4563 ob-

397 4585 605 4655 tinent,
636 4588 741 4661 qui
761 4587 963 4646 locum
995 4592 1185 4647 sancti
1204 4592 1515 4663 regiminis
1543 4594 1664 4650 ﬁde
1689 4599 1746 4651 et
1798 4595 2071 4651 moribus

396 4679 620 4732 tenent.
652 4699 680 4727 n
708 4681 773 4733 Et
797 4678 941 4735 alibi
965 4697 981 4735 :
1012 4683 1194 4737 «lure
1223 4681 1602 4754 privilegium
1619 4688 1883 4740 meretur
1896 4683 2069 4740 amit-

396 4767 536 4835 tere,
570 4765 675 4839 qui
714 4769 1064 4825 auctoritate
1093 4776 1347 4844 usurpat
1372 4771 1594 4829 illicita.
1627 4793 1656 4823 ››
1696 4773 1868 4839 Quod
1895 4773 1946 4828 si
1991 4772 2071 4829 ad

395 4854 776 4911 excusandas
806 4857 1225 4914 excusationes
1267 4859 1328 4915 in
1375 4862 1636 4933 peccatis
1693 4861 2068 4935 iniquitatem

394 4958 569 4999 suam
595 4947 1006 5018 quorumlibet
1034 4947 1315 5004 similium
1345 4949 1674 5007 imitatione
1688 4952 1935 5025 palliare
1964 4968 2067 5007 vo-

392 5033 631 5104 luerint,
664 5036 771 5109 qui
795 5042 1091 5112 tanquam
1118 5039 1378 5109 religiosi
1407 5040 1644 5111 fuerint,
1678 5047 1735 5099 et
1757 5047 1960 5099 tamen
1987 5043 2066 5100 ab

392 5124 877 5195 expeditionibus
902 5145 1026 5185 non
1078 5128 1493 5204 abstinuerint,
1524 5133 1758 5190 etiamsi
1800 5133 2065 5206 aliquem

392 5227 634 5281 magnae
665 5220 1031 5276 auctoritatis
1052 5220 1115 5277 in
1135 5237 1456 5279 assensum
1484 5239 1664 5280 suum
1695 5223 2060 5293 attraxerint,

394 5314 508 5368 880
579 5304 775 5372 magis
840 5310 1018 5366 credo
1076 5311 1434 5383 evangelicae
1494 5312 1658 5383 ﬁdei,
1715 5318 2063 5370 sanctorum

392 5388 638 5442 Patrum
662 5391 910 5462 veritati,
942 5412 1131 5469 quam
1169 5401 1344 5458 alicui
1403 5402 1694 5459 adversus
1754 5406 1878 5458 tam
1924 5417 2064 5458 vera

392 5475 739 5565 testimonia
758 5479 1099 5557 oblatranti,
1131 5494 1188 5545 et
1215 5508 1355 5547 cum
1388 5492 1662 5565 apostolo
1690 5492 1887 5548 dicere
1917 5507 2059 5548 con-

395 5563 609 5617 sultius
641 5564 893 5625 arbitror
926 5590 938 5626 :
970 5574 1036 5629 Si
1054 5579 1185 5646 quis
1228 5563 1685 5638 annuntiaverit
1731 5583 1891 5637 vobis
1944 5582 2059 5637 ali-

587 5659 813 5719 Ρνωιθν
859 5677 1037 5732 quam
1068 5669 1226 5734 quod
1252 5670 1585 5741 Evangelia
1614 5672 1826 5729 datum
1857 5676 1938 5726 est
1968 5684 2063 5725 vo-

393 5739 502 5809 bis,
544 5742 867 5805 anathema
885 5751 961 5806 sit
989 5750 1150 5817 (Gal.
1184 5769 1223 5825 ι,
1254 5756 1327 5827 8).
1355 5739 1469 5822 Qui
1488 5759 1669 5817 etiam
1702 5760 2058 5832 episcopum

2101 4460 2153 4518 D

2203 1836 2404 1893 pauca
2432 1819 2752 1890 destinavi,
2781 1825 2848 1876 ut
2875 1820 3172 1877 desiderio
3193 1823 3299 1877 tuo
3326 1820 3756 1878 satisfacerem.
3792 1825 3875 1880 Tu

2202 1927 2362 1979 vero,
2398 1911 2449 1967 si
2473 1910 2714 1984 sapiens
2741 1909 2944 1981 fueris,
3006 1910 3070 1968 in
3121 1908 3335 1982 paucis
3385 1909 3579 1968 multa
3605 1911 3871 1983 cogitare

2199 1999 2441 2072 poteris.
2475 1996 2632 2056 Vale.

2756 2088 3095 2145 EPISTOLA
3133 2090 3311 2146 CXIII.

2270 2193 2533 2233 FULBERTI
2581 2192 2957 2234 CARNOTENSIS
2995 2192 3247 2233 EPISCOPI
3284 2194 3358 2233 AD
3396 2193 3797 2236 HILDEGARIUM.

2199 2266 2399 2339 [Apud
2427 2268 2736 2334 GALLAND.,
2767 2266 3149 2323 Bibliotheca
3188 2266 3309 2322 Vet.
3331 2267 3532 2334 Patr.,
3561 2270 3707 2325 tom.
3731 2270 3871 2337 XIV,

2866 2370 3009 2428 pag.
3051 2356 3200 2426 i90.]

2271 2448 2611 2513 Furssarus,
2641 2444 3100 2502 Carnotensium
3129 2443 3474 2517 episcopus,
3521 2447 3873 2505 HILDEGABIO

2200 2534 2457 2591 salutem
2482 2534 2562 2590 ab
2591 2533 2694 2591 illo
2725 2533 2832 2607 qui
2861 2533 3114 2590 mandat
3134 2533 3357 2592 salutes
3383 2534 3587 2592 Jacob.

2267 2622 2579 2696 Epistolari
2620 2623 2915 2679 brevitate
2953 2627 3198 2679 coactus
3247 2622 3697 2694 interrogationi
3750 2628 3867 2682 tuae

2195 2712 2623 2786 compendiose
2661 2712 3021 2785 respondeo.
3068 2715 3149 2769 De
3207 2712 3629 2769 Ecclesiasticis
3684 2714 3869 2784 rebus

2194 2804 2592 2875 Hieronymus
2643 2802 2786 2858 dicit
2861 2802 2939 2859 ad
2996 2802 3400 2875 Nepotianum
3466 2804 3660 2873 (epist.
3733 2806 3864 2875 5‘2):

2194 2915 2223 2944 «ι
2251 2894 2458 2950 Amico
2488 2892 2805 2967 quidpiam
2843 2908 3053 2966 rapere
3108 2892 3337 2950 furtum
3383 2897 3488 2961 est,
3540 2892 3868 2952 Ecclesiam

2191 2984 2473 3041 fraudare
2525 2981 2906 3052 sacrilegium
2952 2987 3061 3051 est,
3112 2983 3415 3056 accepisse
3490 2984 3866 3057 pauperibus

2192 3074 2569 3145 erogandum
2627 3078 2684 3129 et
2734 3072 3134 3129 esurientibus
3162 3072 3439 3146 plurimis
3466 3073 3561 3129 vel
3612 3078 3864 3131 cantum

2190 3179 2324 3219 esse
2343 3163 2436 3218 vel
2467 3161 2767 3231 timidum,
2817 3165 2940 3229 aut,
2991 3161 3159 3235 quod
3199 3161 3562 3235 apertissimi
3620 3161 3862 3220 sceleris

2190 3257 2296 3320 est,
2321 3251 2550 3324 aliquid
2575 3251 2788 3307 exinde
2817 3250 3188 3321 subtrahere,
3207 3251 3480 3307 omnium
3498 3250 3861 3324 praedonum

2190 3342 2599 3398 crudelitatem
2678 3346 3008 3414 superat.»
3068 3345 3214 3397 item
3276 3342 3356 3401 ad
3400 3342 3861 3399 Pammachium

2187 3431 2378 3503 (episl.
2410 3434 2497 3503 48)
2525 3449 2539 3487 :
2567 3453 2594 3480 «
2624 3430 2733 3487 Ubi
2757 3430 2933 3486 ditior
2956 3435 3046 3486 est
3069 3430 3348 3501 largitore
3369 3429 3862 3500 cuilargiendum

2187 3527 2293 3591 est,
2330 3537 2472 3594 pars
2523 3520 2797 3591 sacrilegi
2842 3524 2932 3577 est
2972 3536 3101 3577 rem
3157 3534 3497 3594 pauperum
3555 3520 3704 3578 dare
3734 3537 3862 3578 non

2186 3611 2574 3685 pauperibus.
2622 3612 2843 3668 «Unde
2894 3610 3157 3667 Isidorus
3191 3630 3217 3667 ε.
3260 3633 3290 3662 α
3330 3613 3612 3682 Magnum
3663 3610 3861 3668 scelus

2185 3706 2274 3759 est
2300 3718 2396 3758 res
2426 3717 2766 3775 pauperum
2788 3705 3076 3775 praestare
3109 3700 3421 3772 divitibus,
3448 3706 3506 3758 et
3555 3700 3632 3759 de
3690 3718 3861 3758 sum-

2185 3792 2385 3865 ptibus
2442 3791 2697 3865 inopum
2761 3792 3071 3865 acquirere
3135 3790 3371 3848 favores
3434 3790 3795 3863 potentium.
3834 3814 3860 3842 »

2184 3880 2511 3938 Considera
2563 3880 2767 3952 itaque
2795 3880 2941 3953 quia
2987 3879 3225 3936 nullum
3283 3879 3586 3953 Scriptura
3612 3881 3860 3954 excipit,

2181 3985 2307 4027 non
2357 3969 2732 4042 episcopum,
2788 3984 2911 4025 non
2951 3968 3257 4041 abbatem,
3287 3984 3412 4026 non
3458 3969 3725 4042 aliquem
3752 3969 3863 4027 do-

2182 4071 2321 4112 mus
2346 4057 2447 4113 Dei
2472 4073 2883 4114 (nconomum.
2919 4058 3202 4131 Quisquis
3241 4057 3354 4116 sibi
3383 4059 3728 4116 commissae
3758 4062 3863 4116 Ec-

2182 4145 2377 4202 clesiaa
2405 4147 2571 4203 bona
2595 4146 2911 4215 subtrahit,
2946 4147 3238 4218 intelligat
3263 4165 3328 4205 se
3349 4148 3476 4221 jam
3508 4164 3633 4205 non
3655 4154 3861 4222 pasto-

2182 4252 2311 4292 rem
2346 4237 2453 4292 sed
2481 4237 2826 4293 invasorem
2853 4253 2982 4294 esse
3027 4238 3315 4311 omnique
3378 4237 3666 4312 praedone
3719 4256 3861 4296 cru-

2182 4326 2491 4395 deliorem,
2532 4326 2848 4400 furemque
2896 4327 3317 4399 domesticum,
3370 4328 3449 4385 ad
3490 4328 3859 4388 familiarem

2183 4415 2515 4472 inimicum.
2551 4417 2663 4482 Qui
2691 4418 2855 4473 enim
2879 4434 2952 4475 ea
2973 4434 3109 4491 quae
3141 4417 3283 4474 solis
3314 4417 3566 4475 omnino
3616 4434 3859 4492 paupe-

2182 4505 2349 4561 ribus
2380 4505 2689 4577 eroganda
2712 4508 2997 4580 suscepit,
3037 4507 3101 4563 in
3157 4508 3385 4565 alienos
3437 4524 3583 4564 usus
3627 4513 3858 4566 temere

2180 4595 2492 4668 dilapidat,
2516 4612 2638 4652 non
2659 4601 2767 4654 vut
2794 4597 2857 4652 in
2882 4596 3118 4654 deserto
3140 4598 3326 4669 hujus
3374 4596 3577 4654 saeculi
3606 4598 3857 4655 turbam

2177 4702 2519 4759 pauperum
2595 4689 2955 4744 esurientem
3002 4688 3265 4757 reﬁcere,
3320 4689 3427 4745 sed
3474 4705 3614 4745 cum
3673 4689 3859 4747 scele-

2176 4776 2535 4833 leratissimo
2559 4777 2715 4834 Iuda
2745 4776 2980 4834 loculos
3010 4777 3127 4834 sibi
3151 4778 3474 4847 constituit,
3505 4782 3565 4834 et
3591 4793 3665 4835 ea
3711 4792 3855 4851 quae

2176 4866 2236 4922 in
2295 4882 2638 4940 pauperum
2680 4866 2846 4924 cibos
2899 4882 3326 4939 aggregamus,
3367 4866 3465 4923 fur
3527 4866 3855 4940 improbus

2176 4961 2463 5029 asportat.

2246 5045 2474 5101 Debent
2510 5045 2737 5119 quippe
2795 5061 2974 5102 nosse
3027 5046 3390 5115 sacerdotes,
3445 5046 3855 5105 Ecclesiarum

2174 5133 2574 5192 substantiam
2630 5150 2973 5208 pauperum
3048 5151 3201 5205 esse,
3258 5151 3381 5191 non
3459 5151 3657 5207 suam,
3732 5151 3853 5193 nec

2172 5224 2501 5281 abutantur
2553 5223 2616 5279 in
2669 5224 2995 5296 tyrannicae
3053 5224 3367 5281 effusionis
3432 5240 3669 5283 morem
3720 5242 3853 5283 cre-

2170 5313 2359 5369 ditam
2409 5313 2522 5369 sibi
2570 5313 2917 5384 degentium
2942 5313 3477 5387 dispensationem.
3512 5315 3681 5372 Unde
3710 5316 3852 5372 Hie-

2169 5415 2464 5473 ronymus
2545 5402 2689 5459 dicit
2756 5404 2836 5459 ad
2916 5403 3235 5461 Paulinum
3313 5404 3508 5475 (epist.
3583 5409 3671 5473 i3,
3730 5406 3850 5462 sub

2169 5491 2377 5561 med.)
2433 5508 2447 5546 :
2505 5512 2534 5539 ‹‹
2586 5494 2718 5548 1am
2772 5509 2936 5549 nunc
2995 5509 3120 5549 non
3178 5499 3318 5550 sunt
3364 5499 3467 5550 tua
3521 5510 3658 5567 quae
3708 5511 3853 5567 pos-

2171 5579 2352 5645 sides,
2418 5579 2524 5634 sed
2573 5580 2941 5652 dispensatio
2995 5581 3103 5637 tibi
3158 5582 3388 5639 credita
3433 5586 3541 5639 est.
3591 5585 3851 5640 Memen-

2173 5670 2233 5723 to
2289 5668 2535 5723 Ananiae
2590 5673 2646 5724 et
2702 5671 3080 5742 Sapphyrse:
3142 5670 3228 5726 illi
3280 5670 3485 5727 timide
3552 5687 3664 5727 sua
3717 5686 3849 5726 ser-

2168 5760 2485 5815 vaverunt.
2543 5761 2627 5814 Tu
2673 5758 2989 5817 considera
3037 5774 3116 5817 ne
3171 5759 3386 5820 Christi
3436 5759 3847 5819 substantiam
