3952 6442
120 283 219 335 26!

1648 273 2026 332 EPISTOLE.

3442 280 3562 338 282

118 403 533 477 imprudenter
570 401 867 469 effundas,
910 402 971 457 id
1015 406 1121 474 est,
1156 417 1231 457 ne
1268 401 1666 458 immoderato
1692 402 1783 471 ju-
1813 402 1862 454 Α
1898 405 2025 456 sata
2073 400 2406 471 egentibus,
2454 402 2830 475 captivorum
2877 402 3080 476 pretiis
3123 403 3561 476 profecerunt.»

118 494 276 549 dicio
306 510 433 549 rem
476 509 816 565 pauperum
856 492 1083 548 tribuas
1134 509 1257 549 non
1308 492 1695 565 pauperibus,
1730 494 1787 546 et

119 583 456 638 secundum
507 581 735 636 dictum
785 581 1233 654 prudentissimi
1276 581 1404 649 viri,
1438 581 1787 637 liberalitate

116 672 446 728 liberalitas
491 676 768 745 pereat.»
812 672 1109 727 Debemus
1135 688 1379 744 quoque
1410 671 1788 727 considerare

116 762 266 834 quid
308 762 404 817 cui
454 761 842 817 tribuendum
873 763 967 833 sit,
999 762 1149 817 sicut
1196 762 1357 817 idem
1395 762 1579 835 paulo
1619 776 1790 833 supe-

116 852 243 907 rius
268 852 345 907 ad
373 851 657 906 eumdem
689 851 890 906 scribit
914 869 926 905 :
981 874 1008 900 ‹‹
1032 855 1247 907 Prater
1274 851 1497 906 victum
1538 856 1595 907 et
1618 849 1792 905 vesti-

120 946 393 997 mentum
425 943 481 996 et
512 940 863 996 manifestas
892 942 1297 1012 necessitates,
1331 940 1476 996 nihil
1515 956 1789 1013 unquam

120 1030 299 1086 alicui
315 1030 653 1099 tribuas,ne
676 1030 935 1085 ﬁliorum
958 1047 1181 1103 panem
1205 1046 1385 1086 canes
1411 1030 1787 1085 comedant.»

121 1121 284 1176 Sicut
311 1135 454 1189 ergo
482 1118 654 1191 pium
684 1123 771 1174 est
801 1124 856 1174 et
876 1121 1108 1189 justum
1152 1120 1315 1176 bona
1358 1119 1629 1175 Ecclesia
1671 1134 1788 1174 ser—

118 1225 262 1264 vare
294 1207 680 1263 solummodo
731 1208 807 1263 ad
853 1224 1006 1280 opus
1050 1224 1389 1281 pauperum
1435 1214 1491 1264 et
1529 1209 1790 1281 captivo-

117 1316 276 1364 rum,
311 1299 389 1353 ita
421 1297 801 1368 sacrilegium
842 1303 929 1353 est
960 1298 1019 1353 in
1059 1299 1369 1371 propriam
1397 1298 1784 1365 voluntatem,

120 1392 177 1443 et
206 1387 268 1442 in
300 1387 524 1443 alienos
556 1405 700 1442 usus
731 1387 1105 1452 distribuere,
1138 1393 1195 1443 et
1238 1403 1273 1443 a
1314 1388 1645 1445 Christiana
1694 1387 1791 1442 de-

121 1477 362 1533 votione
395 1481 713 1533 semotum.
760 1478 931 1542 Quod
964 1478 1089 1549 ipse
1117 1493 1358 1550 quoque
1394 1478 1789 1548 Hieronymus

119 1570 372 1622 testatur
393 1566 451 1621 in
474 1568 847 1623 Matthaum:
883 1569 1152 1623 «Omnes
1180 1568 1284 1640 qui
1318 1566 1625 1639 stipendiis
1650 1571 1793 1621 tem-

120 1656 227 1729 pli,
261 1661 319 1711 et
346 1656 436 1711 his
462 1673 594 1729 qua
625 1658 1012 1712 conferuntur
1034 1658 1111 1711 ad
1134 1673 1315 1711 usum
1340 1656 1609 1711 Ecclesia
1641 1656 1790 1711 abu-

120 1750 330 1801 tuntur
377 1746 437 1800 in
482 1746 611 1802 aliis
643 1747 843 1813 rebus,
878 1747 1101 1819 quibus
1148 1762 1321 1801 suam
1374 1746 1654 1819 expleant
1684 1762 1789 1801 vo-

120 1837 437 1905 luntatem,
468 1836 688 1891 similes
721 1841 859 1891 sunt
900 1836 1242 1893 Scribarum
1288 1841 1345 1891 et
1387 1836 1790 1905 sacerdotum,

117 1925 549 1981 redimentium
594 1925 982 1981 mendacium
1026 1931 1081 1981 et
1124 1926 1483 1995 sanguinem
1531 1926 1794 1983 Salvato-

120 2010 271 2065 ris.»
305 2010 461 2067 Scire
491 2010 670 2066 debet
717 2010 919 2082 itaque
959 2011 1060 2083 pia
1108 2010 1446 2066 sollicitudo
1476 2015 1793 2083 pastorum

119 2100 270 2173 quia
296 2100 443 2155 nihil
473 2101 721 2156 omnino
754 2116 931 2171 agere
963 2101 1186 2156 debent
1202 2101 1275 2156 de
1297 2102 1477 2156 rebus
1512 2100 1794 2157 Ecclesia-

120 2206 260 2246 rum
311 2191 437 2245 sine
480 2190 732 2246 consilio
775 2196 832 2246 et
870 2207 1169 2247 consensu
1210 2191 1613 2260 subditorum,
1646 2205 1794 2263 quo-

121 2280 288 2335 niam
316 2279 647 2351 prudentia
679 2295 889 2335 eorum
915 2280 1315 2335 commissum
1342 2284 1427 2334 est
1451 2280 1794 2335 ministran-

120 2370 185 2424 di
211 2368 500 2439 ofﬁcium,
532 2385 654 2424 non
685 2368 1073 2441 dispergendi
1100 2368 1433 2424 arbitrium.

198 2459 296 2514 His
351 2457 695 2530 pralibatis,
729 2458 806 2513 ad
836 2474 985 2514 vasa
1034 2457 1306 2514 Ecclesia
1347 2457 1686 2528 veniamus,
1721 2458 1795 2513 de

122 2548 349 2621 quibus
380 2546 761 2619 potissimum
806 2547 1162 2615 interrogas.
1198 2550 1347 2603 Cum
1374 2547 1534 2602 enim
1565 2546 1798 2603 dicatur

124 2636 507 2707 sacrilegium
526 2637 824 2691 incurrere
850 2636 953 2707 qui
985 2635 1211 2707 aliquid
1227 2636 1303 2690 de
1324 2636 1499 2691 bonis
1526 2636 1796 2691 Ecclesia

122 2726 187 2781 in
218 2724 617 2797 expletionem
648 2722 970 2780 voluntatis
1025 2741 1148 2778 sua
1194 2724 1508 2793 contraxit,
1542 2740 1797 2796 perpen-

122 2816 268 2870 dere
298 2819 466 2887 potes
499 2816 797 2885 quantum
823 2812 1115 2885 delinquit
1137 2812 1241 2884 qui
1264 2828 1409 2868 vasa
1430 2813 1614 2868 sacris
1639 2812 1798 2869 dica-

126 2910 188 2961 ta
215 2902 515 2975 mysteriis
547 2902 875 2957 abstulerit.

199 2994 483 3059 Primum,
516 2991 561 3046 si
594 2996 760 3047 tanta
805 3006 1144 3063 pauperum
1190 2995 1247 3045 et
1291 2992 1669 3063 captivorum
1698 3008 1799 3046 ne-

119 3083 371 3140 cessitas
401 3080 713 3147 incumbit,
748 3081 1068 3135 tribuenda
1120 3085 1258 3136 sunt
1307 3086 1521 3137 catera
1563 3098 1698 3152 qua
1737 3080 1799 3135 in

118 3172 423 3230 thesauris
450 3170 725 3227 Ecclesia
758 3171 1017 3243 reposita
1047 3176 1204 3237 sunt,
1237 3171 1453 3227 deinde
1485 3171 1618 3243 ipsa
1648 3186 1800 3227 vasa

120 3263 426 3320 frustatim
450 3261 921 3317 comminuenda
951 3264 1107 3327 sunt,
1134 3264 1192 3315 et
1222 3260 1282 3316 in
1315 3262 1598 3333 operibus
1630 3262 1801 3317 mise-

120 3352 400 3410 ricordia
430 3351 757 3421 eroganda.
810 3351 975 3405 Unde
1006 3350 1147 3406 dicit
1172 3350 1527 3405 Ambrosius
1560 3351 1619 3405 in
1646 3351 1801 3407 libro

123 3444 203 3499 (lc
238 3442 457 3499 Ofﬁciis
490 3441 607 3512 (lib.
644 3457 703 3508 11,
740 3456 871 3512 cap.
907 3444 975 3495 28
1010 3440 1122 3495 sub
1162 3441 1346 3511 init):
1397 3446 1671 3495 «Aurum
1704 3444 1803 3496 Ec-

126 3534 312 3591 clesia
342 3532 541 3599 habet,
570 3547 691 3586 non
741 3536 804 3586 ut
844 3535 1054 3597 servet,
1089 3530 1192 3585 sed
1226 3534 1288 3584 ut
1317 3535 1542 3600 eroget,
1576 3534 1632 3586 et
1659 3531 1799 3585 sub—

126 3624 331 3682 veniat
372 3624 433 3678 in
481 3622 955 3678 necessitatibus.
1007 3622 1161 3687 Quid
1191 3638 1346 3693 opus
1381 3627 1473 3676 est
1502 3620 1801 3675 custodire

129 3715 301 3789 quod
340 3714 487 3770 nihil
519 3713 808 3784 adjuvat?
839 3717 927 3767 An
956 3712 1309 3781 ignoramus
1341 3714 1639 3782 quantum
1671 3709 1802 3764 auri

132 3811 191 3862 et
217 3803 447 3874 argenti
476 3803 549 3858 de
580 3801 803 3874 templo
844 3799 1080 3855 Domini
1123 3800 1346 3871 Assyrii
1383 3797 1801 3853 sustulerunt?

132 3901 343 3953 Nonne
370 3893 583 3949 melius
614 3891 834 3947 conﬂat
867 3890 1147 3946 sacerdos
1178 3893 1421 3961 propter
1447 3887 1802 3943 alimoniam

131 4001 500 4060 pauperum,
520 3983 567 4038 si
593 3982 710 4038 alia
736 3980 1008 4036 subsidia
1028 3979 1244 4047 desint,
1267 3995 1455 4051 quam
1477 3978 1803 4047 sacrilegus

133 4074 522 4139 contaminet,
555 4076 610 4128 et
640 4075 905 4143 asportet
948 4069 1238 4125 hostis?»
1288 4071 1353 4123 Et
1381 4072 1521 4139 post
1564 4083 1799 4141 pauca:

135 4190 165 4217 ‹‹
196 4163 475 4236 Nunquid
508 4162 734 4218 dictum
764 4166 853 4217 est
883 4163 1091 4215 sancto
1122 4157 1466 4214 Laurentio:
1505 4162 1679 4215 «Non
1708 4158 1807 4213 de-

137 4280 167 4307 ι(
199 4253 388 4311 buisti
431 4267 680 4320 erogare
732 4251 1044 4306 thesauros
1092 4247 1383 4318 Ecclesia,
1424 4264 1571 4304 vasa
1613 4264 1806 4303 sacra-

136 4369 165 4396 ‹‹
197 4346 541 4400 mentorum
570 4340 824 4396 vendere
845 4339 872 4394 ?
892 4362 917 4387 ››
964 4340 1127 4410 Opus
1154 4343 1241 4394 est
1277 4341 1341 4392 ut
1366 4337 1503 4409 quis
1533 4336 1652 4392 ﬁde
1690 4337 1808 4393 sin-

138 4451 280 4493 cera
305 4438 361 4488 et
388 4429 719 4503 perspicaci
750 4427 1125 4500 providentia
1151 4442 1375 4483 munus
1404 4427 1519 4482 hoc
1538 4426 1804 4498 impleat.

140 4524 300 4579 Sane
328 4518 378 4573 si
403 4519 661 4573 insuum
691 4515 907 4588 aliquis
936 4516 1161 4573 derivet
1186 4514 1685 4581 emolumentum,
1706 4514 1812 4569 cri-

138 4624 283 4665 men
314 4610 429 4673 est;
482 4604 572 4659 sin
604 4621 745 4659 vero
775 4606 1026 4676 pauperi
1069 4609 1294 4673 eroget,
1327 4602 1635 4674 captivum
1662 4601 1813 4659 redi-

141 4702 292 4766 mat,
312 4693 639 4750 humandis
658 4693 926 4748 ﬁdelium
948 4693 1211 4765 reliquiis
1240 4692 1435 4763 spatia
1465 4691 1809 4763 ampliﬁcet,

141 4782 558 4844 misericordia
588 4787 693 4838 est.
730 4786 790 4837 In
821 4782 914 4838 his
949 4782 1138 4837 tribus
1181 4780 1502 4851 generibus
1540 4796 1686 4836 vasa
1715 4783 1815 4835 Ec-

145 4876 341 4934 clesia
367 4874 544 4930 etiam
576 4872 803 4928 initiata
834 4872 1226 4941 confringere,
1253 4870 1535 4935 conﬂare,
1555 4870 1813 4926 vendere

142 4968 299 5024 licet.
323 4988 350 5015 »
382 4964 639 5020 Breviter
668 4962 813 5018 mihi
840 4961 1180 5033 depinxisse
1206 4960 1439 5015 videtur
1458 4958 1605 5031 quid
1635 4975 1814 5029 agen-

147 5059 299 5113 dum
328 5056 399 5111 sit
428 5054 502 5110 de
533 5054 711 5109 rebus
744 5052 1035 5108 Ecclesia.
1084 5051 1197 5107 Sed
1244 5065 1438 5121 neque
1472 5049 1699 5104 licitum
1729 5054 1818 5105 est

149 5147 227 5203 de
258 5144 529 5201 Ecclesia
574 5142 756 5200 tutela
802 5158 955 5199 vasa
1002 5156 1175 5197 sacra
1219 5139 1588 5209 abstrahere,
1622 5142 1677 5194 et
1716 5138 1816 5194 ali-

151 5250 412 5310 quorum
466 5232 750 5289 manibus
796 5231 929 5289 loco
978 5226 1307 5287 vadimonii
1364 5227 1620 5295 tradere,
1667 5226 1821 5283 sicut

152 5324 314 5380 idem
362 5336 607 5395 quoque
661 5324 906 5377 testatur
952 5319 1183 5392 (Ibid):
1244 5318 1461 5389 «Opus
1503 5320 1592 5371 est
1634 5319 1700 5372 ut
1743 5315 1818 5372 de

157 5411 419 5470 Ecclesia
470 5411 709 5484 mystici
752 5410 962 5484 populi
1006 5410 1201 5467 forma
1242 5423 1366 5463 non
1410 5410 1602 5473 exeat,
1632 5420 1711 5461 ne
1740 5405 1820 5461 ad

154 5522 302 5561 usus
340 5501 601 5559 nefarios
633 5502 785 5559 sacri
815 5500 1014 5557 calicis
1062 5498 1455 5556 ministerium
1505 5496 1822 5553 transfera-

156 5598 269 5651 tur.
319 5593 456 5649 ldeo
504 5592 659 5649 intra
702 5590 1029 5648 Ecclesiam
1075 5589 1340 5664 primum
1392 5586 1644 5660 quaesita
1684 5590 1823 5642 sunt

157 5700 305 5740 vasa
333 5698 469 5754 qua
496 5682 723 5738 initiata
752 5698 875 5737 non
904 5684 1133 5747 essent;
1179 5678 1395 5735 deinde
1428 5675 1818 5746 comminuta,

158 5776 464 5846 postremo
484 5771 764 5840 conﬂata,
778 5784 886 5841 per
906 5770 1169 5829 minutas
1188 5766 1563 5840 erogationes
1583 5764 1821 5836 dispen-

1898 490 2069 555 Quod
2112 491 2159 545 si
2188 490 2380 547 desint
2408 507 2589 555 nova,
2648 496 2705 547 et
2734 507 2870 563 qua
2917 493 3191 548 nondum
3230 492 3455 549 initiata
3485 494 3565 548 vi-

1895 580 2170 650 deantur,
2188 581 2249 636 in
2270 580 2643 652 hujusmodi,
2663 597 2817 653 quos
2840 582 3149 654 supradixi
3170 599 3335 651 usus,
3359 583 3564 639 omnia

1896 671 2151 725 arbitror
2174 672 2269 743 pie
2313 687 2495 743 posse
2525 672 2805 727 converti.
2858 674 3024 727 Prius
3050 688 3194 743 ergo
3222 673 3436 729 usuale
3468 690 3563 729 ar-

1896 764 2143 829 gentum
2174 760 2234 815 in
2277 759 2635 833 supradictis
2670 760 3128 817 necessitatibus
3157 762 3437 819 distribui
3467 763 3567 818 de-

1894 849 2014 919 bet,
2045 850 2193 906 sicut
2228 849 2439 906 beatus
2484 850 2802 919 Gregorius
2833 850 2975 907 dicit
3001 850 3249 908 domino
3279 853 3564 925 episcopo

1896 942 2178 994 Messana
2223 939 2350 1009 (lib.
2398 957 2472 1006 v1,
2521 941 2689 1008 epist.
2736 941 2864 1011 35):
2924 941 3330 998 «Fraternitas
3365 947 3565 998 vestra

1898 1030 2154 1085 multum
2200 1029 2381 1085 debet
2424 1045 2553 1086 esse
2586 1029 2856 1096 sollicita,
2884 1034 2971 1098 ut,
3003 1030 3050 1086 si
3088 1031 3335 1103 quidem
3366 1033 3428 1087 in
3461 1036 3566 1087 Ec-

1897 1119 2079 1175 clesia
2110 1124 2308 1175 vestra
2336 1119 2547 1174 usuale
2576 1124 2898 1188 argentum
2926 1125 3035 1189 est,
3068 1121 3235 1193 prius
3264 1120 3411 1176 illud
3440 1137 3567 1177 ero-

1899 1214 2068 1278 getur
2090 1208 2150 1264 in
2181 1208 2591 1281 redemptione
2622 1208 3034 1281 captivorum:
3068 1210 3337 1282 alioquin
3368 1210 3443 1266 de
3469 1227 3566 1267 sa-

1898 1298 2076 1353 cratis
2098 1314 2205 1353 vos
2225 1298 2389 1354 vasis
2419 1298 2687 1370 prabere
2719 1314 2981 1354 necesse.
3003 1302 3171 1369 Nam,
3198 1299 3351 1355 sicut
3377 1299 3568 1356 omni-

1898 1404 1977 1444 no
2006 1403 2188 1456 grave
2215 1392 2303 1444 est
2332 1388 2547 1442 frustra
2578 1387 2978 1445 ecclesiastica
2999 1388 3368 1444 venumdare
3396 1389 3568 1444 mini-

1900 1477 2095 1545 steria,
2121 1477 2203 1531 sic
2246 1476 2459 1533 iterum
2492 1475 2671 1547 culpa
2700 1480 2805 1543 est,
2838 1475 3190 1532 imminente
3216 1477 3567 1548 hujusmodi

1901 1565 2269 1634 necessitate,
2316 1580 2409 1619 res
2453 1565 2632 1620 etiam
2677 1564 2958 1620 desolata
3006 1565 3277 1621 Ecclesia
3316 1566 3567 1638 captivis

1902 1655 2024 1709 suis
2052 1670 2422 1727 praponere,
2447 1658 2502 1709 et
2523 1654 2583 1709 in
2601 1670 2810 1709 eorum
2839 1654 3249 1726 redemptione
3272 1671 3566 1711 cessare.»

1833 1761 1873 1817 Β
1902 1749 2045 1800 Item
2098 1744 2262 1801 idem
2312 1748 2630 1800 Fortunato
2683 1745 2967 1816 episcopo
3014 1744 3307 1800 Phanensi
3366 1746 3564 1815 (ΗΜ,

1902 1838 2069 1905 epist.
2104 1836 2190 1903 t3)
2218 1852 2230 1890 :
2265 1856 2290 1883 ‹‹
2320 1834 2481 1891 Sicut
2505 1833 2974 1906 reprehensibile
2996 1838 3052 1889 et
3073 1834 3294 1890 ultione
3314 1835 3569 1904 dignum

1900 1930 1991 1982 est
2022 1929 2255 1981 sacrata
2284 1940 2657 1997 quemquam
2686 1939 2852 1987 vasa,
2872 1930 3086 1995 prater
3115 1924 3175 1979 in
3195 1924 3289 1980 his
3318 1942 3454 1998 qua
3475 1927 3570 1983 lex

1902 2020 1959 2071 et
1984 2016 2137 2071 sacri
2167 2031 2432 2071 canones
2462 2015 2836 2087 pracipiunt,
2864 2014 3246 2083 venundare;
3294 2014 3375 2071 ita
3403 2014 3573 2071 nulla

1902 2110 1990 2161 est
2019 2105 2440 2176 objurgatione
2466 2104 2557 2159 vel
2583 2104 2844 2161 vindicta
2874 2104 3278 2176 plectendum,
3313 2105 3362 2159 si
3387 2103 3573 2177 pieta-

1903 2196 1974 2252 tis
2004 2211 2189 2252 causa
2238 2211 2348 2267 pro
2389 2195 2771 2267 captivorum
2802 2194 3021 2249 fuerint
3048 2193 3461 2266 redemptione
3490 2192 3574 2248 di.

1904 2288 2191 2340 stracta.»
2226 2284 2569 2339 Notandum
2613 2283 2778 2355 quod
2824 2283 3037 2339 beatus
3082 2282 3397 2352 Gregorius
3434 2281 3576 2339 dicit

1903 2376 2047 2448 quia
2077 2374 2325 2430 omnino
2371 2390 2553 2445 grave
2599 2378 2685 2429 est
2714 2372 2935 2429 frustra
2965 2373 3366 2430 ecclesiastica
3397 2372 3572 2428 mini-

1906 2464 2104 2530 steria,
2133 2463 2195 2518 id
2241 2466 2329 2518 est
2359 2462 2747 2532 candelabra,
2778 2462 3085 2519 thuribula
3114 2467 3170 2519 et
3207 2468 3420 2518 caetera
3460 2463 3572 2517 hu-

1900 2553 2169 2623 jusmodi
2182 2552 2553 2618 venundare,
2578 2551 2691 2605 nisi
2713 2555 2927 2623 prater
2947 2551 3045 2606 illa
3067 2556 3300 2607 tantum
3321 2567 3458 2623 qua
3478 2551 3573 2606 lex

1905 2646 1961 2698 et
1987 2642 2139 2697 sacri
2159 2657 2423 2697 canones
2448 2640 2820 2712 pracipiunt,
2837 2639 3057 2695 scilicet
3072 2656 3182 2712 pro
3205 2639 3573 2711 redemptio-

1904 2748 1980 2787 ne
2011 2731 2406 2803 captivorum,
2439 2734 2495 2786 et
2533 2728 2934 2801 eleemosynis
2986 2729 3135 2784 nihil
3178 2730 3416 2801 penitus
3460 2730 3569 2785 ha-

1904 2821 2196 2876 bentium.
2232 2820 2341 2885 Qui
2380 2834 2521 2888 ergo
2565 2818 2627 2873 in
2658 2818 2775 2874 alia
2824 2818 3124 2891 expendit,
3153 2824 3362 2875 contra
3391 2835 3573 2874 cano-

1905 2927 2013 2965 nes
2037 2909 2192 2965 facit.
2219 2908 2383 2964 Unde
2404 2908 2587 2963 etiam
2614 2907 2967 2962 sacerdotali
2988 2907 3277 2976 dignitate
3293 2907 3573 2980 quisquis

1907 2999 2000 3054 ille
2027 3003 2135 3065 est,
2168 2996 2401 3053 noverit
2430 3013 2490 3052 se
2520 2996 2859 3065 indignum,
2887 2996 3059 3065 juxta
3089 2996 3362 3065 ejusdem
3397 3011 3573 3068 papa

1841 3088 2265 3178 Csententiam
2320 3086 2630 3141 scribentis
2682 3085 2896 3141 Joanni
2944 3085 3230 3158 episcopo
3287 3086 3574 3164 Larissag

1909 3178 2035 3247 (lib.
2070 3194 2125 3243 u,
2162 3177 2331 3246 epist.
2374 3182 2427 3243 7,
2464 3178 2600 3229 ante
2630 3173 2795 3239 ﬁn.):
2850 3178 3178 3231 «Consona
3225 3174 3447 3229 sanctis
3477 3177 3578 3229 Pa-

1910 3266 2099 3321 tribus
2130 3264 2484 3319 difﬁnitione
2531 3263 2856 3333 sancimus,
2891 3268 2956 3317 ut
2992 3262 3097 3334 qui
3127 3264 3350 3319 sanctis
3382 3263 3579 3318 nescit

1909 3354 2154 3410 obedire
2204 3352 2562 3419 canonibus,
2605 3368 2715 3407 nec
2766 3351 2948 3407 sacris
2996 3351 3436 3423 administrare,
3487 3351 3578 3407 vel

1911 3442 2405 3499 communionem
2434 3456 2667 3513 capere,
2696 3440 2767 3496 sit
2789 3441 3010 3509 dignus
3042 3440 3398 3495 altaribus.»

1984 3536 2065 3588 EX
2100 3530 2508 3603 superioribus
2551 3530 2774 3601 itaque,
2806 3532 3103 3600 quantum
3135 3530 3409 3599 conjicio,
3442 3546 3577 3601 per-

1909 3622 2171 3695 pendere
2202 3624 2371 3691 potes
2398 3618 2561 3691 quia,
2593 3619 2641 3672 si
2681 3618 2929 3673 omnino
2971 3634 3149 3687 grave
3190 3624 3277 3674 est
3300 3619 3479 3673 vendi
3508 3635 3581 3674 ea

1912 3710 2131 3767 scilicet
2157 3726 2287 3781 quae
2321 3707 2557 3762 minora
2608 3711 2744 3761 sunt
2776 3706 3043 3762 Ecclesia
3094 3706 3422 3762 ministeria
3454 3707 3579 3764 sine

1912 3804 2071 3856 certa
2118 3797 2488 3863 necessitate,
2542 3795 2921 3866 sacrilegium
2952 3800 3056 3861 est,
3091 3799 3153 3851 et
3202 3796 3407 3852 omino
3452 3813 3582 3868 gra-

1912 3888 2246 3955 vissimum,
2277 3887 2511 3957 absque
2544 3886 2813 3941 maxima
2861 3902 3201 3957 pauperum
3232 3885 3580 3959 indigentia,

1913 3977 2329 4035 excellentiora
2363 3975 2464 4031 illa
2506 3974 2780 4031 videlicet
2816 3990 2964 4032 vasa
3002 3980 3236 4031 sacrata
3280 3980 3336 4032 et
3376 3992 3583 4032 cruces

1913 4067 2283 4124 venundare.
2318 4068 2694 4137 Quapropter
2742 4064 3020 4120 noverint
3075 4081 3286 4121 omnes
3327 4065 3585 4121 ministri

1916 4158 2192 4214 Ecclesia
2240 4156 2384 4228 quia
2421 4155 2585 4225 gregi
2617 4154 2712 4210 cui
2755 4159 3041 4227 prasunt,
3088 4159 3155 4210 ut
3181 4158 3328 4227 puta
3360 4155 3450 4210 his
3482 4154 3586 4226 qui

1918 4250 2056 4302 sunt
2104 4261 2403 4319 pauperes
2462 4242 2691 4311 Christi,
2754 4243 2971 4298 scilicet
3017 4243 3354 4310 monachis,
3401 4249 3455 4298 et
3492 4258 3585 4297 ca-

1917 4335 2151 4391 nonicis
2227 4331 2629 4402 regularibus,
2701 4332 2792 4386 vel
2874 4331 3165 4401 religiosis
3242 4330 3585 4403 quibusque

1921 4422 2317 4480 communiter
2362 4420 2722 4485 viventibus,
2774 4420 2941 4491 prius
2995 4420 3199 4474 omnia
3246 4418 3589 4474 necessaria

1919 4512 2255 4570 ministrare
2285 4508 2599 4564 moderata
2624 4507 3041 4563 distributione
3058 4507 3313 4573 debent;
3344 4506 3405 4562 id
3428 4522 3587 4561 sum-

1920 4616 2164 4675 mopere
2191 4602 2596 4671 praecaventes
2619 4613 2695 4679 ne
2722 4596 2979 4652 nimium
2998 4596 3254 4668 prodiga
3270 4594 3586 4667 superﬂui-

1922 4696 2039 4748 tate
2115 4689 2247 4745 talis
2316 4686 2645 4742 necessitas
2710 4684 3020 4758 proveniat
3073 4702 3206 4758 qua
3264 4685 3589 4741 thasauros

1923 4778 2193 4837 Ecclesia
2243 4774 2501 4847 expendi
2552 4772 2891 4847 compellat.
2972 4776 3030 4830 Si
3085 4774 3247 4829 enim
3298 4773 3590 4831 immode-

1922 4874 2048 4926 rate
2080 4866 2413 4931 eifundant,
2447 4868 2726 4937 peccant;
2780 4862 2925 4935 quia
2974 4862 3415 4918 inconsiderata
3444 4861 3590 4916 effu-

1923 4960 2033 5027 sio,
2068 4956 2246 5013 totius
2272 4955 2492 5010 domus
2525 4952 2701 5008 ruina
2733 4957 2841 5009 est.
2891 4953 3208 5008 Enimvero
3256 4952 3481 5008 caeteris
3526 4952 3589 5007 in

1923 5046 2207 5122 operibus
2253 5043 2679 5099 misericordia
2718 5042 3068 5105 distributis,
3103 5042 3153 5096 si
3197 5045 3362 5098 tanta
3391 5057 3592 5097 neces-

1925 5139 2067 5194 sitas
2100 5133 2409 5192 obvenerit
2434 5136 2497 5189 ut
2522 5132 2767 5206 aliquod
2791 5148 2897 5187 vas
2928 5130 3198 5187 Ecclesia
3226 5131 3590 5205 capiendum

1926 5224 2017 5293 sit,
2050 5223 2129 5281 ad
2156 5224 2271 5281 hoc
2299 5222 2721 5281 tantummodo
2752 5221 2917 5279 alteri
2948 5220 3225 5279 Ecclesia
3254 5221 3592 5279 venundari

1925 5317 2122 5388 potest
2185 5317 2250 5371 ut
2315 5314 2379 5370 in
2450 5314 2582 5387 ipso
2638 5312 2801 5369 idem
2862 5311 3129 5370 ofﬁcium
3181 5312 3350 5385 quod
3413 5317 3592 5370 antea

1928 5403 2276 5471 celebretur,
2308 5407 2365 5459 et
2407 5419 2480 5458 ex
2525 5403 2657 5475 ipsa
2702 5399 2973 5473 pecunia
3011 5400 3396 5459 distractione
3426 5401 3593 5458 aliud

1926 5492 1989 5547 in
2035 5491 2169 5547 loco
2202 5491 2330 5563 ejus
2362 5490 2725 5557 restituatur,
2756 5488 2848 5545 vel
2890 5490 3261 5564 pauperibus
3294 5495 3587 5563 erogetur.

1928 5585 2014 5637 Ita
2089 5596 2255 5651 ergo,
2329 5584 2394 5636 ut
2468 5577 2881 5652 praediximus,
2948 5580 3132 5636 vendi
3203 5584 3417 5655 potest,
3490 5584 3593 5635 aut

1931 5671 2264 5728 secundum
2328 5668 2672 5743 supradicta
2738 5674 3084 5728 sanctorum
3135 5675 3375 5729 Patrum
3428 5669 3590 5726 testi-

1928 5762 2138 5821 monia
2164 5761 2227 5818 in
2251 5761 2443 5818 frusta
2466 5759 2829 5829 comminui;
2860 5762 2968 5818 sed
2988 5761 3394 5833 incongruum
3417 5762 3593 5815 estut
