3952 6404
425 269 532 323 263

1481 262 1538 318 s.
1582 244 1919 317 FULBEim
1955 248 2438 321 CARNOTENSIS
2471 250 2806 315 EPISCOPI.

3777 263 3910 318 264

422 374 487 446 in
509 385 929 445 vadimonium
957 388 1235 459 ponatur.
1270 384 1500 442 Etenim
1541 383 1856 440 saeculares
1881 398 2085 456 perso-
2118 392 2166 446 Α
2194 381 2364 455 pueri
2393 381 2630 456 parvuli
2659 396 2841 455 super
2887 379 3168 438 eamdem
3201 398 3407 440 arcam
3436 382 3904 453 ascenderunt,

424 494 522 535 me
561 476 831 533 debitam
859 474 1251 532 reverentiam
1283 473 1470 530 sacris
1486 472 1786 546 mysteriis
1818 471 2095 528 nesciunt

423 565 793 639 impendere,
815 563 1106 637 quoniam
1134 561 1231 618 hic
1252 577 1404 618 usus
1432 576 1557 617 non
1573 565 1663 617 est
1689 560 1774 617 eis
1807 560 2092 617 commis-

425 672 546 712 sus.
589 659 856 711 Fortasse
904 655 1107 709 autem
1154 650 1500 721 contingere
1554 655 1751 724 potest
1799 654 1865 707 ut
1904 665 2094 724 prope

424 762 630 803 arcam
676 744 771 800 vel
820 743 882 798 in
930 757 1004 798 ea
1033 741 1218 797 domo
1276 742 1339 796 in
1378 756 1503 814 qua
1540 756 1688 797 vasa
1739 739 2095 796 abscondita

424 839 582 903 sunt,
605 832 1057 890 committantur
1082 829 1376 886 adulteria
1402 833 1459 885 et
1486 828 1914 886 fornicationes
1936 833 1994 885 et
2022 844 2096 885 ea

425 923 679 981 crimina
705 937 840 995 quae
863 920 1016 977 iram
1056 919 1156 976 Dei
1184 923 1534 992 provocent.
1571 922 1720 975 Nam
1750 935 1890 975 cum
1918 918 1982 974 in
2008 917 2104 973 hi-

424 1013 607 1071 storia
646 1015 877 1083 Regum
913 1009 1169 1080 legimus
1200 1010 1406 1080 Ozam,
1434 1024 1506 1065 eo
1535 1008 1703 1081 quod
1730 1007 2093 1065 calcitranti-

422 1104 539 1161 bus
570 1102 766 1159 bobus
796 1117 1002 1158 arcam
1034 1098 1269 1156 Domini
1291 1098 1560 1169 tetigerit,
1593 1098 1750 1154 illico
1770 1097 2092 1166 interiisse;

423 1198 482 1250 et
509 1193 571 1249 in
592 1190 845 1248 Levitico
875 1192 1247 1263 praeceptum
1279 1187 1353 1244 sit
1380 1192 1581 1243 Aaron
1609 1192 1666 1243 et
1690 1187 1828 1244 ﬁliis
1858 1188 1989 1258 ejus
2017 1202 2092 1243 ne

423 1282 832 1357 permitterent
856 1277 993 1334 ﬁliis
1045 1277 1232 1335 Caath
1275 1293 1423 1334 vasa
1464 1276 1791 1334 sanctuarii
1820 1277 1971 1333 ferre
1996 1276 2093 1333 vel

422 1375 687 1441 tangere,
718 1384 793 1425 ne
840 1367 989 1424 forte
1046 1367 1308 1441 perirent
1354 1365 1428 1422 de
1469 1366 1671 1424 medio
1720 1366 2088 1435 Levitarum;

421 1458 732 1532 quomodo
763 1453 947 1512 audet
972 1455 1278 1529 quispiam
1325 1459 1491 1513 extra
1547 1455 1873 1512 Ecclesiam
1913 1471 2089 1511 suam

423 1548 803 1620 cuincunque
829 1560 1122 1620 personae,
1145 1545 1269 1601 sive
1297 1545 1513 1602 clerico
1544 1544 1670 1601 sive
1709 1544 1887 1615 laico,
1918 1560 2089 1601 aram

423 1638 633 1696 Christi
660 1638 754 1693 vei
786 1634 1131 1711 sepulcrum
1176 1635 1308 1706 ejus
1338 1635 1400 1691 in
1443 1634 1863 1692 vadimonium
1894 1633 2039 1691 dare
2061 1635 2089 1690 ?

424 1726 579 1792 Quid
603 1725 763 1781 enim
789 1740 937 1781 crux
965 1728 1077 1793 est,
1095 1723 1211 1780 nisi
1235 1740 1342 1782 ara
1362 1723 1611 1782 Christi?
1644 1727 1708 1781 Et
1738 1724 1886 1797 quid
1910 1722 2083 1792 calix,
2127 1750 2168 1805 Β

422 1813 536 1870 nisi
561 1813 903 1887 sepulcrum
932 1814 1210 1883 ejusdem
1239 1812 1475 1869 Domini
1498 1813 1728 1870 nostri?
1758 1812 1912 1879 Quid
1941 1827 2085 1883 ergo

422 1920 590 1961 aram
642 1908 702 1960 et
751 1901 1094 1975 sepulcrum
1143 1901 1206 1958 in
1253 1902 1669 1959 vadimonium
1718 1901 1906 1975 ponit,
1946 1918 2087 1958 cum

418 1996 445 2050 J
454 1994 575 2050 uda
614 1993 913 2051 Christum
942 1990 1150 2047 vendit
1175 2009 1189 2060 ;
1230 1995 1289 2048 et
1316 1992 1421 2064 qui
1449 1991 1513 2047 in
1542 1990 1960 2048 vadimonium
1990 2006 2086 2047 ac-

420 2083 581 2156 cipit,
612 2098 752 2138 cum
783 2078 1093 2151 militibus,
1138 2095 1213 2135 ne
1261 2080 1476 2137 Christi
1505 2079 2003 2136 resurrectionem
2032 2083 2089 2135 et

422 2172 698 2244 gloriam,
754 2185 943 2244 quam
993 2169 1072 2225 ad
1125 2168 1470 2241 sepulcrum
1517 2169 1753 2225 Domini
1791 2168 2084 2237 viderant,

419 2260 836 2336 praedicarent,
867 2257 1191 2331 pecuniam
1226 2273 1263 2313 a
1302 2256 1605 2313 sceleratis
1649 2256 1869 2313 Judaeis
1907 2257 2089 2313 susci-

422 2349 526 2423 pit.
560 2348 837 2420 Legimus
864 2362 1108 2421 quoque
1161 2345 1223 2401 in
1268 2346 1508 2403 Daniele
1552 2362 1756 2416 regem
1806 2347 2086 2417 gentilem

422 2437 749 2506 Balthazar,
779 2452 852 2493 eo
878 2435 1045 2509 quod
1074 2434 1136 2490 in
1159 2434 1339 2503 vasis,
1371 2451 1508 2508 quae
1537 2435 1613 2491 de
1645 2435 1866 2508 templo
1895 2434 2089 2492 Domi-

422 2528 486 2585 ni
534 2531 705 2601 pater
749 2526 880 2598 ejus
921 2524 1261 2593 sustulerat,
1307 2525 1659 2581 concubinis
1705 2526 1828 2581 suis
1873 2530 2086 2599 potum

420 2615 857 2684 ministraverit,
888 2614 1087 2671 subito
1132 2630 1388 2671 manum
1427 2615 1815 2689 scriptantem
1842 2615 2082 2684 vidisse,

423 2711 481 2764 et
500 2706 574 2762 de
605 2704 909 2779 scripturae
933 2703 1416 2776 interpretatione
1444 2704 1802 2774 cognovisse
1830 2709 2086 2761 mortem

424 2795 538 2853 sibi
566 2795 787 2851 instare
814 2798 872 2851 et
897 2792 1260 2850 divisionem
1288 2793 1459 2864 regni
1490 2793 1601 2850 sui.

496 2887 618 2957 Ego
671 2884 821 2958 ipse,
861 2887 927 2939 ut
981 2882 1057 2939 de
1106 2882 1503 2956 praesentibus
1557 2881 1795 2939 interim
1847 2880 2084 2955 loquar,

425 2990 617 3032 unum
648 2973 751 3029 tibi
780 2971 1034 3029 breviter
1062 2971 1321 3045 exempli
1350 2988 1535 3030 causa
1572 2971 1876 3046 proferam
1918 2970 2087 3043 quod

422 3080 619 3137 nuper
642 3062 868 3129 audivi,
895 3061 1098 3118 nescio
1127 3077 1205 3118 an
1236 3061 1316 3118 ad
1342 3066 1396 3117 te
1424 3077 1669 3135 quoque
1701 3060 1865 3116 fama
1882 3076 2086 3133 perve-

424 3138 595 3211 nerit.
608 3151 836 3209 Accidit
852 3151 915 3207 in
936 3150 1240 3208 Britannia
1258 3151 1477 3207 minori
1495 3149 1808 3224 quoddam
1832 3149 2087 3206 miracu-

424 3243 573 3300 lum.
597 3246 747 3299 Nam
770 3240 1024 3315 quidam
1047 3240 1494 3297 nummularius
1513 3255 1660 3296 vasa
1678 3238 1951 3295 Ecclesiae
1974 3238 2086 3294 sibi

424 3334 558 3391 loco
605 3331 932 3390 vadimonii
972 3331 1036 3389 in
1092 3348 1234 3389 arca
1278 3330 1539 3405 reposita
1586 3330 1893 3398 servabat;
1940 3346 2087 3386 casu

2201 474 2308 545 qui
2361 471 2515 528 illico
2552 472 2615 527 in
2654 470 2983 529 amentiam
3020 472 3172 528 versi
3215 477 3394 538 sunt;
3450 474 3550 529 sed
3595 478 3653 529 et
3691 490 3907 531 canes

2201 560 2350 618 forte
2393 561 2807 632 ascenderant,
2839 566 2898 617 et
2941 560 3003 617 in
3055 561 3288 618 rabiem
3337 562 3566 620 efferati
3608 562 3900 620 fuerunt.

2205 650 2398 706 Sensit
2445 650 2730 706 dominus
2781 648 3069 707 ultionem
3115 650 3384 707 divinam
3424 667 3553 708 esse
3591 666 3663 708 eo
3706 652 3903 725 quod

2203 756 2351 798 vasa
2390 745 2646 811 sacrata,
2677 756 2801 796 non
2829 739 2922 796 his
2952 741 3305 815 deputanda
3333 740 3481 798 locis
3523 741 3622 799 vel
3649 743 3895 816 pactis,

2202 846 2313 903 pro
2325 830 2789 888 accommodata
2816 830 3075 905 pecunia
3101 831 3462 905 accepisset;
3488 831 3897 906 nimiumque

2202 920 2548 992 perterritus
2578 920 2728 991 fugit
2755 920 2830 976 ad
2858 920 3194 993 ecclesiam,
3226 920 3374 994 quid
3404 921 3630 979 factum
3678 922 3897 980 fuerat

2204 1007 2488 1064 omnibus
2524 1007 2843 1073 intimavit,
2873 1012 2932 1065 et
2963 1025 3135 1065 sacra
3164 1024 3314 1065 vasa
3355 1009 3719 1083 quantocius
3753 1026 3796 1067 a
3825 1026 3896 1066 se

2203 1098 2422 1168 emisit,
2453 1114 2577 1155 non
2606 1099 2824 1156 minori
2868 1099 3185 1157 formidine
3234 1115 3421 1173 quam
3452 1100 3597 1157 olim
3623 1100 3897 1158 Philistii

2202 1202 2407 1243 arcam
2436 1187 2676 1244 foederis
2724 1188 2960 1245 Domini
3005 1192 3249 1262 propter
3292 1188 3713 1247 imminentem
3755 1189 3895 1246 cla-

2200 1275 2341 1332 dem
2371 1293 2410 1333 a
2438 1292 2499 1333 se
2525 1276 2902 1350 expulerunt.
2933 1279 3076 1345 Quae
3120 1295 3216 1335 res
3259 1278 3413 1335 adeo
3444 1282 3614 1336 terrae
3638 1278 3896 1336 incolas

2199 1366 2499 1435 exterruit,
2565 1372 2629 1423 ut
2685 1367 3122 1425 sceleratiorem
3180 1368 3451 1442 quolibet
3508 1368 3897 1425 indololatra

2199 1456 2525 1529 praedicent
2553 1456 2658 1530 qui
2684 1473 2858 1514 sacra
2884 1473 3030 1514 vasa
3055 1457 3340 1531 deinceps
3372 1458 3435 1515 in
3450 1458 3894 1517 vadimonium

2198 1546 2467 1617 posuerit
2490 1544 2587 1601 vel
2617 1546 2933 1619 acceperit.
2976 1546 3282 1619 Perpende
3321 1562 3464 1619 ergo
3494 1551 3729 1620 quanta
3759 1542 3897 1600 cul-

2198 1648 2278 1706 pa
2311 1633 2387 1689 sit
2407 1649 2554 1690 vasa
2582 1633 2657 1690 de
2696 1633 2832 1690 sinu
2860 1633 3124 1691 ecclesiae
3152 1650 3384 1707 rapere,
3409 1638 3467 1692 et
3492 1632 3896 1691 saecularium

2200 1721 2485 1778 manibus
2515 1721 2907 1779 committere.

2269 1813 2529 1869 Caveant
2556 1810 2760 1885 itaque
2788 1811 3016 1886 prtelati
3046 1811 3318 1869 Ecclesiae
3349 1828 3425 1869 ne
3443 1829 3539 1869 res
3561 1812 3678 1869 sibi
3706 1828 3896 1869 com-

2195 1899 2415 1957 missas
2462 1904 2519 1957 et
2567 1907 2914 1975 susceptam
2966 1917 3306 1975 pauperum
3349 1900 3892 1975 dispensationem

2194 1989 2564 2061 negligenter
2584 1995 2927 2063 tractantes,
2951 1990 3262 2048 incurrant
3284 1990 3721 2048 detrimentum
3751 1991 3891 2050 ani-

2195 2095 2312 2135 me:
2361 2096 2505 2136 suae.
2540 2079 2751 2136 Audivi
2799 2079 2961 2136 enim
3002 2079 3078 2136 de
3123 2079 3496 2153 quibusdam
3539 2080 3888 2154 episcopis,

2197 2170 2348 2226 sicut
2365 2170 2428 2226 in
2454 2170 2728 2243 quadam
2743 2169 2995 2244 epistola
3012 2186 3108 2226 me
3136 2169 3444 2243 scripsisse
3467 2168 3574 2226 tibi
3595 2170 3889 2241 memini,

2195 2258 2339 2331 quia
2386 2258 2698 2315 saecularia
2738 2275 2910 2317 arma
2953 2258 3451 2331 complectuntur,
3484 2262 3540 2315 et
3576 2258 3887 2316 militares

2195 2347 2402 2420 copias
2423 2348 2616 2420 pretio
2634 2347 3001 2418 conducunt,
3020 2353 3078 2404 et
3095 2347 3214 2404 alia
3235 2347 3454 2403 similia
3472 2363 3889 2422 nequaquam

2196 2436 2282 2491 eis
2306 2436 2723 2494 convenientia
2742 2442 3095 2509 sequuntur.
3131 2440 3210 2493 De
3236 2435 3459 2510 quibus
3479 2452 3603 2493 non
3623 2452 3742 2509 ego
3769 2438 3884 2493 sed

2194 2527 2523 2600 Propheta:
2570 2529 2906 2597 Principes,
2947 2527 3162 2601 inquit,
3213 2528 3397 2584 vestri
3441 2527 3587 2584 socii
3628 2528 3877 2598 furum,

2195 2617 2301 2690 qui
2333 2616 2446 2672 sibi
2485 2617 2773 2673 creditam
2804 2616 3198 2673 Ecclesiarum
3238 2616 3639 2674 substantiam
3673 2616 3739 2673 in
3770 2635 3875 2674 su-

2194 2704 2499 2779 pradictos
2546 2723 2694 2761 usus
2741 2706 2964 2762 nefarie
3012 2705 3350 2762 effundunt.
3399 2708 3608 2780 Spreto
3638 2707 3875 2781 quippe

2195 2793 2521 2866 episcopali
2550 2793 2770 2863 ofﬁcio,
2802 2812 2874 2852 ea
2903 2800 3201 2869 appetunt
3226 2811 3365 2869 quae
3396 2795 3759 2853 omnimodo
3786 2796 3876 2853 fu—

2196 2897 2333 2951 gere
2358 2888 2676 2956 oporteret.
2708 2884 2873 2940 Unde
2900 2884 3154 2941 consilio
3192 2902 3331 2941 meo
3360 2884 3589 2959 praelati
3612 2885 3869 2960 quique,

2193 2970 2257 3027 in
2308 2977 2606 3046 quantum
2655 2972 3002 3045 praevalent,
3046 2989 3260 3030 omnes
3308 2990 3346 3031 a
3394 2989 3458 3030 se
3514 2974 3872 3031 occasiones

2195 3060 2530 3131 abscidant,
2562 3061 2785 3135 quibus
2831 3062 3153 3121 innumera
3196 3063 3425 3120 damna
3470 3062 3605 3119 ﬁliis
3652 3064 3780 3120 suis
3814 3069 3871 3120 et

2196 3150 2375 3206 rebus
2400 3150 2812 3208 ecclesiasticis
2843 3153 3159 3225 provenire
3189 3152 3403 3222 solent,
3420 3157 3485 3210 ut
3512 3152 3669 3211 bene
3695 3152 3871 3210 mini-

2195 3244 2448 3297 strantes
2474 3240 2552 3297 ab
2581 3257 2653 3297 eo
2677 3241 3018 3299 mercedem
3051 3242 3339 3316 recipant,
3374 3243 3546 3316 cujus
3575 3248 3635 3301 et
3660 3243 3866 3301 locum

2192 3333 2415 3399 tenent,
2444 3334 2502 3386 et
2528 3330 2778 3401 vestigia
2802 3332 2973 3406 sequi
3001 3331 3309 3391 deberent.
3339 3332 3498 3390 Vale.

1755 3526 2381 3648 APPENDi
2410 3525 2541 3647 X.

491 3744 811 3836 Epistolas
843 3743 1321 3813 canonicorum
1357 3741 1909 3824 Carnotensium,
1946 3738 2353 3897 lHilqlegarii,
2393 3741 2748 3809 Guillelmi
2774 3742 2968 3813 ducis
2994 3743 3375 3830 Aquitaniae
3399 3757 3465 3812 et
3490 3744 3787 3812 aliorum

1907 3853 1952 3897 υ
1983 3851 2381 3897 ηηηιοηιηι.

1905 3851 2356 3917 plurimorum
2368 3881 2381 3894 .

796 3973 1133 4030 EPISTOLA
1170 3974 1326 4030 CXIV
1363 3973 1525 4043 [olim
1565 3975 1715 4045 CIX).

425 4114 777 4172 Clarissima
811 4116 1242 4171 Turonensium
1287 4116 1737 4187 archiepiscopo
1773 4117 1853 4172 Η.
1880 4115 1956 4172 Α.
1987 4116 2083 4173 de-

496 4220 683 4261 canus
712 4211 767 4262 et
798 4210 923 4262 tota
972 4207 1355 4276 congregatio
1384 4207 1811 4262 canonicorum
1848 4206 2083 4263 Sanctae

492 4294 707 4350 Mariae
736 4294 1193 4351 Carnotensium
1219 4308 1418 4364 prona
1447 4298 1625 4366 atque
1653 4295 1865 4352 devota
1884 4295 2080 4364 ﬁdeli-

494 4385 636 4440 tatis
661 4382 999 4455 obsequium
1031 4388 1086 4440 et
1115 4384 1404 4440 orationis
1432 4384 1811 4455 suffragium.

492 4516 692 4586 Nuper
711 4518 1039 4586 antequam
1064 4516 1401 4570 Romanum
1428 4514 1582 4571 inter
1600 4530 1778 4586 agere
1808 4515 2085 4589 coepisset

2189 3975 2298 4040 ret,
2311 3970 2386 4027 de
2406 3971 2539 4044 ipso
2560 3971 2768 4029 itinere
2786 3972 3108 4030 nobiscum
3129 3989 3336 4045 agens,
3350 3974 3853 4049 conquerentibus

2188 4062 2397 4119 nosbis
2412 4068 2549 4135 post
2562 4062 2918 4121 abscessum
2935 4065 2985 4136 ej
2995 4081 3067 4121 us
3080 4065 3272 4122 multa
3283 4081 3397 4122 nos
3407 4082 3443 4122 a
3454 4064 3728 4139 pluribus
3747 4066 3852 4124 ad-

2188 4168 2363 4208 versa
2392 4167 2701 4225 passuros,
2733 4157 2791 4209 et
2814 4154 3176 4211 nominatim
3202 4170 3240 4211 a
3270 4154 3577 4212 Fulcherio
3608 4156 3853 4229 ejusque

2189 4240 2496 4314 nepotulo,
2543 4258 2794 4299 suorum
2841 4259 3087 4317 quoque
3133 4243 3461 4318 manipulis
3508 4243 3730 4312 furum,
3758 4244 3853 4301 ille

2190 4335 2535 4388 constanter
2575 4335 2635 4389 et
2660 4331 3100 4403 confortatorie,
3130 4338 3199 4391 ut
3225 4333 3396 4403 solet,
3423 4334 3487 4391 in
3511 4334 3729 4392 talibus
3758 4351 3849 4391 re-

2192 4420 2473 4494 spondit:
2509 4420 2797 4479 Melorum
2815 4423 3066 4495 injurias
3094 4424 3242 4481 boni
3266 4423 3681 4497 mquanimiter
3700 4424 3850 4482 ferre

2189 4508 2431 4565 debent.
2466 4512 2536 4566 Ut
2577 4509 2739 4567 enim
2786 4511 2901 4585 ipsi
2945 4512 3138 4584 legitis
3182 4513 3245 4569 in
3287 4514 3560 4587 quadam
3608 4513 3848 4571 homilia

418 4600 802 4660 beatissimus
842 4606 1011 4660 Pater
1037 4607 1240 4660 noster
1279 4603 1587 4662 Fulbertus
1618 4607 1733 4678 (49)
1763 4605 2081 4679 episcopus
2120 4621 2166 4675 1)
2189 4598 2350 4655 beati
2373 4614 2546 4673 papae
2578 4602 2861 4672 Gregorii,
2895 4603 3080 4660 bonus
3118 4619 3239 4660 non
3264 4605 3410 4675 fuit,
3441 4604 3703 4677 quisquis
3728 4619 3849 4662 ma-

420 4697 643 4758 vestro,
672 4696 739 4749 ut
766 4692 948 4763 scitis,
979 4692 1141 4749 dulci
1170 4709 1315 4749 usus
1336 4699 1424 4750 est
1451 4694 1772 4768 colloquio.
1803 4695 1968 4752 Unde
1989 4712 2081 4751 re-

417 4796 632 4838 versus
651 4780 800 4839 dum
827 4779 1099 4854 quadam
1119 4780 1217 4839 die
1235 4781 1298 4838 in
1314 4787 1614 4840 conventu
1640 4788 1846 4841 nostro
1865 4784 2083 4841 reside-

492 4959 602 5031 (49)
633 4958 975 5034 Fulbertum
1023 4961 1274 5034 Romam
1323 4975 1464 5015 cum
1515 4960 1772 5034 Boberto
1809 4976 1947 5033 rege
1976 4976 2082 5034 pe-

419 5029 1102 5113 gisse'peregrinationis
1126 5046 1336 5113 causa
1375 5031 1669 5113 suspicor.
1710 5029 2081 5113 Repetenim

418 5101 730 5175 Bobertus,
760 5101 961 5175 inquit
1000 5101 1217 5158 Paulus
1248 5102 1438 5158 Emi].
1471 5101 1531 5159 in
1571 5102 1725 5159 illius
1768 5104 1914 5174 Vita,
1946 5121 2082 5161 cum

419 5173 619 5244 Roma?
639 5173 900 5244 esset,dd
922 5174 1050 5230 divi
1068 5175 1326 5244 apostoli
1352 5190 1525 5231 aram
1553 5176 1844 5244 scriptum
1866 5176 2081 5233 obtulit

416 5242 618 5320 pridie
641 5243 987 5320 festivitatis
1016 5242 1281 5320 apostoli
1320 5246 1382 5301 in
1429 5262 1544 5319 quo
1583 5242 1920 5320 antiphona
1947 5250 2082 5320 Cor-

419 5310 614 5391 nelius
640 5310 914 5391 Centurio
934 5310 1461 5391 continebatur.ln
1470 5316 1648 5373 veteri
1669 5310 2081 5391 nianuscripto

423 5380 663 5458 Chron;
692 5385 868 5438 Anno
893 5389 1027 5458 1026
1053 5388 1196 5443 Rob.
1226 5404 1337 5445 rex
1365 5390 1741 5445 Francorum
1778 5380 2080 5458 piissimus

422 5450 669 5529 Romam
698 5468 882 5530 causa
910 5456 1235 5530 devotionis
1273 5466 1327 5514 et
1354 5450 1857 5530 peregrinationis
1892 5463 2078 5530 proﬁ-

425 5520 648 5604 g‘iscens
693 5522 890 5604 pridie
919 5527 1144 5604 ⁸υἱῃίέξξλιε
1190 5531 1305 5597 Ap.
1345 5516 1532 5586 Pauli
1571 5531 1785 5604 obtulit
1821 5516 2074 5601 Antip'lt.

425 5588 656 5668 Cornel.
694 5588 1014 5668 Centurio:
1028 5597 1145 5653 Hic
1174 5588 1327 5657 enim
1357 5608 1487 5658 erat
1514 5603 1777 5658 numinis
1804 5588 2077 5659 reveren-

426 5660 705 5747 tissimus,
749 5661 1096 5745 liberalibus
1143 5672 1353 5747 studiis
1400 5676 1704 5747 sacrisque
1730 5674 2079 5747 disciplinis

423 5728 697 5803 deditus,
716 5733 937 5804 priscae
987 5740 1322 5796 sanctitatis
1369 5728 1661 5800 manu}.
1682 5728 2079 5814 ambienti;

2194 4690 2279 4745 los
2306 4705 2427 4745 non
2453 4691 2751 4749 toleravit.

2260 4785 2491 4858 Adjecit
2530 4792 2819 4863 praeterea
2844 4806 2906 4847 se
2936 4789 3109 4848 vobis
3154 4789 3295 4847 inde
3333 4790 3520 4847 fuisse
3560 4789 3840 4859 locutum,

2190 4980 2482 5041 sacraque
2510 4984 2767 5039 reponsa
2785 4969 3060 5041 quaedam
3091 4970 3297 5037 edidit,
3305 4969 3539 5039 judicio
3567 4969 3841 5026 Ecclesia

2191 5039 2485 5114 universae
2510 5111 2519 5114 _
2545 5039 2812 5114 probata
2866 5046 3257 5114 receptaque:
3322 5042 3613 5111 ejusmodi
3666 5047 3800 5114 sunt
3818 5057 3841 5097 .’

2193 5109 2390 5165 Sancti
2423 5109 2695 5185 Spiritus,
2727 5114 2770 5169 Ο
2800 5109 3144 5169 Constantia
3172 5109 3529 5185 martyrum.
3564 5112 3728 5180 Quod
3750 5128 3838 5168 re-

2187 5183 2564 5255 sponsorium
2619 5185 3011 5255 composuisse
3047 5185 3257 5252 ferunt
3306 5183 3439 5241 cum
3473 5185 3834 5253 Constantia,

2186 5252 2356 5326 illius
2387 5269 2563 5323 umor,
2597 5252 2916 5312 Robértum
2963 5257 3248 5311 maritum
3293 5261 3557 5326 rogasset
3588 5262 3649 5311 ut
3678 5256 3735 5310 in
3766 5252 3833 5311 it?

2192 5323 2307 5397 tius
2331 5326 2593 5397 gratiam
2625 5328 2874 5397 aliquod
2895 5342 3136 5384 carmen
3167 5323 3463 5383 conderet.
3489 5326 3636 5383 Cum
3663 5327 3835 5383 Avul-

2190 5394 2383 5469 lonem
2424 5394 2739 5469 obsideret,
2780 5399 2952 5454 nullo
2996 5404 3381 5469 oppugnante
3438 5404 3829 5469 quassanteve,

2188 5464 2292 5518 sed
2318 5480 2383 5519 eo
2421 5466 2483 5520 in
2533 5468 2922 5525 tabernaculo
2972 5464 3223 5539 hymnos
3272 5464 3687 5534 concinnante,
3732 5464 3829 5526 sua

2186 5541 2395 5612 sponte
2408 5553 2703 5612 magnam
2734 5556 3044 5596 murorum
3064 5548 3302 5610 partem
3333 5542 3592 5597 coruisse
3616 5542 3827 5612 ferunt,

2188 5606 2348 5662 velut
2380 5606 2665 5694 divinitus
2685 5626 2783 5694 hac
2823 5606 3423 5694 superis—timeratol‘i
3448 5627 3556 5694 suo
3583 5606 3827 5694 gratiam

2182 5684 2536 5805 {lii-gsth
2604 5682 3017 5750 referentibus.
3095 5682 3258 5740 Paul.
3328 5682 3518 5740 Emil.
3586 5682 3647 5740 in
3708 5684 3824 5755 ejus
