3952 6424
172 281 285 333 265

1711 272 2090 331 EPISTOLJE.

3513 281 3613 333 266

172 416 282 456 vos
307 400 488 456 etiam
517 399 596 454 illi
624 403 680 455 et
699 399 876 454 nobis
896 400 1203 472 prodesse,
1229 400 1303 456 de
1329 399 1474 473 ipsis
1491 398 1834 455 malefacto-
1874 401 1921 454 A
1949 397 2064 453 hoc
2085 398 2238 454 bene
2268 414 2338 455 ac
2369 397 2671 470 sapienter
2700 397 2856 454 facto
2914 398 3169 455 nimium
3224 401 3612 468 gratulaturo.

169 490 338 545 ribus
387 490 755 560 adjutorium
788 491 1152 562 promisisse.
1206 490 1378 554 Quod
1419 489 1470 545 si
1514 489 1837 545 necessitas

169 584 429 649 urgeret,
463 579 745 652 praecepit
775 579 972 634 statim
1005 585 1214 634 vestrae
1257 579 1628 652 paternitatis
1682 577 1838 633 sola-

169 669 323 723 tium
345 684 455 723 nos
486 667 671 723 adire.
699 669 872 733 Quod
901 685 1062 723 nunc
1087 668 1364 738 facimus,
1423 667 1838 741 potentissime

167 759 359 822 Pater,
393 756 571 812 variis
601 756 758 829 pulsi
812 757 1317 813 tribulationibus.
1378 761 1527 813 Nam
1577 760 1642 812 ut
1693 756 1839 812 alias

164 846 538 913 omittamus,
600 845 679 901 illi
752 846 1256 914 anathematizati,
1313 862 1576 920 quorum
1657 862 1840 919 supra

164 934 578 1000 meminimus,
607 939 932 1006 postquam
961 934 1381 990 dilectissimus
1431 939 1600 1008 pater
1641 940 1842 990 noster

164 1024 331 1079 viam
362 1038 535 1079 suam
567 1023 768 1090 tenuit,
802 1029 986 1079 terras
1005 1029 1244 1080 nostras
1275 1039 1412 1097 quin
1445 1028 1586 1080 sunt
1615 1023 1677 1079 in
1725 1023 1839 1080 mi-

162 1111 654 1181 nisterio,Heruci
678 1116 734 1168 et
762 1112 1004 1180 Tetoldi,
1035 1113 1211 1185 quasi
1242 1113 1368 1186 lupi
1398 1113 1603 1170 caulas
1634 1112 1840 1168 ovium

162 1199 587 1274 irrumpentes,
620 1201 796 1256 nobis
825 1201 1280 1258 immerentibus
1344 1203 1594 1275 praedati
1679 1207 1836 1258 sunt.

163 1293 370 1362 Neque
387 1289 567 1347 etiam
583 1290 808 1346 rabidis
828 1307 1037 1346 eorum
1055 1291 1360 1348 morsibus
1381 1291 1589 1348 ovium
1612 1291 1841 1347 damna

163 1379 532 1436 suffecerunt
564 1399 576 1447 ;
609 1381 732 1436 imo
760 1397 900 1436 vero
932 1381 1009 1437 ad
1037 1380 1475 1438 devastandam
1504 1381 1839 1454 quamdam

161 1469 425 1541 pastoris
454 1469 642 1543 ipsius
671 1475 1026 1544 potestatem
1046 1487 1184 1543 quae
1212 1471 1428 1527 dicitur
1450 1470 1840 1543 Ermenulphi

161 1557 326 1628 villa,
350 1575 413 1614 se
442 1564 880 1616 converterunt.
914 1559 1165 1615 Proinde
1192 1576 1484 1631 rogamus
1534 1577 1664 1628 vos,
1715 1562 1838 1632 jus-

162 1647 392 1704 tissime
413 1651 604 1717 Pater,
622 1654 688 1705 ut
706 1655 950 1722 propter
962 1665 1234 1705 amorem
1253 1655 1471 1706 sanctae
1491 1654 1835 1706 sanctarum

160 1737 434 1794 Domina:
462 1742 702 1806 nostrae,
732 1739 828 1794 cui
850 1738 1147 1795 servimus
1179 1737 1314 1795 licet
1343 1738 1594 1809 indigni,
1645 1738 1834 1812 ipsius

158 1842 409 1900 quoque
437 1827 802 1884 dilectissimi
832 1828 1033 1895 vestri,
1063 1827 1170 1901 qui
1196 1828 1257 1883 in
1289 1828 1462 1884 vobis
1505 1827 1834 1901 plurimum

157 1917 428 1986 conﬁdit,
462 1922 520 1973 et
547 1933 658 1973 nos
687 1917 896 1974 abiens
926 1923 1120 1973 vestro
1150 1916 1487 1990 patrocinio
1509 1917 1830 1986 commisit,

156 2005 434 2078 praedam
485 2021 662 2062 suam
717 2011 774 2062 et
801 2011 1071 2063 nostram
1121 2006 1370 2062 reddere
1403 2006 1658 2077 faciatis,
1692 2023 1833 2062 cum

155 2099 379 2168 nepote
418 2099 612 2151 vestro
667 2095 996 2152 Gaudfrido
1051 2111 1421 2168 magnopere
1475 2095 1828 2165 satagendo,

153 2188 462 2256 quatenus
483 2184 600 2258 ipsi
629 2184 759 2258 lupi
788 2200 882 2241 res
911 2184 1145 2241 domini
1177 2184 1450 2257 praesulis
1480 2189 1537 2240 et
1593 2188 1832 2241 nostras

157 2273 449 2348 deinceps
485 2290 608 2330 non
637 2274 940 2348 diripiant,
968 2274 1061 2331 vel
1105 2274 1300 2331 donec
1349 2279 1652 2331 annuente
1713 2279 1831 2332 Deo

154 2363 294 2437 ipse
345 2364 570 2421 redeat.
630 2364 826 2421 Valete
902 2370 958 2420 et
1027 2381 1136 2422 vos
1195 2364 1499 2437 supplices
1576 2369 1828 2434 vestros,

154 2453 461 2526 quidquid
491 2453 566 2511 de
595 2454 669 2510 iis
701 2455 960 2525 egeritis,
993 2453 1349 2510 mandando
1377 2454 1595 2511 rescire
1617 2454 1832 2524 digna-

153 2559 330 2599 mm
553 2616 889 2672 EPISTOLA
926 2616 1057 2673 cxv
1095 2617 1258 2687 [olim
1306 2616 1431 2688 CX].

784 2705 979 2776 (Anno
1012 2705 1198 2777 1022.)

165 2792 510 2850 Venerabili
534 2795 668 2848 Lex.
699 2799 868 2862 poni.
903 2795 1074 2848 Hann.
1109 2808 1387 2864 congreg.
1423 2808 1637 2849 canon.
1670 2794 1829 2850 San-

227 2888 341 2940 cta:
366 2883 578 2938 Maria
610 2883 856 2939 Carnol.
886 2885 1222 2952 plurimum
1243 2883 1476 2940 salvere
1505 2889 1559 2939 et
1607 2885 1828 2941 oratio-

228 2974 320 3028 nis
337 2973 656 3042 suﬂ‘ragia.

223 3061 424 3129 Jubes,
453 3061 672 3134 inclyte
693 3062 936 3134 prtesul,
976 3078 1088 3118 nos
1115 3061 1258 3119 dare
1285 3062 1392 3118 tibi
1417 3061 1686 3119 circadas
1708 3063 1823 3134 (34)

147 3152 230 3208 de
260 3151 524 3208 ecclesiis
553 3151 772 3208 nostris
802 3169 938 3225 qua:
971 3156 1110 3208 sunt
1133 3151 1197 3207 in
1225 3152 1531 3226 episcopio
1577 3157 1697 3209 tuo.
1755 3157 1826 3209 At

145 3257 269 3298 nos
301 3241 604 3297 serenitati
633 3245 748 3297 tuae
773 3258 987 3298 verum
1014 3241 1309 3315 quiddam
1332 3242 1609 3298 intimare
1662 3243 1826 3299 volu-

147 3349 318 3400 mus,
353 3331 575 3388 scilicet
603 3332 771 3406 quod
801 3331 1073 3404 episcopi
1111 3335 1303 3388 Beata)
1329 3332 1540 3403 Mariae,
1586 3332 1647 3388 in
1677 3349 1827 3406 quo-

146 3437 291 3478 rum
317 3420 562 3477 dicecesi
590 3420 982 3494 possidemus
1009 3420 1312 3492 ecclesias,
1364 3423 1531 3477 hunc
1587 3437 1825 3494 semper

148 3509 380 3567 amoris
405 3514 462 3566 et
497 3509 838 3566 reverentiae
869 3509 1096 3566 cultum
1141 3510 1542 3567 exhibuerunt
1602 3515 1822 3567 sanctae

150 3598 504 3651 sanctarum
536 3595 803 3651 Dominae
832 3599 1072 3662 nostrae,
1102 3599 1168 3650 ut
1224 3611 1261 3650 a
1306 3595 1483 3650 nobis
1532 3596 1660 3666 ejus
1689 3595 1825 3650 licet

148 3683 422 3754 indignis
449 3683 693 3741 famulis
720 3700 1114 3758 nequaquam
1143 3683 1448 3754 exigerent
1467 3683 1524 3739 id
1545 3683 1822 3757 obsequii

149 3774 322 3848 quod
352 3774 626 3848 requiris.
667 3774 831 3842 Vide,
887 3789 1116 3847 quaeso,
1149 3789 1224 3830 ne
1277 3773 1606 3847 importuni
1643 3790 1821 3830 voce-

34 3849 54 3867 ³
146 3880 312 3936 mur,
345 3863 494 3920 dum
522 3879 812 3934 rogamus
833 3867 908 3930 te,
941 3862 1202 3933 benigne
1229 3865 1417 3931 Pater,
1445 3866 1525 3931 ut,
1569 3863 1823 3920 honesta

149 3958 502 4010 sanctorum
549 3957 793 4010 Patrum
841 3967 1100 4025 sequens
1152 3950 1428 4022 vestigia,
1487 3967 1601 4008 nos
1639 3951 1822 4024 hujus

146 4044 460 4117 pensionis
489 4043 741 4114 angaria
775 4041 1118 4098 nullatenus
1169 4039 1418 4112 obliges,
1471 4057 1548 4097 ne
1595 4040 1658 4098 in
1706 4041 1822 4098 hac

146 4137 322 4207 parte
351 4132 528 4189 nobis
558 4131 859 4190 efﬁciendi
887 4130 1119 4205 primus
1148 4135 1356 4188 auctor
1394 4130 1523 4204 ipse
1573 4131 1816 4188 noteris.

149 4225 445 4297 Optamus
475 4222 636 4279 enim
666 4221 887 4295 potius,
918 4237 1043 4276 non
1070 4237 1259 4294 parvo
1286 4225 1402 4277 tuae
1432 4221 1625 4294 ipsius
1667 4221 1821 4278 utili-

146 4311 288 4369 tatis
317 4327 524 4368 amore
545 4311 730 4379 ducti,
757 4310 818 4365 in
845 4309 984 4366 albo
1009 4310 1195 4366 felicis
1226 4310 1455 4366 ordinis
1474 4311 1820 4367 benefacto-

1948 486 2122 552 Quod
2156 487 2204 543 si
2234 503 2358 544 non
2388 503 2653 548 oramus.
2688 487 2899 543 saltem
2920 504 3032 543 nos
3059 495 3342 562 exspecta
3396 491 3619 563 suppli-

1945 593 2043 632 ces
2074 582 2206 633 tuos
2259 595 2270 632 :
2330 575 2501 632 illum
2550 593 2854 632 reversum
2908 594 3088 649 super
3127 579 3242 635 hoc
3274 579 3616 636 consultum

1943 667 2026 724 ire
2053 668 2364 737 debentes,
2395 685 2430 724 a
2461 669 2633 740 cujus
2672 673 2823 724 nutu
2851 669 3115 741 pendent
3160 677 3369 728 nostra
3429 671 3618 728 consi-

1943 755 2046 827 lia,
2081 773 2275 830 neque
2305 757 2541 812 interim
2573 757 2763 812 ullum
2789 757 3172 815 interdictum
3214 760 3398 816 facias
3429 761 3616 817 eccle-

1947 844 2047 900 siis
2072 845 2312 902 nostris.
2349 848 2500 901 Bene
2532 846 2771 916 agendo
2798 840 3024 912 valeas,
3083 847 3157 903 de
3212 849 3478 905 sacrario
3533 851 3618 906 tui

1946 935 2209 1007 pectoris
2225 933 2373 1008 quid
2403 935 2630 991 oraculi
2688 953 2866 1009 super
2891 938 3020 994 haec
3067 939 3408 1008 egrediatur
3441 939 3616 995 nobis

1946 1023 2275 1080 rescribere
2290 1039 2366 1079 ne
2385 1025 2671 1093 graveris,
2695 1025 2912 1081 iterum
2925 1026 3262 1101 iterumque
3281 1045 3351 1084 ac
3372 1045 3616 1101 semper

1946 1113 2171 1170 valeas.

2316 1187 2656 1243 EPISTOIA
2697 1188 2849 1242 CXVI
2890 1188 3052 1257 [olim
3094 1190 3245 1260 CXL]

1944 1274 2192 1330 Amicus
2213 1276 2403 1331 amico
2425 1278 2797 1331 HiLeEcmu's
2823 1277 3100 1332 SIGIFRIDO
3126 1280 3304 1333 totius
3337 1278 3476 1333 boni
3493 1280 3618 1349 suf-

2443 1366 2771 1433 ﬁcientiam
2799 1373 3109 1434 precatur.

2019 1456 2171 1509 Dum
2201 1453 2368 1526 apud
2396 1469 2508 1510 nos
2539 1453 2878 1521 morareris,
2913 1453 3064 1511 inter
3092 1455 3324 1527 primos
3395 1455 3614 1511 amico-

1943 1558 2079 1597 rum
2106 1559 2382 1598 meorum
2398 1542 2663 1612 habitus,
2689 1543 2835 1615 quid
2853 1544 2999 1598 mihi
3022 1544 3138 1599 tuis
3164 1544 3469 1616 obsequiis
3493 1544 3611 1617 ple-

1943 1648 2199 1705 rumque
2245 1631 2447 1688 dedito
2500 1631 2794 1705 pollicitus
2849 1632 2952 1699 sis,
3014 1650 3346 1690 memorem
3399 1638 3450 1689 te
3483 1651 3611 1690 esse

1875 1756 1915 1810 Β
1941 1726 2108 1794 puto.
2144 1725 2275 1795 Ipse
2306 1725 2507 1778 tamen
2526 1722 2655 1793 ejus
2686 1721 2770 1777 rei
2795 1727 2846 1777 te
2865 1723 3434 1793 commonefaciens,
3461 1741 3609 1795 rogo

1941 1815 2007 1866 ut
2037 1811 2374 1866 secundum
2404 1810 2871 1884 promissionem
2920 1816 3084 1866 tuam
3139 1811 3340 1868 mittas
3383 1829 3608 1886 equum

1943 1898 2433 1966 ambulatorium,
2456 1898 2701 1972 qualem
2729 1903 2781 1954 te
2813 1899 2977 1966 dare,
3010 1916 3122 1956 nos
3162 1917 3405 1974 quoque
3457 1903 3605 1958 reci-

1939 2005 2081 2062 pere
2112 1988 2321 2045 deceat
2349 2007 2362 2043 :
2399 2005 2540 2044 cum
2570 1988 2682 2044 illis
2715 1988 2997 2062 equidem
3032 1990 3223 2046 sentio
3255 1991 3359 2063 qui
3412 1992 3612 2048 amici~

1940 2078 2085 2135 tiam
2114 2094 2238 2134 non
2269 2083 2512 2150 propter
2541 2095 2604 2134 se
2631 2082 2883 2146 tantum,
2908 2077 3014 2134 sed
3045 2084 3100 2134 et
3124 2085 3368 2152 propter
3397 2081 3608 2138 utilita-

1938 2171 2059 2224 tem
2087 2172 2334 2224 censent
2361 2185 2492 2224 esse
2518 2167 2940 2241 expetendam.
2971 2168 3081 2224 Diu
3108 2169 3316 2225 vivens
3351 2175 3407 2226 et
3453 2170 3606 2227 bene

1937 2273 2125 2328 agens
2148 2257 2398 2332 praemio
2430 2262 2652 2313 aeterno
2692 2258 2958 2330 potiaris.

2287 2348 2622 2403 EPISTOI.A
2663 2348 2838 2404 cxvu
2881 2348 3042 2418 [olim
3084 2350 3263 2420 exn]

1936 2439 2331 2504 HILDEGARIUS,
2356 2435 2585 2492 domini
2611 2435 2890 2490 Fulberti
2915 2436 3266 2505 discipulus,
3313 2439 3603 2494 SIGEFRIDO

2220 2526 2347 2581 Ric.
2381 2540 2530 2580 com.
2559 2525 2776 2593 capell.
2809 2523 3009 2580 adhuc
3037 2526 3316 2582 salutem.

2007 2613 2213 2670 Verbis
2235 2613 2316 2670 tui
2337 2612 2523 2668 ﬁdem
2549 2612 2795 2668 minime
2819 2629 3062 2669 servans
3088 2613 3191 2669 diu
3212 2631 3308 2669 me
3328 2613 3599 2670 fefellisti.

1935 2703 2121 2776 Unde,
2155 2720 2296 2759 cum
2326 2719 2424 2758 me
2467 2702 2788 2775 deceptum
2843 2719 2971 2758 esse
3021 2702 3280 2771 doleam,
3331 2707 3456 2759 tum
3490 2721 3600 2778 pro

1932 2792 2252 2849 mendacio
2303 2796 2404 2848 tuo
2453 2792 2652 2864 pudor
2702 2792 2849 2848 mihi
2905 2792 3209 2848 maximus
3289 2793 3596 2864 ingeritur.

1932 2885 2060 2938 Non
2087 2881 2246 2938 enim
2272 2881 2508 2937 deceret
2561 2885 2788 2936 tantam
2842 2897 3172 2954 personam
3231 2881 3596 2954 probrosum

1934 2969 2202 3028 falsitatis
2227 2986 2452 3026 nomen
2483 2969 2702 3026 subire.
2745 2970 3119 3026 Horreudum
3151 2970 3330 3026 etiam
3360 2976 3510 3026 esset
3540 2971 3600 3026 in

1932 3059 2228 3130 sacrilegii
2249 3059 2472 3116 crimen
2497 3058 2777 3126 incidere,
2793 3059 2958 3132 quia,
2984 3059 3379 3130 sicutlegitur,
3412 3060 3600 3116 Verba

1929 3150 2256 3207 sacerdotis
2287 3155 2394 3205 aut
2425 3164 2565 3206 vera
2596 3150 2912 3220 saczilega.
2969 3148 3232 3205 Obsecro
3262 3148 3464 3221 itaque
3495 3165 3602 3221 per

1933 3243 2207 3295 sanctam
2232 3237 2559 3295 amicitiam
2584 3255 2719 3311 qum
2754 3238 2908 3295 inter
2943 3254 3055 3293 nos
3105 3254 3232 3294 esse
3277 3238 3473 3306 debet,
3536 3242 3601 3294 ut

1929 3327 2195 3384 honestae
2238 3326 2501 3383 veritatis
2557 3327 2733 3382 famae
2792 3330 2847 3382 te
2903 3326 3265 3395 reconcilies,
3309 3327 3600 3382 mittendo

1930 3417 2078 3472 mihi
2110 3416 2189 3473 ad
2209 3432 2476 3490 praesens
2503 3432 2610 3488 per
2637 3415 2980 3472 Gauterium
3029 3416 3400 3470 monachum
3455 3415 3600 3471 olim

1929 3521 2159 3576 meum,
2211 3507 2424 3561 merito
2473 3505 2620 3560 mihi
2676 3503 3044 3576 promissum
3104 3503 3214 3558 abs
3281 3507 3334 3558 te
3405 3503 3602 3560 cabal-

1927 3593 2077 3650 lum.
2130 3593 2304 3658 Quod
2350 3593 2412 3648 ni
2465 3592 2692 3658 feceris,
2752 3591 2990 3647 noveris
3061 3596 3114 3646 te
3196 3592 3463 3647 funditus
3519 3592 3598 3648 ab

1930 3697 2136 3738 amore
2194 3685 2399 3736 nostro
2459 3679 2776 3746 decidisse,
2823 3683 2967 3735 teste
3031 3679 3393 3735 conscientia
3438 3697 3595 3750 mea,

1928 3769 2204 3842 dixerim,
2258 3769 2319 3825 in
2372 3769 2488 3825 hoc
2536 3767 2704 3842 quod
2760 3784 2872 3839 ego
2924 3774 2978 3824 te
3023 3784 3195 3840 rogo,
3231 3784 3354 3824 non
3404 3768 3598 3838 magis

1927 3859 2240 3917 utilitatem
2270 3874 2471 3916 meam
2501 3874 2689 3932 quam
2738 3861 2906 3914 tuam
2957 3862 3012 3914 et
3062 3857 3243 3914 simul
3300 3859 3596 3915 honorem

1926 3952 2164 4022 exopto.

2249 4037 2582 4094 EPISTOLA
2627 4038 2831 4093 CXVIII
2872 4037 3034 4106 [olim
3067 4037 3266 4108 CXIII].

1930 4129 2112 4199 Quem
2122 4143 2297 4200 purae
2322 4126 2658 4183 dilectionis
2680 4127 2902 4195 affectu
2918 4127 3060 4182 colit
3090 4127 3380 4183 seniorem
3422 4143 3596 4184 suum

2182 4220 2242 4274 E.
2287 4220 2664 4274 HILDEGARIUS
2710 4216 3048 4285 plurimum
3109 4217 3342 4272 salutis.

2000 4308 2112 4380 (Eii)
2149 4306 2625 4375 Potionemlera,
2652 4321 2839 4378 quam
2889 4304 3173 4360 dominus
3217 4303 3436 4376 praesul
3492 4304 3596 4359 tibi

144 4417 289 4456 rum
316 4403 732 4456 nostrorumte
763 4399 1080 4469 recenseri,
1107 4403 1172 4455 ut
1201 4416 1340 4456 cum
1371 4415 1482 4472 pro
1515 4398 1648 4470 illis,
1689 4403 1818 4456 tum
1859 4469 1891 4472 _
1931 4396 2125 4464 mittit,
2155 4412 2357 4451 sumes
2386 4411 2528 4450 cum
2559 4410 2719 4466 aqua
2744 4393 2938 4450 calida
2988 4397 3125 4449 ante
3173 4391 3596 4464 crepusculum

145 4488 334 4547 etiam
358 4504 470 4561 pro
491 4492 546 4544 te
555 4488 701 4558 juge
725 4488 978 4544 Domino
1001 4469 1724 4557 sacrificium—offerentes,
1748 4505 1818 4545 ac
1858 4469 1903 4523 D
1929 4485 2066 4542 diei.
2097 4489 2272 4542 Nocte
2298 4501 2422 4557 qua
2453 4483 2637 4539 debes
2661 4499 2796 4538 eam
2825 4482 3112 4555 accipere,
3135 4498 3257 4536 non
3279 4481 3546 4537 coenabis
3581 4501 3593 4550 ;

145 4577 548 4636 humanitatis
603 4580 718 4632 tuae
766 4577 1061 4634 beneﬁcia
1116 4594 1321 4634 coram
1351 4577 1452 4634 illa
1479 4578 1817 4648 recitantes,

145 4669 409 4737 dignum
439 4670 492 4721 te
523 4663 673 4720 libro
701 4682 946 4738 quoque
969 4669 1102 4722 vitae
1134 4666 1386 4722 caelestis
1407 4667 1586 4723 inseri
1607 4667 1822 4739 praedi-

148 4772 381 4814 cemus.
414 4757 703 4810 Praeterea
729 4769 854 4809 non
884 4754 1248 4810 arbitramur
1273 4754 1495 4810 notitiae
1540 4759 1656 4810 tuae
1702 4772 1822 4811 am-

147 4844 508 4921 plitudinem
534 4843 875 4917 praeterisse
906 4844 1224 4899 dominum
1252 4848 1527 4900 nostrum
1587 4845 1821 4901 Fulber-

149 4941 282 4992 tum
307 4935 683 5007 episcopum,
715 4933 810 4989 cui
844 4939 897 4989 te
927 4932 1098 4989 valde
1126 4932 1378 4989 charum
1408 4949 1540 4989 esse
1574 4934 1818 5004 scimus,

148 5023 404 5077 Romam
428 5033 695 5092 pergere.
732 5017 906 5084 Quod
930 5017 1066 5074 ideo
1093 5033 1527 5088 memoramus,
1561 5024 1646 5088 ut,
1691 5019 1740 5074 si
1757 5018 1823 5074 1i-

146 5108 444 5166 beralitati
465 5113 582 5164 tuae
609 5106 904 5181 placuerit
927 5110 1148 5163 nostrae
1170 5105 1440 5178 petitioni
1461 5105 1684 5174 favere,
1708 5123 1821 5162 nos

148 5197 214 5254 id
237 5197 340 5266 illi,
373 5214 512 5255 cum
537 5196 796 5268 redierit,
821 5196 1296 5262 innotescamus,
1320 5194 1425 5251 tibi
1447 5195 1692 5268 quidem
1712 5211 1820 5269 pro

222 5323 335 5394 (50)
354 5322 699 5403 .Canpnicos
729 5325 1130 5403 {Sarnotenses
1160 5321 1491 5403 aliquando
1536 5320 1821 5403 episcopo

152 5392 500 5466 Leaoviensi
527 5393 605 5450 de
629 5393 894 5450 ecclesiis
927 5393 1050 5448 suis
1074 5392 1429 5466 visitaﬁonis
1455 5393 1556 5466 jus
1571 5392 1824 5466 _persol-

149 5465 312 5521 visse
339 5468 612 5537 apparet.
645 5469 876 5537 Nomen
902 5470 1106 5537 autem
1135 5465 1383 5537 circada
1431 5464 1622 5520 oritur
1647 5481 1682 5520 a
1707 5465 1828 5537 cir-

151 5535 590 5592 cumeofUtitur
615 5552 686 5592 eo
718 5536 902 5592 verbo
952 5535 1172 5592 saenius
1205 5535 1563 5592 Hincmarus
1601 5535 1826 5591 archie-

149 5607 382 5734 Eiscop.
419 5609 582 5662 Rem.
617 5607 787 5678 epist.
849 5613 900 5676 1,
935 5607 1015 5663 ad
1036 5607 1192 5690 Lud.
1228 5607 1390 5664 Balb.
1431 5607 1601 5679 imp.,
1643 5623 1826 5689 quem

196 5684 424 5734 ortatur
437 5693 572 5734 can.
607 5682 638 5733 8
673 5682 736 5732 ut
772 5677 1193 5734 eccles.misto
1215 5694 1400 5734 reano
1444 5693 1550 5734 per
1575 5693 1826 5734 occasio-

196 5677 424 5751 ortatur
437 5693 572 5751 cap.
607 5677 736 5751 aut
772 5677 1062 5751 eccles.m
1080 5682 1193 5751 isto
1215 5694 1400 5750 regno
1443 5677 1550 5748 per
1575 5677 1830 5751 occasio-

151 5749 381 5806 nabiles
412 5747 686 5805 circadas
708 5753 765 5805 et
785 5764 902 5818 per
929 5750 1226 5808 indebitus
1266 5747 1829 5806 consuetudinarias

398 5837 653 5898 Ρηιιοι..
690 5839 868 5896 CXLI.

1929 4578 1987 4630 et
2022 4575 2155 4645 ipsa
2185 4576 2357 4628 nocte
2382 4570 2644 4644 positam
2663 4570 2970 4643 potionem
3001 4570 3062 4624 in
3094 4568 3360 4633 vasculo,
3391 4569 3450 4624 in
3472 4587 3595 4641 quo

1929 4660 2418 4733 distemperanda
2439 4663 2545 4727 est,
2603 4675 2875 4730 asserges
2907 4658 3046 4713 salis
3077 4673 3336 4727 gemma,
3389 4655 3501 4720 vel,
3547 4654 3595 4709 si

1927 4752 2056 4808 haec
2087 4766 2211 4806 non
2233 4749 2420 4817 adest,
2455 4747 2711 4804 delicato
2734 4747 2854 4802 sale
2872 4746 2950 4802 ad
2974 4763 3233 4819 pensum
3259 4745 3436 4800 unius
3459 4743 3597 4800 scri-
3634 4764 3641 4771 ·

1927 4839 2074 4913 puli.
2107 4841 2365 4909 Accepta
2393 4836 2637 4909 potione
2690 4835 2898 4891 sedeas
2922 4839 3058 4890 ante
3113 4833 3316 4889 focum
3366 4832 3596 4904 absque

1929 4929 2052 4986 ullo
2083 4928 2365 4996 tumultu,
2436 4942 2657 4983 cavens
2684 4925 2788 4981 tibi
2812 4925 3050 4998 penitus
3081 4941 3117 4979 a
3149 4923 3364 4993 frigore
3392 4942 3403 4990 ;
3441 4927 3515 4989 et,
3549 4922 3598 4978 si

1927 5017 2178 5092 paulum
2210 5015 2511 5085 cubueris,
2532 5031 2655 5071 non
2686 5014 2926 5071 nocebit
2957 5012 3134 5069 :nolo
3152 5016 3352 5067 tamen
3379 5017 3444 5067 ut
3458 5011 3595 5066 dor-

1927 5108 2102 5164 mias.
2135 5110 2284 5164 Cum
2340 5107 2607 5179 primum
2639 5104 2854 5160 senties
2897 5101 3123 5159 moveri
3163 5101 3267 5156 tibi
3306 5105 3594 5168 ventrem,

1928 5194 2256 5253 deambula
2290 5193 2677 5267 pedetentim,
2709 5197 2767 5249 et
2796 5191 2878 5247 sic
2909 5191 2987 5247 ad
3018 5206 3322 5246 secessum
3336 5189 3509 5246 vade.
3543 5189 3599 5246 Si

1929 5322 2271 5380 exactiones
2297 5325 2438 5377 ante
2469 5319 2686 5390 viginti
2712 5333 2902 5374 annos
2932 5317 3240 5386 impositas
3293 5332 3414 5373 non
3443 5318 3602 5387 afﬂi-

1934 5398 2457 5535 θαῖἐῗίφροῐίοηθω
2489 5461 2878 5535 ieravocam
2933 5475 3168 5535 sacram
3213 5458 3596 5535 medicinam.

1935 5530 2192 5600 Quid'sit
2215 5539 2417 5610 autem
2435 5531 2598 5604 potio
2620 5533 2765 5610 iero,
2796 5530 2993 5610 sciunt
3005 5530 3227 5610 medici
3254 5548 3265 5584 :
3292 5530 3600 5610 multiplex

1935 5610 2036 5683 est
2046 5621 2264 5683 genus.
2283 5602 2753 5683 INomlenﬁautem
2779 5602 3019 5683 scripuli
3037 5603 3457 5683 interpretatur
3462 5602 3599 5683 ipse

1939 5673 2249 5734 Fulbertus
2278 5676 2340 5731 in
2371 5673 2646 5732 versibus
2674 5673 2748 5730 de
2777 5673 2957 5730 uncia
2996 5678 3054 5731 et
3104 5673 3379 5747 partibus
3430 5673 3602 5743 (Vide

1936 5747 2154 5820 infra).
