3952 6390
438 281 550 333 287

1497 277 1552 332 S.
1595 275 1932 332 FULBEBTI
1969 269 2450 328 CARNOTENSIS
2493 272 2822 327 El’tSthl’l.

436 405 682 474 propter
711 399 1072 456 solutionem
1097 398 1346 455 tandem
1375 398 1596 470 ceperit
1613 403 1669 454 to
1697 397 1844 468 sitis,
1870 409 2096 469 nequa-
2137 397 2184 448 Α
2214 391 2298 447 les
2323 391 2664 460 eligendum
2682 393 3014 476 proposuit.
3052 392 3220 453 Quod
3249 391 3294 446 si
3316 391 3470 446 bene
3491 389 3890 456 advertisses,

437 503 626 561 quam
646 487 840 555 bibes,
868 487 981 544 nisi
1010 487 1327 560 paululum
1359 487 1510 543 aceti
1545 503 1686 543 cum
1711 501 1874 560 aqua
1903 483 2100 542 calida

435 577 616 648 misti,
643 583 888 652 propter
909 578 1291 634 stomachum
1319 577 1676 634 diluendum
1713 593 1822 634 seu
1839 576 2101 632 relevan-

435 666 584 724 dum
615 667 812 740 :qnod
843 667 1022 722 etiam
1048 683 1170 722 non
1203 671 1452 736 urgente
1479 666 1571 723 siti
1599 666 1797 722 facere
1850 663 2102 740 poteris,

434 755 726 813 solutione
748 755 1196 829 propemodum
1223 760 1493 812 vocante.
1527 755 1821 813 Prandere
1863 753 2101 810 diﬂeres

433 861 754 920 quousque
785 846 1000 902 senties
1023 847 1416 903 catarthicum
1446 845 1594 901 nihil
1642 845 1904 919 amplius
1957 859 2101 917 ope-

431 935 552 992 rari
579 935 747 992 velle.
779 939 929 992 Cum
969 935 1192 992 sederis
1219 935 1296 992 ad
1324 950 1626 1003 mensam,
1651 933 1788 990 vide
1823 949 1899 990 ne
1951 932 2099 1006 quid

431 1024 632 1096 nimis,
658 1040 854 1098 neque
885 1024 1217 1081 manduces
1243 1025 1472 1098 aliquid
1499 1023 1804 1097 stipticum
1837 1022 1935 1079 vel
1963 1023 2100 1096 plus

432 1131 608 1187 aequo
635 1113 882 1171 salsum.
912 1113 1090 1170 Plura
1111 1113 1186 1170 de
1213 1113 1654 1170 observationis
1688 1112 1871 1168 modo
1924 1115 2100 1168 nota-

427 1219 578 1273 rem,
607 1203 721 1259 nisi
771 1219 971 1277 pauca
1024 1202 1366 1259 sufﬁcerent
1395 1202 1669 1276 sapienti.
1735 1204 1854 1257 Hoc
1897 1205 2100 1258 tamen

429 1291 686 1348 scribere
703 1308 798 1348 me
820 1292 994 1364 jubet
1012 1292 1216 1348 nescia
1235 1292 1516 1348 simulare
1533 1291 1813 1362 Charitas,
1841 1294 1905 1346 ut
1920 1289 2100 1346 talem

426 1381 686 1453 potionis
712 1382 894 1454 hujus
925 1381 1146 1439 sentias
1173 1381 1474 1452 effectum,
1505 1384 1806 1454 quatenus
1859 1395 2099 1453 semper

423 1468 746 1526 incolumis
771 1486 1140 1544 perseveres.
1179 1469 1340 1526 Vale.

779 1559 1120 1617 EPISTULA
1161 1560 1312 1615 CXIX
1353 1558 1517 1628 [olim
1551 1559 1750 1628 CXIV].

571 1651 946 1704 HILDHGARIL’S
975 1650 1038 1704 G.
1067 1649 1248 1704 verba.
1277 1648 1719 1717 tra'nsformare
1744 1647 1806 1702 in
1831 1653 1948 1703 act.

2213 481 2618 539 inconsultum
2649 501 2768 540 non
2801 485 3078 539 dixisses.
3113 481 3485 536 Inconsultus
3506 481 3690 550 igitur
3709 480 3893 536 fecis-

2216 572 2274 636 ti,
2303 573 2406 644 qui
2439 578 2510 638 te,
2547 578 2610 628 ut
2634 579 2769 646 post
2799 573 3016 629 clarius
3046 571 3316 643 liquebit,
3351 571 3410 624 iu
3435 571 3706 642 pejorem
3738 586 3893 642 par-

2213 666 2332 717 tem
2362 661 2595 718 ﬂexisti.
2624 667 2746 718 Non
2783 668 3000 718 temere
3035 679 3170 716 vero
3199 679 3266 716 ac
3299 677 3423 716 non
3455 660 3581 715 sine
3611 659 3794 732 culpa
3827 665 3889 716 te

2213 755 2269 806 et
2298 756 2431 806 tuos
2463 751 2644 806 fuisse
2672 751 3016 806 interdictos
3072 754 3359 805 testantur
3389 749 3656 821 reliquias
3681 749 3889 803 vinea-

2211 856 2345 895 rum
2378 840 2436 895 in
2457 841 2680 913 quibus
2705 846 2899 896 vestra
2931 839 3106 894 ﬁxisti
3141 845 3355 894 castra.
3392 837 3565 904 Quod
3595 838 3656 893 in
3671 855 3889 893 exem-

2209 927 2374 1000 plum
2410 929 2617 984 datum
2649 929 2874 984 czeteris
2903 929 3125 1000 quibus
3168 927 3488 982 accerrime
3516 926 3783 999 culparis
3817 927 3892 980 ti-

2210 1016 2349 1071 dem
2390 1017 2544 1072 facit.
2577 1021 2652 1072 'l‘e
2683 1033 2926 1090 quoque
2957 1023 3237 1072 vocatum
3271 1031 3426 1079 esse,
3463 1014 3566 1086 qui
3599 1014 3704 1070 tibi
3731 1014 3887 1070 mis-

2211 1122 2309 1160 sas
2341 1121 2374 1160 a
2404 1123 2500 1160 me
2533 1106 2679 1160 sciat
2699 1106 2942 1174 litteras,
2975 1105 3111 1177 quis
3137 1105 3229 1160 vel
3257 1105 3507 1160 insanus
3550 1119 3673 1159 non
3718 1120 3890 1160 asse-

2207 1197 2345 1250 rat?
2374 1199 2448 1250 Te
2481 1195 2678 1263 igitur,
2717 1195 2911 1260 frater,
2944 1195 3371 1250 rationabiliter
3397 1209 3506 1266 pro
3537 1199 3636 1249 tua
3691 1193 3886 1266 culpa

2209 1289 2265 1339 et
2291 1284 2576 1340 canonice
2606 1290 2886 1340 vocatum
2916 1289 2972 1340 et
3002 1300 3038 1340 a
3060 1283 3266 1339 divino
3297 1283 3495 1338 otlicio
3527 1288 3888 1356 separatum

2206 1373 2694 1441 recognoscendo
2723 1373 2964 1446 plange,
2995 1377 3052 1428 et
3093 1372 3438 1444 plangeudo
3479 1371 3551 1427 ad
3609 1370 3889 1426 satisfac-

2209 1462 2430 1518 tionem
2461 1467 2769 1518 revertere.
2803 1463 2975 1527 Quod
3004 1461 3052 1516 si
3083 1461 3571 1534 quadragenario
3614 1460 3890 1516 vocatio-

2207 1550 2298 1605 nis
2330 1551 2524 1623 spatio
2553 1551 2682 1620 lege
2705 1566 3011 1606 canonum
3045 1557 3097 1606 te
3125 1550 3442 1605 defendere
3474 1548 3698 1616 niteris,
3750 1547 3886 1603 scio

2205 1639 2348 1711 quia
2379 1640 2710 1706 singulares
2741 1656 2941 1694 causa),
2973 1639 3066 1694 vel
3095 1654 3365 1711 personae
3397 1655 3520 1693 non
3591 1636 3888 1711 praajudi-

493 1739 653 1806 Tuae,
687 1736 772 1793 mi
801 1736 1066 1801 domine,
1099 1735 1464 1792 charitativas
1495 1734 1913 1808 promissionis
1941 1749 2096 1790 nun-
2125 1750 2164 1803 Β
2208 1735 2347 1786 cant
2375 1729 2507 1800 legi.
2544 1733 2690 1785 Nam
2719 1735 2772 1785 te
2802 1729 2862 1785 in
2919 1731 3182 1784 furorem
3215 1745 3478 1796 versum,
3511 1733 3568 1784 et
3621 1744 3696 1783 ex
3725 1743 3885 1799 prae-

424 1823 576 1880 tium
604 1825 895 1881 hactenus
926 1823 1230 1880 sustinens
1259 1823 1529 1880 laboravi
1555 1823 1832 1880 nimium.
1867 1821 2094 1880 Sollici-

425 1918 520 1970 tus
564 1930 830 1987 namque
861 1913 1008 1986 quid
1057 1918 1172 1968 tuae
1223 1913 1559 1968 celsitudini
1610 1928 1762 1969 meae
1817 1911 2096 1986 parvitati

422 2002 746 2076 placuisset
772 2002 1108 2074 designare,
1137 2003 1576 2076 percunctabar
1605 2002 1768 2058 unde
1799 2018 1930 2058 sese
1952 2001 2097 2058 reci-

421 2096 632 2164 perent
655 2091 914 2148 viatores
940 2107 1216 2164 quosque
1244 2091 1538 2164 pendens,
1571 2091 1649 2148 ab
1708 2091 1874 2148 urbis
1931 2089 2094 2147 vallo

421 2180 544 2236 huc
571 2180 943 2254 respiciente.
981 2180 1224 2237 Nemine
1253 2196 1396 2236 vero
1418 2180 1600 2236 dante
1623 2195 1984 2253 responsum
2005 2180 2091 2236 tui

423 2269 498 2325 de
521 2275 711 2342 parte,
732 2274 982 2326 maestus
1004 2269 1279 2325 redibam
1295 2269 1550 2325 domum
1569 2270 1698 2338 jam
1718 2270 1875 2326 facta
1894 2273 2090 2326 nocte.

423 2357 540 2414 Sed
568 2358 716 2432 quia
745 2357 807 2412 in
833 2357 1120 2414 humanis
1149 2357 1482 2430 perfectum
1507 2357 1592 2413 nil
1623 2362 1814 2413 exstat
1842 2373 1916 2413 ex
1945 2361 2088 2426 toto,

419 2446 694 2503 humano
719 2447 1025 2520 parcimus
1044 2447 1306 2519 ingenio.
1341 2450 1477 2504 Peto
1502 2451 1707 2503 tamen
1733 2463 1808 2502 ne
1834 2463 2090 2521 proruas

426 2534 487 2591 in
517 2535 702 2592 verba
733 2535 865 2592 talis
893 2536 1314 2608 excusationis,
1339 2537 1485 2608 quin
1513 2537 1680 2609 quod
1703 2536 2001 2610 pollicitus
2027 2553 2090 2592 es

423 2620 753 2697 adimplere
810 2624 1052 2680 studeas
1095 2623 1223 2680 sine
1284 2624 1424 2680 fuco
1481 2624 1784 2680 dilationis
1832 2641 1846 2679 :
1887 2625 2088 2696 igitur,

422 2716 487 2768 ut
515 2713 826 2769 certiorem
859 2713 1096 2780 reddas,
1131 2713 1358 2770 mando
1384 2717 1442 2770 et
1469 2713 1760 2787 deprecor
1789 2719 2090 2786 quatenus

418 2799 667 2860 innuere
679 2802 942 2874 digneris
963 2802 1112 2876 quid
1139 2820 1237 2859 me
1249 2819 1426 2872 agere
1435 2803 1670 2875 jubeas.
1691 2802 1858 2874 Nolo,
1881 2801 1966 2858 mi
1985 2802 2090 2858 do-

419 2891 602 2962 mine,
614 2892 850 2948 haasites
879 2892 938 2948 in
955 2891 1211 2960 calamo,
1225 2891 1459 2948 bonum
1473 2909 1628 2965 opus
1643 2892 1877 2948 habens
1889 2891 1948 2947 in
1967 2891 2092 2947 ani-

420 2992 542 3047 mo,
565 2979 857 3053 quoniam
869 2979 930 3035 in
943 2980 1303 3054 perfectione
1316 2979 1423 3036 erit
1435 2997 1508 3036 ex
1522 2979 1624 3036 Dei
1655 2979 1898 3036 auxilio.
1927 2979 2086 3036 Vale.

795 3070 1132 3126 EPISTOLA
1169 3069 1296 3125 cxx
1335 3071 1502 3140 [olim
1541 3071 1714 3140 CXV].

516 3157 830 3214 Guillelmi
857 3157 1026 3212 ducis
1054 3158 1404 3229 Aquitania
1433 3158 1515 3214 ad
1543 3159 1991 3228 Hildegarium.

629 3245 792 3318 (Vide
821 3245 978 3302 infra
1017 3246 1076 3302 in
1109 3248 1428 3303 GUILLELMO
1458 3246 1537 3303 ad
1569 3263 1667 3303 an.
1698 3248 1882 3318 1030.)

769 3337 1113 3394 EPISTOLA
1152 3337 1302 3393 cxxn
1342 3337 1509 3408 [olim
1551 3337 1750 3406 (xvu.

495 3427 672 3482 ΒΑΜ).
713 3427 972 3496 praesuli
1014 3429 1078 3481 ll.
1131 3426 1490 3482 Turonensis
1533 3425 2018 3495 archiepiscopus

1109 3517 1386 3572 salutem.

495 3601 778 3670 Quamvis
803 3607 908 3661 tua
935 3619 1129 3676 nuper
1157 3603 1236 3660 ad
1265 3619 1363 3660 me
1394 3603 1622 3660 directa
1669 3601 1921 3676 epistola
1975 3601 2092 3658 sibi

425 3692 732 3762 condigna
759 3697 1060 3750 mereatur
1087 3693 1399 3767 rescripta,
1433 3693 1620 3750 satius
1657 3698 1863 3750 tamen
1891 3693 2091 3750 existi-

423 3783 582 3839 mavi
606 3783 1160 3856 responsisinterim
1183 3800 1306 3839 suae
1329 3783 1727 3840 contumaciae
1751 3782 1968 3840 debitis
1985 3800 2090 3839 su-

422 3871 759 3943 persedere,
785 3887 975 3944 quam
1006 3877 1122 3928 tuae
1154 3872 1328 3928 saluti
1353 3877 1652 3945 quantum
1697 3873 1775 3928 ad
1818 3889 1932 3928 nos
1961 3888 2090 3929 non

424 3958 753 4027 consulere,
787 3965 845 4014 et
867 3959 1019 4015 inter
1051 3959 1493 4016 consulendum
1518 3960 1894 4034 quibusdam
1939 3961 2094 4034 epis-

425 4045 559 4102 tolae
584 4045 731 4102 locis
751 4046 1006 4104 discrete
1029 4052 1085 4104 et
1105 4047 1408 4104 humiliter
1427 4063 1551 4104 non
1572 4049 1954 4122 respondere.
1980 4053 2090 4107 Me-

425 4135 698 4190 dicorum
722 4136 883 4192 enim
901 4141 988 4191 est
1009 4135 1458 4192 melancholicis
1483 4136 1607 4193 sive
1638 4137 1950 4207 maniacis,
1984 4154 2090 4194 seu

424 4224 690 4298 qualibet
707 4224 824 4282 alia
851 4225 1194 4282 valetudine
1215 4225 1657 4297 laborantibus,
1683 4226 1818 4283 licet
1839 4227 2090 4298 ingratis

424 4318 479 4369 et
499 4313 783 4370 conviciis
812 4314 1104 4370 artificem
1119 4315 1554 4372 lacessentibus
1580 4316 1972 4372 nihilominus
2005 4322 2087 4374 ta-

425 4419 562 4458 men
583 4420 706 4459 SlltB
723 4405 865 4460 artis
890 4403 1300 4478 experimenta
1314 4405 1687 4478 impendere,
1721 4409 1778 4462 et
1799 4411 1864 4463 ut
1881 4422 2089 4462 curen-

424 4497 520 4548 tur
545 4492 825 4550 attentius
849 4493 1136 4550 insistere.
1165 4493 1330 4551 Unde
1361 4500 1417 4552 et
1452 4511 1550 4552 me
1599 4512 1710 4552 nec
1748 4496 2089 4572 professum

423 4580 672 4654 quidem
692 4581 1020 4654 medicum,
1035 4584 1261 4658 quippe
1274 4583 1810 4657 imperitissimum,
1827 4583 1874 4640 si
1888 4589 2093 4642 tamen

425 4667 503 4724 ad
524 4668 638 4725 hoc
654 4669 788 4737 jure
808 4669 1174 4743 praelationis
1195 4675 1502 4744 utcunque
1523 4677 1892 4746 provectum,
1911 4671 2016 4746 qui
2037 4677 2092 4728 te

426 4755 475 4810 si
521 4756 820 4814 exorbites
895 4755 1154 4814 debeam
1204 4758 1519 4830 corrigere,
1590 4765 1947 4834 oportetque
2018 4775 2091 4818 ex

425 4845 717 4919 coemptis
737 4851 1083 4902 sanctorum
1113 4847 1360 4904 Patrum
1387 4847 1638 4904 medelis
1685 4849 1814 4918 tibi,
1851 4849 1987 4906 licet
2007 4851 2094 4906 in-

424 4938 614 5006 grato,
643 4935 950 5003 medicari,
983 4939 1039 4990 et
1061 4939 1126 4990 ut
1147 4937 1390 5006 cureris,
1414 4937 1562 4992 velis
1593 4937 1768 5008 nolis,
1796 4938 2087 4996 insistere.

427 5023 540 5079 Sed
555 5023 917 5097 priusquam
934 5023 1012 5080 ad
1025 5025 1138 5080 hoc
1151 5024 1412 5092 veniam,
1432 5024 1593 5095 libet,
1613 5031 1674 5082 ut
1684 5026 1828 5099 dixi,
1847 5027 2094 5100 quibus-

425 5109 570 5167 dam
593 5117 708 5170 tute
727 5113 998 5186 epistola:
1019 5112 1168 5169 locis
1200 5112 1446 5170 obviare
1485 5131 1498 5168 :
1535 5130 1681 5172 nam
1701 5121 1933 5188 caetera,
1953 5131 2092 5190 quae

427 5194 750 5270 plurimam
789 5207 1026 5275 partem
1069 5201 1227 5258 illius
1279 5207 1599 5275 occupant,
1669 5206 2092 5276 praetereunda

429 5301 666 5343 censeo.

501 5375 675 5439 Quod
704 5392 846 5446 ergo
871 5395 968 5434 me
993 5379 1348 5437 inconsultis
1379 5381 1788 5454 conceptionis
1807 5383 2012 5452 fuisse,
2035 5388 2094 5440 et

434 5465 652 5518 temere
681 5479 753 5521 ac
782 5465 910 5522 sine
935 5468 1114 5542 culpa
1141 5473 1197 5526 te
1217 5485 1343 5526 non
1367 5475 1650 5528 vocatum
1671 5487 1708 5528 a
1735 5472 1940 5530 divino
1965 5472 2094 5530 ofﬁ-

431 5549 523 5606 cio
581 5566 893 5623 separasse
941 5556 1296 5625 criminaris,
1343 5563 1503 5616 certa
1553 5563 1612 5616 et
1637 5559 2096 5634 inexpugnabili

431 5655 446 5686 ‹
467 5639 900 5696 ontradictione
912 5641 1174 5700 destruo.
1193 5648 1536 5704 Inconsulta
1553 5664 1820 5722 namque
1841 5667 2094 5723 concep-

431 5725 512 5782 t’o
542 5742 668 5784 non
693 5727 803 5786 fuit
829 5745 963 5802 quae
996 5730 1099 5786 tibi
1125 5733 1530 5792 conditionem
1557 5737 1708 5810 quid
1736 5739 1934 5812 potius
1977 5739 2095 5799 vel-

2205 1819 2331 1872 sule
2359 1818 2575 1874 ducem
2609 1825 2693 1874 tot
2723 1823 3094 1874 armatorum
3117 1817 3362 1886 factum,
3381 1821 3567 1872 totam
3591 1822 3872 1872 nostram

2204 1908 2460 1980 patriam
2493 1909 2806 1964 crudeliter
2834 1915 3065 1964 vastare
3095 1922 3364 1972 cernens,
3400 1905 3646 1974 ferrum,
3675 1905 3876 1972 ignes,

2203 1996 2590 2070 diversasque
2618 1997 2793 2053 nobis
2825 2001 3046 2052 mortes
3069 1995 3385 2063 minatum,
3410 1993 3878 2066 imminentique

2203 2087 2396 2160 plagae
2415 2087 2912 2160 quadragenariie
2943 2085 3272 2142 vocationis
3301 2085 3566 2156 spatium
3597 2089 3665 2140 ut
3688 2084 3881 2140 desis-

2200 2181 2354 2231 teres
2385 2175 2531 2231 nihil
2557 2176 2767 2231 videns
2799 2175 3107 2248 prodesse,
3164 2173 3534 2230 venabulum
3586 2189 3735 2228 mox
3769 2173 3880 2228 tibi

2201 2265 2842 2320 excommunicationis
2891 2263 3168 2338 opposui,
3225 2267 3291 2319 ut
3342 2279 3414 2318 eo
3471 2262 3682 2318 saltem
3739 2261 3877 2317 viso

2203 2354 2456 2421 territus,
2481 2358 2533 2408 te
2551 2359 2607 2410 et
2627 2361 2760 2410 tuos
2793 2355 2887 2409 vel
2911 2354 2987 2409 ad
3018 2357 3394 2408 momentum
3430 2351 3784 2417 refrenares,
3815 2354 3877 2406 et

2201 2444 2522 2516 praesulem
2541 2461 2725 2516 quem
2739 2445 3027 2500 amiseras
3044 2457 3520 2512 recognosceres.
3541 2441 3653 2499 Sed
3665 2446 3730 2497 tu
3743 2457 3874 2498 ma-
3947 2489 3952 2498 .

2199 2533 2358 2588 luisti
2408 2533 2507 2588 illo
2563 2531 3203 2589 excommunicationis
3263 2531 3560 2588 venabulo
3614 2529 3864 2601 conﬁgi,

2199 2639 2384 2694 quam
2402 2639 2437 2678 a
2455 2627 2650 2695 erepta
2673 2623 2988 2694 tyrannide
3005 2621 3097 2676 vel
3139 2621 3216 2676 ad
3239 2626 3530 2694 punctum
3553 2619 3860 2676 refrenari.

2197 2715 2346 2768 Nam
2376 2711 2542 2784 quod
2573 2711 2719 2766 dicis
2766 2715 2822 2766 te
2880 2711 3034 2778 regis
3093 2711 3206 2766 hoc
3257 2711 3434 2781 jussu
3486 2709 3720 2780 fecisse,
3751 2725 3869 2765 nec

2196 2818 2372 2870 nego,
2395 2817 2502 2856 nec
2521 2799 2892 2871 ai'ﬁrmo,nec
2909 2800 3056 2872 quid
3071 2800 3185 2855 hoc
3201 2797 3874 2870 tevetintelligo.Cujus—

2198 2887 2436 2963 cunque
2461 2891 2618 2946 enim
2637 2892 2750 2946 hoc
2767 2891 2942 2960 jussu
2976 2890 3208 2957 feceris,
3259 2889 3469 2944 eadem
3513 2887 3692 2960 culpa
3717 2903 3788 2943 ac
3820 2887 3872 2942 si

2199 2981 2397 3036 nullus
2415 2980 2657 3050 jusserit
2675 2980 2920 3049 urgeris.
2948 2984 3094 3035 Nam
3109 2979 3188 3035 ad
3210 2981 3734 3047 exaggerationem
3749 2983 3870 3034 tuae

2125 3107 2166 3162 α
2199 3071 2388 3142 culpas
2413 3071 2526 3126 ista
2561 3071 2703 3124 satis
2733 3069 3132 3137 transgressio
3173 3067 3408 3135 sufficit,
3445 3067 3613 3140 quod
3653 3073 3870 3140 praeter

2201 3175 2336 3214 mea
2359 3158 2440 3213 tui
2463 3157 2899 3231 archiepiscopi
2936 3157 3228 3228 consulta,
3273 3163 3479 3213 contra
3507 3157 3869 3213 canonicam

2199 3248 2611 3304 auctoritatem
2645 3247 2758 3303 tale
2789 3247 3014 3320 aliquid
3067 3247 3326 3320 incipere
3374 3246 3818 3320 praesumpsisti
3851 3264 3868 3302 :

2197 3339 2482 3410 quodque
2505 3337 2681 3392 etiam
2715 3353 2808 3392 me
2828 3337 3076 3409 jubente
3107 3353 3230 3393 non
3282 3335 3592 3393 debuisses
3644 3337 3867 3402 facere,

2195 3427 2310 3484 hoc
2343 3433 2396 3484 te
2426 3427 2557 3500 ipso
2589 3427 2926 3483 consultare
2959 3426 3165 3482 fecisti.
3203 3425 3376 3492 Quod
3405 3431 3612 3482 autem
3674 3427 3763 3482 ais
3810 3431 3870 3483 te

2195 3517 2258 3573 in
2299 3517 2528 3573 malum
2561 3517 2782 3574 Odonis
2805 3533 2980 3587 agere
3007 3516 3359 3590 impulsum,
3399 3532 3510 3574 nec
3568 3515 3751 3573 etiam
3810 3517 3864 3573 ei

2199 3607 2507 3681 palmitem
2565 3607 2926 3676 destruxisti,
2980 3607 3084 3662 sed
3141 3607 3348 3663 vineas
3431 3607 3865 3663 canonicorum

2199 3699 2386 3754 sancti
2409 3697 2678 3768 Mauritii,
2701 3701 2917 3772 praeter
2936 3702 3149 3754 caetera
3171 3713 3306 3770 qua:
3336 3697 3397 3752 in
3416 3701 3578 3752 tuam
3605 3702 3862 3753 matrem

2197 3786 2520 3842 Ecclesium
2545 3787 2718 3856 jussu
2751 3785 2831 3842 tui
2855 3787 2920 3842 D.
2949 3785 3220 3841 Fuleonis
3244 3784 3488 3840 intulisti
3509 3785 3856 3858 opprobria,
3942 3839 3952 3850 ς

2194 3875 2394 3931 radice
2409 3881 2578 3931 tenus
2591 3891 2723 3930 com
2733 3875 2852 3930 min
2863 3875 3018 3930 uisti.
3037 3875 3132 3930 His
3144 3873 3218 3930 de
3233 3873 3428 3929 causis
3447 3873 3860 3930 excommuni-

2198 3966 2452 4021 catorias
2477 3965 2580 4020 tibi
2609 3965 3024 4037 litteras,quas
3043 3969 3251 4020 contra
3265 3963 3364 4034 jus
3395 3967 3452 4018 et
3479 3963 3568 4018 fas
3594 3964 3862 4020 audaciae

2194 4059 2369 4110 notas
2399 4054 2568 4121 dicis,
2603 4054 2760 4110 misi.
2796 4058 2909 4110 Nec
2937 4059 2990 4109 te
3014 4053 3274 4126 oportuit
3300 4059 3470 4108 tuum
3491 4053 3855 4122 magistrum

2197 4146 2251 4197 et
2291 4142 2606 4196 dominum
2636 4147 2758 4196 tam
2813 4147 3034 4197 temere
3075 4139 3532 4218 reprehendere,
3575 4145 3641 4196 ut
3695 4155 3733 4196 a
3759 4146 3863 4198 tuo

2195 4230 2479 4302 incmpto,
2508 4231 2904 4302 resipisceres,
2935 4230 3262 4302 transmisi,
3289 4246 3413 4286 non
3463 4234 3530 4285 ut
3559 4234 3614 4286 te
3643 4230 3860 4286 vellem

2201 4319 2352 4373 ﬂecti
2382 4319 2444 4374 in
2474 4335 2610 4374 eam
2639 4325 2870 4392 partem
2903 4337 3026 4391 qua
3065 4319 3356 4376 corruisti.
3407 4319 3580 4384 Quod
3611 4318 3862 4376 discrete

2200 4426 2274 4464 an
2307 4408 2622 4464 indiscrete
2655 4409 2917 4474 fecerim,
2955 4415 3055 4465 tua
3079 4408 3433 4480 juridicialis
3453 4408 3607 4464 libra
3633 4413 3858 4481 penset,
3943 4426 3952 4445 ί

2200 4497 2302 4570 qui
2349 4497 2750 4552 consultorcm
2799 4513 3066 4570 quaerere
3125 4515 3356 4554 mones.
3445 4499 3518 4552 At
3577 4497 3626 4553 si
3683 4497 3860 4554 indis-

2201 4592 2354 4643 crete
2415 4603 2483 4642 ac
2552 4587 2678 4641 sine
2739 4603 2922 4642 causa
2988 4587 3367 4643 temerariam
3431 4587 3489 4642 in
3551 4590 3627 4656 te,
3697 4585 3862 4660 quod

2201 4677 2390 4732 absit!
2421 4675 3107 4732 excommunicationem
3139 4676 3528 4746 intorsissem,
3575 4676 3862 4732 sustinere

2203 4771 2402 4822 tamen
2429 4766 2721 4838 judicium
2769 4765 2854 4820 tui
2893 4766 3171 4839 pastoris,
3231 4771 3288 4821 et.
3341 4781 3377 4821 a
3409 4781 3579 4822 sacra
3605 4763 3863 4821 celebra-

2203 4854 2358 4910 tione
2392 4871 2622 4910 cessare
2653 4853 2930 4910 debuisti.
2979 4854 3153 4920 Quod
3192 4854 3335 4927 quia
3385 4870 3509 4910 non
3557 4853 3766 4921 fecisti,
3811 4857 3865 4910 et

2201 4943 2554 5000 consultrice
2582 4943 2867 5016 superbia
2897 4943 2978 4998 tui
3009 4943 3281 5011 magistri
3312 4941 3622 5000 interdicta
3671 4942 3864 5016 parvi-

2199 5035 2458 5106 pendisti
2479 5033 2770 5107 prudens,
2801 5033 2862 5088 in
2892 5033 3241 5104 voraginem
3271 5039 3326 5088 te
3380 5032 3863 5089 excommunica-

2197 5123 2376 5178 tionis
2403 5121 2806 5196 praecipitasti.
2843 5122 3058 5194 Accipe
3089 5137 3268 5195 super
3295 5121 3410 5178 hoc
3459 5120 3604 5194 quid
3652 5119 3862 5177 beatus

2202 5210 2516 5279 Gregorius
2543 5209 2703 5264 dicat
2735 5228 2747 5263 :
2785 5211 3015 5275 Utrum,
3057 5209 3270 5283 inquit,
3294 5213 3462 5280 juste
3512 5225 3591 5266 an
3646 5211 3864 5280 injuste

2203 5301 2423 5368 obliget
2472 5304 2704 5368 pastor,
2762 5299 3020 5366 pastoris
3077 5304 3277 5356 tamen
3334 5301 3630 5357 sententia
3695 5299 3866 5370 gregi

2203 5386 2466 5442 timenda
2497 5392 2602 5452 est,
2628 5400 2701 5441 ne
2727 5387 2774 5440 is
2801 5400 2907 5456 qui
2935 5386 3234 5456 subjectus
3255 5394 3365 5460 est,
3398 5393 3453 5444 et
3483 5403 3618 5444 cum
3641 5387 3863 5457 injuste

2198 5476 2461 5544 forsitan
2489 5475 2735 5543 ligatur,
2769 5474 2957 5542 ipsam
3017 5476 3400 5546 obligatz'onis
3457 5491 3579 5533 sua!
3635 5482 3861 5532 senten-

2203 5564 2346 5619 tiam
2374 5579 2449 5618 ear
2477 5563 2603 5618 alia
2627 5563 2808 5631 culpa
2831 5569 3150 5620 mereatur.
3181 5567 3403 5622 Pastor
3431 5581 3572 5636 ergo
3622 5565 3717 5621 vel
3771 5564 3864 5620 ab-
3943 5631 3952 5646 Α

2201 5655 2430 5710 solvere
2457 5653 2778 5708 indiscrete
2809 5653 3035 5720 timeat,
3069 5655 3162 5710 vel
3183 5655 3398 5726 ligare.
3431 5657 3492 5711 Is
3519 5659 3722 5712 autem
3765 5653 3865 5725 qui

2202 5740 2312 5796 sub
2340 5756 2525 5798 manu
2541 5743 2808 5811 pastoris
2829 5748 2916 5799 est
2928 5743 3115 5814 ligari
3131 5750 3360 5803 metuat
3373 5746 3468 5802 vel
3485 5746 3729 5816 injuste,
3759 5757 3863 5800 nec

3776 269 3896 320 268
3950 269 3952 274 ’
