  <div class='ocr_page' id='page_1' title='image "/cluster/home/n/w/nwhite01/storage/ocr_20150623/140-141/uc1.31175018559917/710.png"; bbox 0 0 3952 6390; ppageno 0'>
   <div class='ocr_carea' id='block_1_1' title="bbox 101 300 238 354">
    <p class='ocr_par' dir='ltr' id='par_1_1' title="bbox 101 300 238 354">
     <span class='ocr_line' id='line_1_1' title="bbox 101 300 238 354; baseline 0.015 -2"><span class='ocrx_word' id='word_1_1' title='bbox 101 300 238 354; x_wconf 74' lang='lat'>269</span> 
     </span>
    </p>
   </div>
   <div class='ocr_carea' id='block_1_2' title="bbox 1668 294 2038 352">
    <p class='ocr_par' dir='ltr' id='par_1_2' title="bbox 1668 294 2038 352">
     <span class='ocr_line' id='line_1_2' title="bbox 1668 294 2038 352; baseline -0.005 -2"><span class='ocrx_word' id='word_1_2' title='bbox 1668 294 2038 352; x_wconf 69' lang='lat' dir='ltr'>EPISTOLE.</span> 
     </span>
    </p>
   </div>
   <div class='ocr_carea' id='block_1_3' title="bbox 3464 308 3578 360">
    <p class='ocr_par' dir='ltr' id='par_1_3' title="bbox 3464 308 3578 360">
     <span class='ocr_line' id='line_1_3' title="bbox 3464 308 3578 360; baseline 0 0"><span class='ocrx_word' id='word_1_3' title='bbox 3464 308 3578 360; x_wconf 83' lang='lat'>270</span> 
     </span>
    </p>
   </div>
   <div class='ocr_carea' id='block_1_4' title="bbox 101 419 3577 492">
    <p class='ocr_par' dir='ltr' id='par_1_4' title="bbox 101 419 3577 492">
     <span class='ocr_line' id='line_1_4' title="bbox 101 419 3577 492; baseline 0.002 -16"><span class='ocrx_word' id='word_1_4' title='bbox 101 423 392 490; x_wconf 73' lang='lat' dir='ltr'>pastoris</span> <span class='ocrx_word' id='word_1_5' title='bbox 421 421 517 474; x_wconf 82' lang='lat' dir='ltr'>sui</span> <span class='ocrx_word' id='word_1_6' title='bbox 530 420 831 489; x_wconf 77' lang='lat' dir='ltr'>judicium</span> <span class='ocrx_word' id='word_1_7' title='bbox 863 427 1078 476; x_wconf 88' lang='lat' dir='ltr'>temere</span> <span class='ocrx_word' id='word_1_8' title='bbox 1106 424 1528 492; x_wconf 74' lang='lat' dir='ltr'>reprehendat,</span> <span class='ocrx_word' id='word_1_9' title='bbox 1556 438 1650 490; x_wconf 82' lang='lat' dir='ltr'>ne,</span> <span class='ocrx_word' id='word_1_10' title='bbox 1684 433 1733 476; x_wconf 82' lang='lat' dir='ltr'>et</span> <span class='ocrx_word' id='word_1_11' title='bbox 1755 421 1798 474; x_wconf 67' lang='lat' dir='ltr'>ei</span> <span class='ocrx_word' id='word_1_12' title='bbox 1829 421 1878 473; x_wconf 80' lang='grc' dir='ltr'><strong>Α</strong></span> <span class='ocrx_word' id='word_1_13' title='bbox 1915 419 1996 474; x_wconf 93' lang='lat' dir='ltr'>ad</span> <span class='ocrx_word' id='word_1_14' title='bbox 2046 424 2304 477; x_wconf 89' lang='lat' dir='ltr'>mortem</span> <span class='ocrx_word' id='word_1_15' title='bbox 2335 421 2558 478; x_wconf 81' lang='lat' dir='ltr'>infixus</span> <span class='ocrx_word' id='word_1_16' title='bbox 2589 438 2672 490; x_wconf 90' lang='lat' dir='ltr'>es,</span> <span class='ocrx_word' id='word_1_17' title='bbox 2721 424 3144 482; x_wconf 86' lang='lat' dir='ltr'>satisfactionis</span> <span class='ocrx_word' id='word_1_18' title='bbox 3189 427 3425 484; x_wconf 89' lang='lat' dir='ltr'>medela</span> <span class='ocrx_word' id='word_1_19' title='bbox 3454 445 3577 484; x_wconf 89' lang='lat' dir='ltr'>non</span> 
     </span>
    </p>
   </div>
   <div class='ocr_carea' id='block_1_5' title="bbox 103 511 1797 582">
    <p class='ocr_par' dir='ltr' id='par_1_5' title="bbox 103 511 1797 582">
     <span class='ocr_line' id='line_1_5' title="bbox 103 511 1797 582; baseline 0.001 -18"><span class='ocrx_word' id='word_1_20' title='bbox 103 511 359 579; x_wconf 80' lang='lat' dir='ltr'>injuste</span> <span class='ocrx_word' id='word_1_21' title='bbox 391 511 614 579; x_wconf 75' lang='lat' dir='ltr'>ligatus</span> <span class='ocrx_word' id='word_1_22' title='bbox 644 517 751 579; x_wconf 88' lang='lat' dir='ltr'>est,</span> <span class='ocrx_word' id='word_1_23' title='bbox 780 527 854 566; x_wconf 80' lang='lat' dir='ltr'>ea:</span> <span class='ocrx_word' id='word_1_24' title='bbox 886 513 1014 579; x_wconf 74' lang='lat' dir='ltr'>ipsa</span> <span class='ocrx_word' id='word_1_25' title='bbox 1043 513 1284 568; x_wconf 67' lang='lat' dir='ltr'>tumutze</span> <span class='ocrx_word' id='word_1_26' title='bbox 1321 511 1797 582; x_wconf 78' lang='lat' dir='ltr'>reprehensionis</span> 
     </span>
    </p>
   </div>
   <div class='ocr_carea' id='block_1_6' title="bbox 105 601 1800 672">
    <p class='ocr_par' dir='ltr' id='par_1_6' title="bbox 105 601 1800 672">
     <span class='ocr_line' id='line_1_6' title="bbox 105 601 1800 672; baseline 0.001 -18"><span class='ocrx_word' id='word_1_27' title='bbox 105 601 415 670; x_wconf 81' lang='lat' dir='ltr'>superbia</span> <span class='ocrx_word' id='word_1_28' title='bbox 444 603 628 670; x_wconf 83' lang='lat' dir='ltr'>culpa</span> <span class='ocrx_word' id='word_1_29' title='bbox 657 617 789 672; x_wconf 54' lang='lat' dir='ltr'>qua,</span> <span class='ocrx_word' id='word_1_30' title='bbox 836 619 956 657; x_wconf 83' lang='lat' dir='ltr'>non</span> <span class='ocrx_word' id='word_1_31' title='bbox 1001 609 1130 659; x_wconf 85' lang='lat' dir='ltr'>erat</span> <span class='ocrx_word' id='word_1_32' title='bbox 1155 606 1285 672; x_wconf 80' lang='lat' dir='ltr'>ﬁat.</span> <span class='ocrx_word' id='word_1_33' title='bbox 1329 605 1626 659; x_wconf 83' lang='lat' dir='ltr'>Hactenus</span> <span class='ocrx_word' id='word_1_34' title='bbox 1658 603 1800 657; x_wconf 87' lang='lat' dir='ltr'>bea-</span> 
     </span>
    </p>
   </div>
   <div class='ocr_carea' id='block_1_7' title="bbox 103 678 1802 763">
    <p class='ocr_par' dir='ltr' id='par_1_7' title="bbox 103 678 1802 763">
     <span class='ocr_line' id='line_1_7' title="bbox 103 678 1802 763; baseline 0.002 -20"><span class='ocrx_word' id='word_1_35' title='bbox 103 693 230 743; x_wconf 88' lang='lat' dir='ltr'>tus</span> <span class='ocrx_word' id='word_1_36' title='bbox 261 678 607 757; x_wconf 57' lang='lat' dir='ltr'>Gregorius.</span> <span class='ocrx_word' id='word_1_37' title='bbox 634 693 750 744; x_wconf 86' lang='lat' dir='ltr'>Hac</span> <span class='ocrx_word' id='word_1_38' title='bbox 796 690 995 758; x_wconf 87' lang='lat' dir='ltr'>igitur,</span> <span class='ocrx_word' id='word_1_39' title='bbox 1031 691 1229 763; x_wconf 80' lang='lat' dir='ltr'>frater,</span> <span class='ocrx_word' id='word_1_40' title='bbox 1283 691 1802 761; x_wconf 72' lang='lat' dir='ltr'>argumentatione</span> 
     </span>
    </p>
   </div>
   <div class='ocr_carea' id='block_1_8' title="bbox 105 777 1802 850">
    <p class='ocr_par' dir='ltr' id='par_1_8' title="bbox 105 777 1802 850">
     <span class='ocr_line' id='line_1_8' title="bbox 105 777 1802 850; baseline 0.002 -19"><span class='ocrx_word' id='word_1_41' title='bbox 105 777 441 832; x_wconf 89' lang='lat' dir='ltr'>convictus</span> <span class='ocrx_word' id='word_1_42' title='bbox 491 795 632 832; x_wconf 93' lang='lat' dir='ltr'>cum</span> <span class='ocrx_word' id='word_1_43' title='bbox 663 779 761 842; x_wconf 88' lang='lat' dir='ltr'>sis,</span> <span class='ocrx_word' id='word_1_44' title='bbox 809 781 1400 849; x_wconf 76' lang='lat' dir='ltr'>excommunicatum</span> <span class='ocrx_word' id='word_1_45' title='bbox 1427 787 1480 836; x_wconf 89' lang='lat' dir='ltr'>te</span> <span class='ocrx_word' id='word_1_46' title='bbox 1513 791 1802 850; x_wconf 81' lang='lat' dir='ltr'>recogno-</span> 
     </span>
    </p>
   </div>
   <div class='ocr_carea' id='block_1_9' title="bbox 106 867 1802 941">
    <p class='ocr_par' dir='ltr' id='par_1_9' title="bbox 106 867 1802 941">
     <span class='ocr_line' id='line_1_9' title="bbox 106 867 1802 941; baseline 0.004 -22"><span class='ocrx_word' id='word_1_47' title='bbox 106 867 360 921; x_wconf 90' lang='lat' dir='ltr'>scendo</span> <span class='ocrx_word' id='word_1_48' title='bbox 399 867 615 922; x_wconf 82' lang='lat' dir='ltr'>iterum</span> <span class='ocrx_word' id='word_1_49' title='bbox 646 867 885 940; x_wconf 89' lang='lat' dir='ltr'>plange,</span> <span class='ocrx_word' id='word_1_50' title='bbox 940 873 996 924; x_wconf 91' lang='lat' dir='ltr'>et</span> <span class='ocrx_word' id='word_1_51' title='bbox 1027 870 1372 941; x_wconf 80' lang='lat' dir='ltr'>plangendo</span> <span class='ocrx_word' id='word_1_52' title='bbox 1412 887 1480 926; x_wconf 91' lang='lat' dir='ltr'>ac</span> <span class='ocrx_word' id='word_1_53' title='bbox 1533 871 1802 926; x_wconf 87' lang='lat' dir='ltr'>satisfac-</span> 
     </span>
    </p>
   </div>
   <div class='ocr_carea' id='block_1_10' title="bbox 105 955 701 1013">
    <p class='ocr_par' dir='ltr' id='par_1_10' title="bbox 105 955 701 1013">
     <span class='ocr_line' id='line_1_10' title="bbox 105 955 701 1013; baseline 0.003 -2"><span class='ocrx_word' id='word_1_54' title='bbox 105 955 359 1012; x_wconf 88' lang='lat' dir='ltr'>tionem</span> <span class='ocrx_word' id='word_1_55' title='bbox 392 962 701 1013; x_wconf 81' lang='lat' dir='ltr'>revertere.</span> 
     </span>
    </p>
   </div>
   <div class='ocr_carea' id='block_1_11' title="bbox 198 1048 1804 1124">
    <p class='ocr_par' dir='ltr' id='par_1_11' title="bbox 198 1048 1804 1124">
     <span class='ocr_line' id='line_1_11' title="bbox 198 1048 1804 1124; baseline 0.004 -23"><span class='ocrx_word' id='word_1_56' title='bbox 198 1051 398 1119; x_wconf 84' lang='lat' dir='ltr'>Atque</span> <span class='ocrx_word' id='word_1_57' title='bbox 427 1048 518 1102; x_wconf 89' lang='lat' dir='ltr'>his</span> <span class='ocrx_word' id='word_1_58' title='bbox 549 1053 665 1103; x_wconf 65' lang='lat' dir='ltr'>tuaa</span> <span class='ocrx_word' id='word_1_59' title='bbox 686 1049 950 1120; x_wconf 63' lang='lat' dir='ltr'>epistolae</span> <span class='ocrx_word' id='word_1_60' title='bbox 973 1050 1116 1106; x_wconf 87' lang='lat' dir='ltr'>locis</span> <span class='ocrx_word' id='word_1_61' title='bbox 1143 1055 1376 1107; x_wconf 88' lang='lat' dir='ltr'>tantum</span> <span class='ocrx_word' id='word_1_62' title='bbox 1405 1069 1528 1109; x_wconf 90' lang='lat' dir='ltr'>non</span> <span class='ocrx_word' id='word_1_63' title='bbox 1558 1069 1804 1124; x_wconf 85' lang='lat' dir='ltr'>respon-</span> 
     </span>
    </p>
   </div>
   <div class='ocr_carea' id='block_1_12' title="bbox 106 1136 1798 1216">
    <p class='ocr_par' dir='ltr' id='par_1_12' title="bbox 106 1136 1798 1216">
     <span class='ocr_line' id='line_1_12' title="bbox 106 1136 1798 1216; baseline 0.004 -25"><span class='ocrx_word' id='word_1_64' title='bbox 106 1136 298 1191; x_wconf 86' lang='lat' dir='ltr'>disse</span> <span class='ocrx_word' id='word_1_65' title='bbox 332 1137 606 1208; x_wconf 82' lang='lat' dir='ltr'>sufﬁciat,</span> <span class='ocrx_word' id='word_1_66' title='bbox 636 1139 865 1194; x_wconf 76' lang='lat' dir='ltr'>caeteris</span> <span class='ocrx_word' id='word_1_67' title='bbox 891 1140 1106 1212; x_wconf 86' lang='lat' dir='ltr'>aliquis</span> <span class='ocrx_word' id='word_1_68' title='bbox 1157 1143 1383 1199; x_wconf 89' lang='lat' dir='ltr'>otiosus</span> <span class='ocrx_word' id='word_1_69' title='bbox 1415 1143 1798 1216; x_wconf 81' lang='lat' dir='ltr'>respondeat.</span> 
     </span>
    </p>
   </div>
   <div class='ocr_carea' id='block_1_13' title="bbox 105 1229 1801 1306">
    <p class='ocr_par' dir='ltr' id='par_1_13' title="bbox 105 1229 1801 1306">
     <span class='ocr_line' id='line_1_13' title="bbox 105 1229 1801 1306; baseline 0.004 -24"><span class='ocrx_word' id='word_1_70' title='bbox 105 1231 284 1283; x_wconf 86' lang='lat' dir='ltr'>Nam</span> <span class='ocrx_word' id='word_1_71' title='bbox 315 1244 428 1298; x_wconf 95' lang='lat' dir='ltr'>ego</span> <span class='ocrx_word' id='word_1_72' title='bbox 462 1229 560 1284; x_wconf 89' lang='lat' dir='ltr'>illa</span> <span class='ocrx_word' id='word_1_73' title='bbox 591 1247 727 1302; x_wconf 61' lang='lat' dir='ltr'>quae</span> <span class='ocrx_word' id='word_1_74' title='bbox 760 1231 953 1300; x_wconf 87' lang='lat' dir='ltr'>magis</span> <span class='ocrx_word' id='word_1_75' title='bbox 986 1237 1122 1287; x_wconf 92' lang='lat' dir='ltr'>sunt</span> <span class='ocrx_word' id='word_1_76' title='bbox 1167 1234 1507 1289; x_wconf 84' lang='lat' dir='ltr'>necessaria</span> <span class='ocrx_word' id='word_1_77' title='bbox 1542 1238 1597 1289; x_wconf 92' lang='lat' dir='ltr'>et</span> <span class='ocrx_word' id='word_1_78' title='bbox 1629 1233 1801 1306; x_wconf 84' lang='lat' dir='ltr'>polli-</span> 
     </span>
    </p>
   </div>
   <div class='ocr_carea' id='block_1_14' title="bbox 107 1316 1800 1395">
    <p class='ocr_par' dir='ltr' id='par_1_14' title="bbox 107 1316 1800 1395">
     <span class='ocr_line' id='line_1_14' title="bbox 107 1316 1800 1395; baseline 0.005 -25"><span class='ocrx_word' id='word_1_79' title='bbox 107 1316 289 1372; x_wconf 89' lang='lat' dir='ltr'>citus</span> <span class='ocrx_word' id='word_1_80' title='bbox 314 1334 448 1371; x_wconf 90' lang='lat' dir='ltr'>sum</span> <span class='ocrx_word' id='word_1_81' title='bbox 478 1321 540 1372; x_wconf 85' lang='grc' dir='ltr'>Η.</span> <span class='ocrx_word' id='word_1_82' title='bbox 576 1318 739 1374; x_wconf 85' lang='lat' dir='ltr'>fratri</span> <span class='ocrx_word' id='word_1_83' title='bbox 771 1336 1128 1392; x_wconf 88' lang='lat' dir='ltr'>prosequar.</span> <span class='ocrx_word' id='word_1_84' title='bbox 1162 1322 1545 1395; x_wconf 87' lang='lat' dir='ltr'>Contemplor</span> <span class='ocrx_word' id='word_1_85' title='bbox 1568 1340 1640 1377; x_wconf 80' lang='lat' dir='ltr'>ex</span> <span class='ocrx_word' id='word_1_86' title='bbox 1674 1338 1800 1378; x_wconf 88' lang='lat' dir='ltr'>mo-</span> 
     </span>
    </p>
   </div>
   <div class='ocr_carea' id='block_1_15' title="bbox 105 1405 1800 1483">
    <p class='ocr_par' dir='ltr' id='par_1_15' title="bbox 105 1405 1800 1483">
     <span class='ocr_line' id='line_1_15' title="bbox 105 1405 1800 1483; baseline 0.004 -23"><span class='ocrx_word' id='word_1_87' title='bbox 105 1405 295 1460; x_wconf 84' lang='lat' dir='ltr'>tibus</span> <span class='ocrx_word' id='word_1_88' title='bbox 325 1406 409 1460; x_wconf 92' lang='lat' dir='ltr'>tui</span> <span class='ocrx_word' id='word_1_89' title='bbox 439 1407 708 1479; x_wconf 90' lang='lat' dir='ltr'>corporis</span> <span class='ocrx_word' id='word_1_90' title='bbox 737 1408 972 1465; x_wconf 89' lang='lat' dir='ltr'>diversa</span> <span class='ocrx_word' id='word_1_91' title='bbox 1006 1426 1227 1478; x_wconf 87' lang='lat' dir='ltr'>genera</span> <span class='ocrx_word' id='word_1_92' title='bbox 1257 1411 1610 1483; x_wconf 86' lang='lat' dir='ltr'>passionum</span> <span class='ocrx_word' id='word_1_93' title='bbox 1633 1416 1800 1467; x_wconf 88' lang='lat' dir='ltr'>tuam</span> 
     </span>
    </p>
   </div>
   <div class='ocr_carea' id='block_1_16' title="bbox 109 1495 1798 1572">
    <p class='ocr_par' dir='ltr' id='par_1_16' title="bbox 109 1495 1798 1572">
     <span class='ocr_line' id='line_1_16' title="bbox 109 1495 1798 1572; baseline 0.004 -23"><span class='ocrx_word' id='word_1_94' title='bbox 109 1495 475 1564; x_wconf 74' lang='lat' dir='ltr'>germinare</span> <span class='ocrx_word' id='word_1_95' title='bbox 503 1497 791 1552; x_wconf 87' lang='lat' dir='ltr'>animam:</span> <span class='ocrx_word' id='word_1_96' title='bbox 817 1499 1038 1570; x_wconf 87' lang='lat' dir='ltr'>quibus</span> <span class='ocrx_word' id='word_1_97' title='bbox 1072 1500 1119 1553; x_wconf 86' lang='lat' dir='ltr'>si</span> <span class='ocrx_word' id='word_1_98' title='bbox 1149 1499 1351 1572; x_wconf 91' lang='lat' dir='ltr'>aliquo</span> <span class='ocrx_word' id='word_1_99' title='bbox 1379 1501 1798 1571; x_wconf 84' lang='lat' dir='ltr'>medicamine,</span> 
     </span>
    </p>
   </div>
   <div class='ocr_carea' id='block_1_17' title="bbox 105 1584 1804 1660">
    <p class='ocr_par' dir='ltr' id='par_1_17' title="bbox 105 1584 1804 1660">
     <span class='ocr_line' id='line_1_17' title="bbox 105 1584 1804 1660; baseline 0.005 -22"><span class='ocrx_word' id='word_1_100' title='bbox 105 1584 492 1657; x_wconf 83' lang='lat' dir='ltr'>priusquam</span> <span class='ocrx_word' id='word_1_101' title='bbox 520 1585 579 1640; x_wconf 90' lang='lat' dir='ltr'>in</span> <span class='ocrx_word' id='word_1_102' title='bbox 602 1587 758 1641; x_wconf 86' lang='lat' dir='ltr'>vires</span> <span class='ocrx_word' id='word_1_103' title='bbox 788 1589 1104 1660; x_wconf 84' lang='lat' dir='ltr'>prodeant,</span> <span class='ocrx_word' id='word_1_104' title='bbox 1125 1606 1246 1644; x_wconf 90' lang='lat' dir='ltr'>non</span> <span class='ocrx_word' id='word_1_105' title='bbox 1269 1591 1598 1646; x_wconf 84' lang='lat' dir='ltr'>occurritur</span> <span class='ocrx_word' id='word_1_106' title='bbox 1626 1592 1804 1647; x_wconf 90' lang='lat' dir='ltr'>mira-</span> 
     </span>
    </p>
   </div>
   <div class='ocr_carea' id='block_1_18' title="bbox 109 1674 1804 1745">
    <p class='ocr_par' dir='ltr' id='par_1_18' title="bbox 109 1674 1804 1745">
     <span class='ocr_line' id='line_1_18' title="bbox 109 1674 1804 1745; baseline 0.005 -17"><span class='ocrx_word' id='word_1_107' title='bbox 109 1674 317 1729; x_wconf 88' lang='lat' dir='ltr'>bilem</span> <span class='ocrx_word' id='word_1_108' title='bbox 348 1679 464 1729; x_wconf 65' lang='lat' dir='ltr'>tuae</span> <span class='ocrx_word' id='word_1_109' title='bbox 514 1676 732 1731; x_wconf 76' lang='lat' dir='ltr'>animae</span> <span class='ocrx_word' id='word_1_110' title='bbox 766 1679 1138 1745; x_wconf 82' lang='lat' dir='ltr'>generabunt</span> <span class='ocrx_word' id='word_1_111' title='bbox 1187 1685 1464 1736; x_wconf 88' lang='lat' dir='ltr'>mortem.</span> <span class='ocrx_word' id='word_1_112' title='bbox 1519 1681 1633 1737; x_wconf 89' lang='lat' dir='ltr'>Sed</span> <span class='ocrx_word' id='word_1_113' title='bbox 1665 1698 1804 1736; x_wconf 88' lang='lat' dir='ltr'>con-</span> 
     </span>
    </p>
   </div>
   <div class='ocr_carea' id='block_1_19' title="bbox 1914 510 3578 585">
    <p class='ocr_par' dir='ltr' id='par_1_19' title="bbox 1914 510 3578 585">
     <span class='ocr_line' id='line_1_19' title="bbox 1914 510 3578 585; baseline 0.005 -20"><span class='ocrx_word' id='word_1_114' title='bbox 1914 510 2277 567; x_wconf 87' lang='lat' dir='ltr'>subvenerit.</span> <span class='ocrx_word' id='word_1_115' title='bbox 2313 513 2463 578; x_wconf 89' lang='lat' dir='ltr'>Quo,</span> <span class='ocrx_word' id='word_1_116' title='bbox 2500 518 2560 568; x_wconf 90' lang='lat' dir='ltr'>ut</span> <span class='ocrx_word' id='word_1_117' title='bbox 2588 512 2746 581; x_wconf 90' lang='lat' dir='ltr'>dico,</span> <span class='ocrx_word' id='word_1_118' title='bbox 2775 530 2882 585; x_wconf 90' lang='lat' dir='ltr'>per</span> <span class='ocrx_word' id='word_1_119' title='bbox 2911 515 3379 574; x_wconf 87' lang='lat' dir='ltr'>satisfactionem</span> <span class='ocrx_word' id='word_1_120' title='bbox 3403 534 3578 574; x_wconf 88' lang='lat' dir='ltr'>sana-</span> 
     </span>
    </p>
   </div>
   <div class='ocr_carea' id='block_1_20' title="bbox 1913 601 3581 679">
    <p class='ocr_par' dir='ltr' id='par_1_20' title="bbox 1913 601 3581 679">
     <span class='ocr_line' id='line_1_20' title="bbox 1913 601 3581 679; baseline 0.005 -24"><span class='ocrx_word' id='word_1_121' title='bbox 1913 605 1993 665; x_wconf 90' lang='lat' dir='ltr'>to,</span> <span class='ocrx_word' id='word_1_122' title='bbox 2027 606 2291 657; x_wconf 88' lang='lat' dir='ltr'>tumores</span> <span class='ocrx_word' id='word_1_123' title='bbox 2317 601 2472 657; x_wconf 92' lang='lat' dir='ltr'>illico</span> <span class='ocrx_word' id='word_1_124' title='bbox 2500 602 2817 674; x_wconf 76' lang='lat' dir='ltr'>superbiae,</span> <span class='ocrx_word' id='word_1_125' title='bbox 2851 607 3316 678; x_wconf 87' lang='lat' dir='ltr'>contemptionis</span> <span class='ocrx_word' id='word_1_126' title='bbox 3348 612 3404 664; x_wconf 91' lang='lat' dir='ltr'>et</span> <span class='ocrx_word' id='word_1_127' title='bbox 3433 624 3581 679; x_wconf 69' lang='lat' dir='ltr'>prte-</span> 
     </span>
    </p>
   </div>
   <div class='ocr_carea' id='block_1_21' title="bbox 1913 691 3578 764">
    <p class='ocr_par' dir='ltr' id='par_1_21' title="bbox 1913 691 3578 764">
     <span class='ocr_line' id='line_1_21' title="bbox 1913 691 3578 764; baseline 0.005 -19"><span class='ocrx_word' id='word_1_128' title='bbox 1913 691 2272 763; x_wconf 90' lang='lat' dir='ltr'>sumptionis</span> <span class='ocrx_word' id='word_1_129' title='bbox 2305 708 2460 764; x_wconf 91' lang='lat' dir='ltr'>quos</span> <span class='ocrx_word' id='word_1_130' title='bbox 2490 692 2552 747; x_wconf 90' lang='lat' dir='ltr'>in</span> <span class='ocrx_word' id='word_1_131' title='bbox 2599 697 2764 748; x_wconf 89' lang='lat' dir='ltr'>tuam</span> <span class='ocrx_word' id='word_1_132' title='bbox 2805 694 3075 751; x_wconf 89' lang='lat' dir='ltr'>animam</span> <span class='ocrx_word' id='word_1_133' title='bbox 3106 695 3443 754; x_wconf 88' lang='lat' dir='ltr'>induruisse</span> <span class='ocrx_word' id='word_1_134' title='bbox 3475 715 3578 753; x_wconf 89' lang='lat' dir='ltr'>su-</span> 
     </span>
    </p>
   </div>
   <div class='ocr_carea' id='block_1_22' title="bbox 1913 781 3096 856">
    <p class='ocr_par' dir='ltr' id='par_1_22' title="bbox 1913 781 3096 856">
     <span class='ocr_line' id='line_1_22' title="bbox 1913 781 3096 856; baseline 0.004 -20"><span class='ocrx_word' id='word_1_135' title='bbox 1913 781 2132 854; x_wconf 86' lang='lat' dir='ltr'>spicor,</span> <span class='ocrx_word' id='word_1_136' title='bbox 2161 781 2310 837; x_wconf 87' lang='lat' dir='ltr'>falce</span> <span class='ocrx_word' id='word_1_137' title='bbox 2332 782 2704 838; x_wconf 83' lang='lat' dir='ltr'>discretionis</span> <span class='ocrx_word' id='word_1_138' title='bbox 2726 785 3096 856; x_wconf 88' lang='lat' dir='ltr'>amputabis.</span> 
     </span>
    </p>
   </div>
   <div class='ocr_carea' id='block_1_23' title="bbox 1983 869 3576 947">
    <p class='ocr_par' dir='ltr' id='par_1_23' title="bbox 1983 869 3576 947">
     <span class='ocr_line' id='line_1_23' title="bbox 1983 869 3576 947; baseline 0.006 -22"><span class='ocrx_word' id='word_1_139' title='bbox 1983 869 2206 927; x_wconf 90' lang='lat' dir='ltr'>Deinde</span> <span class='ocrx_word' id='word_1_140' title='bbox 2238 872 2666 944; x_wconf 88' lang='lat' dir='ltr'>amputationis</span> <span class='ocrx_word' id='word_1_141' title='bbox 2716 872 2872 928; x_wconf 87' lang='lat' dir='ltr'>illius</span> <span class='ocrx_word' id='word_1_142' title='bbox 2901 873 3152 931; x_wconf 85' lang='lat' dir='ltr'>vulnera</span> <span class='ocrx_word' id='word_1_143' title='bbox 3181 877 3461 947; x_wconf 85' lang='lat' dir='ltr'>recentia,</span> <span class='ocrx_word' id='word_1_144' title='bbox 3502 893 3576 934; x_wconf 90' lang='lat' dir='ltr'>ne</span> 
     </span>
    </p>
   </div>
   <div class='ocr_carea' id='block_1_24' title="bbox 1911 959 3573 1037">
    <p class='ocr_par' dir='ltr' id='par_1_24' title="bbox 1911 959 3573 1037">
     <span class='ocr_line' id='line_1_24' title="bbox 1911 959 3573 1037; baseline 0.005 -23"><span class='ocrx_word' id='word_1_145' title='bbox 1911 959 2177 1033; x_wconf 86' lang='lat' dir='ltr'>aliquam</span> <span class='ocrx_word' id='word_1_146' title='bbox 2208 961 2391 1016; x_wconf 89' lang='lat' dir='ltr'>aliam</span> <span class='ocrx_word' id='word_1_147' title='bbox 2431 961 2781 1034; x_wconf 86' lang='lat' dir='ltr'>passionem</span> <span class='ocrx_word' id='word_1_148' title='bbox 2812 969 3115 1033; x_wconf 66' lang='lat' dir='ltr'>gener-ent,</span> <span class='ocrx_word' id='word_1_149' title='bbox 3146 965 3401 1037; x_wconf 72' lang='lat' dir='ltr'>poenalis</span> <span class='ocrx_word' id='word_1_150' title='bbox 3429 983 3573 1024; x_wconf 89' lang='lat' dir='ltr'>cau-</span> 
     </span>
    </p>
   </div>
   <div class='ocr_carea' id='block_1_25' title="bbox 1911 1048 3576 1124">
    <p class='ocr_par' dir='ltr' id='par_1_25' title="bbox 1911 1048 3576 1124">
     <span class='ocr_line' id='line_1_25' title="bbox 1911 1048 3576 1124; baseline 0.005 -21"><span class='ocrx_word' id='word_1_151' title='bbox 1911 1048 2055 1104; x_wconf 88' lang='lat' dir='ltr'>terio</span> <span class='ocrx_word' id='word_1_152' title='bbox 2094 1049 2322 1105; x_wconf 85' lang='lat' dir='ltr'>timoris</span> <span class='ocrx_word' id='word_1_153' title='bbox 2350 1049 2664 1120; x_wconf 87' lang='lat' dir='ltr'>ustulabis,</span> <span class='ocrx_word' id='word_1_154' title='bbox 2714 1067 2900 1124; x_wconf 88' lang='lat' dir='ltr'>quam</span> <span class='ocrx_word' id='word_1_155' title='bbox 2946 1058 3218 1110; x_wconf 89' lang='lat' dir='ltr'>usturam</span> <span class='ocrx_word' id='word_1_156' title='bbox 3269 1071 3342 1111; x_wconf 87' lang='lat' dir='ltr'>ne</span> <span class='ocrx_word' id='word_1_157' title='bbox 3388 1055 3576 1124; x_wconf 81' lang='lat' dir='ltr'>frigus</span> 
     </span>
    </p>
   </div>
   <div class='ocr_carea' id='block_1_26' title="bbox 1909 1138 3574 1209">
    <p class='ocr_par' dir='ltr' id='par_1_26' title="bbox 1909 1138 3574 1209">
     <span class='ocr_line' id='line_1_26' title="bbox 1909 1138 3574 1209; baseline 0.004 -15"><span class='ocrx_word' id='word_1_158' title='bbox 1909 1138 2231 1209; x_wconf 86' lang='lat' dir='ltr'>impietatis</span> <span class='ocrx_word' id='word_1_159' title='bbox 2264 1143 2490 1208; x_wconf 86' lang='lat' dir='ltr'>tangat,</span> <span class='ocrx_word' id='word_1_160' title='bbox 2522 1139 2827 1196; x_wconf 88' lang='lat' dir='ltr'>charitatis</span> <span class='ocrx_word' id='word_1_161' title='bbox 2861 1141 3074 1197; x_wconf 88' lang='lat' dir='ltr'>ardore</span> <span class='ocrx_word' id='word_1_162' title='bbox 3099 1147 3157 1198; x_wconf 90' lang='lat' dir='ltr'>et</span> <span class='ocrx_word' id='word_1_163' title='bbox 3185 1143 3318 1200; x_wconf 91' lang='lat' dir='ltr'>oleo</span> <span class='ocrx_word' id='word_1_164' title='bbox 3347 1144 3574 1200; x_wconf 89' lang='lat' dir='ltr'>fovebis</span> 
     </span>
    </p>
   </div>
   <div class='ocr_carea' id='block_1_27' title="bbox 1909 1225 3568 1304">
    <p class='ocr_par' dir='ltr' id='par_1_27' title="bbox 1909 1225 3568 1304">
     <span class='ocr_line' id='line_1_27' title="bbox 1909 1225 3568 1304; baseline 0.005 -23"><span class='ocrx_word' id='word_1_165' title='bbox 1909 1225 2354 1282; x_wconf 75' lang='lat' dir='ltr'>misericordiae.</span> <span class='ocrx_word' id='word_1_166' title='bbox 2385 1227 2556 1292; x_wconf 85' lang='lat' dir='ltr'>Quod</span> <span class='ocrx_word' id='word_1_167' title='bbox 2588 1229 2632 1282; x_wconf 90' lang='lat' dir='ltr'>si</span> <span class='ocrx_word' id='word_1_168' title='bbox 2683 1229 2766 1285; x_wconf 87' lang='lat' dir='ltr'>ita</span> <span class='ocrx_word' id='word_1_169' title='bbox 2797 1229 3024 1299; x_wconf 88' lang='lat' dir='ltr'>feceris,</span> <span class='ocrx_word' id='word_1_170' title='bbox 3053 1235 3110 1286; x_wconf 90' lang='lat' dir='ltr'>et</span> <span class='ocrx_word' id='word_1_171' title='bbox 3137 1231 3420 1304; x_wconf 86' lang='lat' dir='ltr'>superbia</span> <span class='ocrx_word' id='word_1_172' title='bbox 3447 1232 3568 1300; x_wconf 89' lang='lat' dir='ltr'>illa,</span> 
     </span>
    </p>
   </div>
   <div class='ocr_carea' id='block_1_28' title="bbox 1909 1315 3570 1391">
    <p class='ocr_par' dir='ltr' id='par_1_28' title="bbox 1909 1315 3570 1391">
     <span class='ocr_line' id='line_1_28' title="bbox 1909 1315 3570 1391; baseline 0.005 -22"><span class='ocrx_word' id='word_1_173' title='bbox 1909 1331 2035 1387; x_wconf 88' lang='lat' dir='ltr'>qua</span> <span class='ocrx_word' id='word_1_174' title='bbox 2052 1315 2372 1385; x_wconf 79' lang='lat' dir='ltr'>instigante</span> <span class='ocrx_word' id='word_1_175' title='bbox 2397 1333 2696 1388; x_wconf 88' lang='lat' dir='ltr'>responsa</span> <span class='ocrx_word' id='word_1_176' title='bbox 2723 1317 2783 1373; x_wconf 89' lang='lat' dir='ltr'>in</span> <span class='ocrx_word' id='word_1_177' title='bbox 2809 1335 2906 1374; x_wconf 91' lang='lat' dir='ltr'>me</span> <span class='ocrx_word' id='word_1_178' title='bbox 2927 1323 3052 1374; x_wconf 89' lang='lat' dir='ltr'>tam</span> <span class='ocrx_word' id='word_1_179' title='bbox 3083 1321 3570 1391; x_wconf 79' lang='lat' dir='ltr'>torvajaculatus</span> 
     </span>
    </p>
   </div>
   <div class='ocr_carea' id='block_1_29' title="bbox 1911 1406 3574 1483">
    <p class='ocr_par' dir='ltr' id='par_1_29' title="bbox 1911 1406 3574 1483">
     <span class='ocr_line' id='line_1_29' title="bbox 1911 1406 3574 1483; baseline 0.004 -23"><span class='ocrx_word' id='word_1_180' title='bbox 1911 1421 1994 1470; x_wconf 89' lang='lat' dir='ltr'>es,</span> <span class='ocrx_word' id='word_1_181' title='bbox 2024 1409 2080 1460; x_wconf 90' lang='lat' dir='ltr'>et</span> <span class='ocrx_word' id='word_1_182' title='bbox 2111 1406 2497 1478; x_wconf 89' lang='lat' dir='ltr'>contemptio,</span> <span class='ocrx_word' id='word_1_183' title='bbox 2549 1423 2669 1478; x_wconf 89' lang='lat' dir='ltr'>qua</span> <span class='ocrx_word' id='word_1_184' title='bbox 2712 1424 2916 1462; x_wconf 90' lang='lat' dir='ltr'>meum</span> <span class='ocrx_word' id='word_1_185' title='bbox 2948 1408 3327 1465; x_wconf 89' lang='lat' dir='ltr'>interdictum</span> <span class='ocrx_word' id='word_1_186' title='bbox 3375 1410 3574 1483; x_wconf 86' lang='lat' dir='ltr'>parvi-</span> 
     </span>
    </p>
   </div>
   <div class='ocr_carea' id='block_1_30' title="bbox 1909 1494 3573 1568">
    <p class='ocr_par' dir='ltr' id='par_1_30' title="bbox 1909 1494 3573 1568">
     <span class='ocr_line' id='line_1_30' title="bbox 1909 1494 3573 1568; baseline 0.003 -18"><span class='ocrx_word' id='word_1_187' title='bbox 1909 1494 2144 1567; x_wconf 90' lang='lat' dir='ltr'>pendis,</span> <span class='ocrx_word' id='word_1_188' title='bbox 2189 1500 2244 1551; x_wconf 88' lang='lat' dir='ltr'>et</span> <span class='ocrx_word' id='word_1_189' title='bbox 2291 1496 2700 1568; x_wconf 69' lang='lat' dir='ltr'>praesumptio,</span> <span class='ocrx_word' id='word_1_190' title='bbox 2744 1513 2866 1568; x_wconf 85' lang='lat' dir='ltr'>qua</span> <span class='ocrx_word' id='word_1_191' title='bbox 2909 1499 3466 1556; x_wconf 82' lang='lat' dir='ltr'>excommunicatus</span> <span class='ocrx_word' id='word_1_192' title='bbox 3495 1500 3573 1555; x_wconf 91' lang='lat' dir='ltr'>ad</span> 
     </span>
    </p>
   </div>
   <div class='ocr_carea' id='block_1_31' title="bbox 1911 1585 3573 1658">
    <p class='ocr_par' dir='ltr' id='par_1_31' title="bbox 1911 1585 3573 1658">
     <span class='ocr_line' id='line_1_31' title="bbox 1911 1585 3573 1658; baseline 0.004 -20"><span class='ocrx_word' id='word_1_193' title='bbox 1911 1601 2147 1639; x_wconf 86' lang='lat' dir='ltr'>sacram</span> <span class='ocrx_word' id='word_1_194' title='bbox 2176 1585 2640 1641; x_wconf 88' lang='lat' dir='ltr'>celebrationem</span> <span class='ocrx_word' id='word_1_195' title='bbox 2666 1587 2922 1653; x_wconf 88' lang='lat' dir='ltr'>accedis,</span> <span class='ocrx_word' id='word_1_196' title='bbox 2955 1587 3253 1658; x_wconf 90' lang='lat' dir='ltr'>peribunt.</span> <span class='ocrx_word' id='word_1_197' title='bbox 3290 1592 3355 1644; x_wconf 83' lang='lat' dir='ltr'>Et</span> <span class='ocrx_word' id='word_1_198' title='bbox 3394 1589 3573 1645; x_wconf 58' lang='lat' dir='ltr'>ratio-</span> 
     </span>
    </p>
   </div>
   <div class='ocr_carea' id='block_1_32' title="bbox 1911 1673 3574 1749">
    <p class='ocr_par' dir='ltr' id='par_1_32' title="bbox 1911 1673 3574 1749">
     <span class='ocr_line' id='line_1_32' title="bbox 1911 1673 3574 1749; baseline 0.004 -22"><span class='ocrx_word' id='word_1_199' title='bbox 1911 1673 2062 1728; x_wconf 86' lang='lat' dir='ltr'>nalis</span> <span class='ocrx_word' id='word_1_200' title='bbox 2090 1690 2228 1746; x_wconf 87' lang='lat' dir='ltr'>pars</span> <span class='ocrx_word' id='word_1_201' title='bbox 2262 1679 2374 1730; x_wconf 64' lang='lat' dir='ltr'>tua:</span> <span class='ocrx_word' id='word_1_202' title='bbox 2403 1675 2618 1730; x_wconf 80' lang='lat' dir='ltr'>animae</span> <span class='ocrx_word' id='word_1_203' title='bbox 2651 1692 2875 1744; x_wconf 84' lang='lat' dir='ltr'>magna</span> <span class='ocrx_word' id='word_1_204' title='bbox 2906 1692 2978 1730; x_wconf 78' lang='lat' dir='ltr'>ex</span> <span class='ocrx_word' id='word_1_205' title='bbox 3004 1681 3171 1749; x_wconf 85' lang='lat' dir='ltr'>parte</span> <span class='ocrx_word' id='word_1_206' title='bbox 3202 1677 3280 1732; x_wconf 89' lang='lat' dir='ltr'>ad</span> <span class='ocrx_word' id='word_1_207' title='bbox 3307 1677 3574 1734; x_wconf 84' lang='lat' dir='ltr'>incorru-</span> 
     </span>
    </p>
   </div>
   <div class='ocr_carea' id='block_1_33' title="bbox 111 1763 3574 1837">
    <p class='ocr_par' dir='ltr' id='par_1_33' title="bbox 111 1763 3574 1837">
     <span class='ocr_line' id='line_1_33' title="bbox 111 1763 3574 1837; baseline 0.003 -26"><span class='ocrx_word' id='word_1_208' title='bbox 111 1778 288 1832; x_wconf 79' lang='lat' dir='ltr'>grua</span> <span class='ocrx_word' id='word_1_209' title='bbox 324 1764 551 1836; x_wconf 82' lang='lat' dir='ltr'>quique</span> <span class='ocrx_word' id='word_1_210' title='bbox 598 1767 864 1837; x_wconf 63' lang='lat' dir='ltr'>passioni</span> <span class='ocrx_word' id='word_1_211' title='bbox 908 1768 1288 1836; x_wconf 68' lang='lat' dir='ltr'>ignorabitur</span> <span class='ocrx_word' id='word_1_212' title='bbox 1332 1770 1650 1836; x_wconf 72' lang='lat' dir='ltr'>medicina,</span> <span class='ocrx_word' id='word_1_213' title='bbox 1687 1771 1798 1826; x_wconf 82' lang='lat' dir='ltr'>nisi</span> <span class='ocrx_word' id='word_1_214' title='bbox 1830 1776 1872 1831; x_wconf 78' lang='grc' dir='ltr'><strong><em>Β</em></strong></span> <span class='ocrx_word' id='word_1_215' title='bbox 1910 1763 2179 1836; x_wconf 88' lang='lat' dir='ltr'>ptionem</span> <span class='ocrx_word' id='word_1_216' title='bbox 2223 1768 2567 1820; x_wconf 82' lang='lat' dir='ltr'>revertetur.</span> <span class='ocrx_word' id='word_1_217' title='bbox 2616 1767 2752 1820; x_wconf 85' lang='lat' dir='ltr'>Post</span> <span class='ocrx_word' id='word_1_218' title='bbox 2798 1765 2923 1820; x_wconf 61' lang='lat' dir='ltr'>haec</span> <span class='ocrx_word' id='word_1_219' title='bbox 2956 1770 3158 1821; x_wconf 88' lang='lat' dir='ltr'>autem</span> <span class='ocrx_word' id='word_1_220' title='bbox 3202 1767 3312 1822; x_wconf 88' lang='lat' dir='ltr'>has</span> <span class='ocrx_word' id='word_1_221' title='bbox 3344 1767 3574 1823; x_wconf 90' lang='lat' dir='ltr'>virtutis</span> 
     </span>
    </p>
   </div>
   <div class='ocr_carea' id='block_1_34' title="bbox 30 1853 1800 1928">
    <p class='ocr_par' dir='ltr' id='par_1_34' title="bbox 30 1853 1800 1928">
     <span class='ocr_line' id='line_1_34' title="bbox 30 1853 1800 1928; baseline 0.005 -20"><span class='ocrx_word' id='word_1_222' title='bbox 30 1905 33 1920; x_wconf 49' lang='lat'>,</span> <span class='ocrx_word' id='word_1_223' title='bbox 110 1853 417 1922; x_wconf 86' lang='lat' dir='ltr'>origines,</span> <span class='ocrx_word' id='word_1_224' title='bbox 444 1861 519 1920; x_wconf 90' lang='lat' dir='ltr'>et,</span> <span class='ocrx_word' id='word_1_225' title='bbox 553 1859 618 1910; x_wconf 89' lang='lat' dir='ltr'>ut</span> <span class='ocrx_word' id='word_1_226' title='bbox 645 1856 723 1911; x_wconf 88' lang='lat' dir='ltr'>ita</span> <span class='ocrx_word' id='word_1_227' title='bbox 753 1857 973 1928; x_wconf 86' lang='lat' dir='ltr'>dicam,</span> <span class='ocrx_word' id='word_1_228' title='bbox 1006 1859 1237 1914; x_wconf 89' lang='lat' dir='ltr'>radices</span> <span class='ocrx_word' id='word_1_229' title='bbox 1267 1876 1500 1928; x_wconf 89' lang='lat' dir='ltr'>earum,</span> <span class='ocrx_word' id='word_1_230' title='bbox 1531 1861 1800 1916; x_wconf 87' lang='lat' dir='ltr'>intentis-</span> 
     </span>
    </p>
   </div>
   <div class='ocr_carea' id='block_1_35' title="bbox 113 1944 1800 2020">
    <p class='ocr_par' dir='ltr' id='par_1_35' title="bbox 113 1944 1800 2020">
     <span class='ocr_line' id='line_1_35' title="bbox 113 1944 1800 2020; baseline 0.005 -22"><span class='ocrx_word' id='word_1_231' title='bbox 113 1944 296 1998; x_wconf 84' lang='lat' dir='ltr'>sima</span> <span class='ocrx_word' id='word_1_232' title='bbox 322 1944 679 2000; x_wconf 86' lang='lat' dir='ltr'>discretione</span> <span class='ocrx_word' id='word_1_233' title='bbox 715 1946 931 2002; x_wconf 85' lang='lat' dir='ltr'>fuerint</span> <span class='ocrx_word' id='word_1_234' title='bbox 969 1948 1308 2020; x_wconf 67' lang='lat' dir='ltr'>exploratae.</span> <span class='ocrx_word' id='word_1_235' title='bbox 1355 1951 1636 2006; x_wconf 89' lang='lat' dir='ltr'>Omnium</span> <span class='ocrx_word' id='word_1_236' title='bbox 1690 1951 1800 2006; x_wconf 90' lang='lat' dir='ltr'>ita-</span> 
     </span>
    </p>
   </div>
   <div class='ocr_carea' id='block_1_36' title="bbox 108 2034 1800 2112">
    <p class='ocr_par' dir='ltr' id='par_1_36' title="bbox 108 2034 1800 2112">
     <span class='ocr_line' id='line_1_36' title="bbox 108 2034 1800 2112; baseline 0.006 -27"><span class='ocrx_word' id='word_1_237' title='bbox 108 2048 249 2105; x_wconf 85' lang='lat' dir='ltr'>que</span> <span class='ocrx_word' id='word_1_238' title='bbox 278 2034 633 2104; x_wconf 87' lang='lat' dir='ltr'>passionum</span> <span class='ocrx_word' id='word_1_239' title='bbox 657 2035 872 2091; x_wconf 74' lang='lat' dir='ltr'>animae</span> <span class='ocrx_word' id='word_1_240' title='bbox 899 2053 1054 2092; x_wconf 88' lang='lat' dir='ltr'>unus</span> <span class='ocrx_word' id='word_1_241' title='bbox 1073 2037 1208 2092; x_wconf 89' lang='lat' dir='ltr'>fons</span> <span class='ocrx_word' id='word_1_242' title='bbox 1238 2043 1415 2110; x_wconf 89' lang='lat' dir='ltr'>atque</span> <span class='ocrx_word' id='word_1_243' title='bbox 1435 2039 1800 2112; x_wconf 88' lang='lat' dir='ltr'>principium</span> 
     </span>
    </p>
   </div>
   <div class='ocr_carea' id='block_1_37' title="bbox 113 2122 1802 2200">
    <p class='ocr_par' dir='ltr' id='par_1_37' title="bbox 113 2122 1802 2200">
     <span class='ocr_line' id='line_1_37' title="bbox 113 2122 1802 2200; baseline 0.004 -23"><span class='ocrx_word' id='word_1_244' title='bbox 113 2126 237 2177; x_wconf 89' lang='lat' dir='ltr'>est.</span> <span class='ocrx_word' id='word_1_245' title='bbox 279 2122 622 2178; x_wconf 89' lang='lat' dir='ltr'>Secundum</span> <span class='ocrx_word' id='word_1_246' title='bbox 645 2124 996 2196; x_wconf 87' lang='lat' dir='ltr'>qualitatem</span> <span class='ocrx_word' id='word_1_247' title='bbox 1029 2143 1174 2182; x_wconf 87' lang='lat' dir='ltr'>vero</span> <span class='ocrx_word' id='word_1_248' title='bbox 1204 2127 1390 2199; x_wconf 87' lang='lat' dir='ltr'>partis</span> <span class='ocrx_word' id='word_1_249' title='bbox 1421 2145 1556 2200; x_wconf 71' lang='lat' dir='ltr'>quae</span> <span class='ocrx_word' id='word_1_250' title='bbox 1587 2129 1647 2183; x_wconf 89' lang='lat' dir='ltr'>in</span> <span class='ocrx_word' id='word_1_251' title='bbox 1680 2129 1802 2184; x_wconf 89' lang='lat' dir='ltr'>ani-</span> 
     </span>
    </p>
   </div>
   <div class='ocr_carea' id='block_1_38' title="bbox 111 2210 1799 2288">
    <p class='ocr_par' dir='ltr' id='par_1_38' title="bbox 111 2210 1799 2288">
     <span class='ocr_line' id='line_1_38' title="bbox 111 2210 1799 2288; baseline 0.005 -25"><span class='ocrx_word' id='word_1_252' title='bbox 111 2226 228 2265; x_wconf 86' lang='lat' dir='ltr'>ma</span> <span class='ocrx_word' id='word_1_253' title='bbox 284 2210 493 2266; x_wconf 89' lang='lat' dir='ltr'>vitiata</span> <span class='ocrx_word' id='word_1_254' title='bbox 540 2211 732 2279; x_wconf 89' lang='lat' dir='ltr'>fuerit,</span> <span class='ocrx_word' id='word_1_255' title='bbox 787 2230 1171 2288; x_wconf 64' lang='lat' dir='ltr'>unaquaeque</span> <span class='ocrx_word' id='word_1_256' title='bbox 1203 2217 1402 2288; x_wconf 86' lang='lat' dir='ltr'>passio</span> <span class='ocrx_word' id='word_1_257' title='bbox 1436 2217 1799 2272; x_wconf 82' lang='lat' dir='ltr'>vocabulum</span> 
     </span>
    </p>
   </div>
   <div class='ocr_carea' id='block_1_39' title="bbox 113 2299 1801 2376">
    <p class='ocr_par' dir='ltr' id='par_1_39' title="bbox 113 2299 1801 2376">
     <span class='ocr_line' id='line_1_39' title="bbox 113 2299 1801 2376; baseline 0.005 -22"><span class='ocrx_word' id='word_1_258' title='bbox 113 2299 395 2355; x_wconf 88' lang='lat' dir='ltr'>sortitur.</span> <span class='ocrx_word' id='word_1_259' title='bbox 431 2302 603 2366; x_wconf 88' lang='lat' dir='ltr'>Quod</span> <span class='ocrx_word' id='word_1_260' title='bbox 635 2308 691 2357; x_wconf 89' lang='lat' dir='ltr'>et</span> <span class='ocrx_word' id='word_1_261' title='bbox 721 2305 1124 2376; x_wconf 85' lang='lat' dir='ltr'>corporalium</span> <span class='ocrx_word' id='word_1_262' title='bbox 1170 2307 1521 2361; x_wconf 83' lang='lat' dir='ltr'>morborum</span> <span class='ocrx_word' id='word_1_263' title='bbox 1555 2307 1801 2362; x_wconf 91' lang='lat' dir='ltr'>docetur</span> 
     </span>
    </p>
   </div>
   <div class='ocr_carea' id='block_1_40' title="bbox 110 2389 1799 2462">
    <p class='ocr_par' dir='ltr' id='par_1_40' title="bbox 110 2389 1799 2462">
     <span class='ocr_line' id='line_1_40' title="bbox 110 2389 1799 2462; baseline 0.004 -16"><span class='ocrx_word' id='word_1_264' title='bbox 110 2389 430 2462; x_wconf 83' lang='lat' dir='ltr'>exemplo.</span> <span class='ocrx_word' id='word_1_265' title='bbox 468 2391 523 2447; x_wconf 92' lang='lat' dir='ltr'>Si</span> <span class='ocrx_word' id='word_1_266' title='bbox 550 2392 710 2447; x_wconf 90' lang='lat' dir='ltr'>enim</span> <span class='ocrx_word' id='word_1_267' title='bbox 740 2394 830 2448; x_wconf 89' lang='lat' dir='ltr'>vis</span> <span class='ocrx_word' id='word_1_268' title='bbox 861 2395 1022 2449; x_wconf 78' lang='lat' dir='ltr'>noxii</span> <span class='ocrx_word' id='word_1_269' title='bbox 1051 2395 1323 2451; x_wconf 90' lang='lat' dir='ltr'>humoris</span> <span class='ocrx_word' id='word_1_270' title='bbox 1369 2396 1671 2453; x_wconf 84' lang='lat' dir='ltr'>obsederit</span> <span class='ocrx_word' id='word_1_271' title='bbox 1699 2415 1799 2453; x_wconf 90' lang='lat' dir='ltr'>ca-</span> 
     </span>
    </p>
   </div>
   <div class='ocr_carea' id='block_1_41' title="bbox 29 2480 1797 2559">
    <p class='ocr_par' dir='ltr' id='par_1_41' title="bbox 29 2480 1797 2559">
     <span class='ocr_line' id='line_1_41' title="bbox 29 2480 1797 2559; baseline 0.005 -25"><span class='ocrx_word' id='word_1_272' title='bbox 29 2503 38 2522; x_wconf 85' lang='lat'><strong><em>-</em></strong></span> <span class='ocrx_word' id='word_1_273' title='bbox 111 2485 256 2552; x_wconf 88' lang='lat' dir='ltr'>put,</span> <span class='ocrx_word' id='word_1_274' title='bbox 281 2480 680 2551; x_wconf 81' lang='lat' dir='ltr'>cephalagiea</span> <span class='ocrx_word' id='word_1_275' title='bbox 709 2484 914 2554; x_wconf 89' lang='lat' dir='ltr'>passio</span> <span class='ocrx_word' id='word_1_276' title='bbox 944 2491 1348 2558; x_wconf 86' lang='lat' dir='ltr'>nuncupatur,</span> <span class='ocrx_word' id='word_1_277' title='bbox 1383 2487 1430 2540; x_wconf 91' lang='lat' dir='ltr'>si</span> <span class='ocrx_word' id='word_1_278' title='bbox 1458 2487 1661 2559; x_wconf 89' lang='lat' dir='ltr'>pedes,</span> <span class='ocrx_word' id='word_1_279' title='bbox 1690 2504 1797 2558; x_wconf 80' lang='lat' dir='ltr'>po-</span> 
     </span>
    </p>
   </div>
   <div class='ocr_carea' id='block_1_42' title="bbox 113 2569 1800 2649">
    <p class='ocr_par' dir='ltr' id='par_1_42' title="bbox 113 2569 1800 2649">
     <span class='ocr_line' id='line_1_42' title="bbox 113 2569 1800 2649; baseline 0.005 -26"><span class='ocrx_word' id='word_1_280' title='bbox 113 2569 402 2638; x_wconf 78' lang='lat' dir='ltr'>dagrita,</span> <span class='ocrx_word' id='word_1_281' title='bbox 436 2569 486 2622; x_wconf 90' lang='lat' dir='ltr'>si</span> <span class='ocrx_word' id='word_1_282' title='bbox 515 2586 756 2638; x_wconf 90' lang='lat' dir='ltr'>manus,</span> <span class='ocrx_word' id='word_1_283' title='bbox 786 2573 1166 2642; x_wconf 79' lang='lat' dir='ltr'>ehriragriea</span> <span class='ocrx_word' id='word_1_284' title='bbox 1195 2576 1800 2649; x_wconf 86' lang='lat' dir='ltr'>nominatur.Totque</span> 
     </span>
    </p>
   </div>
   <div class='ocr_carea' id='block_1_43' title="bbox 112 2657 1797 2734">
    <p class='ocr_par' dir='ltr' id='par_1_43' title="bbox 112 2657 1797 2734">
     <span class='ocr_line' id='line_1_43' title="bbox 112 2657 1797 2734; baseline 0.004 -22"><span class='ocrx_word' id='word_1_285' title='bbox 112 2657 433 2713; x_wconf 80' lang='lat' dir='ltr'>vocabula</span> <span class='ocrx_word' id='word_1_286' title='bbox 481 2658 659 2714; x_wconf 89' lang='lat' dir='ltr'>unius</span> <span class='ocrx_word' id='word_1_287' title='bbox 706 2661 978 2716; x_wconf 91' lang='lat' dir='ltr'>humoris</span> <span class='ocrx_word' id='word_1_288' title='bbox 1019 2663 1260 2718; x_wconf 89' lang='lat' dir='ltr'>sortitur</span> <span class='ocrx_word' id='word_1_289' title='bbox 1312 2665 1797 2734; x_wconf 85' lang='lat' dir='ltr'>incommoditas,</span> 
     </span>
    </p>
   </div>
   <div class='ocr_carea' id='block_1_44' title="bbox 111 2748 1800 2823">
    <p class='ocr_par' dir='ltr' id='par_1_44' title="bbox 111 2748 1800 2823">
     <span class='ocr_line' id='line_1_44' title="bbox 111 2748 1800 2823; baseline 0.005 -22"><span class='ocrx_word' id='word_1_290' title='bbox 111 2752 275 2820; x_wconf 90' lang='lat' dir='ltr'>quot</span> <span class='ocrx_word' id='word_1_291' title='bbox 307 2748 725 2803; x_wconf 88' lang='lat' dir='ltr'>membrorum</span> <span class='ocrx_word' id='word_1_292' title='bbox 757 2751 1061 2806; x_wconf 82' lang='lat' dir='ltr'>obsederit</span> <span class='ocrx_word' id='word_1_293' title='bbox 1091 2753 1417 2823; x_wconf 78' lang='lat' dir='ltr'>portiones.</span> <span class='ocrx_word' id='word_1_294' title='bbox 1452 2757 1528 2809; x_wconf 87' lang='lat' dir='ltr'>De</span> <span class='ocrx_word' id='word_1_295' title='bbox 1560 2755 1800 2809; x_wconf 82' lang='lat' dir='ltr'>visibili-</span> 
     </span>
    </p>
   </div>
   <div class='ocr_carea' id='block_1_45' title="bbox 113 2837 1801 2916">
    <p class='ocr_par' dir='ltr' id='par_1_45' title="bbox 113 2837 1801 2916">
     <span class='ocr_line' id='line_1_45' title="bbox 113 2837 1801 2916; baseline 0.004 -24"><span class='ocrx_word' id='word_1_296' title='bbox 113 2837 238 2892; x_wconf 91' lang='lat' dir='ltr'>bus</span> <span class='ocrx_word' id='word_1_297' title='bbox 263 2853 414 2906; x_wconf 86' lang='lat' dir='ltr'>ergo</span> <span class='ocrx_word' id='word_1_298' title='bbox 446 2837 523 2892; x_wconf 90' lang='lat' dir='ltr'>ad</span> <span class='ocrx_word' id='word_1_299' title='bbox 555 2837 869 2894; x_wconf 82' lang='lat' dir='ltr'>invisibilia</span> <span class='ocrx_word' id='word_1_300' title='bbox 894 2845 1294 2911; x_wconf 88' lang='lat' dir='ltr'>transeuntes,</span> <span class='ocrx_word' id='word_1_301' title='bbox 1327 2845 1801 2916; x_wconf 89' lang='lat' dir='ltr'>uniuscujusque</span> 
     </span>
    </p>
   </div>
   <div class='ocr_carea' id='block_1_46' title="bbox 113 2926 1803 3002">
    <p class='ocr_par' dir='ltr' id='par_1_46' title="bbox 113 2926 1803 3002">
     <span class='ocr_line' id='line_1_46' title="bbox 113 2926 1803 3002; baseline 0.004 -20"><span class='ocrx_word' id='word_1_302' title='bbox 113 2927 351 2982; x_wconf 66' lang='lat' dir='ltr'>animae</span> <span class='ocrx_word' id='word_1_303' title='bbox 376 2926 650 2998; x_wconf 89' lang='lat' dir='ltr'>partibus</span> <span class='ocrx_word' id='word_1_304' title='bbox 668 2930 1150 3002; x_wconf 89' lang='lat' dir='ltr'>unumquodque</span> <span class='ocrx_word' id='word_1_305' title='bbox 1172 2932 1376 2986; x_wconf 89' lang='lat' dir='ltr'>vitium</span> <span class='ocrx_word' id='word_1_306' title='bbox 1400 2933 1596 2988; x_wconf 90' lang='lat' dir='ltr'>inesse</span> <span class='ocrx_word' id='word_1_307' title='bbox 1615 2933 1803 2989; x_wconf 90' lang='lat' dir='ltr'>credi-</span> 
     </span>
    </p>
   </div>
   <div class='ocr_carea' id='block_1_47' title="bbox 116 3018 1804 3094">
    <p class='ocr_par' dir='ltr' id='par_1_47' title="bbox 116 3018 1804 3094">
     <span class='ocr_line' id='line_1_47' title="bbox 116 3018 1804 3094; baseline 0.004 -23"><span class='ocrx_word' id='word_1_308' title='bbox 116 3033 286 3071; x_wconf 88' lang='lat' dir='ltr'>mus.</span> <span class='ocrx_word' id='word_1_309' title='bbox 317 3018 513 3080; x_wconf 85' lang='lat' dir='ltr'>Quam</span> <span class='ocrx_word' id='word_1_310' title='bbox 546 3018 971 3088; x_wconf 84' lang='lat' dir='ltr'>sapientissimi</span> <span class='ocrx_word' id='word_1_311' title='bbox 994 3020 1218 3092; x_wconf 90' lang='lat' dir='ltr'>quique</span> <span class='ocrx_word' id='word_1_312' title='bbox 1242 3022 1527 3094; x_wconf 87' lang='lat' dir='ltr'>tripartite</span> <span class='ocrx_word' id='word_1_313' title='bbox 1558 3023 1804 3078; x_wconf 84' lang='lat' dir='ltr'>delinie-</span> 
     </span>
    </p>
   </div>
   <div class='ocr_carea' id='block_1_48' title="bbox 31 3108 1874 3186">
    <p class='ocr_par' dir='ltr' id='par_1_48' title="bbox 31 3108 1874 3186">
     <span class='ocr_line' id='line_1_48' title="bbox 31 3108 1874 3186; baseline 0.004 -24"><span class='ocrx_word' id='word_1_314' title='bbox 31 3109 46 3127; x_wconf 83' lang='lat'><strong><em>&#39;</em></strong></span> <span class='ocrx_word' id='word_1_315' title='bbox 117 3112 268 3163; x_wconf 89' lang='lat' dir='ltr'>runt</span> <span class='ocrx_word' id='word_1_316' title='bbox 299 3124 431 3162; x_wconf 88' lang='lat' dir='ltr'>esse</span> <span class='ocrx_word' id='word_1_317' title='bbox 464 3108 714 3163; x_wconf 87' lang='lat' dir='ltr'>virtutis.</span> <span class='ocrx_word' id='word_1_318' title='bbox 739 3113 884 3164; x_wconf 80' lang='lat' dir='ltr'>Nam</span> <span class='ocrx_word' id='word_1_319' title='bbox 916 3115 972 3166; x_wconf 92' lang='lat' dir='ltr'>et</span> <span class='ocrx_word' id='word_1_320' title='bbox 1001 3112 1373 3168; x_wconf 81' lang='lat' dir='ltr'>rationabilis</span> <span class='ocrx_word' id='word_1_321' title='bbox 1396 3119 1504 3178; x_wconf 90' lang='lat' dir='ltr'>est,</span> <span class='ocrx_word' id='word_1_322' title='bbox 1527 3119 1582 3169; x_wconf 94' lang='lat' dir='ltr'>et</span> <span class='ocrx_word' id='word_1_323' title='bbox 1604 3113 1802 3169; x_wconf 90' lang='lat' dir='ltr'>irasci-</span> <span class='ocrx_word' id='word_1_324' title='bbox 1836 3136 1874 3186; x_wconf 69' lang='grc' dir='ltr'>ί]</span> 
     </span>
    </p>
   </div>
   <div class='ocr_carea' id='block_1_49' title="bbox 118 3197 1801 3276">
    <p class='ocr_par' dir='ltr' id='par_1_49' title="bbox 118 3197 1801 3276">
     <span class='ocr_line' id='line_1_49' title="bbox 118 3197 1801 3276; baseline 0.005 -24"><span class='ocrx_word' id='word_1_325' title='bbox 118 3197 282 3265; x_wconf 88' lang='lat' dir='ltr'>bilis,</span> <span class='ocrx_word' id='word_1_326' title='bbox 320 3201 379 3253; x_wconf 89' lang='lat' dir='ltr'>et</span> <span class='ocrx_word' id='word_1_327' title='bbox 418 3199 921 3270; x_wconf 89' lang='lat' dir='ltr'>concupiscibilis.</span> <span class='ocrx_word' id='word_1_328' title='bbox 977 3203 1319 3258; x_wconf 90' lang='lat' dir='ltr'>Secundum</span> <span class='ocrx_word' id='word_1_329' title='bbox 1372 3220 1515 3271; x_wconf 83' lang='lat' dir='ltr'>ergo</span> <span class='ocrx_word' id='word_1_330' title='bbox 1545 3204 1801 3276; x_wconf 88' lang='lat' dir='ltr'>qualita-</span> 
     </span>
    </p>
   </div>
   <div class='ocr_carea' id='block_1_50' title="bbox 119 3286 1801 3365">
    <p class='ocr_par' dir='ltr' id='par_1_50' title="bbox 119 3286 1801 3365">
     <span class='ocr_line' id='line_1_50' title="bbox 119 3286 1801 3365; baseline 0.005 -23"><span class='ocrx_word' id='word_1_331' title='bbox 119 3292 246 3343; x_wconf 89' lang='lat' dir='ltr'>tem</span> <span class='ocrx_word' id='word_1_332' title='bbox 273 3286 498 3342; x_wconf 79' lang='lat' dir='ltr'>vitiatee</span> <span class='ocrx_word' id='word_1_333' title='bbox 525 3289 732 3359; x_wconf 90' lang='lat' dir='ltr'>partis,</span> <span class='ocrx_word' id='word_1_334' title='bbox 773 3289 1011 3345; x_wconf 75' lang='lat' dir='ltr'>iniectio</span> <span class='ocrx_word' id='word_1_335' title='bbox 1047 3293 1340 3365; x_wconf 84' lang='lat' dir='ltr'>cujusque</span> <span class='ocrx_word' id='word_1_336' title='bbox 1395 3295 1575 3365; x_wconf 86' lang='lat' dir='ltr'>pestis</span> <span class='ocrx_word' id='word_1_337' title='bbox 1607 3294 1801 3349; x_wconf 88' lang='lat' dir='ltr'>nomi-</span> 
     </span>
    </p>
   </div>
   <div class='ocr_carea' id='block_1_51' title="bbox 113 3376 1803 3451">
    <p class='ocr_par' dir='ltr' id='par_1_51' title="bbox 113 3376 1803 3451">
     <span class='ocr_line' id='line_1_51' title="bbox 113 3376 1803 3451; baseline 0.004 -21"><span class='ocrx_word' id='word_1_338' title='bbox 113 3381 344 3432; x_wconf 84' lang='lat' dir='ltr'>natur:</span> <span class='ocrx_word' id='word_1_339' title='bbox 380 3391 523 3430; x_wconf 88' lang='lat' dir='ltr'>nam</span> <span class='ocrx_word' id='word_1_340' title='bbox 552 3376 597 3430; x_wconf 90' lang='lat' dir='ltr'>si</span> <span class='ocrx_word' id='word_1_341' title='bbox 629 3378 1050 3433; x_wconf 84' lang='lat' dir='ltr'>rationabilem</span> <span class='ocrx_word' id='word_1_342' title='bbox 1077 3386 1311 3451; x_wconf 90' lang='lat' dir='ltr'>partem</span> <span class='ocrx_word' id='word_1_343' title='bbox 1338 3381 1803 3448; x_wconf 87' lang='lat' dir='ltr'>infecerit,ceno-</span> 
     </span>
    </p>
   </div>
   <div class='ocr_carea' id='block_1_52' title="bbox 118 3463 1800 3542">
    <p class='ocr_par' dir='ltr' id='par_1_52' title="bbox 118 3463 1800 3542">
     <span class='ocr_line' id='line_1_52' title="bbox 118 3463 1800 3542; baseline 0.004 -23"><span class='ocrx_word' id='word_1_344' title='bbox 118 3465 324 3520; x_wconf 67' lang='lat' dir='ltr'>doxiaa</span> <span class='ocrx_word' id='word_1_345' title='bbox 359 3463 653 3531; x_wconf 88' lang='lat' dir='ltr'>elationis,</span> <span class='ocrx_word' id='word_1_346' title='bbox 675 3465 933 3530; x_wconf 72' lang='lat' dir='ltr'>invidiae,</span> <span class='ocrx_word' id='word_1_347' title='bbox 955 3469 1271 3538; x_wconf 69' lang='lat' dir='ltr'>superbiae,</span> <span class='ocrx_word' id='word_1_348' title='bbox 1293 3471 1800 3542; x_wconf 68' lang='lat' dir='ltr'>prtesumptionis,</span> 
     </span>
    </p>
   </div>
   <div class='ocr_carea' id='block_1_53' title="bbox 119 3553 1802 3626">
    <p class='ocr_par' dir='ltr' id='par_1_53' title="bbox 119 3553 1802 3626">
     <span class='ocr_line' id='line_1_53' title="bbox 119 3553 1802 3626; baseline 0.004 -18"><span class='ocrx_word' id='word_1_349' title='bbox 119 3554 430 3610; x_wconf 68' lang='lat' dir='ltr'>haereseos</span> <span class='ocrx_word' id='word_1_350' title='bbox 460 3553 602 3609; x_wconf 88' lang='lat' dir='ltr'>vitia</span> <span class='ocrx_word' id='word_1_351' title='bbox 635 3557 993 3626; x_wconf 87' lang='lat' dir='ltr'>procreabit.</span> <span class='ocrx_word' id='word_1_352' title='bbox 1045 3558 1100 3614; x_wconf 91' lang='lat' dir='ltr'>Si</span> <span class='ocrx_word' id='word_1_353' title='bbox 1134 3558 1494 3615; x_wconf 87' lang='lat' dir='ltr'>irascibilem</span> <span class='ocrx_word' id='word_1_354' title='bbox 1527 3560 1802 3615; x_wconf 88' lang='lat' dir='ltr'>vulnera-</span> 
     </span>
    </p>
   </div>
   <div class='ocr_carea' id='block_1_54' title="bbox 121 3642 1799 3717">
    <p class='ocr_par' dir='ltr' id='par_1_54' title="bbox 121 3642 1799 3717">
     <span class='ocr_line' id='line_1_54' title="bbox 121 3642 1799 3717; baseline 0.004 -20"><span class='ocrx_word' id='word_1_355' title='bbox 121 3643 291 3713; x_wconf 87' lang='lat' dir='ltr'>verit,</span> <span class='ocrx_word' id='word_1_356' title='bbox 324 3642 613 3711; x_wconf 91' lang='lat' dir='ltr'>furorem,</span> <span class='ocrx_word' id='word_1_357' title='bbox 642 3643 1103 3716; x_wconf 81' lang='lat' dir='ltr'>impatientiam,</span> <span class='ocrx_word' id='word_1_358' title='bbox 1139 3647 1458 3714; x_wconf 87' lang='lat' dir='ltr'>tristitiam,</span> <span class='ocrx_word' id='word_1_359' title='bbox 1503 3649 1799 3717; x_wconf 85' lang='lat' dir='ltr'>aeediam,</span> 
     </span>
    </p>
   </div>
   <div class='ocr_carea' id='block_1_55' title="bbox 119 3730 1802 3808">
    <p class='ocr_par' dir='ltr' id='par_1_55' title="bbox 119 3730 1802 3808">
     <span class='ocr_line' id='line_1_55' title="bbox 119 3730 1802 3808; baseline 0.005 -24"><span class='ocrx_word' id='word_1_360' title='bbox 119 3730 711 3800; x_wconf 85' lang='lat' dir='ltr'>pusillanimitatem,</span> <span class='ocrx_word' id='word_1_361' title='bbox 771 3735 1308 3808; x_wconf 87' lang='lat' dir='ltr'>crudelitatemque</span> <span class='ocrx_word' id='word_1_362' title='bbox 1380 3739 1685 3808; x_wconf 87' lang='lat' dir='ltr'>parturiet.</span> <span class='ocrx_word' id='word_1_363' title='bbox 1746 3738 1802 3793; x_wconf 87' lang='lat' dir='ltr'>Si</span> 
     </span>
    </p>
   </div>
   <div class='ocr_carea' id='block_1_56' title="bbox 34 3819 1801 3897">
    <p class='ocr_par' dir='ltr' id='par_1_56' title="bbox 34 3819 1801 3897">
     <span class='ocr_line' id='line_1_56' title="bbox 34 3819 1801 3897; baseline 0.005 -24"><span class='ocrx_word' id='word_1_364' title='bbox 34 3855 53 3873; x_wconf 81' lang='lat'>.</span> <span class='ocrx_word' id='word_1_365' title='bbox 122 3819 664 3892; x_wconf 91' lang='lat' dir='ltr'>concupiscibilem</span> <span class='ocrx_word' id='word_1_366' title='bbox 733 3823 999 3880; x_wconf 87' lang='lat' dir='ltr'>infecerit</span> <span class='ocrx_word' id='word_1_367' title='bbox 1054 3827 1392 3897; x_wconf 87' lang='lat' dir='ltr'>portionem</span> <span class='ocrx_word' id='word_1_368' title='bbox 1453 3827 1801 3893; x_wconf 83' lang='lat' dir='ltr'>gastrimar-</span> 
     </span>
    </p>
   </div>
   <div class='ocr_carea' id='block_1_57' title="bbox 126 3908 1802 3987">
    <p class='ocr_par' dir='ltr' id='par_1_57' title="bbox 126 3908 1802 3987">
     <span class='ocr_line' id='line_1_57' title="bbox 126 3908 1802 3987; baseline 0.005 -25"><span class='ocrx_word' id='word_1_369' title='bbox 126 3908 316 3977; x_wconf 88' lang='lat' dir='ltr'>giam,</span> <span class='ocrx_word' id='word_1_370' title='bbox 376 3909 857 3977; x_wconf 85' lang='lat' dir='ltr'>fornicationem,</span> <span class='ocrx_word' id='word_1_371' title='bbox 918 3914 1374 3987; x_wconf 81' lang='lat' dir='ltr'>philargyriam,</span> <span class='ocrx_word' id='word_1_372' title='bbox 1405 3921 1460 3970; x_wconf 91' lang='lat' dir='ltr'>et</span> <span class='ocrx_word' id='word_1_373' title='bbox 1503 3915 1802 3971; x_wconf 89' lang='lat' dir='ltr'>desideria</span> 
     </span>
    </p>
   </div>
   <div class='ocr_carea' id='block_1_58' title="bbox 127 3997 1798 4073">
    <p class='ocr_par' dir='ltr' id='par_1_58' title="bbox 127 3997 1798 4073">
     <span class='ocr_line' id='line_1_58' title="bbox 127 3997 1798 4073; baseline 0.005 -22"><span class='ocrx_word' id='word_1_374' title='bbox 127 3997 313 4053; x_wconf 83' lang='lat' dir='ltr'>noxia</span> <span class='ocrx_word' id='word_1_375' title='bbox 339 4003 695 4072; x_wconf 87' lang='lat' dir='ltr'>terrenaque</span> <span class='ocrx_word' id='word_1_376' title='bbox 749 4003 1076 4070; x_wconf 83' lang='lat' dir='ltr'>generabit.</span> <span class='ocrx_word' id='word_1_377' title='bbox 1131 4003 1559 4059; x_wconf 81' lang='lat' dir='ltr'>Animadverto</span> <span class='ocrx_word' id='word_1_378' title='bbox 1603 4004 1798 4073; x_wconf 86' lang='lat' dir='ltr'>igitur,</span> 
     </span>
    </p>
   </div>
   <div class='ocr_carea' id='block_1_59' title="bbox 125 4085 1802 4166">
    <p class='ocr_par' dir='ltr' id='par_1_59' title="bbox 125 4085 1802 4166">
     <span class='ocr_line' id='line_1_59' title="bbox 125 4085 1802 4166; baseline 0.005 -25"><span class='ocrx_word' id='word_1_379' title='bbox 125 4085 330 4157; x_wconf 85' lang='lat' dir='ltr'>frater,</span> <span class='ocrx_word' id='word_1_380' title='bbox 356 4104 428 4143; x_wconf 87' lang='lat' dir='ltr'>ex</span> <span class='ocrx_word' id='word_1_381' title='bbox 469 4091 735 4145; x_wconf 90' lang='lat' dir='ltr'>motibus</span> <span class='ocrx_word' id='word_1_382' title='bbox 768 4092 871 4160; x_wconf 90' lang='lat' dir='ltr'>tui,</span> <span class='ocrx_word' id='word_1_383' title='bbox 901 4098 965 4147; x_wconf 91' lang='lat' dir='ltr'>ut</span> <span class='ocrx_word' id='word_1_384' title='bbox 989 4093 1132 4159; x_wconf 79' lang='lat' dir='ltr'>dixi,</span> <span class='ocrx_word' id='word_1_385' title='bbox 1167 4093 1455 4166; x_wconf 87' lang='lat' dir='ltr'>corporis,</span> <span class='ocrx_word' id='word_1_386' title='bbox 1487 4098 1651 4149; x_wconf 88' lang='lat' dir='ltr'>tuam</span> <span class='ocrx_word' id='word_1_387' title='bbox 1680 4094 1802 4149; x_wconf 88' lang='lat' dir='ltr'>ani-</span> 
     </span>
    </p>
   </div>
   <div class='ocr_carea' id='block_1_60' title="bbox 127 4186 1804 4246">
    <p class='ocr_par' dir='ltr' id='par_1_60' title="bbox 127 4186 1804 4246">
     <span class='ocr_line' id='line_1_60' title="bbox 127 4186 1804 4246; baseline 0.005 -17"><span class='ocrx_word' id='word_1_388' title='bbox 127 4191 298 4231; x_wconf 89' lang='lat' dir='ltr'>mam</span> <span class='ocrx_word' id='word_1_389' title='bbox 333 4192 508 4232; x_wconf 90' lang='lat' dir='ltr'>suam</span> <span class='ocrx_word' id='word_1_390' title='bbox 567 4194 853 4246; x_wconf 85' lang='lat' dir='ltr'>generare</span> <span class='ocrx_word' id='word_1_391' title='bbox 884 4187 1160 4236; x_wconf 88' lang='lat' dir='ltr'>mortem.</span> <span class='ocrx_word' id='word_1_392' title='bbox 1211 4186 1359 4237; x_wconf 74' lang='lat' dir='ltr'>Nam</span> <span class='ocrx_word' id='word_1_393' title='bbox 1409 4199 1547 4237; x_wconf 89' lang='lat' dir='ltr'>cum</span> <span class='ocrx_word' id='word_1_394' title='bbox 1585 4189 1644 4237; x_wconf 87' lang='lat' dir='ltr'>tu</span> <span class='ocrx_word' id='word_1_395' title='bbox 1671 4187 1804 4238; x_wconf 88' lang='lat' dir='ltr'>tan-</span> 
     </span>
    </p>
   </div>
   <div class='ocr_carea' id='block_1_61' title="bbox 126 4266 1806 4345">
    <p class='ocr_par' dir='ltr' id='par_1_61' title="bbox 126 4266 1806 4345">
     <span class='ocr_line' id='line_1_61' title="bbox 126 4266 1806 4345; baseline 0.005 -26"><span class='ocrx_word' id='word_1_396' title='bbox 126 4268 253 4320; x_wconf 87' lang='lat' dir='ltr'>tam</span> <span class='ocrx_word' id='word_1_397' title='bbox 309 4266 374 4321; x_wconf 89' lang='lat' dir='ltr'>in</span> <span class='ocrx_word' id='word_1_398' title='bbox 405 4283 522 4334; x_wconf 89' lang='lat' dir='ltr'>me,</span> <span class='ocrx_word' id='word_1_399' title='bbox 564 4273 736 4324; x_wconf 91' lang='lat' dir='ltr'>tuum</span> <span class='ocrx_word' id='word_1_400' title='bbox 793 4272 1123 4341; x_wconf 64' lang='lat' dir='ltr'>prtesertim</span> <span class='ocrx_word' id='word_1_401' title='bbox 1166 4273 1546 4343; x_wconf 85' lang='lat' dir='ltr'>magistrum,</span> <span class='ocrx_word' id='word_1_402' title='bbox 1600 4290 1806 4345; x_wconf 89' lang='lat' dir='ltr'>super-</span> 
     </span>
    </p>
   </div>
   <div class='ocr_carea' id='block_1_62' title="bbox 126 4353 1806 4434">
    <p class='ocr_par' dir='ltr' id='par_1_62' title="bbox 126 4353 1806 4434">
     <span class='ocr_line' id='line_1_62' title="bbox 126 4353 1806 4434; baseline 0.007 -26"><span class='ocrx_word' id='word_1_403' title='bbox 126 4353 316 4422; x_wconf 92' lang='lat' dir='ltr'>biam,</span> <span class='ocrx_word' id='word_1_404' title='bbox 352 4357 860 4429; x_wconf 89' lang='lat' dir='ltr'>contemptionem</span> <span class='ocrx_word' id='word_1_405' title='bbox 890 4366 945 4416; x_wconf 89' lang='lat' dir='ltr'>et</span> <span class='ocrx_word' id='word_1_406' title='bbox 966 4362 1500 4434; x_wconf 62' lang='lat' dir='ltr'>praesumptionem</span> <span class='ocrx_word' id='word_1_407' title='bbox 1527 4363 1806 4418; x_wconf 86' lang='lat' dir='ltr'>demons-</span> 
     </span>
    </p>
   </div>
   <div class='ocr_carea' id='block_1_63' title="bbox 1911 1853 3574 1926">
    <p class='ocr_par' dir='ltr' id='par_1_63' title="bbox 1911 1853 3574 1926">
     <span class='ocr_line' id='line_1_63' title="bbox 1911 1853 3574 1926; baseline 0.003 -19"><span class='ocrx_word' id='word_1_408' title='bbox 1911 1853 2159 1925; x_wconf 89' lang='lat' dir='ltr'>species,</span> <span class='ocrx_word' id='word_1_409' title='bbox 2181 1853 2598 1920; x_wconf 86' lang='lat' dir='ltr'>humilitatem,</span> <span class='ocrx_word' id='word_1_410' title='bbox 2619 1854 2968 1926; x_wconf 85' lang='lat' dir='ltr'>patientiam</span> <span class='ocrx_word' id='word_1_411' title='bbox 3001 1860 3056 1910; x_wconf 90' lang='lat' dir='ltr'>et</span> <span class='ocrx_word' id='word_1_412' title='bbox 3086 1855 3491 1912; x_wconf 88' lang='lat' dir='ltr'>obedientiam</span> <span class='ocrx_word' id='word_1_413' title='bbox 3514 1857 3574 1912; x_wconf 91' lang='lat' dir='ltr'>in</span> 
     </span>
    </p>
   </div>
   <div class='ocr_carea' id='block_1_64' title="bbox 1910 1942 3575 2016">
    <p class='ocr_par' dir='ltr' id='par_1_64' title="bbox 1910 1942 3575 2016">
     <span class='ocr_line' id='line_1_64' title="bbox 1910 1942 3575 2016; baseline 0.003 -20"><span class='ocrx_word' id='word_1_414' title='bbox 1910 1958 2101 1996; x_wconf 91' lang='lat' dir='ltr'>unum</span> <span class='ocrx_word' id='word_1_415' title='bbox 2130 1942 2302 1997; x_wconf 88' lang='lat' dir='ltr'>melle</span> <span class='ocrx_word' id='word_1_416' title='bbox 2331 1942 2676 1998; x_wconf 89' lang='lat' dir='ltr'>divinorum</span> <span class='ocrx_word' id='word_1_417' title='bbox 2703 1943 3079 2016; x_wconf 86' lang='lat' dir='ltr'>eloquiorum</span> <span class='ocrx_word' id='word_1_418' title='bbox 3107 1945 3407 2012; x_wconf 83' lang='lat' dir='ltr'>conficies,</span> <span class='ocrx_word' id='word_1_419' title='bbox 3441 1951 3496 2001; x_wconf 89' lang='lat' dir='ltr'>et</span> <span class='ocrx_word' id='word_1_420' title='bbox 3515 1947 3575 2001; x_wconf 90' lang='lat' dir='ltr'>in</span> 
     </span>
    </p>
   </div>
   <div class='ocr_carea' id='block_1_65' title="bbox 1910 2032 3574 2103">
    <p class='ocr_par' dir='ltr' id='par_1_65' title="bbox 1910 2032 3574 2103">
     <span class='ocr_line' id='line_1_65' title="bbox 1910 2032 3574 2103; baseline 0.003 -17"><span class='ocrx_word' id='word_1_421' title='bbox 1910 2032 2136 2087; x_wconf 79' lang='lat' dir='ltr'>buxula</span> <span class='ocrx_word' id='word_1_422' title='bbox 2155 2037 2267 2087; x_wconf 69' lang='lat' dir='ltr'>tuae</span> <span class='ocrx_word' id='word_1_423' title='bbox 2297 2033 2511 2088; x_wconf 89' lang='lat' dir='ltr'>mentis</span> <span class='ocrx_word' id='word_1_424' title='bbox 2540 2034 2652 2088; x_wconf 85' lang='lat' dir='ltr'>hoc</span> <span class='ocrx_word' id='word_1_425' title='bbox 2671 2033 3009 2088; x_wconf 84' lang='lat' dir='ltr'>antidotum</span> <span class='ocrx_word' id='word_1_426' title='bbox 3037 2033 3348 2103; x_wconf 77' lang='lat' dir='ltr'>diligenter</span> <span class='ocrx_word' id='word_1_427' title='bbox 3371 2051 3574 2090; x_wconf 89' lang='lat' dir='ltr'>recon-</span> 
     </span>
    </p>
   </div>
   <div class='ocr_carea' id='block_1_66' title="bbox 1911 2121 3572 2195">
    <p class='ocr_par' dir='ltr' id='par_1_66' title="bbox 1911 2121 3572 2195">
     <span class='ocr_line' id='line_1_66' title="bbox 1911 2121 3572 2195; baseline 0.002 -20"><span class='ocrx_word' id='word_1_428' title='bbox 1911 2121 2203 2190; x_wconf 89' lang='lat' dir='ltr'>des,unde</span> <span class='ocrx_word' id='word_1_429' title='bbox 2234 2122 2648 2195; x_wconf 87' lang='lat' dir='ltr'>quotidianam</span> <span class='ocrx_word' id='word_1_430' title='bbox 2672 2126 2772 2177; x_wconf 88' lang='lat' dir='ltr'>tua</span> <span class='ocrx_word' id='word_1_431' title='bbox 2801 2121 3004 2178; x_wconf 86' lang='lat' dir='ltr'>anima</span> <span class='ocrx_word' id='word_1_432' title='bbox 3037 2121 3279 2178; x_wconf 71' lang='lat' dir='ltr'>diaetam</span> <span class='ocrx_word' id='word_1_433' title='bbox 3304 2140 3572 2190; x_wconf 87' lang='lat' dir='ltr'>sumens,</span> 
     </span>
    </p>
   </div>
   <div class='ocr_carea' id='block_1_67' title="bbox 1910 2211 3574 2284">
    <p class='ocr_par' dir='ltr' id='par_1_67' title="bbox 1910 2211 3574 2284">
     <span class='ocr_line' id='line_1_67' title="bbox 1910 2211 3574 2284; baseline 0.001 -19"><span class='ocrx_word' id='word_1_434' title='bbox 1910 2227 2029 2265; x_wconf 87' lang='lat' dir='ltr'>non</span> <span class='ocrx_word' id='word_1_435' title='bbox 2065 2211 2261 2266; x_wconf 89' lang='lat' dir='ltr'>solum</span> <span class='ocrx_word' id='word_1_436' title='bbox 2293 2211 2402 2266; x_wconf 89' lang='lat' dir='ltr'>has</span> <span class='ocrx_word' id='word_1_437' title='bbox 2436 2215 2631 2283; x_wconf 88' lang='lat' dir='ltr'>pestes</span> <span class='ocrx_word' id='word_1_438' title='bbox 2659 2211 2720 2265; x_wconf 89' lang='lat' dir='ltr'>in</span> <span class='ocrx_word' id='word_1_439' title='bbox 2741 2216 3101 2284; x_wconf 88' lang='lat' dir='ltr'>perpetuum</span> <span class='ocrx_word' id='word_1_440' title='bbox 3125 2227 3247 2266; x_wconf 92' lang='lat' dir='ltr'>non</span> <span class='ocrx_word' id='word_1_441' title='bbox 3275 2213 3574 2280; x_wconf 87' lang='lat' dir='ltr'>germina-</span> 
     </span>
    </p>
   </div>
   <div class='ocr_carea' id='block_1_68' title="bbox 1909 2299 3578 2374">
    <p class='ocr_par' dir='ltr' id='par_1_68' title="bbox 1909 2299 3578 2374">
     <span class='ocr_line' id='line_1_68' title="bbox 1909 2299 3578 2374; baseline 0.001 -19"><span class='ocrx_word' id='word_1_442' title='bbox 1909 2299 2131 2366; x_wconf 89' lang='lat' dir='ltr'>bit,sed</span> <span class='ocrx_word' id='word_1_443' title='bbox 2162 2301 2341 2355; x_wconf 89' lang='lat' dir='ltr'>etiam</span> <span class='ocrx_word' id='word_1_444' title='bbox 2373 2317 2408 2355; x_wconf 87' lang='lat' dir='ltr'>a</span> <span class='ocrx_word' id='word_1_445' title='bbox 2438 2300 2664 2355; x_wconf 66' lang='lat' dir='ltr'>caeteris</span> <span class='ocrx_word' id='word_1_446' title='bbox 2693 2300 2984 2356; x_wconf 90' lang='lat' dir='ltr'>omnibus</span> <span class='ocrx_word' id='word_1_447' title='bbox 3019 2300 3366 2374; x_wconf 88' lang='lat' dir='ltr'>incorrupta</span> <span class='ocrx_word' id='word_1_448' title='bbox 3395 2301 3578 2370; x_wconf 85' lang='lat' dir='ltr'>fulge-</span> 
     </span>
    </p>
   </div>
   <div class='ocr_carea' id='block_1_69' title="bbox 1908 2389 3571 2457">
    <p class='ocr_par' dir='ltr' id='par_1_69' title="bbox 1908 2389 3571 2457">
     <span class='ocr_line' id='line_1_69' title="bbox 1908 2389 3571 2457; baseline 0.001 -13"><span class='ocrx_word' id='word_1_449' title='bbox 1908 2390 2012 2446; x_wconf 89' lang='lat' dir='ltr'>bit.</span> <span class='ocrx_word' id='word_1_450' title='bbox 2045 2390 2142 2445; x_wconf 88' lang='lat' dir='ltr'>His</span> <span class='ocrx_word' id='word_1_451' title='bbox 2176 2394 2246 2457; x_wconf 91' lang='lat' dir='ltr'>te,</span> <span class='ocrx_word' id='word_1_452' title='bbox 2281 2391 2478 2456; x_wconf 81' lang='lat' dir='ltr'>frater,</span> <span class='ocrx_word' id='word_1_453' title='bbox 2508 2405 2783 2457; x_wconf 90' lang='lat' dir='ltr'>monens,</span> <span class='ocrx_word' id='word_1_454' title='bbox 2810 2406 2933 2446; x_wconf 90' lang='lat' dir='ltr'>non</span> <span class='ocrx_word' id='word_1_455' title='bbox 2959 2389 3118 2446; x_wconf 86' lang='lat' dir='ltr'>fastu</span> <span class='ocrx_word' id='word_1_456' title='bbox 3144 2390 3404 2446; x_wconf 91' lang='lat' dir='ltr'>doctoris</span> <span class='ocrx_word' id='word_1_457' title='bbox 3431 2391 3571 2446; x_wconf 82' lang='lat' dir='ltr'>effe-</span> 
     </span>
    </p>
   </div>
   <div class='ocr_carea' id='block_1_70' title="bbox 1910 2478 3576 2552">
    <p class='ocr_par' dir='ltr' id='par_1_70' title="bbox 1910 2478 3576 2552">
     <span class='ocr_line' id='line_1_70' title="bbox 1910 2478 3576 2552; baseline 0.002 -19"><span class='ocrx_word' id='word_1_458' title='bbox 1910 2496 2028 2546; x_wconf 88' lang='lat' dir='ltr'>ror,</span> <span class='ocrx_word' id='word_1_459' title='bbox 2064 2478 2168 2534; x_wconf 89' lang='lat' dir='ltr'>sed</span> <span class='ocrx_word' id='word_1_460' title='bbox 2200 2478 2464 2534; x_wconf 72' lang='lat' dir='ltr'>officitun</span> <span class='ocrx_word' id='word_1_461' title='bbox 2499 2495 2647 2534; x_wconf 70' lang='lat' dir='ltr'>meae</span> <span class='ocrx_word' id='word_1_462' title='bbox 2693 2479 3055 2552; x_wconf 63' lang='lat' dir='ltr'>przelationis</span> <span class='ocrx_word' id='word_1_463' title='bbox 3111 2479 3376 2551; x_wconf 88' lang='lat' dir='ltr'>trepidus</span> <span class='ocrx_word' id='word_1_464' title='bbox 3407 2496 3576 2536; x_wconf 80' lang='lat' dir='ltr'>exse-</span> 
     </span>
    </p>
   </div>
   <div class='ocr_carea' id='block_1_71' title="bbox 1910 2567 3576 2640">
    <p class='ocr_par' dir='ltr' id='par_1_71' title="bbox 1910 2567 3576 2640">
     <span class='ocr_line' id='line_1_71' title="bbox 1910 2567 3576 2640; baseline 0.001 -18"><span class='ocrx_word' id='word_1_465' title='bbox 1910 2585 2082 2640; x_wconf 90' lang='lat' dir='ltr'>quor,</span> <span class='ocrx_word' id='word_1_466' title='bbox 2111 2567 2332 2640; x_wconf 85' lang='lat' dir='ltr'>quibus</span> <span class='ocrx_word' id='word_1_467' title='bbox 2365 2567 2411 2621; x_wconf 89' lang='lat' dir='ltr'>si</span> <span class='ocrx_word' id='word_1_468' title='bbox 2462 2567 2765 2633; x_wconf 90' lang='lat' dir='ltr'>annueris,</span> <span class='ocrx_word' id='word_1_469' title='bbox 2799 2572 2936 2635; x_wconf 63' lang='lat' dir='ltr'>tuae,</span> <span class='ocrx_word' id='word_1_470' title='bbox 2992 2573 3056 2623; x_wconf 92' lang='lat' dir='ltr'>ut</span> <span class='ocrx_word' id='word_1_471' title='bbox 3094 2568 3367 2634; x_wconf 88' lang='lat' dir='ltr'>arbitror,</span> <span class='ocrx_word' id='word_1_472' title='bbox 3402 2567 3576 2624; x_wconf 88' lang='lat' dir='ltr'>saluti</span> 
     </span>
    </p>
   </div>
   <div class='ocr_carea' id='block_1_72' title="bbox 1910 2655 3577 2730">
    <p class='ocr_par' dir='ltr' id='par_1_72' title="bbox 1910 2655 3577 2730">
     <span class='ocr_line' id='line_1_72' title="bbox 1910 2655 3577 2730; baseline 0 -19"><span class='ocrx_word' id='word_1_473' title='bbox 1910 2655 2276 2730; x_wconf 86' lang='lat' dir='ltr'>providebis.</span> <span class='ocrx_word' id='word_1_474' title='bbox 2306 2656 2361 2711; x_wconf 91' lang='lat' dir='ltr'>Si</span> <span class='ocrx_word' id='word_1_475' title='bbox 2393 2661 2592 2710; x_wconf 89' lang='lat' dir='ltr'>autem</span> <span class='ocrx_word' id='word_1_476' title='bbox 2619 2655 2785 2728; x_wconf 91' lang='lat' dir='ltr'>quod</span> <span class='ocrx_word' id='word_1_477' title='bbox 2812 2655 3000 2710; x_wconf 85' lang='lat' dir='ltr'>absit!</span> <span class='ocrx_word' id='word_1_478' title='bbox 3035 2655 3202 2710; x_wconf 86' lang='lat' dir='ltr'>aliter</span> <span class='ocrx_word' id='word_1_479' title='bbox 3231 2655 3449 2728; x_wconf 87' lang='lat' dir='ltr'>pariter</span> <span class='ocrx_word' id='word_1_480' title='bbox 3478 2673 3577 2711; x_wconf 91' lang='lat' dir='ltr'>ne-</span> 
     </span>
    </p>
   </div>
   <div class='ocr_carea' id='block_1_73' title="bbox 1912 2743 3575 2817">
    <p class='ocr_par' dir='ltr' id='par_1_73' title="bbox 1912 2743 3575 2817">
     <span class='ocr_line' id='line_1_73' title="bbox 1912 2743 3575 2817; baseline 0 -17"><span class='ocrx_word' id='word_1_481' title='bbox 1912 2745 2182 2815; x_wconf 78' lang='lat' dir='ltr'>glexeris,</span> <span class='ocrx_word' id='word_1_482' title='bbox 2211 2744 2376 2817; x_wconf 89' lang='lat' dir='ltr'>quod</span> <span class='ocrx_word' id='word_1_483' title='bbox 2407 2744 2554 2798; x_wconf 91' lang='lat' dir='ltr'>meis</span> <span class='ocrx_word' id='word_1_484' title='bbox 2582 2749 2919 2815; x_wconf 76' lang='lat' dir='ltr'>repugnent</span> <span class='ocrx_word' id='word_1_485' title='bbox 2958 2744 3126 2799; x_wconf 87' lang='lat' dir='ltr'>factis</span> <span class='ocrx_word' id='word_1_486' title='bbox 3157 2745 3302 2815; x_wconf 79' lang='lat' dir='ltr'>(sic),</span> <span class='ocrx_word' id='word_1_487' title='bbox 3337 2743 3415 2800; x_wconf 92' lang='lat' dir='ltr'>ad</span> <span class='ocrx_word' id='word_1_488' title='bbox 3459 2744 3575 2800; x_wconf 91' lang='lat' dir='ltr'>hoc</span> 
     </span>
    </p>
   </div>
   <div class='ocr_carea' id='block_1_74' title="bbox 1913 2831 3577 2904">
    <p class='ocr_par' dir='ltr' id='par_1_74' title="bbox 1913 2831 3577 2904">
     <span class='ocr_line' id='line_1_74' title="bbox 1913 2831 3577 2904; baseline -0.001 -15"><span class='ocrx_word' id='word_1_489' title='bbox 1913 2839 1966 2889; x_wconf 91' lang='lat' dir='ltr'>te</span> <span class='ocrx_word' id='word_1_490' title='bbox 1995 2849 2190 2889; x_wconf 89' lang='lat' dir='ltr'>errore</span> <span class='ocrx_word' id='word_1_491' title='bbox 2220 2833 2529 2887; x_wconf 90' lang='lat' dir='ltr'>Dominica</span> <span class='ocrx_word' id='word_1_492' title='bbox 2556 2848 2702 2887; x_wconf 86' lang='lat' dir='ltr'>voce</span> <span class='ocrx_word' id='word_1_493' title='bbox 2732 2832 3014 2904; x_wconf 90' lang='lat' dir='ltr'>reprimo,</span> <span class='ocrx_word' id='word_1_494' title='bbox 3063 2849 3187 2904; x_wconf 90' lang='lat' dir='ltr'>qua</span> <span class='ocrx_word' id='word_1_495' title='bbox 3218 2831 3328 2887; x_wconf 89' lang='lat' dir='ltr'>ait:</span> <span class='ocrx_word' id='word_1_496' title='bbox 3376 2834 3577 2902; x_wconf 83' lang='lat' dir='ltr'>Super</span> 
     </span>
    </p>
   </div>
   <div class='ocr_carea' id='block_1_75' title="bbox 1913 2921 3576 2993">
    <p class='ocr_par' dir='ltr' id='par_1_75' title="bbox 1913 2921 3576 2993">
     <span class='ocr_line' id='line_1_75' title="bbox 1913 2921 3576 2993; baseline 0 -15"><span class='ocrx_word' id='word_1_497' title='bbox 1913 2924 2262 2979; x_wconf 84' lang='lat' dir='ltr'>cathedram</span> <span class='ocrx_word' id='word_1_498' title='bbox 2294 2923 2490 2991; x_wconf 79' lang='lat' dir='ltr'>Moysi</span> <span class='ocrx_word' id='word_1_499' title='bbox 2529 2922 2811 2977; x_wconf 86' lang='lat' dir='ltr'>sederunt</span> <span class='ocrx_word' id='word_1_500' title='bbox 2862 2921 3088 2976; x_wconf 70' lang='lat' dir='ltr'>Scriba:</span> <span class='ocrx_word' id='word_1_501' title='bbox 3127 2927 3181 2977; x_wconf 89' lang='lat' dir='ltr'>et</span> <span class='ocrx_word' id='word_1_502' title='bbox 3219 2923 3530 2978; x_wconf 64' lang='lat' dir='ltr'>Pzearisa&#39;i</span> <span class='ocrx_word' id='word_1_503' title='bbox 3554 2937 3576 2993; x_wconf 84' lang='lat'>,&#39;</span> 
     </span>
    </p>
   </div>
   <div class='ocr_carea' id='block_1_76' title="bbox 1913 3010 3576 3082">
    <p class='ocr_par' dir='ltr' id='par_1_76' title="bbox 1913 3010 3576 3082">
     <span class='ocr_line' id='line_1_76' title="bbox 1913 3010 3576 3082; baseline 0 -17"><span class='ocrx_word' id='word_1_504' title='bbox 1913 3027 2280 3082; x_wconf 62' lang='lat' dir='ltr'>quaecunque</span> <span class='ocrx_word' id='word_1_505' title='bbox 2309 3027 2448 3081; x_wconf 84' lang='lat' dir='ltr'>ergo</span> <span class='ocrx_word' id='word_1_506' title='bbox 2474 3010 2748 3065; x_wconf 66' lang='lat' dir='ltr'>(timerent</span> <span class='ocrx_word' id='word_1_507' title='bbox 2769 3011 2926 3065; x_wconf 79' lang='lat' dir='ltr'>vobis</span> <span class='ocrx_word' id='word_1_508' title='bbox 2949 3016 3182 3066; x_wconf 84' lang='lat' dir='ltr'>servate</span> <span class='ocrx_word' id='word_1_509' title='bbox 3210 3016 3264 3066; x_wconf 91' lang='lat' dir='ltr'>et</span> <span class='ocrx_word' id='word_1_510' title='bbox 3284 3012 3576 3080; x_wconf 67' lang='lat' dir='ltr'>facilese-</span> 
     </span>
    </p>
   </div>
   <div class='ocr_carea' id='block_1_77' title="bbox 1915 3100 3576 3169">
    <p class='ocr_par' dir='ltr' id='par_1_77' title="bbox 1915 3100 3576 3169">
     <span class='ocr_line' id='line_1_77' title="bbox 1915 3100 3576 3169; baseline -0.002 -13"><span class='ocrx_word' id='word_1_511' title='bbox 1915 3101 2176 3156; x_wconf 83' lang='lat' dir='ltr'>cundum</span> <span class='ocrx_word' id='word_1_512' title='bbox 2228 3115 2364 3155; x_wconf 88' lang='lat' dir='ltr'>vero</span> <span class='ocrx_word' id='word_1_513' title='bbox 2392 3114 2572 3168; x_wconf 81' lang='lat' dir='ltr'>opera</span> <span class='ocrx_word' id='word_1_514' title='bbox 2603 3100 2848 3154; x_wconf 66' lang='lat' dir='ltr'>illorum</span> <span class='ocrx_word' id='word_1_515' title='bbox 2881 3100 3069 3154; x_wconf 77' lang='lat' dir='ltr'>nolite</span> <span class='ocrx_word' id='word_1_516' title='bbox 3092 3101 3324 3169; x_wconf 79' lang='lat' dir='ltr'>facere:</span> <span class='ocrx_word' id='word_1_517' title='bbox 3369 3101 3576 3155; x_wconf 80' lang='lat' dir='ltr'>dicunt</span> 
     </span>
    </p>
   </div>
   <div class='ocr_carea' id='block_1_78' title="bbox 1913 3187 3579 3259">
    <p class='ocr_par' dir='ltr' id='par_1_78' title="bbox 1913 3187 3579 3259">
     <span class='ocr_line' id='line_1_78' title="bbox 1913 3187 3579 3259; baseline -0.001 -15"><span class='ocrx_word' id='word_1_518' title='bbox 1913 3190 2070 3244; x_wconf 80' lang='lat' dir='ltr'>enim</span> <span class='ocrx_word' id='word_1_519' title='bbox 2101 3195 2153 3245; x_wconf 89' lang='lat' dir='ltr'>et</span> <span class='ocrx_word' id='word_1_520' title='bbox 2176 3205 2296 3245; x_wconf 84' lang='lat' dir='ltr'>non</span> <span class='ocrx_word' id='word_1_521' title='bbox 2323 3189 2562 3258; x_wconf 81' lang='lat' dir='ltr'>faciunt</span> <span class='ocrx_word' id='word_1_522' title='bbox 2594 3188 3025 3259; x_wconf 50' lang='lat' dir='ltr'>(Matthaxm),</span> <span class='ocrx_word' id='word_1_523' title='bbox 3057 3192 3132 3247; x_wconf 80' lang='lat'>2).</span> <span class='ocrx_word' id='word_1_524' title='bbox 3170 3187 3388 3245; x_wconf 89' lang='lat' dir='ltr'>Scribis</span> <span class='ocrx_word' id='word_1_525' title='bbox 3418 3188 3579 3244; x_wconf 89' lang='lat' dir='ltr'>enim</span> 
     </span>
    </p>
   </div>
   <div class='ocr_carea' id='block_1_79' title="bbox 1913 3277 3578 3351">
    <p class='ocr_par' dir='ltr' id='par_1_79' title="bbox 1913 3277 3578 3351">
     <span class='ocr_line' id='line_1_79' title="bbox 1913 3277 3578 3351; baseline 0 -17"><span class='ocrx_word' id='word_1_526' title='bbox 1913 3285 1970 3335; x_wconf 91' lang='lat' dir='ltr'>et</span> <span class='ocrx_word' id='word_1_527' title='bbox 2021 3279 2352 3346; x_wconf 70' lang='lat' dir='ltr'>Phariszeis,</span> <span class='ocrx_word' id='word_1_528' title='bbox 2407 3284 2470 3334; x_wconf 91' lang='lat' dir='ltr'>ut</span> <span class='ocrx_word' id='word_1_529' title='bbox 2499 3283 2563 3334; x_wconf 91' lang='lat' dir='ltr'>tu</span> <span class='ocrx_word' id='word_1_530' title='bbox 2620 3277 2745 3351; x_wconf 88' lang='lat' dir='ltr'>ipse</span> <span class='ocrx_word' id='word_1_531' title='bbox 2777 3278 2992 3333; x_wconf 86' lang='lat' dir='ltr'>melius</span> <span class='ocrx_word' id='word_1_532' title='bbox 3025 3278 3200 3345; x_wconf 90' lang='lat' dir='ltr'>nosti,</span> <span class='ocrx_word' id='word_1_533' title='bbox 3254 3278 3578 3335; x_wconf 88' lang='lat' dir='ltr'>commissa</span> 
     </span>
    </p>
   </div>
   <div class='ocr_carea' id='block_1_80' title="bbox 1914 3367 3573 3439">
    <p class='ocr_par' dir='ltr' id='par_1_80' title="bbox 1914 3367 3573 3439">
     <span class='ocr_line' id='line_1_80' title="bbox 1914 3367 3573 3439; baseline -0.001 -15"><span class='ocrx_word' id='word_1_534' title='bbox 1914 3373 2040 3425; x_wconf 88' lang='lat' dir='ltr'>erat</span> <span class='ocrx_word' id='word_1_535' title='bbox 2071 3369 2341 3424; x_wconf 86' lang='lat' dir='ltr'>doctrina</span> <span class='ocrx_word' id='word_1_536' title='bbox 2370 3367 2607 3435; x_wconf 84' lang='lat' dir='ltr'>legis,ut</span> <span class='ocrx_word' id='word_1_537' title='bbox 2637 3383 2770 3422; x_wconf 90' lang='lat' dir='ltr'>eam</span> <span class='ocrx_word' id='word_1_538' title='bbox 2798 3371 3166 3439; x_wconf 80' lang='lat' dir='ltr'>exponerent</span> <span class='ocrx_word' id='word_1_539' title='bbox 3195 3367 3573 3423; x_wconf 91' lang='lat' dir='ltr'>auditoribus</span> 
     </span>
    </p>
   </div>
   <div class='ocr_carea' id='block_1_81' title="bbox 1916 3456 3579 3525">
    <p class='ocr_par' dir='ltr' id='par_1_81' title="bbox 1916 3456 3579 3525">
     <span class='ocr_line' id='line_1_81' title="bbox 1916 3456 3579 3525; baseline -0.001 -13"><span class='ocrx_word' id='word_1_540' title='bbox 1916 3457 2059 3512; x_wconf 88' lang='lat' dir='ltr'>suis.</span> <span class='ocrx_word' id='word_1_541' title='bbox 2086 3457 2224 3512; x_wconf 88' lang='lat' dir='ltr'>Ideo</span> <span class='ocrx_word' id='word_1_542' title='bbox 2257 3457 2546 3511; x_wconf 87' lang='lat' dir='ltr'>Dominus</span> <span class='ocrx_word' id='word_1_543' title='bbox 2580 3456 2745 3510; x_wconf 84' lang='lat' dir='ltr'>dixit:</span> <span class='ocrx_word' id='word_1_544' title='bbox 2780 3458 2978 3524; x_wconf 85' lang='lat' dir='ltr'>Super</span> <span class='ocrx_word' id='word_1_545' title='bbox 3006 3457 3355 3512; x_wconf 80' lang='lat' dir='ltr'>cathedram</span> <span class='ocrx_word' id='word_1_546' title='bbox 3384 3457 3579 3525; x_wconf 81' lang='lat' dir='ltr'>Moyst</span> 
     </span>
    </p>
   </div>
   <div class='ocr_carea' id='block_1_82' title="bbox 1916 3543 3576 3617">
    <p class='ocr_par' dir='ltr' id='par_1_82' title="bbox 1916 3543 3576 3617">
     <span class='ocr_line' id='line_1_82' title="bbox 1916 3543 3576 3617; baseline -0.001 -15"><span class='ocrx_word' id='word_1_547' title='bbox 1916 3548 2194 3602; x_wconf 81' lang='lat' dir='ltr'>sederunt</span> <span class='ocrx_word' id='word_1_548' title='bbox 2223 3546 2444 3600; x_wconf 62' lang='lat' dir='ltr'>Scriba’</span> <span class='ocrx_word' id='word_1_549' title='bbox 2474 3552 2526 3600; x_wconf 90' lang='lat' dir='ltr'>et</span> <span class='ocrx_word' id='word_1_550' title='bbox 2571 3546 2888 3613; x_wconf 64' lang='lat' dir='ltr'>Phariswi,</span> <span class='ocrx_word' id='word_1_551' title='bbox 2919 3544 2978 3599; x_wconf 89' lang='lat' dir='ltr'>id</span> <span class='ocrx_word' id='word_1_552' title='bbox 3010 3549 3120 3615; x_wconf 87' lang='lat' dir='ltr'>est,</span> <span class='ocrx_word' id='word_1_553' title='bbox 3153 3561 3332 3617; x_wconf 90' lang='lat' dir='ltr'>super</span> <span class='ocrx_word' id='word_1_554' title='bbox 3357 3543 3576 3600; x_wconf 90' lang='lat' dir='ltr'>doctri-</span> 
     </span>
    </p>
   </div>
   <div class='ocr_carea' id='block_1_83' title="bbox 1913 3631 3580 3704">
    <p class='ocr_par' dir='ltr' id='par_1_83' title="bbox 1913 3631 3580 3704">
     <span class='ocr_line' id='line_1_83' title="bbox 1913 3631 3580 3704; baseline -0.002 -15"><span class='ocrx_word' id='word_1_555' title='bbox 1913 3650 2058 3689; x_wconf 90' lang='lat' dir='ltr'>nam</span> <span class='ocrx_word' id='word_1_556' title='bbox 2087 3634 2234 3700; x_wconf 84' lang='lat' dir='ltr'>legis</span> <span class='ocrx_word' id='word_1_557' title='bbox 2263 3652 2274 3700; x_wconf 93' lang='lat'>;</span> <span class='ocrx_word' id='word_1_558' title='bbox 2308 3649 2568 3704; x_wconf 88' lang='lat' dir='ltr'>quorum</span> <span class='ocrx_word' id='word_1_559' title='bbox 2600 3633 2791 3698; x_wconf 90' lang='lat' dir='ltr'>dictis,</span> <span class='ocrx_word' id='word_1_560' title='bbox 2819 3632 3175 3704; x_wconf 86' lang='lat' dir='ltr'>posthabitis</span> <span class='ocrx_word' id='word_1_561' title='bbox 3203 3632 3391 3702; x_wconf 87' lang='lat' dir='ltr'>factis,</span> <span class='ocrx_word' id='word_1_562' title='bbox 3412 3631 3580 3688; x_wconf 87' lang='lat' dir='ltr'>audi-</span> 
     </span>
    </p>
   </div>
   <div class='ocr_carea' id='block_1_84' title="bbox 1913 3721 3580 3794">
    <p class='ocr_par' dir='ltr' id='par_1_84' title="bbox 1913 3721 3580 3794">
     <span class='ocr_line' id='line_1_84' title="bbox 1913 3721 3580 3794; baseline -0.001 -16"><span class='ocrx_word' id='word_1_563' title='bbox 1913 3728 2070 3778; x_wconf 87' lang='lat' dir='ltr'>tores</span> <span class='ocrx_word' id='word_1_564' title='bbox 2123 3723 2540 3794; x_wconf 87' lang='lat' dir='ltr'>obtempcrare</span> <span class='ocrx_word' id='word_1_565' title='bbox 2597 3721 2791 3791; x_wconf 90' lang='lat' dir='ltr'>jussit,</span> <span class='ocrx_word' id='word_1_566' title='bbox 2851 3738 2989 3776; x_wconf 91' lang='lat' dir='ltr'>cum</span> <span class='ocrx_word' id='word_1_567' title='bbox 3017 3721 3134 3776; x_wconf 89' lang='lat' dir='ltr'>ait:</span> <span class='ocrx_word' id='word_1_568' title='bbox 3185 3721 3580 3792; x_wconf 54' lang='lat' dir='ltr'>Quacumque</span> 
     </span>
    </p>
   </div>
   <div class='ocr_carea' id='block_1_85' title="bbox 1911 3809 3576 3882">
    <p class='ocr_par' dir='ltr' id='par_1_85' title="bbox 1911 3809 3576 3882">
     <span class='ocr_line' id='line_1_85' title="bbox 1911 3809 3576 3882; baseline -0.002 -15"><span class='ocrx_word' id='word_1_569' title='bbox 1911 3828 2052 3882; x_wconf 85' lang='lat' dir='ltr'>ergo</span> <span class='ocrx_word' id='word_1_570' title='bbox 2092 3812 2356 3866; x_wconf 69' lang='lat' dir='ltr'>dixerint</span> <span class='ocrx_word' id='word_1_571' title='bbox 2397 3810 2556 3865; x_wconf 81' lang='lat' dir='ltr'>vobis</span> <span class='ocrx_word' id='word_1_572' title='bbox 2607 3816 2839 3866; x_wconf 83' lang='lat' dir='ltr'>servate</span> <span class='ocrx_word' id='word_1_573' title='bbox 2897 3815 2950 3864; x_wconf 90' lang='lat' dir='ltr'>et</span> <span class='ocrx_word' id='word_1_574' title='bbox 2996 3811 3202 3879; x_wconf 76' lang='lat' dir='ltr'>facite,</span> <span class='ocrx_word' id='word_1_575' title='bbox 3253 3809 3576 3865; x_wconf 81' lang='lat' dir='ltr'>secundum</span> 
     </span>
    </p>
   </div>
   <div class='ocr_carea' id='block_1_86' title="bbox 1913 3898 3577 3970">
    <p class='ocr_par' dir='ltr' id='par_1_86' title="bbox 1913 3898 3577 3970">
     <span class='ocr_line' id='line_1_86' title="bbox 1913 3898 3577 3970; baseline -0.002 -13"><span class='ocrx_word' id='word_1_576' title='bbox 1913 3917 2050 3958; x_wconf 83' lang='lat' dir='ltr'>vero</span> <span class='ocrx_word' id='word_1_577' title='bbox 2098 3917 2280 3970; x_wconf 79' lang='lat' dir='ltr'>opera</span> <span class='ocrx_word' id='word_1_578' title='bbox 2328 3901 2575 3954; x_wconf 80' lang='lat' dir='ltr'>illorum</span> <span class='ocrx_word' id='word_1_579' title='bbox 2631 3900 2816 3956; x_wconf 77' lang='lat' dir='ltr'>nolite</span> <span class='ocrx_word' id='word_1_580' title='bbox 2843 3901 3065 3969; x_wconf 83' lang='lat' dir='ltr'>facere.</span> <span class='ocrx_word' id='word_1_581' title='bbox 3113 3898 3375 3954; x_wconf 60' lang='lat' dir='ltr'>Pharisre</span> <span class='ocrx_word' id='word_1_582' title='bbox 3413 3898 3577 3955; x_wconf 87' lang='lat' dir='ltr'>enim</span> 
     </span>
    </p>
   </div>
   <div class='ocr_carea' id='block_1_87' title="bbox 1912 3987 3578 4062">
    <p class='ocr_par' dir='ltr' id='par_1_87' title="bbox 1912 3987 3578 4062">
     <span class='ocr_line' id='line_1_87' title="bbox 1912 3987 3578 4062; baseline -0.001 -17"><span class='ocrx_word' id='word_1_583' title='bbox 1912 3990 2078 4062; x_wconf 90' lang='lat' dir='ltr'>quod</span> <span class='ocrx_word' id='word_1_584' title='bbox 2104 3989 2407 4045; x_wconf 89' lang='lat' dir='ltr'>docebant</span> <span class='ocrx_word' id='word_1_585' title='bbox 2435 3987 2608 4044; x_wconf 90' lang='lat' dir='ltr'>malis</span> <span class='ocrx_word' id='word_1_586' title='bbox 2640 3988 2924 4061; x_wconf 89' lang='lat' dir='ltr'>operibus</span> <span class='ocrx_word' id='word_1_587' title='bbox 2969 3987 3379 4059; x_wconf 88' lang='lat' dir='ltr'>destruebant,</span> <span class='ocrx_word' id='word_1_588' title='bbox 3409 3987 3578 4060; x_wconf 88' lang='lat' dir='ltr'>quod</span> 
     </span>
    </p>
   </div>
   <div class='ocr_carea' id='block_1_88' title="bbox 1914 4079 3580 4152">
    <p class='ocr_par' dir='ltr' id='par_1_88' title="bbox 1914 4079 3580 4152">
     <span class='ocr_line' id='line_1_88' title="bbox 1914 4079 3580 4152; baseline -0.001 -16"><span class='ocrx_word' id='word_1_589' title='bbox 1914 4081 2205 4136; x_wconf 90' lang='lat' dir='ltr'>Dominus</span> <span class='ocrx_word' id='word_1_590' title='bbox 2239 4080 2678 4152; x_wconf 88' lang='lat' dir='ltr'>subsequenter</span> <span class='ocrx_word' id='word_1_591' title='bbox 2708 4079 3018 4150; x_wconf 79' lang='lat' dir='ltr'>adjunxit:</span> <span class='ocrx_word' id='word_1_592' title='bbox 3065 4080 3288 4135; x_wconf 82' lang='lat' dir='ltr'>Dicunt</span> <span class='ocrx_word' id='word_1_593' title='bbox 3321 4079 3497 4148; x_wconf 71' lang='lat' dir='ltr'>enim,</span> <span class='ocrx_word' id='word_1_594' title='bbox 3525 4085 3580 4135; x_wconf 86' lang='lat' dir='ltr'>et</span> 
     </span>
    </p>
   </div>
   <div class='ocr_carea' id='block_1_89' title="bbox 1914 4167 3576 4240">
    <p class='ocr_par' dir='ltr' id='par_1_89' title="bbox 1914 4167 3576 4240">
     <span class='ocr_line' id='line_1_89' title="bbox 1914 4167 3576 4240; baseline -0.002 -14"><span class='ocrx_word' id='word_1_595' title='bbox 1914 4187 2035 4227; x_wconf 81' lang='lat' dir='ltr'>non</span> <span class='ocrx_word' id='word_1_596' title='bbox 2061 4171 2319 4240; x_wconf 81' lang='lat' dir='ltr'>faciunt.</span> <span class='ocrx_word' id='word_1_597' title='bbox 2354 4169 2520 4225; x_wconf 84' lang='lat' dir='ltr'>Tales</span> <span class='ocrx_word' id='word_1_598' title='bbox 2549 4173 2687 4225; x_wconf 89' lang='lat' dir='ltr'>sunt</span> <span class='ocrx_word' id='word_1_599' title='bbox 2734 4169 2918 4224; x_wconf 91' lang='lat' dir='ltr'>modo</span> <span class='ocrx_word' id='word_1_600' title='bbox 2947 4168 3008 4224; x_wconf 94' lang='lat' dir='ltr'>in</span> <span class='ocrx_word' id='word_1_601' title='bbox 3035 4168 3294 4225; x_wconf 82' lang='lat' dir='ltr'>Ecclesia</span> <span class='ocrx_word' id='word_1_602' title='bbox 3322 4167 3576 4240; x_wconf 86' lang='lat' dir='ltr'>epistoli,</span> 
     </span>
    </p>
   </div>
   <div class='ocr_carea' id='block_1_90' title="bbox 1913 4255 3578 4333">
    <p class='ocr_par' dir='ltr' id='par_1_90' title="bbox 1913 4255 3578 4333">
     <span class='ocr_line' id='line_1_90' title="bbox 1913 4255 3578 4333; baseline -0.002 -19"><span class='ocrx_word' id='word_1_603' title='bbox 1913 4259 2248 4333; x_wconf 84' lang='lat' dir='ltr'>presbyteri</span> <span class='ocrx_word' id='word_1_604' title='bbox 2296 4263 2353 4314; x_wconf 90' lang='lat' dir='ltr'>et</span> <span class='ocrx_word' id='word_1_605' title='bbox 2382 4258 2657 4326; x_wconf 89' lang='lat' dir='ltr'>abbates,</span> <span class='ocrx_word' id='word_1_606' title='bbox 2690 4257 2793 4330; x_wconf 88' lang='lat' dir='ltr'>qui</span> <span class='ocrx_word' id='word_1_607' title='bbox 2825 4257 2978 4314; x_wconf 87' lang='lat' dir='ltr'>bene</span> <span class='ocrx_word' id='word_1_608' title='bbox 3031 4258 3269 4327; x_wconf 88' lang='lat' dir='ltr'>docent,</span> <span class='ocrx_word' id='word_1_609' title='bbox 3314 4261 3371 4312; x_wconf 85' lang='lat' dir='ltr'>et</span> <span class='ocrx_word' id='word_1_610' title='bbox 3419 4255 3578 4312; x_wconf 82' lang='lat' dir='ltr'>male</span> 
     </span>
    </p>
   </div>
   <div class='ocr_carea' id='block_1_91' title="bbox 1914 4345 3574 4420">
    <p class='ocr_par' dir='ltr' id='par_1_91' title="bbox 1914 4345 3574 4420">
     <span class='ocr_line' id='line_1_91' title="bbox 1914 4345 3574 4420; baseline -0.002 -17"><span class='ocrx_word' id='word_1_611' title='bbox 1914 4349 2126 4404; x_wconf 87' lang='lat' dir='ltr'>vivunt</span> <span class='ocrx_word' id='word_1_612' title='bbox 2151 4367 2164 4415; x_wconf 91' lang='lat'>;</span> <span class='ocrx_word' id='word_1_613' title='bbox 2199 4349 2272 4403; x_wconf 90' lang='lat' dir='ltr'>de</span> <span class='ocrx_word' id='word_1_614' title='bbox 2304 4363 2564 4420; x_wconf 91' lang='lat' dir='ltr'>quorum</span> <span class='ocrx_word' id='word_1_615' title='bbox 2595 4361 2850 4402; x_wconf 89' lang='lat' dir='ltr'>numero</span> <span class='ocrx_word' id='word_1_616' title='bbox 2881 4351 2937 4401; x_wconf 91' lang='lat' dir='ltr'>et</span> <span class='ocrx_word' id='word_1_617' title='bbox 2983 4361 3080 4401; x_wconf 89' lang='lat' dir='ltr'>me</span> <span class='ocrx_word' id='word_1_618' title='bbox 3103 4361 3238 4400; x_wconf 89' lang='lat' dir='ltr'>esse</span> <span class='ocrx_word' id='word_1_619' title='bbox 3267 4345 3574 4400; x_wconf 74' lang='lat' dir='ltr'>confiteor.</span> 
     </span>
    </p>
   </div>
   <div class='ocr_carea' id='block_1_92' title="bbox 34 4433 1804 4542">
    <p class='ocr_par' dir='ltr' id='par_1_92' title="bbox 34 4433 1804 4523">
     <span class='ocr_line' id='line_1_92' title="bbox 34 4433 1804 4523; baseline 0.006 -28"><span class='ocrx_word' id='word_1_620' title='bbox 34 4451 57 4471; x_wconf 81' lang='lat'><strong><em>‘</em></strong></span> <span class='ocrx_word' id='word_1_621' title='bbox 129 4445 339 4512; x_wconf 88' lang='lat' dir='ltr'>trares,</span> <span class='ocrx_word' id='word_1_622' title='bbox 383 4451 634 4518; x_wconf 86' lang='lat' dir='ltr'>apparet</span> <span class='ocrx_word' id='word_1_623' title='bbox 682 4433 1053 4505; x_wconf 83' lang='lat' dir='ltr'>rationabilis</span> <span class='ocrx_word' id='word_1_624' title='bbox 1118 4433 1252 4506; x_wconf 59' lang='lat' dir='ltr'>tute</span> <span class='ocrx_word' id='word_1_625' title='bbox 1291 4452 1509 4506; x_wconf 78' lang='lat' dir='ltr'>animae</span> <span class='ocrx_word' id='word_1_626' title='bbox 1569 4457 1804 4523; x_wconf 88' lang='lat' dir='ltr'>partem</span> 
     </span>
    </p>
   </div>
   <div class='ocr_carea' id='block_1_93' title="bbox 1988 4433 3580 4542">
    <p class='ocr_par' dir='ltr' id='par_1_93' title="bbox 1993 4433 3580 4507">
     <span class='ocr_line' id='line_1_93' title="bbox 1993 4433 3580 4507; baseline -0.003 -16"><span class='ocrx_word' id='word_1_627' title='bbox 1993 4438 2033 4491; x_wconf 94' lang='lat' dir='ltr'>d</span> <span class='ocrx_word' id='word_1_628' title='bbox 2087 4441 2287 4493; x_wconf 87' lang='lat' dir='ltr'>tamen</span> <span class='ocrx_word' id='word_1_629' title='bbox 2342 4436 2486 4507; x_wconf 90' lang='lat' dir='ltr'>quia</span> <span class='ocrx_word' id='word_1_630' title='bbox 2541 4451 2720 4507; x_wconf 87' lang='lat' dir='ltr'>super</span> <span class='ocrx_word' id='word_1_631' title='bbox 2770 4435 3118 4490; x_wconf 83' lang='lat' dir='ltr'>cathedram</span> <span class='ocrx_word' id='word_1_632' title='bbox 3167 4433 3453 4490; x_wconf 66' lang='lat' dir='ltr'>doctrinae</span> <span class='ocrx_word' id='word_1_633' title='bbox 3519 4436 3580 4488; x_wconf 86' lang='lat' dir='ltr'>et</span> 
     </span>
    </p>
   </div>
   <div class='ocr_carea' id='block_1_94' title="bbox 34 4601 41 4624">
    <p class='ocr_par' dir='ltr' id='par_1_94' title="bbox 34 4601 41 4624">
     <span class='ocr_line' id='line_1_94' title="bbox 34 4601 41 4624; baseline 0 0"><span class='ocrx_word' id='word_1_634' title='bbox 34 4601 41 4624; x_wconf 74' lang='grc' dir='ltr'><strong>ι</strong></span> 
     </span>
    </p>
   </div>
   <div class='ocr_carea' id='block_1_95' title="bbox 129 4532 1803 4610">
    <p class='ocr_par' dir='ltr' id='par_1_95' title="bbox 129 4532 1803 4610">
     <span class='ocr_line' id='line_1_95' title="bbox 129 4532 1803 4610; baseline 0.004 -24"><span class='ocrx_word' id='word_1_635' title='bbox 129 4532 552 4588; x_wconf 89' lang='lat' dir='ltr'>miserabiliter</span> <span class='ocrx_word' id='word_1_636' title='bbox 581 4551 707 4590; x_wconf 89' lang='lat' dir='ltr'>esse</span> <span class='ocrx_word' id='word_1_637' title='bbox 739 4544 1106 4610; x_wconf 86' lang='lat' dir='ltr'>corruptam.</span> <span class='ocrx_word' id='word_1_638' title='bbox 1159 4540 1342 4594; x_wconf 89' lang='lat' dir='ltr'>Certis</span> <span class='ocrx_word' id='word_1_639' title='bbox 1378 4541 1538 4595; x_wconf 90' lang='lat' dir='ltr'>enim</span> <span class='ocrx_word' id='word_1_640' title='bbox 1561 4540 1803 4609; x_wconf 90' lang='lat' dir='ltr'>judiciis</span> 
     </span>
    </p>
   </div>
   <div class='ocr_carea' id='block_1_96' title="bbox 128 4619 1807 4700">
    <p class='ocr_par' dir='ltr' id='par_1_96' title="bbox 128 4619 1807 4700">
     <span class='ocr_line' id='line_1_96' title="bbox 128 4619 1807 4700; baseline 0.005 -26"><span class='ocrx_word' id='word_1_641' title='bbox 128 4619 256 4676; x_wconf 79' lang='lat' dir='ltr'>haec</span> <span class='ocrx_word' id='word_1_642' title='bbox 288 4622 407 4676; x_wconf 86' lang='lat' dir='ltr'>tria</span> <span class='ocrx_word' id='word_1_643' title='bbox 435 4621 497 4675; x_wconf 91' lang='lat' dir='ltr'>in</span> <span class='ocrx_word' id='word_1_644' title='bbox 530 4626 582 4677; x_wconf 91' lang='lat' dir='ltr'>te</span> <span class='ocrx_word' id='word_1_645' title='bbox 617 4628 936 4681; x_wconf 89' lang='lat' dir='ltr'>notantur:</span> <span class='ocrx_word' id='word_1_646' title='bbox 969 4627 1257 4699; x_wconf 89' lang='lat' dir='ltr'>superbia</span> <span class='ocrx_word' id='word_1_647' title='bbox 1297 4628 1589 4695; x_wconf 89' lang='lat' dir='ltr'>videlicet,</span> <span class='ocrx_word' id='word_1_648' title='bbox 1639 4627 1807 4700; x_wconf 87' lang='lat' dir='ltr'>quod</span> 
     </span>
    </p>
   </div>
   <div class='ocr_carea' id='block_1_97' title="bbox 134 4709 1804 4788">
    <p class='ocr_par' dir='ltr' id='par_1_97' title="bbox 134 4709 1804 4788">
     <span class='ocr_line' id='line_1_97' title="bbox 134 4709 1804 4788; baseline 0.004 -24"><span class='ocrx_word' id='word_1_649' title='bbox 134 4712 254 4765; x_wconf 84' lang='lat' dir='ltr'>tam</span> <span class='ocrx_word' id='word_1_650' title='bbox 290 4709 552 4780; x_wconf 89' lang='lat' dir='ltr'>superbe</span> <span class='ocrx_word' id='word_1_651' title='bbox 577 4712 1029 4786; x_wconf 89' lang='lat' dir='ltr'>archiepiscopo</span> <span class='ocrx_word' id='word_1_652' title='bbox 1045 4717 1394 4787; x_wconf 85' lang='lat' dir='ltr'>respondes;</span> <span class='ocrx_word' id='word_1_653' title='bbox 1417 4716 1804 4788; x_wconf 88' lang='lat' dir='ltr'>contemptio,</span> 
     </span>
    </p>
   </div>
   <div class='ocr_carea' id='block_1_98' title="bbox 133 4799 1807 4876">
    <p class='ocr_par' dir='ltr' id='par_1_98' title="bbox 133 4799 1807 4876">
     <span class='ocr_line' id='line_1_98' title="bbox 133 4799 1807 4876; baseline 0.002 -22"><span class='ocrx_word' id='word_1_654' title='bbox 133 4800 298 4868; x_wconf 85' lang='lat' dir='ltr'>quod</span> <span class='ocrx_word' id='word_1_655' title='bbox 336 4816 446 4854; x_wconf 91' lang='lat' dir='ltr'>sua</span> <span class='ocrx_word' id='word_1_656' title='bbox 474 4799 786 4856; x_wconf 90' lang='lat' dir='ltr'>interdicta</span> <span class='ocrx_word' id='word_1_657' title='bbox 834 4804 1242 4875; x_wconf 85' lang='lat' dir='ltr'>parvipendis,</span> <span class='ocrx_word' id='word_1_658' title='bbox 1283 4821 1442 4876; x_wconf 65' lang='lat' dir='ltr'>quae,</span> <span class='ocrx_word' id='word_1_659' title='bbox 1486 4805 1621 4859; x_wconf 88' lang='lat' dir='ltr'>licet</span> <span class='ocrx_word' id='word_1_660' title='bbox 1648 4804 1807 4873; x_wconf 90' lang='lat' dir='ltr'>inju-</span> 
     </span>
    </p>
   </div>
   <div class='ocr_carea' id='block_1_99' title="bbox 138 4889 1811 4965">
    <p class='ocr_par' dir='ltr' id='par_1_99' title="bbox 138 4889 1811 4965">
     <span class='ocr_line' id='line_1_99' title="bbox 138 4889 1811 4965; baseline 0.004 -24"><span class='ocrx_word' id='word_1_661' title='bbox 138 4891 244 4952; x_wconf 79' lang='lat' dir='ltr'>sta,</span> <span class='ocrx_word' id='word_1_662' title='bbox 281 4889 450 4961; x_wconf 89' lang='lat' dir='ltr'>quod</span> <span class='ocrx_word' id='word_1_663' title='bbox 473 4889 630 4944; x_wconf 90' lang='lat' dir='ltr'>absit</span> <span class='ocrx_word' id='word_1_664' title='bbox 656 4891 666 4944; x_wconf 74' lang='grc' dir='ltr'><strong>ε</strong></span> <span class='ocrx_word' id='word_1_665' title='bbox 700 4896 916 4959; x_wconf 88' lang='lat' dir='ltr'>essent,</span> <span class='ocrx_word' id='word_1_666' title='bbox 942 4896 1166 4961; x_wconf 89' lang='lat' dir='ltr'>tamen,</span> <span class='ocrx_word' id='word_1_667' title='bbox 1187 4893 1338 4948; x_wconf 89' lang='lat' dir='ltr'>sicut</span> <span class='ocrx_word' id='word_1_668' title='bbox 1368 4893 1643 4965; x_wconf 88' lang='lat' dir='ltr'>superius</span> <span class='ocrx_word' id='word_1_669' title='bbox 1673 4909 1811 4965; x_wconf 82' lang='lat' dir='ltr'>pro-</span> 
     </span>
    </p>
   </div>
   <div class='ocr_carea' id='block_1_100' title="bbox 51 4973 1809 5062">
    <p class='ocr_par' dir='ltr' id='par_1_100' title="bbox 51 4973 1809 5062">
     <span class='ocr_line' id='line_1_100' title="bbox 51 4973 1809 5062; baseline 0.006 -34"><span class='ocrx_word' id='word_1_670' title='bbox 51 5049 65 5062; x_wconf 35' lang='grc'><strong><em>⁵</em></strong></span> <span class='ocrx_word' id='word_1_671' title='bbox 139 4973 300 5042; x_wconf 88' lang='lat' dir='ltr'>bavi,</span> <span class='ocrx_word' id='word_1_672' title='bbox 331 4978 599 5035; x_wconf 89' lang='lat' dir='ltr'>timenda</span> <span class='ocrx_word' id='word_1_673' title='bbox 647 4979 748 5034; x_wconf 90' lang='lat' dir='ltr'>tibi</span> <span class='ocrx_word' id='word_1_674' title='bbox 791 4997 923 5035; x_wconf 90' lang='lat' dir='ltr'>esse</span> <span class='ocrx_word' id='word_1_675' title='bbox 975 4981 1363 5046; x_wconf 85' lang='lat' dir='ltr'>debuissent;</span> <span class='ocrx_word' id='word_1_676' title='bbox 1416 4982 1809 5054; x_wconf 65' lang='lat' dir='ltr'>prmsumptio</span> 
     </span>
    </p>
   </div>
   <div class='ocr_carea' id='block_1_101' title="bbox 137 5067 1808 5139">
    <p class='ocr_par' dir='ltr' id='par_1_101' title="bbox 137 5067 1808 5139">
     <span class='ocr_line' id='line_1_101' title="bbox 137 5067 1808 5139; baseline 0.002 -19"><span class='ocrx_word' id='word_1_677' title='bbox 137 5067 742 5138; x_wconf 81' lang='lat' dir='ltr'>quoque.quodjuste</span> <span class='ocrx_word' id='word_1_678' title='bbox 761 5085 838 5123; x_wconf 90' lang='lat' dir='ltr'>an</span> <span class='ocrx_word' id='word_1_679' title='bbox 861 5069 1081 5139; x_wconf 85' lang='lat' dir='ltr'>injuste</span> <span class='ocrx_word' id='word_1_680' title='bbox 1103 5069 1453 5124; x_wconf 86' lang='lat' dir='ltr'>interdictus</span> <span class='ocrx_word' id='word_1_681' title='bbox 1475 5070 1552 5125; x_wconf 91' lang='lat' dir='ltr'>ad</span> <span class='ocrx_word' id='word_1_682' title='bbox 1572 5085 1808 5125; x_wconf 88' lang='lat' dir='ltr'>sacram</span> 
     </span>
    </p>
   </div>
   <div class='ocr_carea' id='block_1_102' title="bbox 37 5152 1807 5230">
    <p class='ocr_par' dir='ltr' id='par_1_102' title="bbox 37 5152 1807 5230">
     <span class='ocr_line' id='line_1_102' title="bbox 37 5152 1807 5230; baseline 0.005 -25"><span class='ocrx_word' id='word_1_683' title='bbox 37 5202 53 5223; x_wconf 61' lang='grc'><em>,</em></span> <span class='ocrx_word' id='word_1_684' title='bbox 140 5152 599 5212; x_wconf 87' lang='lat' dir='ltr'>celebrationem</span> <span class='ocrx_word' id='word_1_685' title='bbox 643 5158 898 5213; x_wconf 89' lang='lat' dir='ltr'>accedis.</span> <span class='ocrx_word' id='word_1_686' title='bbox 951 5161 1219 5224; x_wconf 91' lang='lat' dir='ltr'>Quorum</span> <span class='ocrx_word' id='word_1_687' title='bbox 1250 5159 1428 5215; x_wconf 90' lang='lat' dir='ltr'>trium</span> <span class='ocrx_word' id='word_1_688' title='bbox 1457 5158 1684 5230; x_wconf 89' lang='lat' dir='ltr'>judicia</span> <span class='ocrx_word' id='word_1_689' title='bbox 1712 5174 1807 5214; x_wconf 89' lang='lat' dir='ltr'>ra-</span> 
     </span>
    </p>
   </div>
   <div class='ocr_carea' id='block_1_103' title="bbox 138 5240 1810 5321">
    <p class='ocr_par' dir='ltr' id='par_1_103' title="bbox 138 5240 1810 5321">
     <span class='ocr_line' id='line_1_103' title="bbox 138 5240 1810 5321; baseline 0.007 -27"><span class='ocrx_word' id='word_1_690' title='bbox 138 5240 506 5314; x_wconf 85' lang='lat' dir='ltr'>tionabilem,</span> <span class='ocrx_word' id='word_1_691' title='bbox 539 5251 604 5302; x_wconf 93' lang='lat' dir='ltr'>ut</span> <span class='ocrx_word' id='word_1_692' title='bbox 632 5248 776 5319; x_wconf 81' lang='lat' dir='ltr'>dixi,</span> <span class='ocrx_word' id='word_1_693' title='bbox 813 5248 1031 5304; x_wconf 74' lang='lat' dir='ltr'>animae</span> <span class='ocrx_word' id='word_1_694' title='bbox 1057 5254 1174 5304; x_wconf 78' lang='lat' dir='ltr'>tuae</span> <span class='ocrx_word' id='word_1_695' title='bbox 1206 5254 1440 5321; x_wconf 87' lang='lat' dir='ltr'>partem</span> <span class='ocrx_word' id='word_1_696' title='bbox 1474 5249 1810 5321; x_wconf 65' lang='lat' dir='ltr'>praedicant</span> 
     </span>
    </p>
   </div>
   <div class='ocr_carea' id='block_1_104' title="bbox 142 5335 1806 5412">
    <p class='ocr_par' dir='ltr' id='par_1_104' title="bbox 142 5335 1806 5412">
     <span class='ocr_line' id='line_1_104' title="bbox 142 5335 1806 5412; baseline 0.006 -28"><span class='ocrx_word' id='word_1_697' title='bbox 142 5344 270 5387; x_wconf 87' lang='lat' dir='ltr'>esse</span> <span class='ocrx_word' id='word_1_698' title='bbox 306 5335 598 5392; x_wconf 79' lang='lat' dir='ltr'>vitiatam.</span> <span class='ocrx_word' id='word_1_699' title='bbox 649 5338 896 5411; x_wconf 80' lang='lat' dir='ltr'>Reliqua</span> <span class='ocrx_word' id='word_1_700' title='bbox 936 5344 1138 5395; x_wconf 91' lang='lat' dir='ltr'>autem</span> <span class='ocrx_word' id='word_1_701' title='bbox 1171 5341 1218 5394; x_wconf 91' lang='lat' dir='ltr'>si</span> <span class='ocrx_word' id='word_1_702' title='bbox 1255 5357 1376 5412; x_wconf 87' lang='lat' dir='ltr'>qua</span> <span class='ocrx_word' id='word_1_703' title='bbox 1407 5341 1468 5394; x_wconf 89' lang='lat' dir='ltr'>in</span> <span class='ocrx_word' id='word_1_704' title='bbox 1497 5345 1548 5395; x_wconf 91' lang='lat' dir='ltr'>te</span> <span class='ocrx_word' id='word_1_705' title='bbox 1590 5339 1806 5409; x_wconf 83' lang='lat' dir='ltr'>germi-</span> 
     </span>
    </p>
   </div>
   <div class='ocr_carea' id='block_1_105' title="bbox 141 5425 1807 5502">
    <p class='ocr_par' dir='ltr' id='par_1_105' title="bbox 141 5425 1807 5502">
     <span class='ocr_line' id='line_1_105' title="bbox 141 5425 1807 5502; baseline 0.009 -29"><span class='ocrx_word' id='word_1_706' title='bbox 141 5425 287 5475; x_wconf 87' lang='lat' dir='ltr'>nant</span> <span class='ocrx_word' id='word_1_707' title='bbox 334 5426 454 5479; x_wconf 85' lang='lat' dir='ltr'>tute</span> <span class='ocrx_word' id='word_1_708' title='bbox 487 5425 612 5497; x_wconf 89' lang='lat' dir='ltr'>ipse</span> <span class='ocrx_word' id='word_1_709' title='bbox 659 5427 892 5483; x_wconf 89' lang='lat' dir='ltr'>videris.</span> <span class='ocrx_word' id='word_1_710' title='bbox 948 5433 1095 5484; x_wconf 84' lang='lat' dir='ltr'>Nam</span> <span class='ocrx_word' id='word_1_711' title='bbox 1123 5429 1266 5485; x_wconf 86' lang='lat' dir='ltr'>huic</span> <span class='ocrx_word' id='word_1_712' title='bbox 1298 5445 1409 5499; x_wconf 86' lang='lat' dir='ltr'>ego</span> <span class='ocrx_word' id='word_1_713' title='bbox 1437 5429 1589 5502; x_wconf 87' lang='lat' dir='ltr'>parti</span> <span class='ocrx_word' id='word_1_714' title='bbox 1620 5445 1807 5501; x_wconf 83' lang='lat' dir='ltr'>quam</span> 
     </span>
    </p>
   </div>
   <div class='ocr_carea' id='block_1_106' title="bbox 145 5510 1809 5591">
    <p class='ocr_par' dir='ltr' id='par_1_106' title="bbox 145 5510 1809 5591">
     <span class='ocr_line' id='line_1_106' title="bbox 145 5510 1809 5591; baseline 0.006 -27"><span class='ocrx_word' id='word_1_715' title='bbox 145 5510 264 5564; x_wconf 76' lang='lat' dir='ltr'>tam</span> <span class='ocrx_word' id='word_1_716' title='bbox 291 5511 620 5570; x_wconf 87' lang='lat' dir='ltr'>horibiliter</span> <span class='ocrx_word' id='word_1_717' title='bbox 642 5524 986 5590; x_wconf 88' lang='lat' dir='ltr'>corruptam</span> <span class='ocrx_word' id='word_1_718' title='bbox 1011 5519 1511 5591; x_wconf 89' lang='lat' dir='ltr'>cerno,quiddam</span> <span class='ocrx_word' id='word_1_719' title='bbox 1535 5535 1606 5574; x_wconf 76' lang='lat' dir='ltr'>ex</span> <span class='ocrx_word' id='word_1_720' title='bbox 1639 5535 1809 5574; x_wconf 88' lang='lat' dir='ltr'>sanc-</span> 
     </span>
    </p>
   </div>
   <div class='ocr_carea' id='block_1_107' title="bbox 37 5598 1808 5679">
    <p class='ocr_par' dir='ltr' id='par_1_107' title="bbox 37 5598 1808 5679">
     <span class='ocr_line' id='line_1_107' title="bbox 37 5598 1808 5679; baseline 0.008 -31"><span class='ocrx_word' id='word_1_721' title='bbox 37 5645 71 5661; x_wconf 63' lang='grc'><em>,,</em></span> <span class='ocrx_word' id='word_1_722' title='bbox 143 5598 339 5654; x_wconf 88' lang='lat' dir='ltr'>torum</span> <span class='ocrx_word' id='word_1_723' title='bbox 359 5603 599 5658; x_wconf 90' lang='lat' dir='ltr'>Patrum</span> <span class='ocrx_word' id='word_1_724' title='bbox 623 5607 1093 5678; x_wconf 88' lang='lat' dir='ltr'>coemptis,sicut</span> <span class='ocrx_word' id='word_1_725' title='bbox 1125 5608 1424 5679; x_wconf 87' lang='lat' dir='ltr'>pollicitus</span> <span class='ocrx_word' id='word_1_726' title='bbox 1447 5608 1808 5674; x_wconf 87' lang='lat' dir='ltr'>sum,mcde-</span> 
     </span>
    </p>
   </div>
   <div class='ocr_carea' id='block_1_108' title="bbox 146 5681 1804 5770">
    <p class='ocr_par' dir='ltr' id='par_1_108' title="bbox 146 5681 1804 5770">
     <span class='ocr_line' id='line_1_108' title="bbox 146 5681 1804 5770; baseline 0.009 -33"><span class='ocrx_word' id='word_1_727' title='bbox 146 5681 214 5738; x_wconf 91' lang='lat' dir='ltr'>lis</span> <span class='ocrx_word' id='word_1_728' title='bbox 243 5704 368 5760; x_wconf 90' lang='lat' dir='ltr'>quo</span> <span class='ocrx_word' id='word_1_729' title='bbox 397 5695 689 5749; x_wconf 89' lang='lat' dir='ltr'>revoceris</span> <span class='ocrx_word' id='word_1_730' title='bbox 720 5695 800 5750; x_wconf 90' lang='lat' dir='ltr'>ad</span> <span class='ocrx_word' id='word_1_731' title='bbox 850 5696 1102 5752; x_wconf 89' lang='lat' dir='ltr'>salutem</span> <span class='ocrx_word' id='word_1_732' title='bbox 1131 5698 1495 5770; x_wconf 88' lang='lat' dir='ltr'>procurabo.</span> <span class='ocrx_word' id='word_1_733' title='bbox 1537 5699 1650 5752; x_wconf 86' lang='lat' dir='ltr'>Sed</span> <span class='ocrx_word' id='word_1_734' title='bbox 1677 5698 1804 5752; x_wconf 70' lang='lat' dir='ltr'>haec</span> 
     </span>
    </p>
   </div>
   <div class='ocr_carea' id='block_1_109' title="bbox 147 5781 1800 5859">
    <p class='ocr_par' dir='ltr' id='par_1_109' title="bbox 147 5781 1800 5859">
     <span class='ocr_line' id='line_1_109' title="bbox 147 5781 1800 5859; baseline 0.004 -26"><span class='ocrx_word' id='word_1_735' title='bbox 147 5781 487 5843; x_wconf 78' lang='lat' dir='ltr'>procuratio</span> <span class='ocrx_word' id='word_1_736' title='bbox 516 5783 600 5838; x_wconf 88' lang='lat' dir='ltr'>nil</span> <span class='ocrx_word' id='word_1_737' title='bbox 656 5783 761 5839; x_wconf 83' lang='lat' dir='ltr'>tibi</span> <span class='ocrx_word' id='word_1_738' title='bbox 786 5785 1067 5855; x_wconf 88' lang='lat' dir='ltr'>proderit,</span> <span class='ocrx_word' id='word_1_739' title='bbox 1115 5787 1164 5841; x_wconf 89' lang='lat' dir='ltr'>si</span> <span class='ocrx_word' id='word_1_740' title='bbox 1201 5787 1369 5858; x_wconf 87' lang='lat' dir='ltr'>prius</span> <span class='ocrx_word' id='word_1_741' title='bbox 1417 5787 1650 5842; x_wconf 82' lang='lat' dir='ltr'>vulneri</span> <span class='ocrx_word' id='word_1_742' title='bbox 1677 5803 1800 5859; x_wconf 89' lang='lat' dir='ltr'>quo</span> 
     </span>
    </p>
   </div>
   <div class='ocr_carea' id='block_1_110' title="bbox 1915 4521 3578 4599">
    <p class='ocr_par' dir='ltr' id='par_1_110' title="bbox 1915 4521 3578 4599">
     <span class='ocr_line' id='line_1_110' title="bbox 1915 4521 3578 4599; baseline -0.003 -18"><span class='ocrx_word' id='word_1_743' title='bbox 1915 4525 2300 4599; x_wconf 65' lang='lat' dir='ltr'>przelationis,</span> <span class='ocrx_word' id='word_1_744' title='bbox 2321 4524 2456 4579; x_wconf 88' lang='lat' dir='ltr'>licet</span> <span class='ocrx_word' id='word_1_745' title='bbox 2502 4523 2786 4591; x_wconf 89' lang='lat' dir='ltr'>indignus</span> <span class='ocrx_word' id='word_1_746' title='bbox 2815 4527 2873 4578; x_wconf 89' lang='lat' dir='ltr'>et</span> <span class='ocrx_word' id='word_1_747' title='bbox 2918 4523 3249 4594; x_wconf 87' lang='lat' dir='ltr'>imperitus,</span> <span class='ocrx_word' id='word_1_748' title='bbox 3275 4538 3387 4577; x_wconf 90' lang='lat' dir='ltr'>nec</span> <span class='ocrx_word' id='word_1_749' title='bbox 3417 4521 3578 4577; x_wconf 75' lang='lat' dir='ltr'>dicta.</span> 
     </span>
    </p>
   </div>
   <div class='ocr_carea' id='block_1_111' title="bbox 1916 4609 3577 4684">
    <p class='ocr_par' dir='ltr' id='par_1_111' title="bbox 1916 4609 3577 4684">
     <span class='ocr_line' id='line_1_111' title="bbox 1916 4609 3577 4684; baseline -0.003 -15"><span class='ocrx_word' id='word_1_750' title='bbox 1916 4614 2083 4670; x_wconf 89' lang='lat' dir='ltr'>factis</span> <span class='ocrx_word' id='word_1_751' title='bbox 2142 4628 2567 4684; x_wconf 89' lang='lat' dir='ltr'>compensans,</span> <span class='ocrx_word' id='word_1_752' title='bbox 2627 4611 2828 4677; x_wconf 89' lang='lat' dir='ltr'>sedeo,</span> <span class='ocrx_word' id='word_1_753' title='bbox 2865 4627 2912 4665; x_wconf 75' lang='grc' dir='ltr'>ει</span> <span class='ocrx_word' id='word_1_754' title='bbox 2940 4611 3084 4682; x_wconf 89' lang='lat' dir='ltr'>quid</span> <span class='ocrx_word' id='word_1_755' title='bbox 3133 4610 3277 4666; x_wconf 90' lang='lat' dir='ltr'>boni</span> <span class='ocrx_word' id='word_1_756' title='bbox 3322 4626 3359 4666; x_wconf 91' lang='lat' dir='ltr'>a</span> <span class='ocrx_word' id='word_1_757' title='bbox 3388 4626 3485 4665; x_wconf 91' lang='lat' dir='ltr'>me</span> <span class='ocrx_word' id='word_1_758' title='bbox 3515 4609 3577 4665; x_wconf 91' lang='lat' dir='ltr'>in</span> 
     </span>
    </p>
   </div>
   <div class='ocr_carea' id='block_1_112' title="bbox 1916 4699 3572 4773">
    <p class='ocr_par' dir='ltr' id='par_1_112' title="bbox 1916 4699 3572 4773">
     <span class='ocr_line' id='line_1_112' title="bbox 1916 4699 3572 4773; baseline -0.003 -14"><span class='ocrx_word' id='word_1_759' title='bbox 1916 4704 2017 4759; x_wconf 88' lang='lat' dir='ltr'>illa</span> <span class='ocrx_word' id='word_1_760' title='bbox 2053 4702 2342 4759; x_wconf 85' lang='lat' dir='ltr'>cathedra</span> <span class='ocrx_word' id='word_1_761' title='bbox 2373 4701 2613 4757; x_wconf 87' lang='lat' dir='ltr'>sedente</span> <span class='ocrx_word' id='word_1_762' title='bbox 2666 4705 3035 4773; x_wconf 67' lang='lat' dir='ltr'>praeceptum</span> <span class='ocrx_word' id='word_1_763' title='bbox 3089 4700 3193 4756; x_wconf 89' lang='lat' dir='ltr'>tibi</span> <span class='ocrx_word' id='word_1_764' title='bbox 3233 4699 3428 4767; x_wconf 87' lang='lat' dir='ltr'>fuerit,</span> <span class='ocrx_word' id='word_1_765' title='bbox 3458 4702 3572 4755; x_wconf 90' lang='lat' dir='ltr'>Do-</span> 
     </span>
    </p>
   </div>
   <div class='ocr_carea' id='block_1_113' title="bbox 1916 4788 3575 4859">
    <p class='ocr_par' dir='ltr' id='par_1_113' title="bbox 1916 4788 3575 4859">
     <span class='ocr_line' id='line_1_113' title="bbox 1916 4788 3575 4859; baseline -0.002 -11"><span class='ocrx_word' id='word_1_766' title='bbox 1916 4792 2159 4859; x_wconf 89' lang='lat' dir='ltr'>minica,</span> <span class='ocrx_word' id='word_1_767' title='bbox 2197 4797 2260 4846; x_wconf 89' lang='lat' dir='ltr'>ut</span> <span class='ocrx_word' id='word_1_768' title='bbox 2289 4790 2482 4856; x_wconf 87' lang='lat' dir='ltr'>audis,</span> <span class='ocrx_word' id='word_1_769' title='bbox 2516 4789 2925 4845; x_wconf 87' lang='lat' dir='ltr'>admonitione</span> <span class='ocrx_word' id='word_1_770' title='bbox 2959 4790 3280 4846; x_wconf 86' lang='lat' dir='ltr'>observare</span> <span class='ocrx_word' id='word_1_771' title='bbox 3305 4788 3575 4846; x_wconf 85' lang='lat' dir='ltr'>debebis.</span> 
     </span>
    </p>
   </div>
   <div class='ocr_carea' id='block_1_114' title="bbox 1919 4877 3580 4953">
    <p class='ocr_par' dir='ltr' id='par_1_114' title="bbox 1919 4877 3580 4953">
     <span class='ocr_line' id='line_1_114' title="bbox 1919 4877 3580 4953; baseline -0.003 -16"><span class='ocrx_word' id='word_1_772' title='bbox 1919 4882 2090 4947; x_wconf 88' lang='lat' dir='ltr'>Quod</span> <span class='ocrx_word' id='word_1_773' title='bbox 2115 4881 2163 4935; x_wconf 93' lang='lat' dir='ltr'>si</span> <span class='ocrx_word' id='word_1_774' title='bbox 2193 4880 2542 4951; x_wconf 84' lang='lat' dir='ltr'>neglexeris,</span> <span class='ocrx_word' id='word_1_775' title='bbox 2578 4878 2900 4935; x_wconf 89' lang='lat' dir='ltr'>Dominicis</span> <span class='ocrx_word' id='word_1_776' title='bbox 2938 4877 3250 4953; x_wconf 67' lang='lat' dir='ltr'>praeceptis</span> <span class='ocrx_word' id='word_1_777' title='bbox 3280 4877 3580 4950; x_wconf 89' lang='lat' dir='ltr'>apertissi-</span> 
     </span>
    </p>
   </div>
   <div class='ocr_carea' id='block_1_115' title="bbox 1918 4969 2580 5026">
    <p class='ocr_par' dir='ltr' id='par_1_115' title="bbox 1918 4969 2580 5026">
     <span class='ocr_line' id='line_1_115' title="bbox 1918 4969 2580 5026; baseline -0.005 0"><span class='ocrx_word' id='word_1_778' title='bbox 1918 4988 2015 5026; x_wconf 90' lang='lat' dir='ltr'>me</span> <span class='ocrx_word' id='word_1_779' title='bbox 2047 4969 2388 5026; x_wconf 88' lang='lat' dir='ltr'>contraibis.</span> <span class='ocrx_word' id='word_1_780' title='bbox 2423 4969 2580 5024; x_wconf 90' lang='lat' dir='ltr'>Vale.</span> 
     </span>
    </p>
   </div>
   <div class='ocr_carea' id='block_1_116' title="bbox 2243 5057 3260 5128">
    <p class='ocr_par' dir='ltr' id='par_1_116' title="bbox 2243 5057 3260 5128">
     <span class='ocr_line' id='line_1_116' title="bbox 2243 5057 3260 5128; baseline 0 -15"><span class='ocrx_word' id='word_1_781' title='bbox 2243 5060 2579 5116; x_wconf 82' lang='lat' dir='ltr'>EPISTOLA</span> <span class='ocrx_word' id='word_1_782' title='bbox 2619 5059 2794 5113; x_wconf 83' lang='lat' dir='ltr'>cxxu</span> <span class='ocrx_word' id='word_1_783' title='bbox 2823 5057 2986 5128; x_wconf 78' lang='lat' dir='ltr'>[olim</span> <span class='ocrx_word' id='word_1_784' title='bbox 3013 5059 3260 5128; x_wconf 75' lang='lat' dir='ltr'>cxvnn.</span> 
     </span>
    </p>
   </div>
   <div class='ocr_carea' id='block_1_117' title="bbox 2544 5147 2953 5219">
    <p class='ocr_par' dir='ltr' id='par_1_117' title="bbox 2544 5147 2953 5219">
     <span class='ocr_line' id='line_1_117' title="bbox 2544 5147 2953 5219; baseline -0.002 -16"><span class='ocrx_word' id='word_1_785' title='bbox 2544 5149 2739 5219; x_wconf 77' lang='lat' dir='ltr'>(Anno</span> <span class='ocrx_word' id='word_1_786' title='bbox 2774 5147 2953 5213; x_wconf 74' lang='grc'>1014).</span> 
     </span>
    </p>
   </div>
   <div class='ocr_carea' id='block_1_118' title="bbox 1917 5235 3574 5308">
    <p class='ocr_par' dir='ltr' id='par_1_118' title="bbox 1917 5235 3574 5308">
     <span class='ocr_line' id='line_1_118' title="bbox 1917 5235 3574 5308; baseline 0.001 -14"><span class='ocrx_word' id='word_1_787' title='bbox 1917 5238 2422 5307; x_wconf 77' lang='lat' dir='ltr'>Guillelmi,duczs</span> <span class='ocrx_word' id='word_1_788' title='bbox 2437 5237 2892 5308; x_wconf 76' lang='lat' dir='ltr'>Aquitaniw,ad</span> <span class='ocrx_word' id='word_1_789' title='bbox 2911 5235 3257 5292; x_wconf 75' lang='lat' dir='ltr'>Arz’bertum</span> <span class='ocrx_word' id='word_1_790' title='bbox 3281 5236 3574 5295; x_wconf 79' lang='lat' dir='ltr'>abbatem.</span> 
     </span>
    </p>
   </div>
   <div class='ocr_carea' id='block_1_119' title="bbox 2337 5325 3167 5398">
    <p class='ocr_par' dir='ltr' id='par_1_119' title="bbox 2337 5325 3167 5398">
     <span class='ocr_line' id='line_1_119' title="bbox 2337 5325 3167 5398; baseline -0.001 -17"><span class='ocrx_word' id='word_1_791' title='bbox 2337 5327 2497 5398; x_wconf 88' lang='lat' dir='ltr'>(Vide</span> <span class='ocrx_word' id='word_1_792' title='bbox 2529 5325 2682 5381; x_wconf 88' lang='lat' dir='ltr'>infra</span> <span class='ocrx_word' id='word_1_793' title='bbox 2710 5327 2774 5380; x_wconf 83' lang='lat' dir='ltr'>in</span> <span class='ocrx_word' id='word_1_794' title='bbox 2803 5326 3167 5398; x_wconf 71' lang='lat' dir='ltr'>GlTILLELMO.)</span> 
     </span>
    </p>
   </div>
   <div class='ocr_carea' id='block_1_120' title="bbox 2165 5423 3327 5496">
    <p class='ocr_par' dir='ltr' id='par_1_120' title="bbox 2165 5423 3327 5496">
     <span class='ocr_line' id='line_1_120' title="bbox 2165 5423 3327 5496; baseline 0 -16"><span class='ocrx_word' id='word_1_795' title='bbox 2165 5427 2502 5482; x_wconf 80' lang='lat' dir='ltr'>EPISTOLA</span> <span class='ocrx_word' id='word_1_796' title='bbox 2532 5425 2730 5478; x_wconf 73' lang='lat' dir='ltr'><strong>CXXIII</strong></span> <span class='ocrx_word' id='word_1_797' title='bbox 2765 5423 2930 5493; x_wconf 79' lang='lat' dir='ltr'>[olim</span> <span class='ocrx_word' id='word_1_798' title='bbox 2963 5427 3167 5480; x_wconf 81' lang='lat' dir='ltr'>CXVIII</span> <span class='ocrx_word' id='word_1_799' title='bbox 3199 5426 3327 5496; x_wconf 78' lang='lat' dir='ltr'>bis].</span> 
     </span>
    </p>
   </div>
   <div class='ocr_carea' id='block_1_121' title="bbox 1915 5512 3582 5585">
    <p class='ocr_par' dir='ltr' id='par_1_121' title="bbox 1915 5512 3582 5585">
     <span class='ocr_line' id='line_1_121' title="bbox 1915 5512 3582 5585; baseline 0.001 -16"><span class='ocrx_word' id='word_1_800' title='bbox 1915 5517 2140 5573; x_wconf 83' lang='lat' dir='ltr'>Sancto</span> <span class='ocrx_word' id='word_1_801' title='bbox 2167 5521 2221 5571; x_wconf 87' lang='lat' dir='ltr'>et</span> <span class='ocrx_word' id='word_1_802' title='bbox 2253 5514 2583 5570; x_wconf 76' lang='lat' dir='ltr'>venerabili</span> <span class='ocrx_word' id='word_1_803' title='bbox 2628 5512 3150 5583; x_wconf 78' lang='lat' dir='ltr'>Andegavensium</span> <span class='ocrx_word' id='word_1_804' title='bbox 3192 5517 3464 5585; x_wconf 82' lang='lat' dir='ltr'>episeopo</span> <span class='ocrx_word' id='word_1_805' title='bbox 3494 5520 3582 5584; x_wconf 84' lang='lat' dir='ltr'>N.,</span> 
     </span>
    </p>
   </div>
   <div class='ocr_carea' id='block_1_122' title="bbox 1992 5605 3584 5676">
    <p class='ocr_par' dir='ltr' id='par_1_122' title="bbox 1992 5605 3584 5676">
     <span class='ocr_line' id='line_1_122' title="bbox 1992 5605 3584 5676; baseline 0.001 -15"><span class='ocrx_word' id='word_1_806' title='bbox 1992 5605 2603 5674; x_wconf 72' lang='lat' dir='ltr'>lseueenrrs,humilis</span> <span class='ocrx_word' id='word_1_807' title='bbox 2634 5605 3024 5661; x_wconf 79' lang='lat' dir='ltr'>Pictavorum</span> <span class='ocrx_word' id='word_1_808' title='bbox 3043 5606 3340 5672; x_wconf 83' lang='lat' dir='ltr'>sacerdos,</span> <span class='ocrx_word' id='word_1_809' title='bbox 3365 5609 3584 5676; x_wconf 76' lang='lat' dir='ltr'>suffra-</span> 
     </span>
    </p>
   </div>
   <div class='ocr_carea' id='block_1_123' title="bbox 1986 5693 3280 5766">
    <p class='ocr_par' dir='ltr' id='par_1_123' title="bbox 1986 5693 3280 5766">
     <span class='ocr_line' id='line_1_123' title="bbox 1986 5693 3280 5766; baseline -0.004 -15"><span class='ocrx_word' id='word_1_810' title='bbox 1986 5698 2149 5766; x_wconf 78' lang='lat' dir='ltr'>gium</span> <span class='ocrx_word' id='word_1_811' title='bbox 2181 5695 2470 5750; x_wconf 78' lang='lat' dir='ltr'>orationis</span> <span class='ocrx_word' id='word_1_812' title='bbox 2501 5697 2554 5749; x_wconf 91' lang='lat' dir='ltr'>et</span> <span class='ocrx_word' id='word_1_813' title='bbox 2578 5693 2890 5761; x_wconf 79' lang='lat' dir='ltr'>ﬁdetitatis</span> <span class='ocrx_word' id='word_1_814' title='bbox 2915 5695 3280 5765; x_wconf 73' lang='lat' dir='ltr'>obsequium.</span> 
     </span>
    </p>
   </div>
   <div class='ocr_carea' id='block_1_124' title="bbox 1991 5781 3585 5841">
    <p class='ocr_par' dir='ltr' id='par_1_124' title="bbox 1991 5781 3585 5841">
     <span class='ocr_line' id='line_1_124' title="bbox 1991 5781 3585 5841; baseline -0.003 -1"><span class='ocrx_word' id='word_1_815' title='bbox 1991 5788 2142 5841; x_wconf 86' lang='lat' dir='ltr'>Cum</span> <span class='ocrx_word' id='word_1_816' title='bbox 2169 5782 2318 5839; x_wconf 85' lang='lat' dir='ltr'>mihi</span> <span class='ocrx_word' id='word_1_817' title='bbox 2336 5785 2622 5838; x_wconf 85' lang='lat' dir='ltr'>constans</span> <span class='ocrx_word' id='word_1_818' title='bbox 2652 5781 2985 5838; x_wconf 87' lang='lat' dir='ltr'>dilectionis</span> <span class='ocrx_word' id='word_1_819' title='bbox 3004 5787 3214 5838; x_wconf 84' lang='lat' dir='ltr'>vestrae</span> <span class='ocrx_word' id='word_1_820' title='bbox 3247 5783 3320 5838; x_wconf 91' lang='lat' dir='ltr'>sit</span> <span class='ocrx_word' id='word_1_821' title='bbox 3345 5782 3585 5838; x_wconf 85' lang='lat' dir='ltr'>habitus</span> 
     </span>
    </p>
   </div>
   <div class='ocr_carea' id='block_1_125' title="bbox 3630 3353 3656 3371">
    <p class='ocr_par' dir='ltr' id='par_1_125' title="bbox 3630 3353 3656 3371">
     <span class='ocr_line' id='line_1_125' title="bbox 3630 3353 3656 3371; baseline 0 0"><span class='ocrx_word' id='word_1_822' title='bbox 3630 3353 3656 3371; x_wconf 67' lang='grc' dir='ltr'><em>ο</em></span> 
     </span>
    </p>
   </div>
  </div>
