3904 6374
450 303 545 354 271
1496 286 1551 339 S.
1605 280 1939 339 FULBERTI
1985 274 2461 333 CARNOTENSIS
2510 271 2818 332 EPISCOPI
3774 267 3872 319 272

447 437 520 478 eo
548 417 744 489 magis
793 412 1140 487 gauderem,
1196 407 1415 483 praesul
1469 406 1715 479 optime,
1772 418 1895 478 quo
1932 398 2103 456 vobis
2139 402 2187 455 A
2217 397 2497 489 gaudere,
2554 397 2760 472 aliquo
2811 393 2992 451 vestri
3028 389 3417 450 incommodo
3466 387 3663 488 obiter
3702 387 3873 445 vobis

449 475 689 582 saepius”
719 475 1012 579 placitura
1059 475 1337 555 facerem.
1372 475 1607 553 Noverit
1644 475 2104 582 ergofserenitas
2210 485 2374 542 illato
2400 485 2749 543 turbamur:
2800 482 2968 557 quod
2998 482 3047 537 si
3073 480 3386 546 accideret,
3417 475 3634 535 laetitiae
3666 481 3873 534 vestrae

445 576 646 654 vestra
689 576 853 667 q—uod
884 587 1275 646 libentissime
1312 585 1579 641 venirem
1628 582 1708 639 ad
1749 576 2103 655 pretiosissi-

447 703 613 743 mam
642 665 1033 740 dedicationis
1065 675 1270 749 templi
1299 674 1479 731 vestri
1508 671 1967 735 solemnitatem,
1990 665 2105 723 nisi

446 776 733 833 detineret
757 786 853 827 me
895 783 1079 824 causa
1122 763 1510 836 hujusmodi:
1560 761 1851 818 Dominus
1903 759 2104 813 noster

447 863 790 922 Guillelmus
811 873 1034 927 comes,
1065 855 1270 911 habito
1297 851 1545 909 consilio
1572 866 1712 907 cum
1738 846 1914 914 Italis,
1946 860 2100 918 prae-

443 953 598 1028 cepit
651 948 818 1020 mihi,
850 951 908 1004 et
963 942 1228 1002 Dominis
1254 942 1405 999 meis
1466 939 1642 996 lsloni
1689 942 1868 1010 atque
1902 933 2100 991 Robos

443 1040 832 1117 coepiscopis,
884 1052 994 1092 sua
1021 1032 1303 1107 quaedam
1363 1030 1517 1087 seria
1561 1041 1907 1102 procurare,
1963 1038 2099 1096 qua:

440 1114 779 1189 nullatenus
804 1130 942 1182 sunt
961 1122 1133 1179 nobis
1164 1118 1607 1195 postponenda.
1636 1117 1758 1173 Hac
1785 1114 1860 1170 de
1890 1126 2097 1178 causa,

438 1219 581 1294 quia
611 1215 959 1275 charitatem
1009 1215 1268 1266 vestram
1320 1207 1601 1263 invitatus
1634 1203 1798 1261 adire
1839 1215 2097 1273 nequeo,

440 1287 564 1366 non
592 1320 808 1382 parum
839 1302 1112 1359 animum
1136 1313 1341 1355 meum
1370 1294 1684 1369 occupavit
1724 1287 2094 1362 aegritudinis

440 1397 689 1455 affectus
717 1411 731 1450 :
766 1390 870 1448 sed
922 1391 1035 1446 hoc
1064 1385 1424 1455 consolator,
1483 1383 1626 1456 quia
1659 1396 1835 1455 spero
1865 1394 1961 1435 me
1988 1391 2097 1451 per

441 1486 542 1544 Dei
588 1482 843 1554 gratiam
891 1478 1038 1535 alias
1068 1474 1278 1532 ofﬁciis
1305 1472 1513 1530 vestris
1557 1470 1829 1527 alacriter
1853 1466 2093 1524 adfutu-

438 1592 594 1634 rum.
628 1572 822 1629 Valete
844 1583 1049 1625 coram
1080 1568 1198 1622 Deo
1224 1563 1285 1619 in
1314 1562 1563 1619 sanitate
1594 1558 1914 1628 condigna.

775 1685 1107 1743 emerem
1147 1682 1343 1738 cxxw
1371 1679 1533 1751 [olim
1565 1676 1759 1746 CXIX].

441 1775 750 1836 Guillelmi
767 1774 936 1831 ducis
958 1769 1252 1842 Aquitani
1271 1768 1352 1823 ad
1380 1768 1632 1821 Leonem
1668 1759 2094 1818 Vercellensem
2134 1753 2174 1806 Β

1084 1859 1443 1928 episcopum.

856 1949 1015 2022 (Vide
1040 1947 1194 2003 infra
1224 1946 1286 2002 in
1311 1942 1671 2013 ϐιτιιιεωιο).

783 2064 1125 2123 EPISTOLA
1164 2062 1336 2119 CXXV
1376 2059 1534 2129 [olim
1578 2055 1747 2126 CXX].

439 2158 688 2215 Domino
717 2170 822 2211 suo
848 2151 1196 2209 charissima
1238 2151 1554 2204 FL’LBERTI'S
1586 2141 1843 2212 praesuli
1880 2140 1942 2193 Il.
1977 2152 2093 2192 om-

768 2242 932 2298 nium
960 2237 1421 2308 expetendorum
1451 2246 1763 2287 summam.

514 2331 682 2400 Quod
716 2334 850 2387 ante
876 2325 1209 2384 vindemias
1238 2339 1361 2379 non
1389 2324 1584 2378 reviso
1614 2334 1746 2385 vos,
1786 2319 1976 2381 Pater,
2007 2312 2091 2368 di-

439 2420 776 2481 lectissimis
809 2415 1003 2474 fratris
1056 2417 1114 2471 Β.
1147 2412 1396 2470 morbus
1421 2426 1517 2466 me
1544 2406 1785 2474 detinet,
1813 2419 1951 2459 cum
1983 2418 2091 2476 op-

439 2515 767 2587 portunum
821 2506 1015 2577 fuerit,
1047 2505 1345 2560 annuente
1404 2502 1543 2570 Deo,
1595 2492 1983 2552 libentissime
2032 2490 2093 2546 id

440 2581 735 2660 acturum.
768 2595 996 2671 Scripto
1021 2597 1218 2650 vestro
1252 2588 1486 2646 interim
1518 2601 1724 2660 quaeso
1752 2581 1900 2640 mihi
1926 2581 2094 2637 inno-

444 2696 663 2750 tescere
692 2668 1002 2763 quomodo
1054 2698 1157 2739 vos
1187 2676 1396 2750 agatis,
1428 2681 1484 2732 et
1514 2673 1769 2749 qualiter
1798 2668 2090 2728 condisci-

440 2780 567 2855 puli
597 2759 806 2835 mei‘se
831 2777 1039 2846 gerant
1061 2771 1122 2827 in
1153 2766 1349 2834 scolis,
1371 2771 1427 2823 et
1453 2782 1529 2821 an
1556 2762 1770 2819 melius
1799 2759 1974 2817 solito
2002 2773 2093 2814 ce-

439 2845 670 2925 lebrent
694 2845 1013 2922 canonicas
1039 2854 1402 2914 horas.Mitto
1423 2851 1594 2908 vobis
1624 2864 1817 2906 unum
1844 2864 1916 2904 ex
1948 2845 2094 2902 duo-

440 2957 557 3013 bus
584 2953 795 3010 libellis
821 2966 974 3024 quos
1022 2945 1253 3002 amicus
1284 2946 1485 2998 noster
1538 2955 1739 2996 comes
1766 2941 1831 2994 G.
1861 2933 2096 3006 rogavit

443 3040 775 3100 transcribi.
811 3036 1151 3095 lmmissum
1176 3030 1416 3088 cuidam
1436 3031 1597 3086 hunc
1622 3028 1843 3083 librum
1874 3025 1934 3080 in
1956 3037 2097 3079 arca

441 3150 578 3190 mea
599 3130 830 3189 celabat
844 3125 1335 3198 oblivio,putante
1356 3137 1452 3177 me
1467 3120 1639 3175 illum
1654 3117 1827 3173 vobis
1852 3131 1982 3170 esse
1998 3113 2098 3168 de-

439 3206 714 3279 latum.Si
734 3234 842 3274 vos
873 3214 963 3271 vel
995 3219 1220 3269 vestros
1251 3211 1312 3267 in
1328 3207 1651 3282 quaerendo
1669 3206 1947 3262 laborare
1965 3202 2096 3269 feci,

443 3327 578 3367 mea
607 3307 804 3381 culpa.
854 3302 1133 3371 Salutate,
1166 3314 1413 3373 praecor,
1448 3297 1571 3351 vice
1613 3309 1749 3351 mea
1780 3290 2097 3348 dominum

442 3414 645 3455 meum
677 3379 958 3465 Sigonem
1001 3395 1059 3447 et
1090 3387 1447 3445 lliduinum:
1490 3382 1774 3458 priorem,
1824 3379 2098 3436 animum

443 3504 667 3553 meum,
699 3490 755 3540 et
802 3482 1055 3539 alterum
1083 3478 1300 3535 animae
1331 3491 1479 3531 mere
1522 3472 1861 3528 dimidium.
1897 3467 2098 3526 Caeteri

448 3574 621 3631 vestri
645 3586 855 3629 omnes
886 3567 1034 3625 salvi
1063 3566 1180 3623 sint
1208 3565 1267 3620 in
1294 3562 1795 3631 Christo,summa
1825 3555 2097 3613 omnium

445 3662 635 3720 salute
663 3677 773 3718 vos
804 3659 1167 3733 protegente.
1198 3660 1405 3709 Amen.

750 3762 1084 3818 samem
1123 3757 1318 3814 cxxvn
1385 3754 1549 3824 [olim
1588 3752 1782 3821 cxxu.

585 3854 796 3912 Fratri
824 3853 885 3906 E.
918 3849 1292 3904 HILDI-IGAIIIIFS
1318 3857 1490 3898 omne
1522 3841 1737 3897 bonum
1768 3843 1955 3908 optat.

516 3943 658 4000 Volo
700 3937 926 3996 scribas
954 3934 1122 4002 mihi,
1169 3928 1537 3995 charissime,
1589 3942 1777 4000 quam
1812 3925 1967 3981 bene
1997 3921 2101 3979 tibi

444 4031 733 4110 procedat
775 4024 1196 4084 scholasticum
1249 4018 1516 4077 ofﬁcium
1565 4033 1603 4073 a
1672 4014 1920 4071 domino
1964 4028 2100 4069 meo

444 4102 722 4199 praesule,
774 4120 990 4187 rogatu
1047 4128 1205 4177 meo,
1265 4124 1459 4181 nuper
1512 4105 1617 4163 tibi
1669 4102 2098 4168 commissum;

444 4192 743 4289 quantum
768 4208 898 4279 ejus
949 4202 1203 4275 gratiam
1235 4198 1456 4262 inieris,
1482 4196 1587 4269 qui
1618 4199 1673 4250 te
1699 4192 2098 4264 demulceant,

445 4281 550 4378 qui
601 4298 938 4362 mordeant,
991 4307 1178 4367 quam
1242 4286 1563 4345 incolumis
1621 4288 1745 4340 tute
1803 4281 2097 4339 consistis.

444 4370 812 4465 Drosperitas
842 4390 946 4442 tua
976 4382 1141 4440 salus
1197 4378 1344 4436 mihi
1367 4382 1472 4445 est,
1509 4374 1841 4433 adversitas
1866 4370 2103 4442 aegritu-

445 4482 546 4538 do.
576 4479 785 4537 Valeas
818 4488 1055 4546 semper
1083 4471 1146 4527 in
1173 4468 1418 4527 Christo.

755 4586 1088 4643 EPISTOLA
1125 4582 1347 4638 cxxvu
1373 4578 1539 4649 [olim
1574 4575 1790 4644 cxxu].

535 4678 719 4737 Areli.
754 4680 791 4732 ι.
826 4674 1067 4731 humilis
1096 4672 1402 4741 episcopus
1432 4672 1715 4723 aeternam
1744 4663 2022 4719 salutem.

516 4772 757 4839 Magnas
789 4762 1007 4836 gratias
1033 4760 1345 4816 referimus
1386 4760 1598 4811 vestrae
1629 4750 1914 4818 charitati,
1947 4750 2097 4822 peti-

445 4860 667 4917 tionem
694 4859 960 4912 nostram
982 4848 1217 4922 explere
1249 4845 1361 4900 sub
1391 4841 1729 4900 rationabili
1759 4839 2096 4896 conditione

445 4944 830 5022 promittenti.
877 4940 982 5000 Cui
1008 4934 1336 4996 conditioni
1364 4932 1515 4988 velle
1559 4946 1671 4986 nos
1700 4929 1970 4986 alacriter
1991 4928 2096 4984 de-

448 5017 685 5105 servire,
740 5031 845 5089 sed
901 5026 1149 5086 minime
1202 5035 1404 5097 posse,
1460 5017 1858 5087 magnitudini
1887 5021 2096 5073 vestrae

444 5129 655 5180 notum
682 5121 954 5178 facimus.
990 5118 1266 5173 Doctores
1305 5108 1467 5165 enim
1507 5106 1726 5162 itineris
1755 5106 1865 5178 ipsi
1895 5105 2097 5162 multis

446 5211 720 5283 occupati
750 5209 975 5266 mittere
1004 5203 1178 5261 vobis
1201 5214 1326 5257 non
1350 5212 1690 5271 possumus.
1721 5199 1833 5252 Nec
1858 5195 1936 5251 ab
1965 5195 2097 5268 ipso

448 5298 682 5354 comite.
712 5300 799 5351 Vn
829 5306 1095 5367 quaerere
1137 5287 1432 5354 valemus,
1492 5283 1780 5358 quoniam
1834 5284 2007 5341 abest
2034 5283 2096 5338 in

448 5385 887 5459 expeditionem
942 5379 1262 5453 profectus,
1294 5380 1359 5432 ut
1407 5374 1592 5433 aiunt.
1643 5389 1767 5429 non
1795 5372 2095 5430 rediturus

448 5488 640 5547 usque
666 5471 745 5528 ad
774 5468 1079 5527 decimum
1108 5464 1428 5537 septimum
1460 5461 1752 5518 Kalendas
1782 5460 2094 5527 Novembq

447 5579 586 5618 cum
619 5558 890 5633 sequenti
916 5556 1013 5613 die
1041 5554 1228 5611 simus
1256 5551 1587 5611 dedicaturi
1617 5549 1929 5608 ecclesiam
1952 5564 2095 5605 nos-

447 5657 621 5708 tram.
651 5648 936 5707 Nolumus
982 5659 1123 5715 ergo
1152 5640 1561 5701 excellentiam
1597 5644 1856 5695 vestram
1882 5638 2094 5706 fatiga-

447 5747 577 5797 tum
606 5738 696 5811 iri,
729 5752 803 5795 ne
847 5735 1014 5806 forte,
1046 5750 1185 5791 cum
1224 5732 1507 5791 volumus
1555 5726 1872 5802 praesentia
1898 5729 2099 5781 vestra

2212 575 2602 632 solemnitatis
2650 573 2712 631 in
2764 572 3100 630 maximum
3153 571 3479 626 verteretur
3526 581 3869 623 maerorem.

2209 664 2407 722 Valete
2432 664 2693 722 feliciter.

2452 754 2825 811 'EPISTOLA
2856 752 3102 809 CXXVIII
3142 749 3308 821 [olim
3339 746 3584 817 CXXIII].

2837 840 3032 911 (Anno
3064 838 3245 909 1024.)

2211 933 2390 1002 Quem
2410 935 2646 1005 jugiter
2674 932 2737 988 in
2762 929 3115 1002 praecordiis
3141 928 3358 985 animae
3386 941 3509 982 suae
3533 925 3699 995 fovet
3717 924 3786 977 D.
3818 927 3877 978 et

2438 1029 2494 1080 et
2518 1024 2692 1093 patri
2716 1037 2822 1078 suo
2853 1023 2910 1076 F.
2949 1022 3081 1075 lien.
3106 1023 3398 1089 perpetuo
3422 1016 3639 1087 vigere.

2279 1116 2408 1169 Dux
2432 1117 2634 1169 noster
2663 1107 3009 1166 Guillelmus
3037 1106 3211 1163 vobis
3243 1103 3644 1162 amicissimus
3670 1100 3873 1175 profe-

2206 1207 2408 1259 cturus
2436 1208 2525 1258 est
2569 1201 2632 1256 in
2689 1199 2917 1256 Italiam
2966 1197 3061 1253 die
3087 1196 3250 1253 Jovis
3295 1194 3568 1268 proxime
3594 1196 3871 1260 venturo,

2206 1290 2493 1348 sciscitari
2521 1290 2596 1347 de
2622 1304 2810 1345 causa
2836 1287 2941 1343 ﬁlii
2971 1285 3086 1353 sui,
3121 1285 3171 1341 si
3199 1300 3339 1340 cum
3364 1283 3594 1339 honore
3624 1285 3683 1337 et
3710 1280 3872 1336 ineo-

2203 1379 2491 1436 luminate
2522 1394 2632 1434 sua
2656 1377 2783 1433 ﬁeri
2812 1380 3011 1449 queat.
3047 1374 3175 1431 Itali
3204 1372 3365 1430 enim
3394 1371 3704 1441 elegerunt
3731 1384 3875 1425 eum

2204 1467 2316 1524 sibi
2332 1467 2411 1524 ad
2424 1465 2937 1534 regem,facientes
2959 1464 3012 1521 ei
3031 1466 3497 1528 sacramentum,
3515 1464 3573 1515 et
3591 1457 3770 1515 Italiae
3788 1472 3877 1512 re-

2203 1572 2391 1627 gnum
2407 1553 2859 1621 concedendi,et
2872 1555 3208 1609 Romanum
3221 1544 3878 1623 imperiumjaequiren-

2201 1646 2395 1719 di,per
2408 1648 2632 1701 rectam
2652 1642 3158 1714 ﬁdem,quantum
3173 1640 3576 1712 possunt.IIac
3593 1636 3671 1691 de
3683 1648 3878 1691 causa

2201 1749 2603 1808 praecessurus
2629 1736 2717 1787 est
2745 1729 3009 1802 prudens
3034 1733 3204 1801 pater
3224 1726 3435 1794 filium,
3464 1741 3652 1798 quem
3680 1737 3877 1795 supra

2201 1822 2344 1890 dixi,
2376 1838 2516 1878 cum
2544 1820 2692 1892 ipsis
2721 1817 3179 1874 deliberaturus.
3232 1818 3398 1871 Nunc
3427 1828 3571 1883 ergo
3595 1811 3875 1885 pruden—

2200 1911 2292 1968 tiae
2318 1914 2525 1966 vestrae
2554 1912 2643 1964 est
2669 1907 2986 1963 decernere
3017 1908 3217 1960 utrum
3246 1900 3326 1959 ad
3347 1916 3458 1957 nos
3481 1899 3582 1957 illo
3613 1900 3874 1956 absente

2198 1998 2447 2057 veniatis
2498 1997 2670 2069 juxta
2718 1994 3080 2051 condictum.
3144 1993 3200 2050 Si
3241 1990 3541 2059 veneritis,
3579 1989 3880 2046 victualia

2199 2089 2373 2145 vobis
2405 2090 2524 2144 Deo
2562 2085 2849 2154 largiente
2879 2099 3003 2139 non
3045 2082 3314 2138 deerunt.
3346 2080 3512 2136 Unde
3549 2078 3881 2151 quodlibet

2200 2178 2370 2235 vobis
2395 2174 2705 2251 placuerit,
2740 2172 2942 2229 litteris
2971 2172 3117 2228 mihi
3142 2186 3291 2241 rogo
3316 2168 3665 2226 siﬁniticari.
3712 2172 3879 2224 Inte—

2200 2283 2304 2325 rea
2333 2271 2391 2323 et
2415 2280 2653 2337 semper
2680 2279 2820 2320 cum
2849 2261 3134 2318 omnibus
3159 2257 3369 2314 vestris
3396 2256 3552 2313 bene
3580 2255 3869 2323 valeatis,

2201 2354 2574 2413 sanctissime
2620 2355 2807 2419 Pater,
2838 2350 2973 2407 vitae
3020 2348 3198 2405 nobis
3251 2346 3508 2403 dulcedo
3551 2344 3789 2418 pariter
3817 2349 3875 2400 et

2201 2444 2407 2518 gloria.
2444 2443 2502 2501 Si
2526 2440 2874 2499 transieritis
2902 2437 3204 2504 Bituricas,
3238 2453 3377 2493 cum
3404 2435 3611 2493 Odone
3642 2434 3726 2491 de
3756 2437 3869 2491 Do-

2200 2535 2272 2592 lis
2310 2533 2499 2590 amice
2529 2528 2864 2604 loquimini.
2916 2526 3117 2584 Inveni
3146 2525 3314 2582 illum
3355 2524 3419 2581 in
3464 2527 3747 2581 Romano
3778 2522 3871 2578 iti-

2200 2640 2341 2681 nere
2385 2621 2742 2695 prudentem
2770 2618 2985 2689 virum,
3018 2620 3074 2672 et
3122 2630 3296 2690 spero
3318 2613 3491 2670 vobis
3515 2612 3875 2686 obsequen-

2198 2712 2497 2771 tissimum
2545 2708 2690 2775 fore,
2736 2707 2784 2762 si
2810 2705 2958 2779 quid
3004 2703 3279 2777 obsequii
3304 2701 3480 2759 vultis
3509 2701 3589 2757 ab
3636 2717 3716 2758 eo
3743 2719 3758 2769 ;
3789 2705 3881 2757 est

2202 2801 2382 2858 etiam
2410 2796 2610 2855 comiti
2641 2799 2846 2851 nostro
2875 2792 3184 2850 Guillelmo
3211 2790 3444 2847 satelles
3472 2788 3881 2846 ﬁdelissimus

2203 2894 2259 2945 et
2287 2883 2802 2943 familiarissimus.
2851 2882 3027 2938 Fulco
3076 2895 3277 2936 comes
3314 2877 3651 2953 appellatus
3704 2894 3746 2934 a
3776 2894 3880 2934 co-

2202 2974 2343 3029 mite
2377 2971 2686 3029 Guillelmo
2714 2986 2790 3027 ne
2820 2969 2993 3025 vobis
3023 2968 3174 3024 inter
3189 2968 3317 3023 vias
3345 2966 3626 3023 technam
3651 2965 3878 3023 molia-

2136 3098 2177 3152 Ο
2206 3068 2322 3131 tur,
2350 3060 2663 3134 respondit
2716 3059 2778 3115 in
2806 3075 2949 3114 vera
2977 3058 3116 3124 fide,
3146 3058 3301 3113 sicut
3322 3056 3494 3112 vobis
3526 3055 3735 3114 visum
3766 3061 3876 3127 est,

2207 3151 2437 3209 nullam
2466 3167 2528 3205 se
2573 3148 2956 3215 moliturum;
3001 3146 3150 3203 velle
3181 3146 3362 3203 etiam
3408 3144 3523 3201 sibi
3570 3161 3878 3218 praeman-

2204 3241 2336 3298 dari
2364 3245 2628 3296 vestrum
2657 3238 3003 3306 adventum,
3036 3241 3101 3293 ut
3129 3235 3429 3293 conducat
3455 3250 3565 3290 vos
3594 3250 3711 3307 per
3743 3252 3876 3292 sua.

2205 3333 2563 3403 Prosperum
2607 3327 2715 3383 iter
2765 3326 2942 3383 faciat
2963 3324 3136 3382 vobis
3175 3328 3329 3381 Deus
3378 3322 3747 3381 salutarium
3778 3341 3881 3381 no-

2204 3423 2483 3475 strorum.

2517 3506 2852 3563 EPISTOLA
2890 3506 3082 3560 CXXIX
3110 3502 3274 3574 [olim
3314 3502 3555 3573 CXXIV].

2281 3595 2590 3651 Guillelmi
2616 3594 2784 3649 ducis
2813 3592 3160 3664 Aquitania?
3188 3591 3271 3648 ad
3296 3591 3802 3648 marchionem'“.

2632 3681 2796 3754 (Vide
2822 3680 2979 3737 infra
3000 3680 3064 3737 in
3094 3680 3454 3751 GUILLELuo).

2531 3772 2865 3828 EPISTOLA
2904 3772 3072 3827 cxxx
3113 3770 3279 3841 [olim
3318 3768 3543 3839 CXXV].

2314 3862 2525 3919 Leonis
2576 3859 2961 3917 Vercellensis
2998 3858 3079 3914 ad
3125 3858 3516 3915 Guillelmum
3552 3856 3769 3917 ducem

2859 3947 3222 4019 Aquitaniae.

2623 4036 2785 4108 (Vide
2816 4035 2971 4092 infra
2998 4036 3059 4091 in
3092 4035 3452 4107 GUILLELMO).

2528 4127 2863 4182 EPISTOLA
2902 4125 3094 4181 cxxxr
3134 4124 3300 4194 [olim
3341 4123 3584 4194 cxxvu.

2211 4217 2520 4274 Guillelmi
2540 4215 2707 4271 ducis
2750 4214 3093 4286 Aquitania
3123 4213 3205 4269 ad
3249 4214 3504 4270 Leonem
3546 4214 3875 4271 Vercellen-

2772 4317 2892 4358 sem
2937 4302 3296 4371 episcopum.

2620 4391 2785 4464 (Vide
2814 4390 2969 4447 infra
2998 4390 3059 4446 in
3087 4390 3451 4461 GUILLELMO).

2516 4483 2807 4539 EPISOLA
2846 4480 3064 4537 CXXXII
3095 4480 3262 4551 [olim
3293 4480 3561 4551 CXXVII].

2205 4573 2457 4627 Domino
2481 4586 2586 4626 suo
2630 4572 2913 4626 FULBERTO
2954 4571 3326 4624 HlLDEGAIIIUS
3371 4567 3568 4637 ﬁdelis
3610 4568 3741 4636 ejus
3787 4565 3866 4621 ad

2538 4665 2738 4715 votum
2768 4658 2969 4714 omnia
2996 4657 3137 4714 bene
3164 4658 3526 4729 contingere.

2275 4749 2535 4805 Priorem
2564 4752 2680 4803 tuae
2720 4745 3081 4820 poenitentiae
3111 4761 3384 4813 causam,
3429 4758 3606 4817 super
3623 4742 3864 4798 honore

2203 4839 2362 4895 beati
2395 4836 2590 4893 Hilarii
2616 4840 2914 4908 suscepto,
2940 4835 3168 4906 justam
3197 4849 3330 4890 esse
3364 4832 3521 4901 novi,
3548 4831 3862 4888 Pater.0b-

2206 4942 2466 5001 sequens
2494 4926 2674 4997 igitur
2708 4924 3012 4981 mandatis
3041 4923 3325 4996 tuis,cum
3355 4922 3467 4978 sim
3498 4926 3740 4978 tuorum
3759 4920 3864 4976 mi-

2205 5017 2430 5085 nimus,
2485 5014 2705 5087 vixque
2757 5012 3079 5069 necessarii
3125 5011 3371 5069 nomine
3424 5009 3670 5081 dignus,
3719 5007 3861 5065 illud

2206 5103 2610 5175 competenter
2651 5097 2905 5155 dixerim
2952 5097 3119 5171 quod
3166 5097 3253 5154 tui
3298 5095 3617 5166 praesentia
3665 5109 3861 5152 carere

2205 5190 2465 5247 multum
2480 5187 2627 5244 mihi
2644 5187 2688 5242 si
2697 5192 2718 5243 t
2727 5186 3183 5243 incommodum
3192 5190 3278 5253 ,ut
3289 5189 3427 5259 pote
3438 5182 3862 5257 rudi,quotidie

2206 5280 2320 5336 tuis
2345 5276 2778 5335 eruditionibus
2827 5276 3042 5347 egenti,
3071 5291 3182 5331 nec
3209 5291 3332 5331 non
3358 5274 3437 5331 ab
3466 5274 3762 5347 obsequio
3786 5271 3864 5328 al-

2204 5384 2320 5425 mae
2348 5367 2448 5423 Dei
2473 5365 2732 5423 Parentis
2758 5366 2885 5437 jam
2906 5365 3012 5421 diu
3034 5364 3292 5421 vacanti:
3320 5364 3473 5420 ferre
3495 5369 3704 5420 tamen
3730 5364 3860 5431 hoc,

2205 5461 2262 5515 et
2286 5462 2421 5512 tuas
2447 5456 2581 5512 licet
2609 5470 2822 5526 graves
2852 5454 2926 5510 ad
2960 5470 3074 5510 nos
3121 5453 3399 5511 veniendi
3421 5452 3857 5526 protelationes,

2204 5546 2349 5621 quia
2379 5546 2464 5602 sic
2490 5544 2686 5616 jubes,
2737 5549 3042 5617 utcunque
3092 5547 3450 5614 satagerem,
3493 5542 3646 5599 dum
3677 5546 3855 5600 certus

2205 5651 2399 5693 essem
2436 5634 2749 5691 ecclesiam
2801 5633 3002 5690 Sancti
3055 5630 3274 5699 Hilarii,
3331 5637 3447 5689 ate
3494 5632 3557 5688 in
3588 5629 3855 5706 proximo

2206 5722 2725 5796 frequentandam,
2778 5720 3160 5794 aliquatenus
3189 5719 3456 5777 exaltari.
3498 5722 3692 5779 Tanta
3717 5720 3861 5776 esset
