3952 6418
77 287 210 340 273

81 407 260 464 mihi
291 407 511 464 exinde
541 412 910 481 proventura
939 424 1145 465 coram
1171 411 1292 466 Deo
1336 414 1394 467 et
1434 407 1786 465 hominibus

82 497 353 568 gratia!
409 497 584 569 cujus
640 514 745 571 spe
804 498 1188 554 vehementer
1225 503 1436 572 captus
1477 497 1699 554 mirum
1727 496 1790 552 in

97 592 146 655 Ξ
167 587 381 644 odum
410 603 448 644 a
473 587 742 644 clientela
763 591 865 644 tua
893 587 1105 644 tandiu
1136 587 1347 644 abesse
1391 593 1449 645 et
1498 604 1534 644 a
1585 602 1794 660 supra-

80 674 289 731 dictae
325 675 589 731 dominae
635 675 870 732 servitio
918 676 1097 748 quasi
1139 676 1507 750 emancipari
1535 675 1793 750 pertule-

79 765 218 821 rim
259 784 274 822 :
315 765 463 823 tanti
505 769 661 821 esset
716 765 863 822 mihi
906 770 1198 838 praeterea
1235 766 1572 839 quamdam
1611 765 1789 821 fama;

83 857 222 910 tuae
258 853 731 911 minorationem
777 853 984 924 abigi!
1041 871 1229 927 quam
1276 854 1654 924 ingruentem
1706 853 1789 909 vi-

80 942 243 1011 deo,
297 943 414 999 nisi
469 943 637 1017 quod
688 948 752 1000 tu
793 943 919 1016 ipse
967 943 1102 1000 loco
1146 949 1424 1018 suscepto
1455 942 1783 1018 praefueris.

86 1030 222 1087 Sed
251 1047 401 1088 cum
429 1035 485 1088 te
515 1031 652 1105 plus
685 1031 929 1088 biennio
950 1031 1268 1088 detinuerit
1286 1032 1426 1088 hinc
1447 1030 1785 1088 sollicitudo

80 1121 456 1193 pastoralis,
538 1121 679 1178 hinc
730 1121 1072 1195 principum
1131 1122 1456 1192 discordia,
1505 1137 1616 1178 nec
1661 1121 1784 1177 scio

81 1210 367 1282 quando
397 1210 514 1266 nisi
542 1210 656 1267 illis
687 1211 1051 1267 obeuntibus
1074 1211 1521 1284 componenda,
1566 1210 1783 1267 orturis

83 1297 364 1355 forsitan
394 1298 523 1356 aliis
551 1299 826 1373 pluribus
862 1299 1064 1357 causis
1097 1304 1149 1356 te
1205 1299 1408 1356 itidem
1448 1303 1782 1356 remoratu-

82 1388 204 1457 ris,
271 1388 378 1444 vix
435 1389 631 1445 ausim
686 1405 926 1461 sperare
966 1393 1022 1445 te
1068 1389 1162 1446 vel
1194 1389 1381 1445 semel
1405 1389 1782 1446 Pictavorum

86 1478 259 1534 ﬁnes
291 1478 576 1547 revisere,
624 1482 700 1545 et,
751 1483 931 1552 prout
969 1479 1126 1550 geris
1155 1479 1380 1547 animo,
1432 1479 1514 1535 illi
1542 1478 1783 1550 egregio

89 1566 441 1624 confessori
473 1566 683 1624 Christi
705 1567 1023 1623 deservire.
1058 1568 1326 1640 Sperabo
1351 1572 1552 1624 tamen
1578 1566 1779 1636 etiam,

91 1655 335 1728 adhuc,
367 1656 518 1712 sicut
542 1656 856 1728 promittis,
888 1656 1016 1712 vice
1057 1661 1160 1713 tua
1201 1657 1369 1730 quod
1420 1662 1628 1731 potero
1659 1672 1779 1712 ser-

91 1745 276 1802 viens
303 1745 562 1813 interim,
587 1745 789 1802 laetum
809 1745 893 1801 rei
923 1747 1151 1802 exitum
1198 1746 1345 1802 mihi
1398 1746 1624 1818 tibique
1669 1761 1777 1802 an-

88 1849 292 1890 nuere
327 1833 647 1890 Dominum
677 1833 936 1890 assiduis
962 1834 1213 1890 vocibus
1235 1839 1293 1890 et
1334 1833 1564 1890 anhelis
1593 1832 1780 1906 preci-

88 1922 218 1979 bus
251 1939 460 1980 orans.
495 1923 616 1988 Dic,
653 1939 884 1996 quaaso,
918 1927 1104 1992 Pater,
1160 1923 1298 1996 quis
1351 1939 1624 1997 unquam
1669 1923 1778 1979 tiro

91 2013 231 2070 sine
292 2013 447 2070 duce
491 2012 809 2070 militavit?
865 2015 1005 2080 Quis
1048 2014 1168 2070 alto
1213 2013 1365 2069 mari
1397 2013 1522 2069 sine
1553 2012 1778 2082 remige

93 2101 350 2158 credere
381 2119 443 2158 se
471 2102 660 2159 voluit
680 2104 707 2159 ‘3
751 2103 1099 2159 Guillelmus
1147 2119 1350 2159 comes
1379 2102 1610 2159 amicus
1640 2106 1778 2157 tuus

93 2196 157 2247 et
215 2192 494 2248 canonici
549 2193 736 2249 nostri
786 2198 839 2250 te
896 2193 1226 2250 resalutant
1260 2193 1460 2248 adhuc
1503 2191 1774 2247 ﬁdeliter.

90 2279 402 2336 Jordanus
429 2280 609 2336 etiam
639 2281 1076 2337 Lemovicensis
1105 2281 1445 2355 episcopus,
1489 2280 1587 2335 cui
1633 2279 1777 2336 olim

95 2367 466 2439 suffragium
498 2370 816 2443 praestitisti
841 2370 1008 2443 apud
1057 2370 1581 2443 archiepiscopum
1623 2369 1779 2424 Bitu-

94 2456 424 2526 ricensem,
451 2458 713 2531 plurima
742 2464 795 2515 te
825 2459 1015 2516 salute
1047 2460 1393 2532 impertiens
1435 2463 1606 2530 rogat
1631 2474 1774 2531 sup-

95 2546 336 2620 pliciter
365 2552 429 2604 ut
448 2548 648 2604 mittas
677 2548 730 2604 ei
763 2549 952 2604 Vitam
984 2549 1172 2605 sancti
1203 2547 1515 2617 Leonardi,
1557 2548 1618 2604 in
1648 2547 1772 2620 epi-

99 2640 354 2709 scopato
385 2654 494 2694 suo
520 2638 970 2710 quiescentis,ut
999 2639 1168 2695 aiunt
1193 2640 1303 2709 (52)
1327 2655 1340 2706 ;
1372 2637 1455 2693 sic
1481 2637 1582 2693 ubi
1602 2652 1772 2709 repe-

95 2727 216 2782 rire
244 2727 489 2799 poteris,
522 2728 770 2800 pulchre
801 2728 966 2784 dicas
996 2729 1109 2784 hoc
1139 2728 1474 2784 feneratum
1513 2743 1662 2782 esse.
1692 2729 1774 2782 Ex

97 2833 243 2872 mea
272 2833 518 2890 quoque
549 2822 716 2890 parte
742 2833 867 2874 non
896 2833 1006 2873 vos
1038 2818 1342 2891 paeniteat,
1395 2821 1448 2872 te
1502 2816 1637 2872 dico
1667 2815 1775 2872 do-

98 2907 338 2963 minum
366 2923 595 2974 meum,
642 2907 1070 2963 charissimum
1121 2911 1292 2963 tuum
1333 2921 1578 2979 quoque
1613 2905 1776 2977 Sigo-

96 3013 265 3068 nem,
293 2996 498 3069 probis
526 2996 799 3053 moribus
828 3001 888 3052 et
929 2997 1157 3054 artibus
1206 3011 1522 3066 magnum,
1580 3001 1771 3052 cente-

1663 285 1769 340 EPI
1777 284 1902 341 STO
1911 286 2033 340 LE.

3460 295 3564 346 2η

1901 408 2297 479 caligantibus
2328 412 2514 468 oculis
2542 413 2935 486 prophetans,
2966 414 3026 468 in
3058 413 3455 486 praesentique
3495 416 3563 469 ti-

1900 497 2049 554 lium
2101 515 2224 555 non
2277 501 2506 570 videns,
2541 501 2730 558 multa
2759 502 2906 558 mihi
2932 501 3094 557 bona
3135 501 3208 558 .in
3256 508 3562 575 posterum

1900 587 2240 659 provideas.
2277 589 2437 647 Feria
2467 591 2735 647 secunda
2761 596 2899 664 post
2924 595 3168 646 octavas
3195 594 3564 648 Pentecostes

1899 676 2247 748 proficiscar
2294 680 2372 736 ad
2415 685 2487 749 te,
2520 680 2568 735 si
2592 685 2820 753 potero,
2879 679 3200 735 resciturus
3230 685 3430 736 utrum
3462 697 3566 735 ve-

1898 764 2030 821 nias
2061 767 2138 822 ad
2170 768 2447 823 comitem
2475 769 2536 824 in
2567 768 2753 824 natali
2783 767 2974 824 sancti
3002 767 3266 824 Joannis.
3295 769 3453 824 Vale.

2211 859 2544 914 EPISTULA
2585 859 2801 914 CXXXV
2833 858 2997 927 [olim
3032 858 3245 927 CXXX].

1895 946 2147 1000 Domino
2171 948 2234 1001 R.
2260 947 2600 1003 venerando
2624 952 2803 1016 atque
2831 946 3084 1002 amabili
3105 945 3330 1002 decano
3354 946 3565 1002 Sancti

2021 1048 2023 1050 ‘
2257 1037 2489 1092 Hilarii
2518 1037 2583 1092 Η.
2618 1041 2903 1092 aeternam
2925 1037 3199 1092 salutem.

1966 1123 2153 1179 Multa:
2185 1123 2354 1179 vobis
2385 1125 2587 1194 gratia:
2628 1125 2961 1181 referantur
3013 1141 3083 1180 ex
3128 1129 3295 1197 parte
3347 1125 3448 1180 Dei
3505 1130 3562 1181 et

1892 1212 2121 1268 domini
2155 1212 2270 1268 mei
2301 1213 2587 1286 episcopi,
2636 1217 2692 1268 et
2735 1230 2891 1280 mea,
2925 1213 3109 1286 quod,
3167 1213 3318 1269 sicut
3343 1213 3554 1282 dicitis,

1890 1317 2018 1357 rem
2044 1301 2240 1357 Sancti
2275 1301 2471 1358 Hilarii
2515 1302 2670 1358 bene
2721 1301 3082 1358 custodistis.
3117 1302 3261 1358 Hinc
3291 1303 3557 1374 profecto

1889 1407 1996 1447 vos
2021 1391 2150 1462 ejus
2170 1391 2409 1447 ﬁdelem
2435 1407 2566 1447 esse
2597 1391 2860 1447 amicum
2892 1396 2949 1447 et
2975 1396 3268 1458 nostrum,
3292 1407 3555 1464 quorum

1890 1481 2083 1537 vicem
2142 1481 2388 1555 exsequi
2437 1481 2799 1551 studueritis,
2868 1481 3194 1537 certissime
3263 1481 3550 1553 probatis.

1893 1570 2043 1636 Quia
2075 1587 2214 1626 vero
2246 1569 2420 1626 nobis
2446 1571 2506 1626 in
2539 1570 2817 1642 praesenti
2842 1586 2950 1625 vos
2981 1569 3188 1625 audire
3228 1585 3351 1624 non
3399 1569 3551 1640 licet,

1891 1659 1966 1716 de
1996 1660 2219 1732 quibus
2249 1676 2360 1715 nos
2384 1657 3161 1731 intorrogastis,signiﬁcare
3187 1658 3551 1728 curavimus,

1822 1772 1861 1826 Β
1891 1752 1958 1803 ut
1987 1748 2223 1817 triginta
2249 1749 2517 1822 quinque
2546 1749 2751 1818 libras,
2784 1753 2840 1804 et
2882 1747 3031 1803 alias
3063 1763 3214 1819 quas
3259 1747 3429 1802 vobis
3468 1747 3554 1802 di-

1890 1836 2047 1907 misi,
2074 1837 2135 1892 in
2159 1853 2315 1910 opus
2348 1838 2545 1894 Sancti
2579 1837 2775 1894 Hilarii
2802 1853 2908 1910 per
2939 1836 3256 1893 consilium
3280 1835 3425 1891 boni
3444 1836 3553 1890 du-

1891 1926 1974 1982 cis
2008 1927 2300 1985 Guillelmi
2330 1927 2701 2001 expendatis,
2730 1926 2962 1982 nullam
3010 1925 3160 1981 mihi
3205 1930 3438 1998 partem
3465 1941 3552 1980 re-

1890 2021 2212 2072 servantes.
2247 2020 2372 2073 Non
2403 2016 2564 2072 enim
2593 2033 2842 2090 possum
2875 2031 2971 2071 me
3001 2015 3388 2071 intromittere
3421 2031 3552 2070 am-

1888 2105 2044 2179 plius
2101 2105 2176 2161 de
2230 2105 2427 2162 efﬁcio
2487 2106 2684 2162 Sancti
2725 2104 2946 2171 Hilarii,
2976 2121 3116 2160 cum
3152 2103 3333 2159 etiam
3359 2103 3457 2159 via
3480 2103 3554 2158 sit

1889 2195 2034 2249 mihi
2078 2199 2134 2250 ct
2179 2193 2428 2250 domino
2480 2210 2618 2250 meo
2670 2193 2958 2266 episcopo
3002 2191 3256 2248 difﬁcilis
3310 2196 3554 2264 propter

1891 2283 2408 2340 szeculimalitiam
2439 2300 2626 2356 quam
2666 2283 2876 2350 nostis,
2910 2287 2968 2339 et
2991 2283 3072 2338 ita
3103 2283 3331 2338 Sanctae
3363 2280 3552 2337 Mariae

1889 2369 2124 2424 servitio
2155 2373 2360 2424 tenear
2386 2369 2682 2439 astrictus,
2711 2373 2776 2424 ut
2797 2368 2876 2424 ab
2898 2367 3012 2423 hoc
3045 2367 3174 2422 sine
3203 2365 3430 2422 damno
3461 2365 3555 2420 vel

1887 2458 2065 2531 culpa
2093 2458 2385 2514 dimoveri
2409 2473 2731 2530 nequeam.
2785 2457 2898 2514 Sed
2939 2460 2996 2512 et
3023 2455 3214 2528 ipsius
3254 2454 3354 2511 Dei
3381 2453 3554 2510 Geni-

1885 2548 1996 2603 triX
2019 2546 2411 2603 eminantiam
2443 2547 2604 2620 apud
2640 2549 2925 2603 Sanctum
2988 2545 3291 2610 Hilarium,
3335 2544 3383 2598 si
3429 2558 3554 2616 qua

1884 2654 1956 2694 ex
1988 2654 2084 2693 me
2111 2642 2220 2708 est,
2253 2637 2434 2708 hujus
2478 2635 2561 2692 rei
2610 2635 2921 2708 deprecari
2960 2650 3138 2707 posse
3194 2649 3329 2689 reor
3367 2632 3552 2688 offen-

1885 2743 2015 2782 sam
2049 2744 2061 2781 :
2097 2742 2206 2782 nec
2226 2725 2388 2782 enim
2407 2724 2576 2780 illum
2603 2725 2897 2780 honorem
2925 2722 3168 2778 cuilibet
3198 2721 3549 2777 inferiorum

1882 2816 2350 2890 postposuerim,
2411 2814 2517 2870 sed
2565 2814 2659 2885 [si]
2717 2813 3002 2869 clientelae
3052 2811 3245 2868 Matris
3291 2810 3546 2878 Domini,

1881 2923 2018 2979 quae
2049 2906 2228 2961 etiam
2251 2903 2753 2973 archangelorum
2781 2902 3055 2958 omnium
3100 2899 3374 2971 dignitati
3397 2916 3548 2973 prte-

1880 2995 2002 3051 lata
2031 2999 2141 3066 est,
2170 2994 2325 3066 jure,
2358 2997 2422 3049 ut
2450 2996 2596 3066 puta
2617 2993 2746 3063 ejus
2772 2991 3054 3048 alumnus
3075 2988 3549 3063 quantuluscun-

95 3103 210 3143 nas
234 3085 509 3142 millenas
539 3087 813 3159 excipere
833 3087 1074 3143 salutes.
1109 3090 1189 3142 Ne
1219 3091 1295 3158 te,
1321 3084 1768 3158 quaeso,scripti
1809 3128 1850 3186 Ο
1881 3101 2020 3158 que,
2054 3100 2148 3140 me
2178 3083 2562 3140 reddiderim.
2619 3081 2827 3138 Dicetis
2881 3095 3024 3180 ergo
3078 3079 3161 3179 illi
3209 3077 3547 3186 prudentis:

96 3176 218 3232 mei
243 3175 459 3232 tredeat
477 3181 535 3232 et
553 3177 934 3250 ineptiarum.
978 3177 1269 3242 Quaedam
1313 3175 1524 3245 legatis
1570 3175 1766 3232 dicere

90 3265 254 3337 jussi
278 3281 415 3337 quae
447 3265 655 3322 audire
680 3265 902 3340 poteris
936 3282 1074 3322 cum
1101 3264 1381 3322 volueris.
1426 3263 1587 3336 Vale,
1632 3265 1769 3322 cha-

101 3354 337 3411 rissime
364 3357 552 3411 Pater.

353 3445 688 3502 EPISTOLA
728 3448 970 3502 CXXXIII
1011 3446 1178 3516 [olim
1222 3448 1512 3516 CXXVIII].

211 3532 522 3589 Guillelmi
573 3533 742 3589 ducis
791 3534 1141 3604 Aquitaniae
1195 3536 1278 3591 ad
1305 3536 1658 3591 Fulbertum

516 3622 680 3694 (Vide
705 3622 861 3678 infra
885 3623 947 3678 in
983 3625 1344 3695 GUILLELMO).

383 3713 721 3769 EPISTULA
761 3715 1003 3769 CXXXIV
1043 3713 1209 3782 [olim
1243 3713 1479 3783 CXXIX].

102 3802 352 3857 Domino
371 3815 477 3856 suo
507 3803 792 3856 FULnen'ro
827 3802 1098 3870 episcopo
1155 3804 1528 3856 HILDEGARIUS
1567 3814 1767 3856 servu-

351 3890 442 3946 lus
473 3891 602 3960 ϐίας
630 3889 922 3960 gaudium
949 3896 1256 3960 perpetuae
1285 3890 1519 3946 salutis.

178 3984 237 4035 In
266 3978 468 4034 litteris
501 3977 679 4034 amici
709 3978 793 4034 tui
851 3980 912 4034 G.
967 3978 1198 4035 comitis
1250 3977 1506 4034 multam
1558 3977 1766 4049 depre-

102 4068 358 4126 hendere
389 4071 559 4140 potes
589 4083 734 4138 erga
770 4072 826 4124 te
877 4067 1310 4138 benignitatem
1331 4111 1344 4137 ,
1403 4066 1767 4124 familiarita-

105 4164 243 4228 tem,
278 4157 624 4227 amicitiam,
677 4157 1096 4214 sustinentiam
1148 4174 1284 4230 quae
1328 4173 1451 4213 non
1495 4173 1650 4230 opus
1679 4160 1769 4212 est

105 4247 250 4304 mihi
273 4263 569 4320 exponere
591 4247 696 4302 tibi
727 4249 950 4319 optime
981 4247 1206 4304 scienti.
1259 4247 1386 4303 Vita
1427 4251 1532 4304 tua
1578 4263 1648 4303 ac
1695 4246 1765 4302 il-

104 4338 218 4394 lius
246 4337 478 4407 comite,
520 4351 645 4392 non
673 4336 908 4392 amittes
952 4341 1299 4410 susceptum
1345 4337 1660 4404 honorem,
1718 4335 1767 4392 si

108 4431 297 4483 tenere
321 4425 602 4482 volueris.
639 4424 875 4482 Suadeo
907 4441 1049 4496 ergo
1075 4441 1150 4481 ne
1181 4425 1364 4482 facias
1411 4425 1508 4482 vel
1539 4425 1766 4482 scribas

107 4517 158 4574 ei
182 4515 516 4588 repudium,
551 4514 599 4570 si
619 4514 896 4585 intelligis
922 4515 1046 4572 fore
1073 4515 1179 4572 tibi
1208 4516 1348 4572 utile
1397 4520 1453 4572 et
1497 4515 1764 4572 ecclesiae

107 4614 219 4665 tuae
247 4605 679 4682 restaurationi,
711 4609 768 4660 et
794 4605 845 4660 si
870 4609 957 4661 est
987 4605 1092 4661 tibi
1123 4606 1365 4663 animus
1409 4611 1464 4662 et
1509 4605 1761 4663 facultas

112 4698 186 4755 ad
214 4696 412 4769 ipsum
444 4693 743 4761 veniendi,
796 4698 862 4750 ut
909 4699 1104 4766 rogat,
1162 4701 1248 4764 et,
1274 4696 1420 4753 mihi
1471 4696 1765 4752 vicarium

112 4783 471 4856 subrogandi
495 4783 588 4839 vel
610 4783 843 4839 socium
873 4784 1156 4842 addendi.
1215 4785 1561 4842 Nullatenus
1601 4785 1763 4842 enim

115 4878 254 4933 ferre
281 4890 553 4948 possum,
586 4873 700 4929 nisi
722 4873 992 4944 jussione
1014 4879 1117 4931 tua
1135 4881 1400 4948 coactus,
1430 4876 1522 4932 vel
1545 4876 1763 4932 absen-

117 4966 215 5023 tari
245 4966 473 5038 penitus
505 4980 622 5035 me,
646 4962 738 5019 vel
761 4963 976 5020 abesse
1003 4963 1226 5022 diutius
1255 4966 1560 5039 obsequiis
1588 4966 1764 5023 almae

118 5055 213 5112 Dei
237 5054 533 5112 Genitricis
562 5058 619 5110 et
647 5054 782 5118 tuis,
813 5053 1164 5110 desiderans
1195 5060 1260 5112 ut
1288 5072 1500 5113 cervus
1529 5057 1608 5113 ad
1637 5056 1767 5113 fon-

117 5151 199 5202 tes
227 5159 517 5218 aquarum
547 5143 662 5200 tuis
691 5143 926 5217 plenius
951 5143 1162 5201 instrui
1199 5145 1599 5217 documentis,
1631 5162 1763 5203 om-

117 5235 175 5292 ni
203 5249 338 5290 auro
363 5237 421 5289 et
444 5237 714 5304 argento,
738 5233 872 5305 ipsa
895 5233 1077 5290 etiam
1122 5235 1243 5291 vita
1285 5236 1433 5292 mihi
1481 5235 1764 5293 chariori-

118 5326 243 5381 bus.
271 5323 411 5380 Volo
441 5323 677 5379 interim
705 5323 961 5380 mandes
989 5325 1159 5395 mihi,
1184 5325 1342 5382 bone
1381 5329 1568 5395 Pater,
1613 5326 1764 5400 quid

119 5412 390 5471 mercedis
415 5413 524 5469 erit
550 5412 744 5469 labori
782 5429 940 5484 meo,
987 5414 1216 5471 tantulo
1266 5415 1504 5484 scilicet,
1561 5422 1764 5474 utrum

117 5503 314 5576 jubeas
341 5502 420 5557 ad
444 5517 711 5575 praesens
732 5517 857 5559 non
887 5503 1155 5560 obturari
1187 5520 1255 5561 os
1283 5505 1455 5562 bovis
1482 5507 1762 5563 trituran-

122 5592 188 5649 tis
217 5610 229 5648 :
253 5606 344 5659 an,
368 5591 532 5647 velut
558 5595 725 5648 Isaac
750 5593 940 5649 Jacob
958 5592 1152 5651 filium
1175 5611 1353 5651 suum
1376 5596 1761 5673 benedicens,

191 5774 293 5838 (52)
332 5773 466 5828 Erat
493 5768 672 5842 igitur
699 5769 924 5829 incerta
953 5773 1209 5830 traditio.

1881 3176 2033 3232 simo
2060 3174 2219 3230 dulci
2244 3190 2316 3229 ex
2360 3177 2528 3246 parte
2577 3171 2807 3227 domini
2859 3169 2977 3226 mei
3021 3168 3308 3243 episcopi,
3359 3171 3422 3222 ut
3447 3166 3548 3222 tali

1878 3264 2090 3321 rectori
2117 3263 2450 3320 committat
2478 3261 2681 3318 locum
2709 3260 2908 3316 Sancti
2938 3257 3154 3324 Hilarii,
3203 3273 3384 3331 quem
3435 3271 3546 3311 nec

1877 3353 2198 3410 difficultas
2225 3351 2470 3420 itineris,
2503 3367 2614 3406 nec
2639 3349 2938 3422 imperitia
2964 3346 3345 3405 ecclesiastici
3383 3345 3544 3402 ordi-

1877 3445 1970 3500 nis
1999 3444 2078 3500 ab
2107 3443 2238 3515 ejus
2270 3441 2566 3514 obsequio
2592 3439 2873 3496 detineat.
2904 3441 2966 3494 Et
2990 3437 3083 3493 hae
3116 3441 3258 3493 sunt
3284 3435 3544 3492 rationes

1877 3533 1952 3589 de
1981 3533 2204 3606 quibus
2229 3530 2591 3602 Reginaldus
2622 3529 2750 3584 vice
2782 3527 3068 3584 dominus
3122 3525 3201 3582 ad
3243 3525 3544 3580 seniorem

1877 3637 2082 3677 meum
2113 3620 2469 3692 episcopum
2497 3617 2734 3674 locutus
2765 3620 2873 3686 est,
2897 3619 2954 3670 et
2975 3613 3138 3669 unde
3158 3613 3339 3669 talem
3368 3612 3542 3668 vobis

1875 3710 2061 3765 ﬁnem
2091 3707 2477 3764 mandamus.
2513 3709 2678 3760 Nunc
2702 3709 2965 3759 vestram
2994 3701 3366 3766 charitatem,
3401 3716 3540 3772 qua:

1878 3812 2114 3870 semper
2156 3794 2305 3850 mihi
2335 3793 2445 3849 fuit
2472 3791 2958 3866 praesentissima,
3007 3805 3177 3861 rogo,
3228 3787 3538 3843 dilectissi-

1875 3904 1994 3956 me,
2022 3890 2087 3943 ut
2116 3901 2326 3942 omnes
2357 3883 2600 3940 clericos
2631 3881 2867 3938 Domini
2892 3879 3079 3938 nostri
3109 3877 3439 3934 dulcissimi
3469 3893 3538 3933 ac

1874 3975 2208 4034 beatissimi
2234 3977 2422 4031 Patris
2456 3971 2674 4042 Hilarii,
2706 3988 2742 4028 a
2769 3987 2956 4044 parvo
2981 3985 3177 4043 usque
3227 3968 3305 4025 ad
3352 3968 3543 4038 majo-

1874 4083 2024 4136 rem,
2060 4083 2132 4122 ex
2163 4081 2300 4122 meo
2330 4063 2575 4120 nomine
2626 4060 2912 4129 salutetis,
2966 4065 3023 4116 et
3069 4057 3352 4116 omnibus
3403 4073 3539 4112 ora-

1876 4157 2107 4214 tionum
2137 4155 2340 4212 ﬁdelia
2366 4153 2595 4211 dicatis.
2645 4152 2761 4226 Ipsi
2811 4152 2992 4208 etiam
3031 4149 3232 4207 comiti
3257 4152 3540 4204 centenas

1875 4247 2148 4303 millenas
2206 4245 2426 4303 salutes
2469 4259 2542 4300 ex
2588 4259 2726 4299 mea
2771 4247 2939 4315 parte
2986 4238 3324 4304 conferatis,
3356 4253 3539 4309 quem

1874 4353 2001 4411 prae
2021 4336 2307 4393 omnibus
2344 4333 2509 4391 laicis
2538 4332 2743 4403 diligo,
2771 4331 3133 4388 memoriam
3163 4328 3293 4398 ejus
3315 4326 3378 4382 in
3403 4341 3538 4382 ora-

1875 4424 2139 4482 tionibus
2169 4423 2320 4480 meis
2347 4422 2426 4478 ad
2452 4420 2776 4478 Dominum
2801 4418 3046 4488 faciens,
3087 4415 3539 4490 qualescunque

1875 4514 1948 4581 ei,
1985 4529 2094 4586 pro
2123 4527 2328 4568 amore
2359 4515 2417 4566 et
2443 4508 2750 4565 beneﬁciis
2777 4524 2914 4580 quae
2944 4506 3091 4562 mihi
3119 4502 3406 4572 exhibuit,
3448 4501 3537 4556 in-

1875 4601 2218 4659 desinenter
2247 4598 2468 4670 gratias
2517 4612 2723 4666 agens.
2769 4595 3043 4653 Similiter
3093 4596 3296 4649 autem
3342 4589 3537 4646 domi-

1873 4707 2024 4748 num
2055 4706 2260 4746 meum
2288 4687 2681 4744 lsembertum
2710 4685 3060 4758 episcopum
3110 4681 3381 4748 salutate,
3432 4679 3538 4735 ob-

1877 4799 2064 4850 secro,
2099 4781 2272 4853 cujus
2291 4780 2351 4836 in
2383 4795 2480 4835 me
2511 4776 2891 4848 benignitatis
2917 4793 2987 4832 ac
3010 4773 3321 4830 hilaritatis
3345 4787 3539 4845 quan-

1876 4877 1936 4929 ta
1968 4871 2142 4928 fuerit
2170 4869 2379 4940 gratia,
2413 4866 2754 4924 nullatenus
2784 4865 2981 4922 dicere
3002 4881 3100 4920 me
3123 4861 3260 4919 sinit
3278 4860 3538 4934 probita-

1874 4961 1946 5018 tis
1976 4961 2106 5032 ejus
2133 4959 2437 5015 immensa
2461 4954 2837 5026 magnitudo.
2865 4953 2979 5011 Sed
3009 4957 3066 5010 et
3090 4951 3284 5008 ﬁlium
3306 4948 3539 5006 comitis

1873 5054 1932 5107 et
1960 5049 2272 5106 dominam
2294 5046 2681 5114 comitissam,
2712 5061 2823 5101 nec
2851 5060 2976 5101 non
3004 5047 3062 5100 et
3088 5041 3537 5114 alios,quorum

1871 5137 2292 5196 benevolentia
2345 5136 2453 5193 etsi
2508 5135 2843 5193 immeritus
2899 5131 3264 5203 gaudebam,
3322 5129 3536 5186 eodem

1874 5228 2081 5286 salutis
2118 5243 2369 5284 munere
2420 5230 2667 5283 cunctos
2722 5222 3012 5298 impertiri
3059 5237 3135 5278 ne
3177 5220 3397 5294 pigeat.
3448 5219 3539 5275 Ad

1873 5333 2180 5374 summam
2225 5332 2330 5372 vos
2372 5316 2573 5390 ipsum
2615 5314 2769 5372 bene
2815 5313 3010 5372 valere
3057 5315 3298 5388 optans,
3355 5308 3540 5368 ﬁnem

1873 5405 2159 5465 orationis
2190 5405 2363 5462 facio.
