3904 6382
435 273 503 325 75
1461 270 1517 325 S.
1560 272 1893 325 FULBERTI
1933 262 2408 324 CARNOTENSIS
2448 263 2758 319 EPISCOPI

686 393 1016 449 EPISTULA
1056 394 1291 449 cxxxw
1322 393 1487 463 [olim
1521 395 1756 463 cxxxn.

1028 480 1221 551 (Anno
1260 484 1435 549 1029).

396 571 585 627 Sacro
613 571 1041 626 Senonensium
1066 570 1491 639 archiprzesuli
1518 574 1858 625 Leornrzmco
1882 585 2054 626 cano-

467 659 594 716 nici
628 660 866 716 Sancta:
889 659 1101 714 Mariae
1129 659 1510 715 Carnotensis
1532 660 1593 715 in
1627 660 1864 716 Clu-isto
1895 662 2053 715 salu-

472 753 583 804 tem
611 752 667 802 et
687 746 889 802 adhuc
912 747 1221 814 ﬁdelitatis
1251 747 1609 818 obsequium.

470 835 712 893 Multum
742 835 1051 901 miramur,
1083 836 1421 892 venerande
1452 840 1636 904 Pater,
1686 838 1849 909 quod
1883 838 2052 893 bonis

398 924 576 982 initiis
602 928 726 980 tam
751 924 944 981 malos
991 924 1181 980 exitus
1237 924 1497 980 habuisti
1530 942 1541 980 :
1572 926 1839 981 videlicet
1888 926 2055 999 quod

399 1014 575 1071 nobis
622 1020 859 1087 pastore
903 1013 1260 1082 carentibus,
1310 1014 1368 1069 in
1421 1015 1603 1070 altero
1642 1016 2053 1071 subslituendo

399 1102 664 1176 primum
692 1102 845 1158 bene
864 1102 1079 1168 favisti,
1099 1107 1155 1158 et
1174 1106 1477 1175 postremo
1504 1103 1855 1159 sententiam
1891 1106 2053 1156 tuam

401 1191 768 1265 depravasti,
800 1192 983 1247 alium
1013 1193 1243 1264 [quam]
1293 1208 1474 1264 quem
1532 1208 1642 1247 nos
1681 1193 2052 1260 elegeramus

403 1279 758 1337 ordinando.
791 1282 870 1335 Ne
896 1284 1095 1336 autem
1149 1280 1315 1336 dicas
1360 1282 1668 1351 ignorasse
1729 1287 1777 1336 te
1829 1281 2054 1337 electio-

401 1384 542 1425 nem
569 1372 858 1437 nostram,
888 1367 1311 1423 mandavimus
1360 1369 1462 1424 tibi
1494 1385 1599 1441 per
1638 1368 1923 1425 diaconos
1953 1386 2056 1425 no-

402 1462 574 1525 stros,
603 1455 938 1513 Odelerium
965 1461 1021 1513 et
1047 1458 1499 1527 Frotmundum,
1550 1458 1797 1527 elegisse
1847 1476 1956 1514 nos
1986 1463 2049 1513 A.

284 1592 294 1600 .
401 1547 721 1615 decanum,
749 1561 889 1601 cum
919 1546 1122 1602 litteris
1151 1547 1368 1602 nostris
1401 1547 1663 1620 idipsum
1711 1548 2057 1603 continenti-

401 1635 545 1703 bus;
576 1633 678 1706 qul
704 1633 837 1689 talis
862 1634 1035 1689 nobis
1062 1634 1398 1699 videbatur,
1430 1636 1672 1707 qualem
1704 1637 2051 1708 episcopum

3719 260 3844 316 276

2089 394 2135 445 A
2164 390 2305 443 dum
2332 393 2417 452 ut,
2437 388 2675 457 quando
2709 387 2789 442 ad
2807 386 3145 455 eligendum
3176 385 3515 453 episcopum
3547 400 3846 443 convene-

2165 479 2370 541 rimus,
2401 478 2454 530 si
2481 492 2599 547 qua
2627 474 3022 531 contradictio
3045 474 3233 542 fuerit
3262 474 3645 546 oborta,quia
3674 476 3842 532 talia

2160 568 2329 637 facta
2359 572 2498 619 sunt
2524 563 2685 633 rpud
2708 579 2833 628 nos,
2868 578 2986 617 non
3010 569 3403 630 praesumant,
3447 563 3529 618 ad
3549 579 3839 635 purgan—

2164 657 2301 710 dum
2336 670 2464 710 eum
2493 654 2599 723 qui
2626 651 2997 707 ordinandus
3028 656 3131 717 est,
3167 655 3284 706 tres
3305 653 3461 721 jam,
3508 653 3613 708 sed
3625 659 3843 722 postu-

2166 747 2365 800 lentur
2390 743 2469 798 ad
2497 757 2807 797 numerum
2828 741 3194 809 supradicto»
3212 756 3311 795 um
3332 741 3450 796 duo
3471 743 3564 797 vel
3596 748 3711 798 tres
3730 758 3756 811 ;
3777 747 3837 797 et

2164 835 2225 888 in
2249 833 2447 888 eadem
2474 831 2665 900 plebe,
2721 831 2819 884 cui
2846 828 3218 884 ordinandus
3254 834 3360 895 est,
3417 830 3847 887 discutiantur

2157 924 2355 992 primo
2397 934 2666 990 personae
2709 918 3265 973 contradicentium.
3345 920 3655 975 Postremo
3716 920 3847 974 illa

2163 1012 2335 1067 etiam
2363 1024 2493 1081 quae
2521 1009 2891 1077 objiciuntur
2906 1012 3384 1076 pertractantur,
3411 1014 3487 1077 et,
3525 1024 3661 1063 cum
3680 1024 3847 1077 pur-

2162 1105 2338 1171 gatus
2353 1100 2564 1168 fuerit,
2588 1096 2695 1151 sub
2722 1102 3037 1165 conspectu
3060 1096 3306 1164 publico
3349 1098 3437 1153 ita
3467 1097 3708 1152 demum
3738 1112 3848 1151 or-

2165 1185 2424 1240 dinetur.
2462 1188 2604 1240 Ecce
2629 1185 2938 1265 quomodo
2966 1188 3204 1239 Patrum
3251 1185 3556 1240 sententias
3603 1184 3849 1240 violan-

2168 1278 2278 1329 tur.
2304 1273 2482 1329 Nobis
2504 1274 2663 1329 enim
2688 1274 2885 1329 invitis
2907 1273 3225 1329 obtrudere
3246 1274 3424 1330 vultis
3448 1274 3845 1347 episcopum,

2165 1379 2272 1418 nec
2299 1363 2644 1417 conceditur
2667 1363 2841 1418 nobis
2870 1362 3145 1431 liberum,
3178 1364 3252 1418 de
3278 1380 3349 1419 eo
3375 1363 3481 1436 qui
3507 1380 3621 1419 nos
3640 1367 3852 1419 rectu-

2164 1467 2266 1507 rus
2295 1452 2385 1523 sit,
2413 1451 2637 1507 habere
2663 1452 2987 1523 judicium;
3043 1456 3117 1519 et,
3160 1469 3299 1508 cum
3343 1452 3482 1508 huic
3530 1452 3637 1524 qui
3667 1451 3853 1507 ordi-

2164 1541 2403 1596 nandus
2436 1545 2563 1596 erat
2589 1541 3107 1607 contradiceretur,
3125 1541 3369 1598 minime
3402 1545 3663 1613 purgata
3689 1544 3854 1595 sunt

2164 1646 2300 1703 qua}
2326 1630 2781 1700 objiciebantur,
2814 1646 2921 1685 nec
2946 1645 3215 1701 personae
3247 1631 3341 1685 vel
3377 1630 3638 1686 rationes
3696 1644 3857 1685 con-

403 1722 666 1778 ordinari
716 1723 933 1780 debere
986 1722 1127 1780 dicit
1206 1724 1525 1781 concilium
1594 1726 2055 1791 Cai'thaginense
2097 1740 2135 1792 Β
2166 1719 2580 1775 tradicentium
2606 1719 2909 1774 discussa?-
2946 1720 3088 1783 Οιιῐθ
3119 1736 3257 1774 cum
3287 1720 3366 1775 ita
3393 1719 3529 1786 sint,
3564 1734 3853 1791 cumque

403 1815 705 1883 quartum.
739 1811 909 1876 Quod
963 1812 1013 1867 si
1043 1814 1305 1884 posthinc
1354 1813 1538 1869 alium
1593 1813 1699 1869 tibi
1724 1813 2065 1869 obtulerunt

404 1898 497 1955 vel
521 1914 624 1955 rex
649 1899 738 1955 vel
783 1899 966 1973 aliqui
1016 1916 1088 1957 ex
1141 1901 1362 1957 nostris
1413 1902 1615 1957 minus
1672 1902 2060 1975 sapientibus,

406 1989 763 2062 Oportuisset
793 1993 844 2046 te
875 2006 1120 2047 causam
1152 1992 1464 2062 diligenter
1493 1992 1816 2061 attendere,
1837 1998 1892 2047 et
1914 1992 2064 2047 inter

403 2092 514 2132 nos
570 2076 733 2149 ipsos
781 2076 1129 2149 dijudicare,
1190 2096 1452 2153 quorum
1497 2080 1699 2135 sanior
1746 2079 2064 2134 haberetur

405 2165 631 2227 electio,
686 2166 836 2222 sicut
889 2166 951 2222 in
1004 2168 1254 2224 decretis
1298 2168 1507 2224 Leonis
1537 2184 1711 2241 papae
1745 2165 2063 2235 signiﬁcari

405 2253 625 2327 optime
656 2255 811 2311 nosti
851 2255 944 2311 his
990 2256 1187 2312 verbis
1222 2273 1234 2311 :
1270 2258 1388 2312 Ille
1442 2256 1710 2312 omnibus
1756 2269 2064 2325 praepone-

405 2347 525 2413 tur,
566 2358 736 2414 quem
784 2345 933 2400 cleri
972 2344 1276 2416 plebisque
1325 2359 1642 2400 consensus
1690 2344 2065 2399 concorditer

403 2432 779 2501 postularent
810 2434 896 2489 ita
928 2438 1012 2502 ut,
1031 2434 1083 2488 si
1110 2434 1171 2488 in
1195 2433 1379 2489 aliam
1408 2434 1567 2502 forte
1587 2446 1901 2501 personam
1924 2446 2065 2500 par-

406 2522 552 2576 tium
596 2536 657 2577 se
689 2526 827 2577 vota
875 2522 1206 2593 diviserint,
1246 2522 1699 2590 metropolitani
1732 2521 1964 2590 judicio
2015 2522 2062 2575 is

403 2610 611 2667 saltem
641 2610 825 2666 alteri
847 2616 1260 2681 praeponatur,
1289 2625 1389 2680 qui
1419 2610 1748 2678 majoribus
1770 2614 1825 2665 et
1849 2610 2062 2663 studiis

404 2699 654 2754 invatur
689 2702 745 2754 et
774 2700 1018 2755 meritis.
1048 2698 1332 2753 Volumus
1363 2701 1562 2751 autem
1604 2696 1750 2752 scire
1802 2701 1855 2753 te
1897 2696 2061 2769 quod

405 2786 601 2859 ipsam
644 2787 991 2843 electionem
1050 2791 1317 2842 nostram
1368 2785 1794 2841 mandavimus
1835 2786 2062 2842 domno

404 2876 531 2945 regi
559 2891 668 2948 per
698 2892 840 2931 suos
886 2877 1236 2944 monachus,
1288 2874 1645 2930 Hernaldum
1700 2876 1960 2947 priorem
2008 2883 2065 2931 et

406 2963 751 3020 Restaldum
772 2963 1160 3037 praepositum
1191 2963 1379 3018 sancti
1394 2962 1940 3035 Dionysii.Quibus,
1960 2964 2064 3019 ob-

402 3053 743 3145 jicientibus
772 3053 947 3145 nobis
974 3053 1054 3145 de
1070 3053 1433 3145 Theoderico
1460 3053 1799 3145 ordinando
1831 3055 2059 3145 regiam
2100 3089 2139 3145 η

406 3138 795 3211 voluntatem,
826 3139 1197 3211 injunximus
1244 3146 1309 3196 ut
1351 3141 1613 3198 dicerent
1635 3143 1760 3212 regi
1790 3159 1867 3198 ne
1892 3143 1952 3197 id
1983 3148 2062 3198 te-

407 3243 567 3283 mere
616 3226 744 3283 ﬁeri
793 3227 1046 3298 juberet.
1105 3231 1345 3285 Vocaret
1386 3234 1584 3285 autem
1625 3246 1736 3285 nos
1786 3236 1979 3297 antea,
2017 3230 2064 3285 si

409 3317 522 3372 sibi
551 3316 828 3389 placeret,
862 3317 938 3373 ad
965 3318 1192 3374 curiam
1223 3335 1421 3390 suam,
1474 3320 1567 3374 vel
1612 3336 1733 3375 sum
1772 3321 2063 3376 voluntati

403 3420 821 3477 consensuros,
852 3406 943 3462 vel
971 3423 1077 3463 cur
1102 3408 1550 3464 dissentiremus
1577 3414 1948 3465 ostensuros.
1968 3410 2063 3465 His

403 3511 542 3552 vero
592 3494 762 3551 dictis
792 3496 1008 3552 nostris
1056 3498 1181 3570 ipse
1228 3499 1490 3554 domnus
1538 3514 1641 3554 rex
1685 3499 2059 3571 contemptis,

402 3584 648 3659 qualem
685 3582 795 3641 sibi
840 3585 1012 3642 libuit
1052 3603 1373 3660 personam
1427 3589 1657 3661 absque
1687 3593 1891 3645 nostra
1922 3589 2065 3661 peti-

400 3673 560 3730 tione
587 3673 848 3731 ordinari
876 3675 1163 3732 violentus
1190 3677 1556 3733 acceleravit.
1592 3682 1913 3733 Immemor
1943 3678 2063 3733 for-

401 3767 558 3819 tasse
588 3762 742 3819 illius
773 3764 913 3821 dicti
945 3765 1311 3822 Constantini
1342 3765 1551 3828 Christ,
1584 3764 2063 3838 imperatoris,de

399 3850 681 3908 violentia
708 3853 1048 3926 principum
1070 3859 1278 3910 contra
1319 3869 1382 3909 se
1404 3860 1460 3909 et
1485 3860 1691 3910 contra
1716 3854 1866 3910 alios
1900 3854 2061 3926 prin-

400 3940 561 4015 cipes
590 3941 669 3996 ita
702 3959 763 3996 se
798 3942 1074 3997 habentis
1109 3958 1122 3996 :
1160 3944 1553 4013 Quaecunque,
1605 3942 1817 4015 inquit,
1850 3950 2062 3998 contra

403 4031 557 4102 leges
583 4031 816 4100 fuerint
845 4045 883 4086 a
907 4031 1284 4101 principibus
1309 4032 1570 4098 obtenta,
1625 4044 1744 4087 non
1794 4033 2057 4087 valeant.

404 4116 540 4187 Sed,
572 4122 637 4175 ut
656 4118 734 4175 ad
769 4133 1032 4192 praesens
1062 4118 1137 4174 de
1165 4119 1301 4191 ipso
1326 4122 1651 4186 taceamus,
1686 4118 1792 4191 qui
1819 4134 1963 4176 sane
1986 4120 2063 4175 vi-

401 4206 553 4264 derit
607 4210 809 4263 utrum
857 4208 1063 4263 omnia
1102 4213 1258 4263 recte
1314 4211 1473 4277 agat,
1518 4223 1628 4263 nec
1674 4212 1811 4280 post
1836 4208 2062 4265 factum

402 4296 730 4370 pceniteat?
759 4296 847 4352 Ad
870 4301 944 4364 te,
969 4299 1156 4363 Pater,
1200 4295 1593 4368 querimonias
1634 4301 1851 4352 nostris
1883 4296 2064 4354 ﬂecti-

403 4398 539 4441 mus
569 4385 906 4451 articulum,
939 4400 1121 4458 quem
1152 4385 1428 4442 Ecclesiae
1457 4390 1675 4442 nostra;
1705 4401 1914 4442 curam
1956 4403 2055 4443 ne-

2164 1808 2359 1875 legem
2383 1809 2736 1863 canonicam
2761 1807 2823 1862 in
2850 1808 2964 1862 hoc
2993 1807 3231 1876 negotio
3258 1807 3613 1863 multimodo
3642 1807 3854 1863 solve-

2167 1896 2266 1965 ris,
2298 1911 2615 1951 monemus
2645 1900 2698 1950 te
2728 1911 2850 1950 non
2866 1895 3253 1967 increpando,
3278 1910 3474 1966 neque
3491 1894 3853 1965 diiudican-

2167 1984 2387 2055 do,sed
2414 1984 2629 2039 affectu
2652 1984 2911 2039 ﬁliorum
2937 1984 3461 2056 obsccrando,ipsi
3491 1984 3609 2053 legi
3638 2002 3853 2057 quam

2167 2074 2487 2129 offenderis
2518 2072 2965 2128 reconciliatum
2991 2072 3080 2139 iri,
3120 2072 3463 2128 conﬁtendo
3495 2073 3754 2146 culpam
3790 2080 3857 2130 et

2167 2161 2531 2234 paenitendo.
2586 2165 2699 2217 Nec
2749 2161 2975 2234 pudeat
3023 2166 3073 2216 te
3105 2162 3299 2217 dicere
3329 2162 3684 2218 necessariis
3718 2164 3855 2219 tuis

2169 2255 2392 2305 secreto
2420 2250 2738 2305 Dominum
2769 2250 3131 2320 timentibus,
3157 2255 3212 2305 et
3232 2250 3291 2305 in
3312 2251 3442 2319 lege
3464 2251 3654 2322 ipsius
3675 2252 3853 2308 bene

2168 2339 2435 2409 eruditis,
2463 2340 2591 2411 jam
2632 2339 2876 2395 tandem
2932 2344 2985 2394 te
3030 2339 3523 2396 animadvertisse
3571 2356 3645 2396 ea
3696 2356 3849 2413 quas

2166 2428 2318 2485 fiunt
2343 2433 2548 2485 contra
2580 2434 2797 2484 statuta
2819 2445 3121 2485 canonum
3150 2445 3273 2484 non
3295 2428 3512 2484 debere
3535 2430 3847 2499 stare,sed

2166 2522 2224 2573 et
2253 2517 2532 2573 facientes
2553 2518 2838 2590 paenitere
2870 2523 3161 2591 oportere.
3219 2519 3390 2583 Quod
3439 2519 3488 2573 si
3538 2519 3692 2575 forte
3734 2536 3850 2575 rex

2168 2608 2521 2663 auctoritate
2554 2612 2654 2663 tua
2682 2607 2965 2680 deinceps
2996 2608 3371 2665 corroborari
3386 2608 3851 2682 voluerit,quod

2170 2694 2296 2751 sine
2331 2695 2622 2751 solutione
2650 2712 2955 2752 canonum
2988 2701 3142 2753 stare
3169 2713 3292 2753 non
3323 2698 3530 2770 possit,
3584 2697 3850 2769 videris,

2167 2788 2357 2855 Pater,
2376 2801 2449 2841 ne
2475 2785 2722 2855 adjicias
2752 2791 3067 2857 peccatum
3089 2802 3267 2858 super
3296 2791 3614 2857 peccatum
3661 2805 3675 2842 :
3730 2788 3851 2843 sed

2168 2879 2290 2939 aut,
2314 2878 2611 2945 quantum
2631 2874 2873 2946 poteris,
2892 2874 2951 2928 id
2974 2874 3363 2930 corroborare
3384 2874 3853 2945 dissimula,aut

2170 2962 2478 3018 manifeste
2496 2962 2661 3018 salva
2682 2963 2883 3033 legum
2908 2964 3255 3019 auctoritate
3271 2964 3333 3018 id
3358 2969 3409 3020 te
3439 2964 3687 3036 exsequi
3712 2981 3850 3022 non

2169 3051 2363 3107 valere
2384 3052 2713 3124 proclama.
2734 3055 3033 3107 Postremo
3066 3052 3409 3124 suppliciter
3434 3068 3683 3109 oramus
3706 3055 3850 3109 haec

2172 3140 2391 3213 scripta
2406 3145 2610 3196 nostra
2626 3140 2871 3196 minime
2891 3142 3204 3213 publicari,
3222 3158 3359 3215 quas
3375 3142 3540 3215 apud
3562 3142 3647 3198 tui
3667 3144 3849 3201 chari

2168 3229 2427 3302 pectoris
2459 3234 2749 3286 secretum
2776 3247 3051 3303 promere
3086 3232 3398 3287 audemus.
3432 3232 3715 3289 Rescribe
3748 3251 3853 3290 ve-

2168 3335 2236 3374 ro
2264 3319 2439 3374 nobis
2466 3319 2513 3373 si
2545 3320 2690 3391 quid
2722 3320 2825 3375 tibi
2856 3321 3090 3376 videtur
3115 3326 3321 3376 contra
3350 3322 3477 3377 haec
3507 3321 3851 3379 rationabi-

2169 3407 2297 3462 liter
2318 3408 2773 3480 opponendum.
2808 3412 3035 3477 Rugeat
3062 3408 3165 3464 tibi
3191 3412 3344 3465 Deus
3378 3410 3662 3482 Spiritum
3693 3428 3846 3467 con-

2170 3496 2282 3550 silii
2313 3502 2370 3551 et
2397 3496 2782 3565 fortitudinis,
2807 3498 3112 3569 sapientia:
3142 3502 3199 3552 et
3225 3497 3578 3555 intellectus.

2437 3586 2772 3641 EPISTULA
2812 3588 3075 3642 CXXXVII
3108 3587 3273 3656 [olim
3303 3587 3567 3656 CXXXII].

2167 3673 2400 3729 Sanctis
2409 3675 2772 3742 praesulibus
2798 3677 2860 3730 G.
2894 3676 3264 3737 Belvacensi.
3291 3677 3356 3731 Ο.
3379 3676 3839 3747 Aurelianensi,

2239 3763 2312 3818 Α.
2355 3764 2704 3833 Turonensi,
2732 3765 2938 3820 clerici
2962 3765 3203 3820 Sancta:
3247 3766 3463 3821 Mariae
3503 3766 3842 3823 Carnoten-

2238 3853 2337 3922 sis,
2367 3853 2593 3921 famuli
2616 3868 2818 3908 eorum
2849 3860 2902 3909 et
2930 3855 3157 3922 fratres
3187 3856 3250 3910 in
3272 3856 3521 3910 Domino
3551 3856 3836 3912 salutem.

2241 3940 2676 4011 Conquerimur
2696 3941 2859 4012 apud
2882 3957 3011 4007 vos,
3041 3944 3260 4010 Patres,
3278 3942 3353 3997 de
3376 3941 3839 4017 archiepiscopo

2168 4032 2394 4097 nostro,
2425 4032 2482 4083 et
2510 4045 2671 4098 rege,
2702 4029 2807 4101 qui
2832 4030 3007 4085 nobis
3034 4029 3230 4086 invitis
3258 4030 3614 4104 episcopum
3644 4031 3841 4089 dona-

2166 4133 2230 4172 re
2267 4117 2469 4172 volunt
2497 4118 2827 4190 quemdam
2851 4118 3121 4187 idiotam,
3147 4124 3214 4174 ut
3238 4120 3419 4192 scitis,
3450 4125 3508 4176 et
3528 4122 3837 4192 ejusmodi

2167 4205 2363 4262 ofﬁcio
2394 4206 2741 4276 indignum;
2772 4213 3084 4279 precantes
3114 4209 3405 4265 auxilium
3449 4215 3715 4268 vestrum
3771 4214 3836 4267 ut

2167 4294 2428 4364 vigeletis
2478 4296 2630 4351 sicut
2678 4295 2823 4352 boni
2883 4296 3153 4353 Ecclesiae
3199 4305 3470 4372 pastores
3519 4299 3598 4356 ad
3622 4304 3830 4373 portas

2170 4386 2319 4457 ejus,
2346 4400 2423 4441 ne
2444 4385 2699 4442 introeat
2723 4385 2783 4441 in
2813 4386 2977 4442 illam
3007 4387 3103 4443 ille
3135 4387 3291 4456 talis,
3323 4388 3429 4461 qui
3453 4405 3577 4445 non
3618 4388 3831 4462 quassi—

404 4472 675 4545 glexisse,
704 4473 827 4530 imo
857 4474 1188 4531 auctoritati
1218 4478 1334 4530 tua:
1363 4474 1650 4543 derogare
1678 4475 2058 4532 vehementer
2090 4472 2132 4493 ¹¹
2168 4474 2315 4530 verit
2362 4474 2580 4530 intrare
2633 4490 2741 4546 per
2786 4476 3027 4545 ostium,
3075 4477 3183 4533 sed
3211 4477 3453 4533 aliunde
3484 4478 3826 4542 ascendere,

403 4560 696 4633 dolemus,
731 4562 1070 4634 posthabito
1101 4562 1445 4635 supradicto
1487 4563 1697 4618 Leonis
1741 4577 1918 4636 papas
1961 4563 2061 4619 de-

403 4654 583 4707 creto.
616 4648 791 4716 Quod
821 4650 871 4706 si
913 4650 1317 4721 observasses,
1376 4651 1805 4708 rationabiliter
1854 4651 2059 4725 utique

402 4738 644 4808 egisses,
677 4743 735 4794 et
760 4737 915 4794 bene
944 4738 1139 4806 nobis,
1174 4744 1241 4795 ut
1265 4739 1400 4794 ﬁliis
1422 4744 1611 4811 pater,
1636 4739 2055 4796 consuluisses.

401 4830 473 4882 At
494 4826 631 4899 ipso
653 4824 876 4883 violato
894 4842 1080 4900 quam
1096 4827 1287 4885 multa
1306 4827 1426 4903 alia
1456 4831 1803 4883 sanctorum
1819 4829 2058 4885 Patrum

400 4914 741 4984 violaveris,
774 4919 895 4972 tute
923 4915 1254 4972 considera.
1315 4920 1433 4972 Nos
1464 4919 1664 4971 tamen
1711 4931 1908 4988 pauca
1953 4916 2059 4973 tibi

402 5004 478 5061 de
504 5004 706 5062 multis
737 5005 1074 5062 scribimus.
1108 5004 1343 5076 Legitur
1388 5004 1451 5059 in
1480 5003 1731 5060 decretis
1763 5005 2059 5062 leestini

400 5108 577 5166 papas
601 5111 613 5148 :
641 5095 868 5151 Nullus
893 5096 1096 5151 invitis
1125 5096 1304 5150 detur
1330 5093 1634 5163 cpiscopus
1662 5109 1686 5149 .·
1723 5095 1890 5162 cleri,
1932 5096 2059 5164 ple-

405 5180 490 5237 bis
515 5188 570 5237 et
600 5185 831 5239 ordinis
861 5198 1177 5240 consensus
1205 5189 1261 5239 et
1303 5182 1661 5238 desiderium
1687 5184 2054 5254 requiratur.

403 5269 471 5324 Et
498 5272 635 5341 post
664 5284 863 5341 pauca
894 5288 906 5326 :
947 5272 1040 5327 Sit
1063 5271 1332 5341 facultas
1359 5270 1588 5327 clericis
1638 5272 1954 5338 renitendi,
2008 5273 2062 5328 si

402 5373 463 5414 se
514 5358 772 5413 viderint
817 5361 1224 5429 praegravari,
1279 5366 1333 5417 et
1383 5376 1525 5431 quos
1581 5361 1695 5417 sibi
1734 5363 1934 5432 ingeri
1984 5376 2060 5419 ea:

404 5454 742 5505 transverso
782 5451 1077 5517 noverint,
1133 5466 1253 5505 non
1305 5452 1551 5508 timeant
1585 5453 1902 5521 refutare:
1932 5455 2053 5524 qui,

401 5539 457 5592 si
499 5552 620 5592 non
662 5537 919 5594 debitum
964 5540 1250 5608 primum,
1304 5541 1397 5595 vel
1442 5542 1713 5607 liberum,
1762 5541 1833 5596 de
1861 5556 1924 5596 eo
1954 5543 2061 5612 qui

322 5677 327 5682 .
402 5642 496 5685 eos
526 5632 798 5683 recturus
823 5634 927 5697 est,
959 5628 1170 5685 debent
1203 5630 1421 5686 habere
1439 5632 1761 5700 judicium.
1812 5633 1954 5686 Item
1983 5646 2057 5686 ex

402 5715 652 5775 concilio
681 5717 1132 5789 Carthaginensi
1157 5719 1324 5775 tertio
1357 5736 1370 5773 :
1402 5720 1475 5774 Et
1508 5720 1667 5775 illud
1695 5724 1779 5774 est
1792 5724 2057 5776 statuen-

2169 4562 2324 4617 sicut
2350 4562 2444 4617 fur
2472 4566 2529 4618 et
2555 4563 2707 4619 latro
2737 4564 2933 4632 (Joan.
2966 4579 3024 4632 ι,
3057 4566 3126 4636 l).
3159 4565 3338 4621 Vobis
3388 4566 3579 4622 tribus
3623 4571 3830 4639 portas

2166 4651 2657 4719 custodientibus,
2690 4653 2889 4709 sciatis
2941 4669 3050 4726 pro
3095 4658 3255 4711 certo
3308 4659 3591 4728 quartum
3632 4660 3829 4711 custo-

2165 4740 2307 4797 dem
2337 4741 2498 4810 addi,
2532 4742 2803 4798 Odonem
2834 4744 3138 4811 comitem,
3178 4748 3235 4800 et
3263 4759 3580 4817 nunquam
3626 4759 3830 4817 recep-

2164 4834 2368 4887 turum
2397 4830 2565 4887 illum
2592 4831 2655 4887 in
2686 4832 2984 4888 civitatem
3014 4849 3210 4906 suam,
3263 4834 3377 4889 nisi
3410 4834 3577 4907 prius
3628 4839 3827 4891 vestro

2159 4919 2386 4992 judicio
2417 4921 2851 4989 examinatum,
2884 4926 3086 4978 utrum
3112 4922 3296 4996 recipi
3324 4923 3543 4979 debeat
3571 4939 3652 4979 an
3680 4938 3821 4980 non.

2164 5008 2408 5080 Vigilate
2473 5009 2653 5077 igitur
2697 5010 2997 5079 attentius,
3056 5015 3113 5067 et
3159 5011 3473 5079 diligenter
3548 5012 3823 5084 inquirite

2165 5114 2418 5155 causam
2442 5114 2581 5153 cum
2606 5100 2812 5154 vestris
2843 5100 3213 5172 sapientibus
3243 5100 3494 5170 clericis,
3545 5105 3604 5157 et
3651 5100 3821 5156 nobis

2165 5186 2404 5244 famulis
2440 5187 2669 5257 vestris,
2730 5188 2777 5243 si
2836 5189 3189 5259 dignemini,
3243 5205 3354 5245 nec
3406 5195 3652 5263 propter
3674 5189 3824 5261 regis

2163 5276 2558 5333 reverentiam
2599 5277 2714 5333 hoc
2765 5287 2940 5347 agere
3013 5278 3398 5350 pigritemini,
3466 5279 3646 5351 quasi
3720 5279 3822 5335 hoc

2163 5366 2453 5439 pertineat
2507 5365 2586 5421 ad
2637 5365 2983 5423 ﬁdelitatem
3036 5368 3185 5439 ejus.
3263 5371 3404 5424 Vere
3469 5370 3693 5425 etenim
3749 5366 3823 5425 illi

2163 5453 2459 5510 ﬁdeliores
2538 5454 2695 5510 eritis
2728 5497 2741 5522 ,
2821 5455 2867 5510 si
2936 5472 3069 5528 quae
3150 5462 3289 5513 sunt
3354 5457 3719 5527 corrigenda
3767 5457 3821 5513 in

2163 5558 2348 5612 regno
2399 5543 2527 5613 ejus
2584 5544 2951 5600 correxeritis
2980 5586 2994 5610 ,
3073 5549 3131 5600 et
3201 5544 3477 5601 animum
3552 5548 3688 5617 ejus
3751 5542 3817 5601 ad

2163 5629 2440 5685 eamdem
2516 5630 2944 5686 correctionem
3030 5632 3459 5705 compuleritis.
3535 5634 3816 5691 Volumus

2163 5721 2366 5775 autem
2441 5720 2591 5775 scire
2661 5736 2771 5776 vos
2844 5724 2912 5777 Α.
2985 5721 3289 5778 decanum
3367 5736 3556 5796 quem
3642 5723 3820 5796 elege-
