3904 6428
666 59 3773 117 π

84 316 197 369 277

1012 312 1427 369 'I‘RAC'I‘ATUS
1468 314 1530 366 IN
1574 313 1767 366 VERS.
1816 315 1829 367 I
1873 316 2026 370 CAP.
2071 320 2155 372 XII
2186 322 2338 375 ACT.
2380 321 2620 377 APOS'I‘.

3428 327 3530 378 278

84 451 315 492 ramus
337 435 558 492 facttun
581 451 713 490 esse
736 436 1130 506 monachum,
1162 436 1549 491 nihilominus
1576 439 1771 490 tamen
1811 450 1852 495 Α
1883 455 2015 492 eum
2052 441 2366 497 Ilerelierto
2398 448 2611 514 nepote
2643 448 2761 509 tuo,
2792 462 3110 518 usquequo
3140 446 3337 515 fruges
3369 463 3534 501 novre

84 541 208 579 nos
238 542 384 581 eum
409 530 613 597 optare
640 525 816 580 nobis
838 525 961 579 ﬁeri
990 526 1343 598 episcopum
1369 544 1381 594 ;
1413 543 1549 580 cum
1578 541 1773 596 repro-

84 614 285 670 batus
316 614 490 671 fuerit
517 615 611 670 ille
632 614 834 687 lupus,
866 632 1049 687 quem
1083 616 1339 688 probare
1390 616 1633 687 potestis
1686 614 1772 669 in-

84 705 382 775 dignum.
427 704 597 769 Quod
637 721 740 760 vos
773 704 1030 761 'mvicem
1063 710 1233 761 caute
1278 710 1335 761 et
1363 706 1672 775 diligenter
1716 710 1771 760 et

85 798 328 849 secrete
350 793 679 849 deliberare
708 793 988 866 petimus,
1050 799 1250 849 utrum
1298 793 1419 850 ﬁeri
1450 793 1637 866 possit
1692 809 1771 848 an

84 898 249 954 non,
285 886 343 937 et
389 882 564 938 nobis
595 883 780 937 servis
831 883 1041 939 vestris
1073 899 1142 939 ac
1170 883 1452 939 fratribus
1483 882 1770 939 delibera-

85 971 286 1027 tionis
313 975 523 1026 vestrae
552 970 735 1026 ﬁnem
773 970 1160 1037 innotescere,
1192 971 1312 1026 sive
1368 970 1592 1037 litteris,
1647 969 1768 1025 sive

85 1060 306 1129 legato
330 1059 510 1116 ﬁdeli.
542 1060 676 1115 Haec
708 1066 908 1117 autem
940 1061 1124 1117 verba
1153 1064 1357 1116 nostra
1382 1059 1575 1114 videte
1620 1058 1767 1113 inte-

86 1151 213 1206 rim
245 1166 325 1206 ne
351 1149 745 1222 publicentur.
774 1150 998 1206 Valete.

315 1241 650 1297 EPISTULA
689 1240 1013 1295 CXXXVIII
1048 1241 1212 1309 {olim
1236 1238 1564 1306 CXXXIII].

91 1329 291 1396 Quem
330 1344 510 1397 super
559 1345 755 1385 omnes
800 1329 1038 1385 abbates
1092 1329 1359 1397 diligunt
1399 1328 1768 1382 sanctissimo

162 1401 348 1471 patri
375 1402 438 1455 Ο.
473 1401 748 1455 canonici
770 1400 1006 1455 Sancta:
1032 1401 1245 1455 Maria?
1274 1401 1538 1454 omnium
1588 1400 1770 1453 virtu-

168 1478 304 1527 tum
335 1473 540 1542 gratia
563 1472 948 1541 prmfutgere.

168 1560 580 1618 Obsecremus
638 1576 746 1615 vos
794 1559 856 1614 in
894 1558 1136 1615 nomine
1187 1562 1406 1614 sanctae
1456 1557 1767 1625 Trinitatis,

84 1667 170 1707 ne
202 1649 458 1706 faveatis
485 1654 690 1705 contra
730 1650 829 1720 jus
873 1654 927 1705 et
958 1648 1045 1703 fas
1102 1648 1371 1721 partibus
1428 1647 1772 1703 Theodorici

89 1739 373 1795 simulati
398 1738 684 1812 episcopi,
738 1754 931 1812 neque
985 1737 1284 1793 suadeatis
1335 1737 1525 1793 Odoni
1569 1736 1771 1792 comiti

88 1831 300 1886 facere
328 1845 465 1884 cum
489 1844 559 1883 eo
588 1826 972 1883 concordiam
1001 1831 1207 1882 contra
1225 1830 1569 1883 sanctorum
1595 1842 1770 1882 cano-

85 1936 251 1977 num
282 1918 716 1975 auctoritatem.
754 1917 1175 1981 Clarissimum_
1208 1916 1517 1990 speculum
1570 1914 1771 1989 posuit

87 2026 208 2065 vos
242 2011 400 2065 Deus
439 2007 500 2064 in
525 2006 778 2077 mundo,
808 2006 1002 2061 videte
1033 2022 1107 2061 ne
1138 2006 1405 2081 qualibet
1460 2006 1768 2075 nigredine

88 2096 536 2165 obscuremini,
586 2112 709 2169 qua
760 2096 1130 2152 oﬂ'uscentur
1188 2094 1329 2163 alii;
1400 2095 1504 2150 sed
1534 2111 1770 2169 semper

89 2202 244 2244 vero
275 2185 505 2241 lumine
532 2184 963 2257 respondeatis,
998 2200 1119 2256 quo
1147 2187 1201 2238 et
1231 2183 1329 2238 alii
1374 2184 1604 2256 possint
1641 2183 1768 2238 illu-

91 2274 299 2332 strari.
334 2274 551 2347 Valete,
575 2274 920 2330 beatissime
951 2274 1140 2341 Pater,
1176 2278 1233 2328 et
1259 2272 1559 2329 rescribite
1590 2272 1765 2328 nobis

90 2364 247 2440 quid
271 2364 489 2420 melius
529 2362 602 2418 de
624 2364 737 2419 hac
778 2379 961 2419 causa
989 2362 1162 2418 vobis
1193 2362 1442 2418 videtur.

341 2452 676 2508 EPISTOLA
716 2450 1010 2508 CXXXIX
1043 2452 1206 2521 [olim
1238 2451 1520 2520 CXXXIV].

92 2543 164 2597 In
193 2541 441 2597 Christo
467 2539 582 2595 sibi
599 2539 813 2594 dilecto
834 2554 1177 2610 semperque
1197 2538 1502 2607 diligendo
1528 2540 1764 2593 domino

168 2614 480 2667 RAINALDO
521 2610 897 2665 HILDEGARIUS
949 2625 1153 2665 servus
1200 2611 1327 2677 ejus
1382 2610 1596 2675 ﬁdelis,
1637 2626 1765 2680 qua:

166 2690 337 2811 ἔξθίτό
363 2687 507 2738 sunt
536 2682 823 2750 oblivisci,
852 2687 905 2737 et
919 2683 1154 2751 jugiter
1180 2682 1242 2736 in
1282 2682 1588 2737 anteriora
1637 2687 1761 2735 ten-

211 2770 332 2811 ere.

211 2770 332 2811 ere.

169 2845 373 2902 Causa
413 2840 718 2898 charitatis
746 2839 1045 2914 pollicitus
1087 2856 1220 2896 sum
1274 2838 1611 2896 conversari
1643 2856 1762 2895 me-

1880 526 2252 599 colligantur,
2287 531 2475 585 amice
2500 532 2666 586 illum
2698 532 3035 599 habiturus,
3086 534 3322 591 interim
3361 534 3537 608 quasi

1877 618 2201 687 praesentis
2235 623 2347 675 tua:
2394 620 2701 675 vicarium.
2762 623 2989 694 Scripta
3042 641 3176 694 qua:
3239 625 3337 681 tibi
3390 624 3537 680 mitti

1876 706 2097 777 poscis,
2130 707 2346 778 partim
2380 708 2687 775 mittimus,
2712 711 2929 781 partim
2951 711 3222 781 minime,
3246 713 3387 784 quia
3415 729 3535 767 non

1877 798 2013 848 sunt
2040 794 2229 849 missu
2257 795 2449 850 facilia
2486 814 2498 850 :
2528 813 2661 867 quae
2694 814 2833 852 vero
2862 800 3193 866 mittuntur,
3224 806 3280 856 et
3331 801 3536 857 diffici-

1874 880 1952 935 lia
1985 884 2386 951 suntcognitu
2430 888 2485 938 et
2515 887 2980 955 pernecessaria,
3036 887 3109 942 de
3164 896 3535 946 sacramento

1875 969 2142 1026 videlicet
2171 972 2434 1043 corporis
2461 978 2513 1028 et
2537 974 2843 1042 sanguinis
2870 975 3102 1031 Domini
3126 995 3140 1045 ;
3173 994 3307 1049 quae
3336 977 3383 1033 si
3414 994 3536 1035 non

1875 1057 2052 1127 digne
2107 1076 2175 1113 ac
2237 1060 2484 1115 ﬁdeliter
2534 1061 2918 1135 percipimus,
2952 1064 3142 1120 vivere
3190 1082 3312 1123 non
3355 1067 3537 1122 babe-

1876 1163 2030 1200 mus.
2067 1150 2144 1201 De
2171 1148 2627 1215 cogitationibus
2651 1155 2852 1206 autem
2883 1168 3017 1224 qlue
3065 1170 3126 1209 se
3192 1155 3535 1211 nolentibus

1877 1234 2050 1288 nobis
2069 1235 2454 1304 ingeruntdta
2485 1237 2776 1292 sentiebat
2804 1239 3190 1295 eliarissimus
3208 1248 3374 1315 pater
3403 1259 3537 1297 nos-

1881 1327 1962 1376 ter
1995 1322 2300 1379 Fulbertus
2334 1344 2345 1379 :
2380 1326 2463 1380 nil
2518 1343 2618 1381 eas
2677 1344 2911 1399 nocere,
2968 1328 3014 1383 si
3064 1331 3309 1386 tandem
3346 1330 3528 1386 menti

1880 1410 2124 1466 minime
2146 1411 2481 1484 placuerint
2512 1432 2524 1481 ;
2587 1413 2760 1483 signo
2793 1416 2983 1470 crucis
3037 1415 3370 1485 abigendas
3402 1435 3533 1473 esse

1879 1499 1956 1554 ab
1996 1500 2217 1569 animo,
2274 1502 2433 1557 velut
2491 1520 2730 1559 muscas
2773 1504 2851 1560 ab
2908 1503 3091 1559 oculis
3122 1505 3530 1579 importunus;

1878 1588 2165 1645 rationem
2198 1591 2545 1663 ponendam
2568 1608 2695 1648 esse
2730 1592 2943 1648 mentis
2974 1592 3303 1660 custodem,
3334 1612 3535 1651 rerum

1879 1678 2110 1734 utilium
2143 1680 2545 1752 receptricem,
2575 1681 2798 1753 quibus
2824 1683 2968 1738 dum
3000 1688 3292 1755 occupata
3337 1684 3530 1752 fuerit,

1810 1792 1851 1845 Β
1881 1769 1957 1823 ab
1982 1768 2289 1825 inutilibus
2320 1770 2525 1843 impeti
2555 1771 2648 1826 vel
2677 1773 2973 1844 penetrari
3004 1789 3126 1829 non
3157 1775 3345 1846 possit
3370 1792 3383 1828 :
3438 1776 3532 1831 cui

1877 1858 2178 1915 sententiae
2205 1859 2426 1915 multas
2460 1859 2605 1915 alias
2634 1860 2694 1917 in
2724 1861 2861 1916 Vitis
2893 1864 3129 1918 Patrum
3162 1863 3533 1919 consentien-

1876 1953 1961 2003 tes
1991 1947 2247 2021 reperire
2274 1952 2466 2020 potes,
2501 1965 2635 2021 qute
2678 1953 2844 2004 tuum
2873 1951 3140 2006 animum
3194 1951 3416 2025 optime
3448 1969 3533 2008 re-

1875 2035 2183 2106 levabunt,
2215 2036 2543 2108 opitulante
2570 2038 2783 2093 Christi
2814 2038 3022 2107 gratia,
3056 2039 3181 2096 sine
3211 2056 3333 2113 qua
3386 2040 3532 2098 nihil

1876 2125 2149 2181 valemus
2182 2126 2275 2181 vel
2304 2143 2531 2182 sumus.
2558 2129 2779 2183 Caetera
2814 2144 2949 2183 vero
2980 2145 3114 2200 quia
3144 2129 3221 2187 ad
3271 2146 3531 2201 priesens

1877 2232 1999 2272 non
2030 2216 2365 2288 mittuntur,
2397 2216 2541 2289 quia
2568 2233 2677 2272 nec
2705 2217 2856 2273 adeo
2905 2218 3126 2290 scriptu
3164 2218 3379 2287 facilia,
3421 2236 3530 2277 nec

1876 2306 2015 2361 satis
2073 2305 2357 2361 idoneum
2415 2306 2688 2376 gerulum
2740 2307 2959 2363 habere
3004 2306 3185 2362 modo
3232 2307 3526 2378 videntur,

1874 2398 1993 2450 Deo
2024 2395 2280 2466 volente,
2315 2412 2491 2468 spero
2517 2412 2613 2451 me
2637 2395 2739 2451 tibi
2794 2395 3117 2452 missurum
3167 2395 3258 2451 vel
3305 2397 3530 2457 delatu~

1872 2500 2030 2553 rum,
2060 2501 2198 2540 cum
2229 2490 2637 2557 opportunum
2670 2490 2903 2557 tempus
2947 2489 3003 2540 et
3046 2483 3297 2541 latorem
3361 2485 3527 2543 inve-

1870 2577 2082 2631 nerim.
2118 2575 2347 2642 Valeas,
2395 2576 2598 2631 animo
2652 2592 2787 2631 meo
2843 2575 3205 2643 charissime,
3257 2581 3528 2635 mortuus

1870 2663 2007 2719 huic
2035 2663 2264 2718 mundo
2298 2663 2595 2720 Christum
2628 2663 2730 2718 tibi
2759 2662 2952 2718 vivere
2983 2662 3165 2729 noris,
3190 2662 3393 2720 virtuti
3445 2665 3527 2719 vi-

1868 2768 1996 2813 vas.
2030 2751 2102 2807 sit
2132 2751 2237 2807 tibi
2267 2768 2430 2807 mors
2481 2751 2780 2819 vitiorum,
2822 2768 2928 2808 ora
2982 2767 3092 2823 pro
3143 2767 3240 2809 me
3297 2751 3524 2809 famulo

1871 2844 1991 2908 tuo,
2024 2842 2209 2896 Pater.

974 3184 1651 3316 samem
1760 3197 2654 3358 remensa

1497 3441 2119 3529 TRACTATUS

176 3655 249 3716 IN
298 3671 502 3715 ILLUD
543 3651 881 3711 AC'I‘ORUM
914 3668 1031 3721 x11,
1068 3652 1098 3712 1
1136 3667 1149 3709 :
1182 3648 1349 3710 Misit
1376 3646 1643 3709 Herodes
1672 3667 1783 3709 rem
1806 3629 2040 3724 vituitus,
2076 3659 2138 3707 ut
2166 3650 2469 3729 afﬂigeret
2513 3648 2799 3728 quosdam
2831 3647 2900 3708 de
2952 3645 3251 3718 Ecclesia,
3283 3648 3430 3719 om,

1105 3809 1339 3870 Factus
1369 3807 1435 3869 in
1466 3808 1655 3868 Festo
1690 3808 1893 3870 sancti
1924 3808 2097 3869 Petri
2131 3809 2210 3869 ad
2243 3807 2513 3871 Vincula

996 3970 1299 4040 (GALLAND.
1327 3967 1615 4023 Biblioth.
1645 3971 1739 4023 vet
1767 3967 1940 4024 Patr.
1965 3970 2112 4023 tom.
2151 3969 2282 4036 XlV,
2307 3983 2445 4040 pag.
2484 3968 2633 4040 1T7.)

170 4175 546 4248 Scripturam
575 4186 810 4228 sacram
858 4174 1040 4238 recte,
1089 4185 1226 4226 cum
1272 4168 1430 4238 legit,
1489 4167 1760 4239 intelligit
1798 4173 1838 4228 C
1869 4171 2034 4244 quod
2065 4171 2142 4231 ab
2175 4189 2247 4230 eo
2268 4171 2650 4231 faudabiliter
2681 4179 2919 4244 gestum
2977 4179 3085 4246 est,
3137 4174 3371 4233 malum
3425 4172 3526 4230 ali-

101 4266 202 4341 qui
229 4264 453 4331 modos
479 4261 749 4318 locutum
774 4260 903 4331 ejus
932 4275 1056 4316 non
1082 4258 1345 4329 negligit.
1396 4262 1510 4316 Hos
1561 4261 1763 4315 autem

102 4354 481 4412 considerare
509 4366 634 4407 non
676 4348 912 4420 sufﬁcit,
944 4348 1057 4405 nisi
1086 4348 1189 4422 qui
1217 4364 1354 4405 eam
1382 4347 1765 4405 meditatione

101 4444 388 4503 continua
412 4439 832 4516 frequentavit.
862 4442 1011 4496 Nam
1037 4437 1207 4508 sicut,
1239 4438 1470 4495 homini
1526 4436 1767 4494 cuilibet

102 4531 470 4607 frequentius
493 4527 911 4603 colloquendo,
940 4528 1232 4603 paulatim
1260 4529 1432 4600 cujus
1479 4526 1552 4585 sit
1575 4525 1764 4601 quali-

104 4622 232 4681 tatis
258 4619 662 4685 adventimus,
714 4616 794 4673 ita
826 4622 883 4673 et
909 4633 1142 4672 morem
1194 4616 1506 4689 Scriptura:
1561 4630 1764 4685 sacrae,

104 4712 319 4777 sepius
351 4725 489 4765 eam
518 4707 913 4773 retractando,
948 4705 1393 4776 cognoscimus.
1419 4710 1557 4781 lpsa
1583 4703 1764 4777 enim,

104 4801 250 4857 sicut
278 4801 515 4856 Patrum
548 4794 891 4866 magisterio
922 4794 1268 4865 edocemur,
1298 4808 1763 4865 nonnunquam,

103 4906 208 4964 per
228 4890 348 4945 hoc
372 4886 542 4962 quod
571 4883 1040 4959 vituperabiliter
1063 4883 1236 4954 juxta
1286 4881 1598 4938 historiam
1638 4896 1766 4951 ges-

105 4984 229 5037 tum
258 4980 482 5044 narrat,
507 4975 782 5032 virtutem
811 4973 987 5029 laude
1036 4972 1287 5043 dignam
1336 4971 1511 5042 juxta
1563 4968 1768 5043 mysti-

106 5084 240 5125 cum
259 5065 626 5124 intellectum
659 5062 973 5133 signiﬁcat.
1003 5062 1122 5116 Hoc
1174 5066 1377 5117 autem
1432 5059 1495 5116 in
1545 5075 1615 5115 eo
1670 5058 1767 5119 vel

106 5156 365 5215 maxime
395 5154 598 5224 claret,
629 5152 797 5226 quod
825 5152 899 5207 de
960 5150 1146 5208 David
1192 5155 1249 5207 et
1298 5148 1431 5207 Urio
1472 5164 1642 5205 sacra
1674 5147 1765 5204 Hi-

107 5247 283 5306 storia
313 5248 552 5315 gestum
582 5242 759 5299 refert
786 5261 798 5298 :
830 5240 932 5298 ubi
962 5245 1017 5298 et
1064 5239 1209 5296 Uria:
1253 5240 1541 5296 innocens
1587 5238 1765 5294 devo-

104 5336 203 5404 tio,
233 5332 579 5390 Judaeorum
607 5330 1017 5387 inﬁdelitatem
1038 5327 1371 5399 designavit
1401 5346 1414 5397 ;
1449 5332 1503 5384 et
1558 5341 1767 5402 pecca-

105 5429 230 5482 tum
286 5421 550 5491 Davidis,
606 5423 1054 5476 sacramentum
1112 5433 1406 5488 magnum
1461 5415 1670 5474 Christi
1710 5419 1766 5471 et

1872 4260 2037 4331 quod
2074 4261 2458 4334 designetur;
2518 4278 2629 4318 nec
2680 4262 2906 4334 injusto
2949 4263 3191 4334 justitiie
3247 4262 3527 4322 meritum

1872 4350 2156 4420 conferat,
2215 4350 2445 4407 etiamsi
2497 4367 2603 4423 per
2662 4352 2777 4408 hoc
2830 4352 2993 4425 quod
3056 4350 3529 4425 improbabiliter

1873 4436 2073 4509 gessit,
2106 4437 2351 4510 aliquod
2372 4438 2605 4494 bonum
2636 4438 2942 4510 ﬁguretur.
2976 4444 3175 4513 Neque
3206 4439 3365 4496 enim
3397 4453 3529 4511 pec-

1872 4530 2073 4581 catum
2104 4526 2291 4583 David
2334 4526 2470 4583 ideo
2524 4534 2837 4600 peccatum
2894 4543 3019 4586 non
3068 4529 3175 4584 fuit
3229 4528 3373 4601 quia
3422 4526 3528 4583 bo-

1872 4630 2019 4670 num
2084 4612 2229 4668 illud
2276 4613 2614 4670 maximum
2656 4614 2953 4685 ﬁguravit,
3004 4620 3106 4673 aut
3162 4616 3304 4673 Uriae
3356 4614 3526 4670 inno-

1874 4701 2067 4759 centia
2116 4701 2346 4758 malum
2404 4701 2511 4758 fuit
2534 4702 2676 4775 quia
2704 4702 2958 4761 inﬁdelis
2983 4704 3191 4778 populi
3242 4703 3526 4760 duritiam

1873 4790 2183 4862 desigavit.
2240 4793 2371 4846 Haec
2417 4789 2636 4849 idcirco
2683 4792 3104 4864 praemisimus,
3174 4809 3250 4849 ne
3303 4791 3526 4849 meritis

1874 4879 2217 4955 apostolicis
2268 4879 2592 4949 derogasse
2646 4880 2724 4937 ab
2779 4880 2980 4954 aliquo
3003 4881 3524 4953 judicemur,cum

1872 4986 1979 5044 per
2009 4986 2081 5025 ea
2109 4986 2240 5043 quae
2266 4969 2341 5025 de
2392 4968 2503 5025 illis
2558 4968 2620 5025 in
2666 4970 2957 5031 hodierna
3001 4970 3253 5028 lectione
3280 4985 3527 5028 narran-

1873 5065 1988 5128 tur,
2013 5059 2241 5135 aliquid
2269 5059 2436 5137 quod
2462 5059 2757 5119 sanctitati
2783 5076 2991 5119 eorum
3042 5076 3167 5117 non
3209 5064 3523 5130 congruat,

1874 5150 2209 5221 signiﬁcare
2252 5149 2598 5207 dixerimus.
2658 5150 2843 5208 Hodie
2889 5166 3153 5223 namque
3206 5149 3400 5219 nobis,
3448 5150 3525 5208 de

1875 5256 2040 5296 more
2070 5237 2365 5310 Ecclesiae,
2389 5238 2798 5312 apostolorum
2854 5243 3107 5296 Actuum
3158 5239 3332 5297 lectio
3376 5238 3525 5296 reci-

1875 5332 2048 5400 tatur,
2080 5327 2139 5383 in
2170 5343 2293 5402 qua
2334 5327 2514 5385 frater
2549 5328 2792 5386 Joannis
2826 5328 3084 5385 Jacobus
3140 5328 3340 5401 gladio
3391 5345 3528 5386 nar-

1872 5422 2035 5474 ratur
2059 5416 2311 5485 occisus,
2336 5417 2644 5490 apostolus
2673 5434 2915 5493 quoque
2943 5421 3144 5476 Petrus
3169 5423 3228 5475 et
3250 5436 3524 5492 compre-

108 5511 377 5571 Ecclesiae
419 5508 718 5578 ﬁguravit.
773 5507 1094 5564 Sciendum
1142 5511 1340 5563 tamen
1389 5506 1535 5579 quia
1580 5505 1641 5562 in
1669 5505 1763 5560 his
1804 5506 2096 5581 Dhensus
2138 5505 2349 5576 legitur
2396 5510 2452 5563 et
2508 5510 2808 5580 exceptus.
2870 5508 3059 5578 Digna
3116 5524 3365 5583 prorsus
3404 5508 3525 5566 ﬁde

107 5619 236 5676 qua:
258 5597 642 5657 historialiter
671 5602 803 5654 acta
833 5597 1186 5663 referuntur,
1219 5596 1529 5666 agentium
1560 5611 1757 5652 causae

107 5696 344 5769 propter
371 5686 869 5758 signiﬁcationem
894 5702 1015 5742 non
1041 5690 1349 5742 mutantur
1384 5707 1397 5743 :
1425 5686 1508 5742 ita
1561 5689 1624 5741 ut
1651 5700 1761 5742 nec

104 5775 510 5854 justo
538 5775 613 5835 de
638 5775 870 5849 justitia
925 5791 1036 5832 sua
1070 5775 1322 5843 minuat,
1379 5773 1612 5833 etiamsi
1654 5789 1762 5850 per

1866 5592 2117 5650 historia
2173 5596 2281 5664 est,
2364 5593 2731 5667 etiamjusta
2782 5594 3034 5655 litteram
3109 5596 3526 5654 venerabiliter

1868 5681 2327 5756 amplectenda;
2378 5687 2818 5754 verumtamen,
2871 5685 3015 5760 quia
3083 5687 3147 5744 in
3231 5686 3524 5759 spirituali

1866 5773 2018 5830 libro
2051 5770 2318 5827 Ecclesiae
2343 5772 2677 5833 continetur
2724 5779 2782 5831 et
2805 5794 2877 5837 ex
2902 5775 3001 5833 illa
3014 5775 3297 5848 quedam
3321 5777 3525 5832 Patres
