3904 6384
382 264 487 315 279

1417 259 1473 314 S.
1518 258 1857 313 FULBERTI
1898 252 2374 312 CABNOTENSIS
2413 252 2753 311 EPISCOPI.

3695 255 3800 312 280

382 381 756 455 spiritualiter
782 380 1137 437 intellexisse
1162 381 1415 451 legimus
1444 398 1457 449 ;
1490 396 1610 437 non
1654 381 1888 437 videtur
1942 378 2027 435 in-
2067 381 2115 435 Α
2144 375 2367 449 quibus
2395 376 2503 432 etsi
2554 376 2960 434 numerositas
3010 377 3453 451 triumphorum
3510 393 3801 435 coronam

380 486 715 538 congruum
747 471 814 537 si,
843 470 1100 526 historiae
1132 470 1374 526 veritate
1410 473 1664 536 servata,
1723 468 2032 542 quomodo

378 558 758 632 spiritualiter
813 564 935 615 tota
992 560 1181 632 possit
1223 559 1467 629 intelligi
1522 558 2029 614 demonstremus.

382 649 497 705 Sed
519 650 644 718 jam
679 647 999 703 audiamus
1028 647 1359 703 exordium.

450 742 489 792 l.
523 737 683 792 Misit
715 737 978 792 Herodes
1009 752 1117 793 rex
1146 753 1378 804 manus,
1406 742 1467 791 ut
1510 738 1806 807 afﬂigeret
1861 751 2034 808 quos-

378 827 517 881 dam
547 827 619 881 de
644 826 913 881 Ecclesia
941 826 1096 895 (Act.
1129 841 1230 894 xu,
1268 830 1285 880 1
1316 826 1517 898 seqq.).
1549 827 1735 891 Quem
1780 824 1895 880 sub
1930 825 2036 879 Hea

379 911 539 967 rodis
568 911 864 967 vocabulo
894 912 1160 984 accipere
1182 911 1511 967 debeamus
1539 912 1959 981 significatum,
1980 914 2037 967 et

378 1001 637 1057 nominis
668 1002 796 1072 ejus
829 1001 1226 1075 appellatione
1260 1006 1316 1057 et
1336 1002 1532 1074 operis
1559 1002 1903 1058 crudelitate
1934 1001 2037 1057 do-

380 1090 867 1146 cemur.Herodes
897 1091 1120 1163 quippe
1149 1092 1433 1159 pelliceus
1465 1091 1894 1164 interpretatur,
1913 1107 2035 1164 quo

380 1180 624 1235 nomine
648 1184 807 1234 recte
847 1180 1129 1252 antiquus
1187 1179 1436 1235 humani
1480 1180 1711 1250 generis
1756 1180 2036 1237 adversa-

380 1268 504 1323 rius
534 1268 915 1339 designatur;
950 1269 1121 1338 cujus
1152 1268 1532 1324 suasionibus
1550 1269 1697 1326 dum
1727 1269 1903 1343 primi
1927 1270 2033 1325 ho-

382 1360 576 1412 mines
606 1357 1002 1424 crediderunt,
1064 1358 1214 1413 stola
1268 1358 1725 1415 immortalitatis
1779 1359 2031 1432 perdita,

385 1446 661 1518 pelliceas
691 1446 922 1501 tunicas
952 1446 1330 1502 mortalitatis
1388 1447 1613 1503 indices
1651 1453 2028 1522 acceperunt.

383 1538 553 1605 Nam,
583 1534 724 1606 quia
754 1534 937 1606 pelles
968 1535 1216 1591 mortuis
1238 1536 1601 1593 animalibus
1623 1537 1813 1594 solent
1840 1537 2033 1594 detra-

382 1623 462 1689 hi,
497 1639 617 1678 non
668 1624 995 1693 incongrue
1046 1640 1154 1696 per
1208 1624 1486 1698 pelliceas
1539 1626 1771 1682 tunicas
1822 1627 2034 1682 dicitur

2141 464 2401 521 victoriae
2432 466 2803 539 repromittit,
2836 467 2951 523 hoc
2982 466 3185 539 ipsum
3217 471 3421 524 tamen
3451 468 3619 540 quod
3673 484 3797 525 ere-

2142 554 2252 610 bro
2281 554 2568 611 dimicare
2600 560 2916 626 coguntur,
2977 571 3080 612 eos
3129 556 3513 612 vehementer
3569 556 3793 627 afﬂigit.

2146 643 2406 700 Scientes
2432 659 2697 717 namque
2726 644 3057 701 humanam
3086 644 3462 715 fragilitatem
3489 645 3571 701 ad
3592 661 3793 701 casum

2140 746 2269 788 esse
2292 732 2679 805 praecipitem,
2723 733 2898 789 valde
2952 734 3209 807 suspecti
3255 738 3413 802 sunt,
3458 750 3535 791 ne
3587 733 3793 802 hostis,

2142 822 2245 894 qui
2272 838 2374 878 eos
2404 822 2481 878 ad
2512 826 2814 879 certamen
2842 823 3212 896 frequentius
3227 830 3530 898 provocat,
3592 824 3798 880 remis-

2145 910 2269 965 sius
2300 909 2673 967 dec‘ertantes
2702 912 3069 985 quandoque
3121 913 3415 969 devincat.
3457 913 3800 969 Notandum

2140 998 2365 1055 interea
2395 1000 2562 1072 quod
2591 1016 2715 1056 non
2746 1001 2995 1057 dicitur:
3037 1003 3110 1058 Ut
3126 1003 3424 1073 afﬂigeret
3444 1004 3799 1072 Ecclesium,

2143 1087 2248 1143 sed
2269 1089 2555 1160 quosdam
2587 1089 2659 1146 de
2686 1090 2957 1147 Ecclesia
2992 1109 3007 1158 ;
3034 1092 3201 1164 quia,
3232 1091 3338 1147 etsi
3353 1091 3562 1147 ﬁdeles
3586 1106 3801 1147 omnes

2142 1177 2281 1234 odio
2313 1177 2575 1247 generali
2601 1178 3002 1253 persequitur,
3052 1179 3438 1237 acerbitatem
3489 1185 3695 1237 tamen
3739 1180 3803 1235 il-

2140 1264 2254 1321 lius
2281 1266 2359 1321 illi
2418 1267 2659 1337 gravius
2727 1267 3009 1340 sentiunt,
3064 1268 3169 1342 qui
3217 1268 3447 1325 levibus
3489 1268 3804 1326 desideriis

2141 1355 2271 1426 ejus
2322 1360 2561 1411 matura
2608 1356 2897 1426 gravitate
2948 1358 3248 1414 resistunt.
3318 1359 3480 1424 Quos
3527 1357 3807 1414 videlicet

2140 1446 2306 1499 tanto
2335 1444 2591 1500 atrocius
2618 1444 2954 1519 impugnat,
2986 1450 3214 1520 quanto
3243 1463 3347 1503 eos
3377 1446 3586 1504 fortius
3623 1462 3806 1521 repu-

2142 1535 2391 1601 gnantes
2413 1533 2767 1590 considerat.
2800 1533 2895 1590 Vel
2916 1540 3069 1591 certe
3098 1535 3295 1591 missis
3320 1536 3603 1591 manibus
3619 1550 3809 1609 quos-

2142 1620 2287 1677 dam
2318 1621 2655 1694 specialiter
2681 1623 2942 1679 Herodes
2972 1623 3200 1694 afﬂigit,
3234 1641 3395 1692 cum,
3443 1627 3810 1681 testamenta

384 1711 712 1768 mortalitas
741 1712 1005 1782 ﬁgurari.
1040 1715 1199 1779 Quas
1225 1714 1471 1788 quidem
1501 1716 1732 1772 tunicas
1764 1718 1917 1772 Deus
1954 1716 2033 1773 fe-
2072 1727 2112 1782 Β
2141 1708 2299 1765 illius
2326 1709 2456 1766 aliis
2478 1711 2889 1782 evadentibus,
2922 1711 3072 1768 alios
3094 1713 3167 1769 ad
3201 1712 3478 1769 vitiorum
3531 1712 3813 1788 praecipi-

380 1802 527 1857 cisse
557 1805 613 1857 et
636 1801 908 1857 homines
934 1802 1201 1859 induisse
1242 1803 1458 1875 legitur
1491 1824 1503 1873 ;
1538 1822 1661 1861 non
1714 1806 1881 1880 quod
1925 1822 2030 1862 eos

381 1891 507 1963 ipse
538 1890 818 1947 mortales
848 1892 1154 1964 creaverit,
1189 1893 1261 1949 de
1319 1910 1442 1967 quo
1501 1896 1801 1969 Scriptura
1851 1913 2035 1953 verax

377 1980 663 2037 veraciter
689 1986 1046 2052 protestatur
1078 2001 1090 2037 :
1129 1983 1279 2051 Quia
1307 1985 1465 2041 Deus
1506 1991 1751 2042 mortem
1782 2003 1901 2042 non
1942 1988 2033 2056 fe-

380 2071 460 2125 cit
484 2084 508 2140 ,·
538 2068 645 2123 sed
674 2068 836 2141 quia,
883 2087 1036 2143 quos
1058 2071 1138 2126 ad
1166 2072 1350 2127 vitam
1377 2077 1682 2141 aeternam,
1712 2074 1759 2129 si
1789 2074 2036 2131 manda-

382 2162 509 2213 tum
566 2162 886 2230 servarent,
946 2160 1230 2227 condidit,
1286 2165 1423 2234 post
1482 2162 2034 2234 praevaricationem

383 2245 663 2302 mortales
722 2247 907 2303 factos
964 2248 1096 2321 ipsa
1122 2249 1299 2305 vestis
1329 2250 1610 2323 qualitate
1662 2252 2029 2309 monstravit.

384 2334 497 2392 Sed
524 2335 702 2405 hujus
736 2336 1067 2393 indumenti
1095 2337 1221 2410 ipse
1252 2338 1487 2412 proprie
1539 2339 1883 2395 hominibus
1934 2356 2035 2397 au-

382 2428 506 2479 ctor
535 2424 768 2494 exstitit,
796 2425 899 2498 qui
926 2426 1010 2481 eis
1034 2425 1274 2499 culpam
1300 2444 1421 2501 qua
1474 2427 1619 2483 illud
1669 2434 2034 2486 mererentur

382 2511 775 2584 promissione
806 2512 1142 2570 seductoria
1168 2515 1482 2588 persuasit.
1510 2517 1645 2573 Jure
1689 2517 1865 2588 igitur
1906 2518 2031 2592 ipse

382 2599 664 2673 pelliceus
697 2601 1059 2674 nominatur,
1086 2603 1258 2674 cujus
1287 2603 1565 2660 instinctu
1608 2604 1879 2662 humana
1931 2622 2033 2664 na-

382 2694 514 2745 tura
538 2688 796 2762 pelliceis
824 2691 1037 2747 tunicis
1091 2696 1345 2748 mortem
1392 2693 1864 2762 signiﬁcantibus
1889 2696 2033 2752 ami-

382 2777 550 2835 citur.
582 2781 701 2835 Rex
731 2784 932 2836 autem
960 2780 1220 2837 Herodes
1244 2781 1351 2837 iste
1372 2788 1637 2850 vocatur,
1662 2785 1804 2858 quia
1832 2786 2030 2859 ipsum

382 2883 510 2923 esse
537 2884 730 2939 regem
754 2885 933 2939 super
962 2885 1159 2926 omnes
1188 2872 1345 2939 ﬁlios
1396 2874 1690 2943 superbia:
1733 2875 2031 2948 Scriptura

382 2959 661 3022 testatur;
694 2957 879 3027 quiet
934 2957 1215 3013 omnibus
1262 2959 1534 3029 regimini
1584 2978 1693 3019 suo
1748 2961 2031 3035 subjectis

382 3042 459 3097 ad
488 3047 741 3097 mortem
765 3048 1117 3133 perpetuam
1141 3048 1530 3121 principatur.
1561 3051 1740 3122 Cujus
1780 3052 2027 3109 Herodis
2058 3075 2103 3133 ο

382 3145 603 3185 manus
636 3136 774 3186 sunt
796 3131 887 3187 vel
918 3133 1165 3205 maligni
1197 3135 1434 3208 spiritus
1460 3139 1563 3212 qui
1591 3139 1673 3197 illi
1699 3141 1778 3197 ad
1819 3142 2029 3217 decep-

383 3217 606 3273 tionem
633 3218 1065 3292 obsequuntur,
1096 3223 1190 3279 vel
1238 3230 1391 3281 certe
1440 3229 1699 3300 perversi
1735 3227 2029 3300 homines,

382 3305 443 3361 in
468 3305 708 3377 quibus,
739 3307 909 3377 juxta
934 3310 1099 3366 Pauli
1148 3308 1381 3383 vocem,
1440 3317 1770 3388 iniquitatis
1822 3327 2033 3391 myste-

383 3395 540 3483 rium
581 3402 904 3483 goperatur.
965 3399 1161 3455 Hostis
1211 3402 1456 3476 quippe,
1510 3405 1793 3465 humanae
1840 3410 2034 3483 perdi-

382 3481 981 3556 tionisinsatiabiliter
1009 3486 1237 3554 avidus,
1290 3506 1428 3547 cum
1457 3492 1510 3548 ei
1558 3494 1634 3550 ad
1664 3481 1870 3553 votum
1925 3516 2034 3556 sua

382 3554 591 3627 solum.
610 3573 873 3645 nequitia
898 3590 1017 3631 non
1050 3577 1315 3650 plenarie
1370 3582 1671 3651 satisfecit,
1733 3586 1811 3642 ad
1866 3604 2032 3646 exsa-

381 3660 651 3716 tiandam
682 3661 905 3719 famem
936 3681 1059 3721 suae
1091 3667 1329 3725 malitiae
1371 3670 1564 3727 socios
1600 3674 1711 3731 sibi
1740 3676 1833 3732 vel
1868 3678 2033 3735 mali-

380 3766 531 3821 gnos
563 3749 801 3822 spiritus
831 3753 926 3808 vel
950 3754 1224 3812 homines
1252 3773 1562 3830 perversos
1593 3763 1885 3837 adjungit.
1921 3768 2030 3835 Qui

380 3839 669 3894 nimirum
724 3839 803 3895 ad
859 3840 1163 3900 ltesionem
1218 3845 1519 3905 bonorum
1597 3854 1766 3910 toties
1812 3871 2031 3914 manus

380 3925 577 4018 mittit,
610 3926 845 4018 quoties
889 3929 1058 4018 cordi,
1084 3947 1293 3989 eorum
1322 3933 1417 3991 vel
1444 3953 1552 4010 per
1590 3940 1889 4012 subjectos
1918 3945 2031 4018 spi-

382 4008 530 4063 ritus
560 4010 877 4068 immunda
900 4015 1194 4075 desideria
1214 4020 1419 4091 injicit,
1446 4008 1536 4080 vel
1565 4042 1672 4099 per
1698 4008 2028 4090 humanam

386 4096 676 4153 saevitiam
698 4104 905 4156 contra
935 4118 1036 4159 eos
1065 4104 1127 4160 in
1151 4110 1421 4168 exteriori
1445 4096 1764 4174 acerbitate
1796 4117 2033 4179 crudes-

383 4183 478 4282 cit.
504 4185 675 4282 Quod
698 4184 862 4244 enim
893 4196 1096 4249 contra
1121 4199 1301 4269 caput
1331 4205 1606 4260 nostrum
1654 4207 1839 4264 semel
1892 4210 2030 4282 egit,

382 4270 497 4327 hoc
519 4274 697 4328 etiam
729 4281 935 4335 contra
964 4295 1074 4337 nos
1130 4282 1405 4345 membra
1455 4290 1583 4364 ejus
1634 4270 2034 4357 indesinenter

382 4374 559 4457 agere
585 4377 711 4457 non
736 4365 965 4425 omittit.
995 4372 1144 4429 Nam
1164 4375 1308 4447 quia
1336 4386 1599 4440 mentem
1624 4385 1753 4457 ejus
1803 4391 2030 4447 tentan-

380 4446 461 4545 do
480 4453 798 4545 penetrare
822 4469 944 4512 non
974 4446 1203 4531 potuit;
1219 4464 1297 4521 ad
1344 4446 1757 4541 perimendam
1786 4446 2029 4536 carnem

379 4549 587 4606 ipsms,
621 4555 839 4598 manus
862 4560 1020 4615 suas,
1053 4548 1320 4612 videlicet
1346 4558 1555 4617 Judaao
1582 4567 1638 4619 et
1678 4565 1894 4624 milites
1924 4570 2033 4626 Ro-

375 4886 523 4988 quid
552 4896 755 4988 autem
785 4900 1091 4973 tantopere
1124 4907 1345 4978 smviat,
1379 4915 1660 4988 aperitur,
1694 4886 2027 4981 cuni—sub:

374 4974 577 5074 ditur:
638 4983 709 5037 Ut
761 4988 1061 5059 afﬂigeret
1121 4974 1437 5065 quosdam-
1462 5004 1535 5060 de
1599 4974 1908 5070 Ecclesia:
1922 4974 2027 5071 Ea

374 5078 534 5177 enini
553 5074 1010 5177 quamprimum
1040 5079 1287 5177 intentio
1316 5086 1480 5146 illum
1513 5093 1591 5150 ad
1620 5103 2028 5177 contemplan-

374 5148 870 5252 dam'electorum
898 5164 1304 5229 innocentiam
1334 5148 1607 5252 concitat,
1629 5148 2024 5252 ἷξε

370 5237 695 5343 ξιξξιιιρξιω
723 5261 1021 5343 perversa
1042 5257 1353 5318 suadendo
1401 5237 1657 5343 dejiciat,
1700 5277 1793 5333 vel
1821 5237 1997 5341 "icit;

372 5320 520 5379 dum
550 5327 1122 5439 ejusfuasionibus
1171 5348 1452 5412 resistunt
1473 5320 1601 5416 deos
1643 5320 2021 5439 requiescere

368 5425 493 5525 ppu
518 5423 837 5525 permittat.
869 5428 1171 5525 Justorum
1196 5452 1334 5496 vero
1380 5460 1571 5517 mens,
1624 5423 1759 5525 quia

367 5513 555 5618 perna
593 5511 1112 5618 Lcontemplatnipne
1176 5511 1567 5600 requiescere.
1604 5511 1877 5618 appetit:
1898 5511 2016 5608 hoc

363 5590 894 5696 vehementer
922 5605 1204 5680 afﬂigitur
1226 5590 1390 5689 quod
1419 5590 2015 5696 occ—ultorirn-sicliat‘ovr‘i

363 5678 647 5738 continua
695 5678 1112 5761 congressione
1184 5678 1519 5780 repugnare
1582 5678 2002 5797 com—pellittlr‘;

2142 1798 2225 1854 tia
2257 1799 2455 1856 trahit.

2216 1890 2278 1943 ll.
2311 1888 2623 1961 Sequitur:
2677 1890 2905 1946 Occidit
2956 1897 3153 1947 autem
3202 1890 3489 1947 Jacobum
3540 1895 3814 1960 fratrem

2141 1980 2385 2033 Joannis
2415 1979 2639 2048 gladio.
2665 1979 2831 2035 Hanc
2861 1978 3107 2052 quidem
3136 1978 3295 2036 beati
3330 1978 3532 2035 Jacobi
3562 1980 3814 2052 passio-

2141 2082 2285 2122 nem
2315 2066 2480 2122 omni
2509 2067 2889 2124 veneratione
2939 2067 3323 2142 suscipimus,
3376 2067 3695 2123 credentes
3755 2073 3816 2124 et

2141 2153 2308 2211 illum
2338 2171 2448 2228 pro
2479 2155 2782 2229 triumpho
2806 2157 3075 2229 martyrii
3099 2156 3339 2228 justitiaa
3360 2172 3585 2213 corona
3607 2155 3813 2213 dona-

2143 2246 2291 2313 tum,
2319 2248 2376 2298 et
2399 2242 2639 2299 hostem
2662 2244 2854 2317 ipsius
2893 2261 3002 2318 pro
3047 2262 3154 2302 sua
3210 2245 3551 2301 crudelitate
3605 2251 3813 2302 morte

2142 2336 2365 2389 aeterna
2393 2333 2765 2391 mulctatum.
2800 2333 2915 2392 Sed
2943 2333 3108 2409 quod
3128 2335 3300 2407 juxta
3342 2334 3659 2391 historiam
3717 2352 3811 2392 se-

2141 2419 2262 2476 mel
2285 2420 2508 2476 factum
2538 2421 2898 2489 audivimus,
2930 2438 3051 2479 non
3081 2423 3296 2479 frutras
3311 2422 3623 2496 quomodo
3654 2440 3811 2497 quo-

2142 2508 2281 2565 tidie
2309 2509 2415 2566 ﬁat
2441 2510 2710 2582 mystice,
2743 2516 3210 2584 perscrutamur.
3243 2512 3393 2578 Quia
3420 2511 3601 2585 igitur
3624 2514 3807 2569 Jaco-

2140 2596 2254 2654 bus
2283 2599 2547 2655 luctator
2564 2603 2620 2656 et
2642 2602 3070 2673 supplantator
3085 2601 3521 2674 interpretatur,
3545 2606 3600 2658 et
3623 2604 3809 2659 Joan-

2139 2702 2268 2756 nes,
2288 2689 2493 2758 gratia
2522 2689 2653 2758 Dei,
2682 2694 2935 2762 possunt
2974 2706 3082 2763 per
3134 2691 3263 2746 haec
3319 2690 3441 2746 duo
3496 2690 3808 2748 vocabula

2140 2776 2262 2832 duo
2292 2776 2353 2832 in
2384 2776 2641 2834 Ecclesia
2666 2778 2905 2834 ordines
2933 2779 3177 2848 ﬁgurari
3207 2796 3220 2834 :
3259 2779 3436 2836 unius
3461 2779 3690 2837 scilicet
3718 2780 3808 2837 in-

2141 2865 2508 2938 cipientium,
2537 2866 2643 2939 qui
2671 2867 2871 2924 adhuc
2895 2867 2956 2923 in
2985 2868 3145 2924 lucta
3164 2868 3305 2925 ﬁdei
3351 2874 3561 2926 contra
3589 2868 3810 2926 diabo-

2139 2953 2267 3010 lum
2295 2957 2480 3011 certat
2512 2972 2526 3022 ;
2555 2955 2706 3012 alius
2733 2961 2934 3013 autem
2972 2972 3183 3014 eorum
3220 2958 3346 3031 qui,
3402 2972 3510 3031 per
3539 2958 3809 3029 gratiam

2144 3043 2245 3099 Dei
2274 3048 2554 3118 superato
2584 3045 2948 3119 adversario,
2980 3046 3145 3103 nulla
3184 3048 3314 3119 jam
3346 3047 3560 3104 mentis
3615 3047 3811 3104 insta-

2141 3130 2429 3188 bilitatem
2460 3132 2715 3189 vacillat.
2747 3139 2799 3191 ls
2824 3139 3024 3191 autem
3054 3134 3159 3210 qui
3182 3134 3458 3205 luctatur,
3480 3136 3669 3193 modo
3710 3154 3810 3193 su-

2140 3231 2271 3294 pra,
2302 3216 2487 3277 modo
2508 3220 2662 3280 infra
2690 3220 3030 3297 inspicitur;
3062 3225 3142 3281 ita
3162 3230 3219 3281 et
3230 3224 3354 3298 qui,
3380 3225 3642 3282 necdum
3658 3242 3809 3300 per-

2140 3310 2289 3365 fecte
2319 3310 2675 3384 compressis
2706 3312 2902 3368 carnis
2931 3312 3215 3384 motibus,
3245 3318 3453 3370 contra
3480 3313 3809 3371 diabolum

2140 3397 2461 3471 luctantur,
2492 3400 2574 3456 sic
2601 3400 2769 3457 illum
2799 3401 2913 3458 sibi
2942 3402 3323 3475 subjicientes
3380 3403 3806 3477 supplantant,

2142 3490 2208 3543 ut
2234 3486 2313 3543 ab
2366 3487 2466 3543 illo
2517 3488 2697 3545 etiam
2752 3489 3087 3563 aliquoties,
3142 3491 3354 3548 saltem
3401 3492 3807 3549 delectatione

2139 3575 2342 3640 noxia,
2366 3575 2839 3650 supplantantur.
2874 3580 3016 3645 Quae
3047 3579 3317 3637 videlicet
3370 3580 3554 3637 noxia
3601 3579 3807 3638 delec—

2141 3664 2281 3720 tatio
2308 3665 2355 3719 si
2385 3681 2507 3721 non
2538 3666 2652 3722 cito
2680 3668 3100 3741 compescitur,
3130 3669 3404 3742 protinus
3435 3670 3666 3741 anima,
3719 3670 3803 3727 vi-

2140 3748 2272 3810 talis
2303 3753 2449 3811 ﬂatu
2463 3752 2704 3827 justitiaa
2735 3757 2987 3830 perdito,
3012 3774 3348 3815 consensus
3388 3759 3589 3830 gladio
3621 3759 3802 3816 truci-

2138 3841 2333 3899 datur.
2358 3845 2529 3900 Recte
2548 3859 2690 3916 ergo
2702 3861 3030 3903 consensus
3045 3846 3421 3905 delectationi
3441 3848 3800 3917 succedens,

2139 3932 2375 4004 gladius
2427 3935 2779 4009 appellatur,
2836 3937 3001 4010 quia,
3045 3938 3202 3995 intra
3276 3943 3551 3996 sanctam
3604 3939 3804 3996 Eccle-

2141 4020 2313 4095 siam,
2342 4022 2425 4079 illi
2448 4039 2692 4098 quoque
2723 4025 2829 4099 qui
2880 4025 3304 4083 blandimentis
3347 4026 3572 4084 diaboli
3623 4044 3800 4085 enor-

2140 4104 2314 4167 miter
2342 4113 2765 4186 succumbunt,
2795 4132 2935 4171 cum
2962 4115 3073 4172 illis
3101 4117 3205 4190 qui
3253 4133 3361 4191 per
3389 4117 3645 4190 gratiam
3696 4117 3799 4174 Dei

2139 4200 2201 4257 in
2220 4199 2428 4257 virtute
2456 4202 2699 4275 perfecti
2728 4209 2884 4275 sunt,
2914 4218 3036 4262 uno
3061 4205 3228 4262 verbi
3250 4206 3477 4263 semine
3498 4207 3794 4281 concepti,

2140 4304 2263 4346 uno
2289 4296 2508 4348 sanctas
2536 4293 2743 4350 matris
2768 4294 3041 4351 Ecclesiae
3070 4300 3239 4352 utero
3270 4299 3408 4353 sunt
3433 4296 3645 4354 renati.
3682 4296 3800 4354 Sic-

2142 4396 2259 4455 que
2282 4380 2414 4438 illos
2445 4383 2793 4441 meritorum
2816 4384 3129 4443 diversitas
3161 4391 3420 4460 separat,
3479 4392 3547 4444 ut
3593 4392 3795 4443 tamen

2143 4477 2655 4530 sacramentorum
2683 4474 3030 4532 communio
3059 4474 3351 4549 quadam,
3380 4480 3443 4531 ut
3497 4476 3579 4532 ita
3634 4476 3795 4532 dixe-

2139 4560 2274 4629 rim,
2302 4561 2443 4619 ﬁdei
2466 4564 2982 4635 consanguinitate
3013 4565 3361 4636 conjungat.
3394 4569 3508 4622 Nec
3563 4580 3793 4635 novum

2140 4666 2284 4708 sane
2310 4652 2359 4708 si
2407 4667 2613 4709 semen
2650 4654 2900 4710 verbum
2952 4654 3186 4722 dicitur,
3243 4654 3388 4727 quia
3438 4659 3497 4711 et
3546 4654 3790 4721 Paulus,

2138 4754 2276 4797 cum
2330 4740 2490 4797 idem
2543 4742 2797 4798 verbum
2844 4757 3023 4815 super
3077 4741 3263 4798 corda
3341 4741 3792 4798 Atheniensium

2139 4833 2462 4903 spargeret,
2489 4829 2568 4886 ab
2594 4829 2823 4887 eisdem
2865 4831 3327 4887 Seminiverbius
3379 4834 3625 4887 vocatus
3675 4834 3789 4885 est.

2140 4920 2197 4977 Si
2222 4925 2425 4977 autem
2453 4935 2561 4993 per
2585 4921 2742 4978 hanc
2770 4920 3036 4994 Apostoli
3061 4936 3271 4977 necem
3300 4937 3425 4977 non
3472 4936 3638 4977 mors
3662 4935 3797 4993 pec-

2137 5010 2273 5081 cati,
2308 5010 2412 5066 sed
2441 5010 2662 5080 carnis,
2693 5010 3000 5083 accipitur,
3032 5010 3346 5066 sciendum
3375 5015 3467 5066 est
3494 5009 3640 5083 quia
3668 5025 3797 5065 cru-

2136 5097 2286 5155 delis
2316 5099 2717 5166 adversarius,
2746 5098 3053 5155 laesionem
3077 5099 3381 5155 bonorum
3403 5113 3645 5171 semper
3667 5114 3796 5155 esu-

2135 5190 2315 5257 riens,
2348 5204 2489 5245 cum
2513 5188 2599 5259 (ut
2617 5204 2802 5261 supra
2829 5189 3058 5245 dictum
3090 5191 3197 5261 est)
3230 5189 3308 5246 ad
3338 5189 3689 5245 interiorem
3735 5202 3795 5243 se

2134 5277 2455 5353 praevalere
2482 5292 2606 5334 non
2632 5292 2813 5351 posse
2833 5278 3190 5346 considerat,
3222 5294 3363 5334 eum
3388 5278 3496 5351 qui
3544 5277 3659 5334 sibi
3711 5294 3798 5334 re-

2136 5367 2306 5437 sistit,
2338 5366 2551 5423 saltem
2598 5367 2983 5439 corporaliter
3034 5368 3332 5425 trucidare
3374 5366 3634 5423 festinat.
3685 5367 3794 5425 Sed

2135 5455 2406 5530 quolibet
2454 5455 2639 5512 modo
2686 5455 2885 5513 electis
2939 5463 3172 5524 noceat,
3228 5458 3360 5528 ejus
3418 5457 3646 5514 saevitia
3688 5456 3795 5513 illis

2135 5542 2398 5600 maxime
2437 5543 2632 5615 placet
2685 5544 2929 5618 quibus,
2981 5560 3092 5618 pro
3123 5559 3234 5600 sua
3259 5542 3626 5611 innocentia,
3680 5543 3794 5597 vita

2124 5630 2407 5700 ﬁdelium
2436 5632 2726 5705 displicet.

2203 5723 2301 5792 ll].
2322 5721 2485 5787 Unde
2498 5726 2562 5784 βπ
2586 5723 2858 5799 sequitur
2881 5742 2894 5779 :
2925 5722 3139 5778 Videas
3154 5727 3355 5779 autem
3369 5723 3517 5793 quia
3522 5722 3796 5792 placeret
