3904 6424
98 344 203 396 281

1002 345 1407 402 TRACTATUS
1446 347 1514 400 IN
1560 343 1757 400 VEBS.
1811 347 1830 399 Ι
1880 343 2029 400 CAP.
2072 346 2159 401 ΧΠ
2198 348 2351 403 ACT.
2393 349 2637 405 APOST.

3428 347 3536 403 282

98 466 359 530 Judaeis,
391 467 666 535 apposuit
695 466 1145 535 apprehendere
1175 476 1230 524 et
1283 471 1550 525 Petrum.
1579 466 1771 523 Judzei
1810 470 1856 522 Α
1885 472 1949 522 ut
1976 468 2291 523 robustum
2321 486 2625 542 quemque
2646 469 2923 542 decipiat,
2954 468 3312 542 multiplices
3365 471 3536 526 dece-

99 570 401 627 namque,
435 555 537 626 qui
569 557 909 624 conﬁtentes
938 557 1420 628 interpretantur,
1452 574 1604 630 quos
1630 556 1776 612 alios

100 644 223 699 hoc
257 644 319 699 in
347 645 478 700 loco
507 644 844 713 designant,
867 646 983 700 nisi
1028 663 1130 702 eos
1151 648 1274 718 qui,
1304 649 1474 718 juxta
1529 652 1775 719 Aposto-

99 732 259 802 lum,
298 736 676 802 Conﬁtentur
703 750 763 790 se
792 751 960 790 nosse
1003 737 1212 801 Deum,
1243 739 1424 805 factis
1455 744 1652 793 autem
1684 751 1777 791 ne-

100 828 262 892 gant
282 827 309 877 ?
337 826 587 877 Possunt
608 824 1161 880 tamenludaeorum
1182 826 1426 880 nomine
1454 827 1632 880 etiam
1660 824 1773 879 im-

100 911 326 966 mundi
356 911 592 983 spiritus
614 912 823 984 accipi,
852 913 954 983 qui
973 918 1029 967 et
1050 913 1160 984 ipsi
1179 914 1237 967 in
1265 914 1602 983 Evangelio,
1628 914 1772 968 dum

100 1002 179 1055 de
214 1000 487 1055 obsessis
518 1002 867 1073 corporibus
898 1002 1274 1073 pellerentur,
1308 1019 1660 1074 quanquam
1688 1004 1774 1057 in-

99 1091 209 1145 viti
248 1089 551 1146 Christum
584 1091 681 1145 Dei
715 1091 829 1145 vivi
858 1091 1063 1146 Filium
1121 1092 1479 1148 fatebantur.
1509 1092 1619 1147 Sed
1652 1092 1772 1146 sive

96 1196 429 1253 perversos
459 1181 751 1247 homines,
786 1196 889 1235 seu
915 1181 1260 1236 immundos
1280 1182 1516 1253 spiritus
1542 1180 1771 1235 Judaeo-

97 1286 245 1325 rum
276 1269 573 1325 vocabulo
600 1270 940 1339 designatos
968 1270 1354 1341 accipiamus,
1381 1275 1611 1325 constat
1638 1284 1773 1342 pro-

98 1359 263 1414 fecto
290 1358 434 1431 quia
491 1358 565 1413 de
616 1358 915 1413 bonorum
974 1358 1289 1414 afﬂictione
1348 1360 1581 1430 utrique
1632 1363 1771 1413 voto

98 1464 231 1503 non
260 1447 491 1519 dispari
526 1446 919 1517 gratulantur.
980 1448 1140 1503 Unde
1174 1453 1230 1502 et
1259 1448 1415 1502 idem
1448 1452 1629 1521 caput
1666 1447 1772 1501 ini-

98 1553 374 1610 quorum
406 1537 483 1592 ad
516 1537 964 1609 persequendos
996 1538 1189 1592 bonos
1220 1542 1385 1593 tanto
1443 1536 1773 1609 expeditius

102 1627 376 1696 accingit
423 1643 504 1693 se,
539 1633 767 1699 quanto
794 1644 855 1682 se
908 1644 1015 1700 per
1044 1628 1157 1683 hoc
1187 1629 1338 1683 votis
1371 1645 1618 1682 suorum
1648 1643 1773 1682 am-

99 1717 272 1790 plius
302 1716 641 1772 satisfacere
674 1717 863 1772 sentit.
898 1718 1009 1773 Sed
1034 1718 1196 1787 justo
1230 1723 1415 1772 morte
1448 1718 1643 1771 carnis
1668 1732 1771 1789 pe-

1882 556 2154 627 ptionum
2178 557 2426 629 laqueos
2452 559 2649 614 nectit.
2683 558 2854 614 Nulla
2876 562 3077 613 autem
3132 559 3327 614 callidi
3356 563 3536 615 tenta-

1881 645 2021 700 toris
2053 652 2174 702 arte
2206 652 2326 702 tam
2348 648 2462 703 cito
2484 648 2667 702 virtus
2698 647 2950 721 pectoris
2978 647 3333 710 inﬁrmatur.
3352 665 3538 721 quam

1882 751 2041 803 cum,
2076 736 2307 791 roboris
2331 737 2419 791 sui
2450 736 2604 791 vires
2637 736 2747 791 sibi
2774 750 3084 803 arrogans,
3120 736 3350 805 privata
3375 739 3539 809 apud

1882 839 1945 877 se
1976 824 2369 881 exsultatione
2394 826 2646 880 lectatur.
2675 828 2823 880 Nam
2861 840 3024 894 mox,
3056 840 3092 879 a
3121 841 3380 897 superno
3406 843 3540 899 pro—

1879 918 2098 969 tectore
2127 914 2417 981 desertus,
2449 914 2507 969 in
2538 915 2823 969 virtutum
2854 912 3110 968 culmine
3141 914 3243 968 diu
3290 914 3538 970 minime

1880 1009 2238 1073 perseverat,
2290 1006 2434 1075 quia
2479 1020 2616 1058 eum
2682 1003 2895 1058 exinde
2948 1008 3160 1058 ventus
3213 1002 3537 1059 elationum

1879 1093 2206 1163 perturbat.
2242 1094 2329 1148 Ab
2383 1093 2502 1148 alto
2532 1109 2672 1147 vero
2729 1098 3104 1148 corruentem
3158 1093 3538 1149 adversarius

1879 1181 2110 1253 excipit,
2156 1198 2293 1236 cum
2325 1198 2584 1255 superno
2612 1181 2833 1236 auxilio
2868 1182 3214 1237 destitutum
3244 1198 3351 1255 per
3380 1200 3539 1255 quae-

1878 1268 2018 1324 libet
2038 1270 2316 1326 vitiorum
2343 1270 2666 1344 praecipitia
2694 1270 2887 1325 trahit.
2920 1270 3102 1335 Quasi
3127 1286 3268 1340 ergo
3296 1271 3537 1344 apposi-

1883 1359 1951 1412 tis
1986 1359 2266 1414 manibus
2316 1363 2547 1415 Petrum
2613 1358 2870 1413 Herodes
2929 1359 3343 1430 apprehendit,
3398 1376 3535 1415 cum

1879 1447 2045 1502 illum
2081 1448 2180 1519 qui
2208 1464 2315 1520 per
2360 1449 2645 1503 virtutum
2676 1449 2783 1502 iter
2832 1448 3110 1516 gradiens
3165 1448 3375 1519 procul
3407 1464 3442 1503 a
3473 1464 3536 1502 se

1879 1538 2248 1604 discesserat,
2281 1538 2574 1611 protensis
2599 1538 2880 1593 fraudum
2902 1536 3133 1609 laqueis
3150 1536 3364 1591 iterum
3396 1537 3537 1591 irre-

1880 1626 2024 1681 tivit.
2082 1627 2169 1681 Ad
2218 1628 2383 1699 quod
2423 1627 2814 1682 astruendum
2843 1626 2889 1680 si
2934 1624 3277 1697 exemplum
3323 1625 3537 1697 quaeri-

1883 1721 1993 1780 tur,
2021 1731 2141 1770 non
2175 1720 2262 1771 est
2292 1733 2447 1789 opus
2496 1721 2561 1771 ut
2607 1715 2845 1783 longius
2899 1729 3242 1783 evagemur.
3294 1714 3441 1777 Quia
3482 1714 3534 1768 is

100 1809 371 1877 rempto,
401 1821 542 1877 pars
599 1804 806 1876 iniqua
837 1804 1107 1871 exsultat,
1141 1806 1284 1876 quia
1340 1805 1606 1860 videlicet
1636 1804 1716 1858 illi
1742 1820 1773 1860 e
1807 1823 1846 1876 Β
1880 1804 2006 1875 ipse
2038 1808 2258 1874 Petrus,
2292 1805 2464 1875 cujus
2509 1804 2817 1859 historiam
2871 1804 3130 1873 ﬁgurata
3184 1803 3535 1874 interpreta-

100 1894 315 1950 medio
349 1892 687 1948 subtractus
720 1897 810 1948 est
838 1894 941 1966 qui
984 1894 1097 1949 sub
1126 1894 1344 1949 umbra
1392 1911 1517 1949 suae
1548 1900 1774 1966 procte-

102 1980 325 2037 ctionis
352 1980 574 2035 multos
604 1981 681 2035 ab
707 1986 854 2036 testu
907 1981 1143 2037 malitiae
1202 1982 1580 2038 defendebat.
1610 1985 1771 2036 Justo

99 2087 250 2127 vero
276 2070 338 2125 in
364 2070 592 2142 peccati
624 2075 875 2125 mortem
902 2070 1172 2143 delapso,
1197 2076 1361 2126 tanto
1385 2071 1643 2143 amplius
1672 2071 1771 2125 lae-

100 2162 237 2217 titia
268 2161 567 2232 perversis
622 2164 890 2230 augetur,
920 2166 1145 2231 quanto
1197 2160 1245 2215 is
1276 2161 1379 2232 qui
1424 2161 1634 2233 lapsus
1664 2165 1770 2229 est,

100 2267 212 2323 per
240 2250 380 2305 vitae
405 2248 682 2304 meritum
711 2255 866 2304 stare
888 2249 1061 2304 altius
1092 2250 1422 2305 videbatur.
1471 2251 1583 2306 Sed
1616 2251 1767 2305 sicut

102 2354 315 2411 supra,
348 2336 505 2392 beati
536 2337 739 2392 Jacobi
764 2338 1118 2408 martyrium
1145 2338 1316 2408 juxta
1340 2339 1650 2394 historiam
1676 2355 1770 2393 ve-

101 2426 453 2484 nerabiliter
480 2427 911 2498 amplexantes,
937 2428 1248 2499 quomodo
1270 2428 1440 2496 juxta
1478 2428 1771 2483 internam

103 2516 565 2586 intelligentiam
596 2515 783 2587 accipi
824 2517 1011 2587 possit
1058 2517 1450 2581 ostendimus,
1482 2518 1561 2571 sic
1610 2533 1770 2572 nunc

104 2622 379 2681 quoque,
437 2610 671 2660 servato
730 2610 890 2660 textu
938 2606 1215 2671 historire,
1244 2607 1553 2677 quomodo
1596 2607 1771 2677 juxta

103 2697 392 2754 eumdem
425 2712 665 2751 sensum
697 2696 823 2751 haec
852 2696 1013 2752 beati
1034 2698 1180 2752 Petri
1205 2698 1661 2768 comprehensio
1683 2696 1767 2751 in-

102 2785 289 2855 telligi
318 2784 515 2840 valeat
543 2784 951 2839 ostendamus.

179 2893 275 2949 Ad
305 2891 786 2960 investigandum
819 2891 1167 2963 mysterium
1190 2892 1765 2964 comprehensionis,

100 2984 270 3039 viam
302 2981 479 3037 nobis
506 2981 695 3053 aperit
723 2982 854 3053 ipsa
875 2982 1004 3051 ejus
1035 2982 1137 3053 qui
1182 2984 1652 3054 comprehensus
1682 2987 1769 3037 est

100 3069 431 3144 appellatio
462 3068 739 3125 nominis.
805 3070 963 3125 Sicut
993 3070 1151 3125 enim
1184 3070 1300 3125 fere
1331 3086 1540 3126 omnes
1598 3071 1767 3125 novi-

102 3175 266 3224 mus,
292 3174 329 3213 a
360 3164 539 3227 petra
567 3160 766 3213 Petrus
796 3174 1015 3214 nomen
1064 3160 1309 3232 accepit.
1340 3161 1597 3225 Quinam
1627 3176 1767 3230 ergo
1800 3174 1840 3229 ο

102 3249 221 3303 hoc
251 3247 500 3302 nomine
530 3247 943 3317 designantur,
974 3248 1086 3304 nisi
1116 3249 1221 3320 qui
1246 3266 1351 3321 per
1380 3248 1594 3304 mentis
1626 3265 1765 3305 con-

100 3337 389 3393 stantiam
420 3336 644 3392 fortiter
668 3342 820 3393 stare
846 3337 906 3392 in
934 3338 1217 3395 virtutum
1245 3338 1534 3394 soliditate
1562 3339 1766 3395 viden-

100 3428 239 3483 tur?
267 3430 479 3482 contra
511 3442 664 3498 quos
693 3426 979 3482 nimirum
1019 3428 1205 3483 hostis
1230 3432 1392 3483 tanto
1438 3428 1633 3482 acrius
1663 3445 1770 3501 pu-

102 3521 267 3586 gnat,
295 3519 528 3587 quanto
560 3530 666 3587 per
695 3514 827 3569 illos
867 3515 1044 3570 etiam
1075 3516 1222 3571 alios
1253 3516 1312 3570 in
1347 3516 1560 3571 virtute
1590 3516 1766 3571 robo-

101 3605 218 3661 rari
252 3602 465 3659 dolens
514 3609 747 3675 pensat.
780 3606 864 3672 Et,
888 3604 1031 3676 quia
1088 3604 1353 3661 fortassis
1411 3605 1767 3660 soliditatem

102 3694 323 3750 mentis
343 3709 552 3748 eorum
579 3692 775 3764 primo
797 3693 1024 3765 impetu
1045 3692 1380 3749 tentationis
1411 3692 1769 3748 labefactare

104 3800 225 3839 non
258 3780 502 3848 sufﬁcit,
547 3796 714 3835 more
743 3798 915 3854 aqum
947 3781 1154 3836 crebro
1187 3781 1631 3853 superveniens,
1664 3782 1771 3835 du-

102 3890 233 3929 ram
256 3887 470 3927 eorum
501 3871 902 3927 constantiam
914 3871 1155 3943 rumpit.
1176 3874 1321 3926 Nam
1341 3871 1490 3926 sicut
1517 3871 1768 3943 quidam

104 3964 181 4019 ait
206 3964 392 4033 (Ovm.
415 3961 503 4015 De
526 3961 739 4026 Ponto,
769 3959 871 4015 lib.
900 3960 975 4030 iv)
1001 3977 1013 4014 :

256 4093 409 4142 Gutta
436 4100 577 4141 cavat
598 4091 835 4155 lapidem,
870 4103 971 4141 non
1005 4091 1073 4150 vi,
1105 4092 1191 4139 sed
1212 4105 1341 4155 saepe
1373 4091 1612 4140 cadendo.

104 4211 275 4279 Quod
322 4210 504 4265 etiam
562 4208 765 4263 divina
821 4208 1121 4281 Scriptura
1162 4211 1454 4262 testatur:
1514 4210 1769 4277 Lapides

103 4304 401 4359 excavant
423 4313 613 4368 aquae,
656 4303 708 4353 et
740 4299 1047 4353 alluvione
1090 4299 1389 4367 paulatim
1442 4304 1605 4354 terra
1638 4315 1771 4354 con-

102 4392 366 4447 sumitur
393 4389 521 4459 (Job
554 4405 669 4453 xxv,
708 4389 811 4460 19).
848 4391 993 4445 Cum
1022 4388 1222 4460 itaque
1254 4388 1531 4442 diabolus
1558 4388 1770 4443 fortem

106 4482 304 4536 virum
345 4479 407 4533 in
429 4478 716 4550 laqueum
741 4478 969 4549 peccati
998 4477 1245 4543 inducit,
1268 4478 1445 4549 quasi
1498 4478 1575 4532 ad
1608 4494 1769 4533 com-

107 4567 613 4643 prehendendum
646 4569 879 4621 Petrum
924 4583 1142 4623 manus
1199 4566 1455 4622 Herodes
1500 4572 1768 4639 apponit.

110 4660 214 4716 Ubi
246 4658 381 4730 ipsa
412 4671 655 4728 quoque
715 4656 1039 4712 verborum
1088 4655 1422 4728 proprietas
1452 4661 1544 4711 est
1600 4656 1774 4712 nobis

107 4762 481 4818 magnopere
540 4744 991 4817 perpendenda.
1062 4749 1209 4800 Nam
1293 4745 1396 4817 qui
1450 4762 1651 4817 supra,
1712 4751 1777 4803 ut

107 4837 410 4913 quosdam
432 4835 507 4891 de
532 4835 791 4891 Ecclesia
813 4834 1118 4904 afﬂigeret,
1144 4851 1361 4891 manus
1391 4835 1568 4901 misit,
1590 4852 1769 4903 nunc,

110 4935 171 4985 ut
209 4930 450 4983 Petrum
501 4924 1053 4996 comprehenderet,
1098 4923 1395 4996 apposuit.
1453 4924 1771 4979 Sciendum

109 5021 314 5090 itaque
347 5015 492 5087 quia
520 5018 683 5071 tanto
705 5029 766 5069 se
794 5013 1212 5086 unusquisque
1235 5030 1271 5068 a
1300 5012 1544 5067 diabolo
1575 5013 1775 5068 minus

110 5108 371 5174 elongat,
423 5108 653 5175 quanto
713 5102 791 5158 ad
846 5101 1479 5173 comprehendendum
1536 5101 1776 5156 culmen

110 5192 497 5270 profectionis
569 5192 770 5246 minus
829 5191 1193 5264 appropriat.
1242 5190 1403 5246 Unde
1472 5206 1609 5245 cum
1667 5190 1774 5245 ali-

109 5300 294 5359 quem
356 5298 429 5337 ex
512 5280 730 5337 talibus
789 5281 865 5335 ad
952 5280 1193 5352 culpam
1267 5279 1544 5334 diabolus
1600 5279 1773 5351 rapit,

109 5372 286 5448 quasi
314 5371 491 5441 juxta
523 5383 583 5423 se
638 5384 856 5423 manus
887 5368 1082 5436 mittit,
1110 5368 1253 5440 quia
1282 5368 1357 5422 ad
1388 5384 1449 5422 se
1506 5383 1644 5422 eum
1673 5367 1777 5439 qui

108 5480 232 5519 non
254 5461 437 5528 longe
486 5457 863 5521 discesserat,
913 5457 1173 5513 retrahit.
1210 5460 1357 5514 Cum
1383 5473 1524 5512 vero
1566 5457 1774 5512 fortem

109 5564 423 5625 quemque
453 5550 632 5618 atque
663 5546 722 5600 in
754 5546 966 5601 virtute
1020 5546 1349 5618 perfectum
1394 5546 1663 5618 decipere
1692 5545 1776 5599 ni-

110 5642 247 5698 titur
276 5644 336 5695 et
388 5634 513 5692 nun
568 5635 744 5701 valet,
800 5635 972 5706 quasi
1021 5636 1097 5691 ad
1142 5634 1776 5707 comprehendendum

110 5733 372 5795 Petrum,
409 5740 630 5781 manus
663 5724 745 5793 (ut
773 5723 853 5778 ita
883 5723 1099 5796 dicam)
1130 5729 1322 5780 arctas
1374 5725 1576 5781 habet.
1614 5723 1776 5779 Unde

108 5837 329 5880 manus
361 5819 432 5872 ut
479 5815 714 5868 Petrum
767 5812 1239 5884 comprehendat
1298 5813 1572 5884 apponit,
1632 5812 1775 5884 quia

1878 1894 2036 1949 tione
2066 1894 2441 1964 discutimus,
2474 1894 2530 1948 in
2565 1893 2882 1965 semetipso
2904 1893 3119 1964 partim
3147 1897 3233 1947 est
3258 1897 3536 1964 expertus

1877 1984 2041 2056 quod
2085 1984 2361 2039 dicimus.
2406 1987 2551 2039 Nam
2583 1984 2755 2053 cujus
2787 1999 3025 2037 carnem
3058 1982 3319 2038 Herodes
3358 1982 3536 2037 histo-

1878 2074 2033 2128 ricus
2086 2072 2498 2145 apprehendit,
2555 2072 2745 2144 ipsius
2823 2072 3085 2126 animam
3168 2070 3536 2143 jampridem

1880 2162 2136 2217 Herodes
2176 2162 2409 2233 typicus
2468 2162 2632 2216 trinae
2686 2160 3018 2230 negationis
3062 2159 3302 2232 laqueo,
3360 2160 3536 2232 quasi

1882 2252 2020 2307 fune
2048 2256 2220 2319 torto,
2254 2252 2555 2323 tripliciter
2585 2251 2861 2319 alligavit.
2899 2253 2961 2305 Et
2984 2254 3135 2304 certe
3179 2249 3252 2304 de
3284 2266 3410 2305 suae
3434 2249 3535 2305 ﬁr-

1878 2341 2100 2397 mitatis
2122 2340 2337 2396 robore
2368 2341 2555 2396 multa
2608 2340 2735 2410 jam
2796 2339 3201 2411 experimenta
3252 2338 3532 2394 tenebat:

1876 2426 2000 2496 jam
2032 2428 2327 2482 Christum
2388 2428 2486 2483 Dei
2515 2428 2633 2482 vivi
2676 2428 2881 2483 Filium
2939 2427 3246 2482 confessus
3304 2427 3532 2494 fuerat;

1874 2515 2001 2583 jam
2031 2516 2275 2571 beatum
2307 2532 2368 2571 se
2400 2532 2499 2571 ore
2532 2516 2795 2571 Veritatis
2827 2516 3169 2581 audiverat;
3194 2515 3321 2584 jam
3355 2531 3390 2570 a
3446 2532 3537 2570 so-

1878 2605 2100 2660 liditate
2127 2606 2482 2660 inviolabilis
2511 2611 2691 2677 petra!
2723 2605 2870 2660 Petri
2911 2620 3209 2674 agnomen
3242 2608 3531 2672 traxerat;

1872 2695 1998 2765 jam
2033 2694 2229 2749 claves
2253 2695 2415 2763 regni
2441 2694 2691 2749 calestis
2718 2699 3058 2765 acceperat:
3084 2698 3140 2748 et
3160 2698 3380 2762 tamen,
3400 2697 3536 2765 post

1878 2790 1962 2839 tot
1991 2788 2045 2838 et
2076 2789 2237 2838 tanta
2265 2784 2479 2839 divinae
2511 2783 2800 2852 largitatis
2846 2799 3116 2853 munera,
3142 2800 3279 2838 cum
3328 2783 3403 2838 ad
3430 2784 3533 2838 ho-

1877 2890 2006 2928 ram
2037 2873 2355 2928 Dominicaa
2413 2873 2709 2945 passionis
2737 2876 2983 2927 ventum
3015 2877 3120 2938 est,
3153 2872 3293 2944 quia
3348 2871 3532 2944 paulo

1878 2962 2137 3033 amplius
2162 2963 2234 3017 de
2265 2979 2375 3018 sua
2422 2961 2699 3017 ﬁrmitate
2725 2961 3125 3035 praesumpsit,
3183 2961 3415 3016 sibimet
3443 2976 3531 3015 re-

1876 3052 2067 3116 lictus;
2099 3052 2373 3122 protinus
2429 3051 2709 3123 quisnam
2742 3055 2894 3105 esset
2950 3048 3192 3105 invenit.
3228 3049 3336 3114 Qui
3378 3054 3532 3104 certe

1878 3141 1937 3196 in
1968 3147 2254 3197 aeternum
2286 3142 2520 3214 periret,
2550 3141 2663 3196 nisi
2688 3141 2855 3196 illum
2909 3140 3206 3210 benignus
3250 3142 3417 3194 Jesus
3442 3139 3531 3195 in-

1880 3231 2026 3285 tuitu
2054 3230 2438 3301 benignitatis
2467 3246 2589 3285 suae
2632 3230 2969 3301 respiceret,
3004 3229 3325 3302 respiciens
3355 3227 3535 3283 emol-

1876 3319 2024 3386 liret,
2050 3320 2356 3375 emolliens
2386 3320 2462 3374 ad
2496 3336 2733 3375 amaras
2780 3318 3080 3390 lacrymas
3111 3322 3531 3387 commoveret,

1877 3410 2317 3465 commovendo
2350 3410 2425 3465 ad
2452 3410 2773 3481 lacrymas,
2803 3409 3027 3464 crimen
3078 3407 3243 3480 quod
3292 3407 3536 3463 commi-

1878 3505 2033 3554 serat
2062 3498 2414 3567 indulgeret.
2450 3500 2578 3564 Quo
2607 3497 2889 3553 nimirum
2931 3496 3207 3568 exemplo
3230 3512 3340 3551 nos
3369 3495 3532 3551 inﬁr-

1876 3587 1959 3642 mi
1990 3587 2067 3642 ad
2109 3587 2351 3641 cautelae
2402 3586 2772 3655 vigilantiam
2834 3584 3133 3640 evidenter
3161 3584 3531 3655 instruimur,

1877 3679 1943 3730 ut
1973 3690 2143 3729 mens
2184 3678 2407 3739 nostra,
2428 3673 2604 3728 etiam
2635 3672 2886 3727 summis
2914 3670 3232 3726 virtutibus
3259 3671 3529 3742 praedita,

1879 3780 2119 3837 semper
2174 3780 2235 3818 se
2290 3763 2351 3818 in
2384 3762 2716 3817 humilitate
2767 3761 3084 3833 deprimat,
3145 3776 3381 3832 semper
3408 3776 3532 3815 non

1876 3872 1949 3911 ex
2000 3871 2064 3909 se
2108 3868 2235 3908 esse
2294 3852 2458 3924 quod
2513 3856 2618 3918 est,
2685 3850 2982 3923 trepidare
3037 3853 3406 3919 cognoscat:
3456 3864 3531 3905 ne

1875 3943 2043 4011 forte,
2084 3942 2231 3997 dum
2289 3940 2443 3996 ultra
2499 3956 2560 3995 se
2615 3937 3096 4013 praesumptionis
3154 3954 3301 3994 aura
3337 3942 3534 4011 rapta-

1875 4037 1988 4097 tur,
2052 4035 2278 4104 quanto
2323 4046 2383 4085 se
2409 4029 2582 4085 altius
2613 4028 2834 4097 extulit,
2870 4033 3034 4085 tanto
3089 4027 3328 4100 gravius
3356 4027 3535 4083 elida-

1875 4126 1989 4177 tur.

1948 4214 2032 4266 1V.
2066 4209 2341 4281 Sequitur
2364 4226 2376 4263 :
2398 4209 2595 4264 Erant
2616 4214 2811 4264 autem
2835 4208 2957 4264 dies
2979 4223 3349 4277 azymorum,
3367 4206 3539 4276 juxta

1876 4301 2127 4356 litteram
2160 4304 2322 4371 patet
2351 4314 2582 4368 sensus,
2605 4297 2767 4370 quod
2803 4296 3021 4352 scilicet
3051 4296 3358 4368 apostolus
3384 4294 3536 4349 infra

1876 4391 2135 4446 Judaicae
2168 4389 2408 4461 paschte
2442 4389 2841 4460 septimanam
2873 4388 2945 4443 sit
2975 4386 3052 4442 ab
3092 4386 3321 4441 Herode
3371 4400 3534 4439 com-

1878 4481 2255 4553 prehensus:
2313 4478 2439 4532 dies
2482 4478 2706 4551 quippe
2766 4492 3117 4549 azymorum
3174 4475 3252 4530 illi
3309 4478 3535 4546 septem

1880 4566 2117 4639 proprie
2146 4564 2520 4620 vocabantur
2548 4563 2650 4635 qui
2683 4568 2963 4635 quartum
3019 4561 3321 4616 decimum
3358 4560 3535 4631 primi

1878 4653 2126 4722 mensis,
2154 4667 2276 4725 quo
2311 4666 2504 4719 agnus
2536 4649 2960 4705 immolabatur
2986 4648 3064 4703 ad
3094 4662 3429 4719 vesperam,
3464 4662 3537 4702 ex

1879 4743 2086 4799 ordine
2118 4739 2544 4813 sequebantur.
2570 4736 3077 4808 Evangelistarum
3107 4740 3306 4792 tamen
3335 4740 3537 4791 aucto-

1880 4834 2019 4888 ritas
2049 4836 2106 4886 et
2126 4830 2356 4902 pascha
2384 4844 2493 4899 pro
2526 4827 2769 4900 azymis,
2820 4830 2876 4881 et
2905 4842 3117 4897 azyma
3144 4840 3253 4897 pro
3309 4824 3536 4896 pascha

1880 4937 2101 4994 ponere
2133 4918 2466 4984 consuevit,
2499 4917 2651 4973 sicut
2679 4916 2847 4972 facile
2872 4920 2962 4970 est
3005 4914 3056 4969 ei
3084 4929 3407 4985 agnoscere
3432 4914 3536 4985 qui

1881 5027 2089 5068 eorum
2122 5008 2429 5065 volumina
2453 5006 2745 5062 studuerit
2772 5020 3095 5061 recensere.
3135 5002 3245 5059 Sed
3269 5018 3381 5057 nos
3408 5002 3537 5057 haec

1882 5103 2091 5173 paucis
2121 5100 2292 5170 juxta
2322 5097 2634 5152 historiam
2692 5095 3015 5151 dixerimus
3043 5111 3055 5159 ;
3113 5108 3273 5148 nunc
3303 5091 3538 5146 interio-

1883 5206 2008 5245 rem
2058 5205 2301 5244 sensum
2380 5187 2628 5257 hujusce
2699 5183 2997 5239 sententiaa
3060 5182 3392 5237 videamus.
3450 5180 3541 5236 Ait

1884 5294 2025 5348 ergo
2060 5296 2071 5331 :
2104 5278 2299 5333 Erant
2329 5282 2522 5331 autem
2555 5275 2676 5329 dies
2706 5288 3071 5343 azymorum.
3108 5271 3237 5326 Dies
3296 5286 3539 5343 azymo-

1883 5384 2016 5422 rum
2045 5382 2223 5421 omne
2247 5366 2362 5420 hoc
2394 5369 2629 5435 tempus
2663 5361 2990 5433 accipimus
3017 5360 3182 5433 quod
3204 5359 3281 5415 ab
3313 5360 3539 5416 adven-

1884 5462 1946 5512 tu
1971 5456 2159 5511 nostri
2194 5452 2509 5511 Salvatoris
2530 5467 2719 5523 usque
2759 5451 2837 5507 ad
2865 5450 3044 5506 ﬁnem
3073 5450 3283 5507 mundi
3318 5451 3539 5507 evolvi-

1884 5550 1978 5600 tur
2008 5563 2019 5600 :
2048 5546 2108 5599 in
2140 5560 2263 5616 quo
2293 5542 2576 5597 nimirum
2636 5544 2903 5614 tempore
2933 5557 3111 5597 verus
3135 5540 3228 5595 ille
3257 5562 3284 5589 ‹‹
3310 5545 3540 5610 Agnus,

1883 5634 1987 5707 qui
2017 5633 2164 5688 tollit
2194 5636 2439 5703 peccata
2460 5629 2693 5695 mundi,
2719 5654 2746 5679 ››
2776 5630 3121 5686 immolatur
3154 5649 3167 5699 ;
3217 5646 3325 5703 per
3365 5631 3538 5701 cujus

1886 5721 2241 5791 sanguinem
2294 5736 2330 5775 a
2359 5719 2587 5792 peccati
2644 5719 2893 5777 domino
2946 5719 3139 5775 ﬁdelis
3190 5718 3451 5792 populus
3476 5718 3541 5773 li-

1886 5812 2149 5869 beratur.
2210 5808 2374 5866 Unde
2431 5808 2609 5866 etiam
2664 5810 2882 5868 Paulus
2933 5809 3114 5866 dicit:
3170 5809 3409 5865 Pascha
3438 5823 3537 5861 no-
