3904 6380
1439 262 1498 318 8.
1537 260 1869 317 FULBEBTI
1906 257 2381 317 CARNOTENSlS
2418 262 2750 319 EPISCOPI.

3697 263 3805 317 285

390 395 582 446 stram
612 388 953 443 immolatus
1003 392 1088 443 est
1120 386 1396 443 Christus
1420 400 1443 453 ;
1476 386 1679 456 itaque
1729 383 2042 451 epulemur
2071 385 2118 437 Α
2149 385 2450 441 Ponamus
2471 385 2673 459 itaque
2702 384 2963 457 aliquem
2993 399 3029 439 a
3052 382 3296 440 diabolo
3323 384 3407 440 ita
3446 384 3613 441 omni
3639 400 3807 457 pror-

390 494 513 535 mm
540 479 604 533 in
628 477 922 547 fermento
946 477 1148 542 veteri,
1175 490 1364 545 neque
1382 476 1445 529 in
1464 475 1758 543 fermento
1796 471 2044 527 malitia:

390 574 447 625 et
478 567 776 638 nequitiae,
808 566 910 621 sed
937 567 997 620 in
1030 566 1253 634 azymis
1282 564 1642 619 sinceritatis
1668 568 1721 617 et
1753 560 2040 616 veritatis.

390 660 518 713 Non
542 655 720 725 igitur
748 654 934 710 otiose
981 652 1579 724 comprehensionem
1638 648 1908 723 apostoli.
1937 665 2045 721 per

388 761 575 818 quam
602 744 765 799 fortis
795 743 906 797 viri
931 759 1106 798 casus
1158 742 1525 812 designatur,
1579 741 1639 795 in
1668 739 1881 795 diebus
1910 754 2044 809 azy-

389 849 626 890 morum
644 831 985 902 contigisse,
1002 831 1290 904 scriptum
1320 830 1548 885 asserui
1578 848 1591 896 ;
1623 829 1727 884 sed
1758 827 2043 883 nimirum

391 921 738 993 signiﬁcans
768 921 932 994 quia,
963 937 1101 976 cum
1131 920 1209 975 ab
1239 920 1371 993 ipso
1417 920 1699 974 humanae
1760 914 2043 973 conditio-

389 1013 483 1068 nis
512 1010 842 1085 primordio
866 1010 1156 1066 adversus
1204 1008 1482 1064 homines
1538 1006 1763 1063 invidia
1816 1003 2042 1060 diaboli

389 1101 625 1168 exarsit,
648 1116 686 1156 a
715 1105 978 1172 tempore
1008 1105 1209 1155 tamen
1236 1096 1664 1153 incarnationis
1718 1094 2040 1151 Dominicis

388 1194 554 1247 tanto
583 1190 855 1245 acerbius
895 1187 1076 1255 saevit,
1130 1192 1357 1259 quanto
1413 1186 1650 1241 saevitiae
1679 1201 1801 1239 suae
1856 1183 2042 1238 ﬁnem

384 1280 760 1350 jamjamque
807 1276 1117 1332 imminere
1157 1275 1478 1349 prmsentit.
1537 1274 1701 1330 Unde
1752 1272 2041 1344 scriptum

389 1372 477 1422 est
504 1385 516 1422 :
560 1369 653 1422 Vae
682 1373 859 1422 terrae
887 1372 943 1421 et
970 1367 1149 1432 mari,
1167 1366 1310 1436 quia
1334 1365 1633 1421 descendit
1665 1363 1939 1419 diabolus
1962 1361 2043 1417 ad

389 1472 507 1523 vos,
542 1457 764 1512 habens
794 1455 949 1510 iram
1001 1469 1303 1524 magnam,
1334 1456 1523 1509 sciens
1550 1454 1694 1523 quia
1746 1452 2041 1507 modicum

390 1551 617 1614 tempus
648 1544 822 1600 habet
852 1545 1058 1613 (Apoc.
1092 1560 1193 1610 xu,
1229 1544 1333 1613 12).
1361 1546 1548 1599 Terrae
1572 1542 1796 1614 quippe
1844 1545 1900 1596 et
1919 1554 2045 1595 ma-

387 1634 467 1690 ris
493 1633 735 1688 nomine
761 1633 1028 1689 carnales
1056 1631 1278 1704 quique
1332 1630 1760 1701 signiﬁcantur,
1789 1629 1933 1702 quia
1987 1632 2045 1684 et

2149 489 2251 527 sus
2279 473 2503 531 lumine
2533 474 2779 531 rationis
2808 473 3128 545 privatum,
3161 479 3226 531 ut
3254 473 3446 546 possit
3484 473 3645 530 velut
3667 474 3810 529 insi-

2150 562 2318 635 piens
2343 564 2537 621 dicere
2566 565 2627 619 in
2644 563 2823 619 corde
2870 578 2981 617 suo
3017 581 3032 618 :
3062 564 3197 618 Non
3228 569 3312 619 est
3342 566 3498 620 Deus
3526 576 3546 632 ;
3576 562 3652 618 de
3683 579 3805 635 quo

2148 652 2328 724 plane
2355 654 2741 725 pronuntiare
2768 668 3093 725 possumus
3115 653 3260 724 quia
3274 668 3381 725 per
3402 652 3806 724 insipientiam

2149 758 2321 797 suam
2346 742 2409 798 in
2436 742 2799 799 inﬁdelitatis
2824 747 2915 797 est
2955 757 3190 797 carcere
3249 741 3648 813 mancipatus.
3698 741 3808 805 Qui

2147 831 2453 899 nimirum,
2488 832 2633 904 quia
2681 831 2920 887 alterius
2952 830 3110 886 bona
3161 831 3295 886 vitas
3337 830 3429 886 vel
3484 829 3648 886 mala
3677 846 3807 885 esse

2148 920 2353 992 aliqua
2380 922 2628 977 omnino
2660 937 2783 977 non
2813 920 3018 987 credit,
3039 920 3115 976 ad
3139 918 3272 975 vitae
3304 918 3615 993 praesentis
3641 919 3809 975 bona

2148 1010 2488 1083 appetenda
2518 1011 2615 1066 vel
2644 1010 2807 1066 mala
2836 1009 3107 1065 cavenda
3137 1025 3345 1065 curam
3376 1025 3546 1065 suam
3580 1025 3653 1065 ex
3683 1011 3808 1064 toto

2146 1097 2409 1154 inﬂectit.
2446 1099 2609 1155 Unde
2630 1098 2697 1153 tit
2725 1103 2791 1154 ut
2815 1098 3031 1154 animae
3062 1096 3238 1167 illius,
3256 1098 3386 1168 jam
3440 1097 3499 1152 in
3552 1096 3807 1153 inﬁdeli-

2147 1188 2284 1243 tatis
2311 1204 2546 1244 carcere
2570 1193 2831 1253 retrusze,
2864 1191 3123 1259 quatuor
3152 1187 3367 1244 modos
3415 1185 3809 1257 perturbatio-

2147 1294 2297 1332 num
2324 1276 2601 1333 diabolus
2626 1281 2956 1349 supponat,
2987 1277 3091 1349 qui
3122 1294 3255 1333 eam
3284 1276 3398 1331 sub
3420 1291 3581 1330 saava
3612 1280 3813 1330 custo-

2147 1365 2249 1420 dia
2277 1365 2547 1421 clausam
2583 1370 2843 1433 teneant,
2899 1381 2975 1421 ne
3032 1366 3268 1422 evadat.
3331 1370 3469 1428 Quae
3517 1362 3812 1419 nimirum

2148 1454 2644 1526 perturbationes,
2677 1454 2943 1510 etiamin
2972 1454 3176 1510 anima
3211 1452 3511 1526 sapientis,
3545 1450 3815 1507 vicissim

2151 1542 2264 1597 sibi
2294 1558 2405 1614 pro
2456 1559 2776 1599 causarum
2835 1542 3119 1598 varietate
3175 1541 3505 1597 succedunt
3537 1558 3549 1607 ;
3581 1538 3693 1594 sed
3746 1538 3815 1593 in

2149 1630 2352 1686 anima
2406 1631 2735 1702 insipientis
2792 1630 3269 1703 perturbationes
3321 1633 3477 1695 sunt,
3509 1626 3654 1699 quia
3700 1641 3819 1698 per

388 1723 634 1779 terrenis
664 1722 802 1778 solis
828 1721 1163 1789 intendunt,
1190 1726 1265 1790 et,
1319 1722 1622 1776 undarum
1654 1735 1839 1786 more,
1877 1717 2043 1773 v1cis-
2071 1733 2115 1788 Β
2148 1734 2249 1774 eas
2273 1718 2562 1790 insipiens
2593 1717 2992 1789 perturbatur.
3037 1721 3101 1772 1n
3133 1717 3338 1772 anima
3365 1715 3651 1787 sapientis
3679 1728 3820 1770 non

387 1813 499 1868 sim
526 1829 587 1867 se
608 1812 761 1868 saltu
789 1811 1083 1885 superbiae
1130 1814 1579 1884 superponunt;
1630 1809 1707 1865 ad
1737 1824 1888 1881 quos
1917 1806 2042 1862 dia-

384 1901 564 1957 bolus
592 1901 822 1957 habens
851 1900 1002 1956 iram
1035 1916 1325 1971 magnam
1372 1899 1700 1968 descendit,
1733 1897 1895 1969 quia,
1922 1896 2039 1951 ele-

386 1995 617 2047 ctorum
649 1990 833 2047 corda
859 1991 1161 2056 deserens,
1202 1990 1261 2044 in
1310 1989 1707 2062 reproborum
1757 1985 2040 2043 cordibus

385 2080 721 2153 requiescit.
755 2080 885 2145 Qui,
919 2078 1064 2151 quia
1085 2079 1215 2148 jam
1246 2078 1323 2133 ad
1354 2076 1783 2134 beatitudinem
1814 2090 1875 2130 se
1916 2090 2038 2129 non

383 2183 565 2243 posse
591 2168 782 2223 redire
798 2168 1154 2235 considerat,
1180 2167 1355 2239 quasi
1375 2168 1436 2221 in
1465 2165 1743 2222 solatium
1772 2180 1893 2218 suae
1909 2179 2041 2235 per-

384 2257 645 2326 ditionis,
677 2257 874 2312 socios
901 2256 1035 2324 sibi,
1084 2273 1224 2312 cum
1249 2256 1472 2329 quibus
1502 2271 1591 2310 va:
1639 2254 1699 2309 in
1750 2259 2041 2309 aeternum

384 2346 623 2413 habeat,
654 2350 986 2401 coacervat.

456 2482 517 2537 ν.
554 2478 828 2553 Sequitur
856 2497 868 2534 :
905 2479 1085 2548 Quem
1110 2494 1243 2535 cum
1261 2478 1770 2548 apprehendisset,
1804 2478 1958 2532 misit
1976 2477 2038 2531 in

384 2585 702 2627 carcerem.
732 2569 1244 2641 Comprehensum
1276 2571 1509 2623 Petrum
1542 2566 1802 2621 Herodes
1831 2566 1891 2621 in
1917 2582 2041 2621 car-

385 2675 581 2716 cerem
613 2658 808 2728 mittit,
837 2675 976 2715 cum
1005 2658 1288 2731 antiquus
1318 2656 1503 2713 hostis
1529 2657 1779 2728 justum,
1839 2655 2039 2711 lethali

385 2748 630 2807 crimine
653 2748 1043 2822 captivatum,
1069 2746 1129 2803 in
1158 2745 1401 2803 latebris
1431 2746 1805 2801 conscientia:
1834 2760 2040 2818 pecca-

385 2839 544 2896 tricis
574 2836 907 2896 abscondit.
942 2839 1113 2891 Recte
1168 2840 1368 2891 autem
1397 2835 1695 2908 peccatrix
1735 2834 2040 2890 conscien-

384 2928 466 2985 tia
486 2926 825 3001 appellatur
846 2941 1067 2997 carcer,
1097 2924 1240 2999 quia
1264 2924 1343 2980 ibi
1370 2923 1553 2980 homo
1583 2922 1824 2979 interior
1848 2922 2039 2978 etvin-

384 3015 532 3072 culis
586 3019 969 3089 peccatorum
1030 3012 1395 3084 astringitur,
1454 3016 1528 3080 et,
1587 3016 1759 3068 nocte
1807 3012 2039 3071 interna

385 3109 666 3175 cazcatus,
693 3102 893 3160 videre
922 3101 1117 3159 Solem
1140 3101 1385 3174 justitias
1416 3100 1784 3175 prohibetur.

384 3328 642 3384 militum
671 3325 1139 3382 custodiendum.
1174 3328 1326 3381 Inter
1355 3339 1567 3381 omnes
1610 3325 1791 3395 hujus
1842 3323 2041 3379 lectio-

385 3416 483 3472 nis
502 3415 844 3486 sententias,
860 3414 974 3471 ista
999 3417 1090 3470 est
1117 3413 1196 3470 ad
1220 3414 1660 3486 penetrandum
1685 3412 2035 3481 obstrusior,

385 3521 521 3580 quae
551 3509 608 3561 et
634 3504 772 3561 ideo
796 3502 1067 3560 fortassis
1096 3507 1221 3559 tam
1252 3503 1451 3572 gravis
1482 3503 1559 3559 ad
1588 3502 2040 3573 intelligendum

385 3594 637 3661 videtur,
670 3594 814 3667 quia
869 3609 979 3667 per
1033 3593 1196 3649 illam
1250 3607 1431 3662 grave
1472 3592 1700 3665 aliquid
1745 3592 2035 3661 signatur.

387 3685 646 3742 Gratiam
671 3684 872 3757 itaque
894 3698 1068 3739 suam
1095 3683 1270 3738 nobis
1297 3682 1585 3738 Dominus
1619 3681 2040 3738 subministra-

385 3790 449 3830 re
476 3773 774 3844 dignetur,
806 3777 1106 3846 quatenus
1135 3772 1222 3827 sic
1250 3771 1327 3827 de
1378 3771 1475 3827 illa
1501 3771 1667 3844 loqui
1713 3770 2038 3843 possimus,

386 3867 471 3932 ut,
496 3864 545 3918 si
568 3861 706 3934 quis
734 3865 821 3917 est
847 3861 999 3916 inter
1025 3875 1140 3916 nos
1166 3861 1270 3933 qui
1291 3860 1490 3916 adhuc
1517 3860 1770 3916 vinculis
1816 3859 2040 3915 inimici

388 3954 658 4007 teneatur
699 3949 993 4018 astrictus,
1019 3948 1095 4004 de
1143 3949 1269 4004 istis
1310 3949 1808 4021 quaternionibus
1849 3964 2043 4020 quan-

298 4033 302 4037 ’
388 4043 517 4096 tum
549 4039 790 4112 expedit
818 4037 1044 4108 audiat,
1078 4037 1330 4094 audiens
1362 4037 1665 4107 intelligat,
1710 4037 2042 4108 intelligens

390 4128 608 4197 doleat,
636 4128 845 4183 dolens
892 4127 1265 4198 ingemiscat,
1297 4126 1693 4197 ingemiscens
1740 4127 1957 4183 talibus
1980 4144 2041 4182 se

390 4217 835 4275 exsecutoribus
901 4217 1188 4273 traditum
1258 4218 1687 4289 perhorrescat,
1736 4218 2042 4290 perhorre-

390 4323 559 4365 scens
587 4310 787 4369 autem
835 4307 935 4363 det
988 4321 1234 4380 operam
1260 4312 1327 4363 ut
1374 4306 1607 4363 evadat.
1637 4307 1786 4373 Quia
1837 4306 2042 4379 utique

388 4397 805 4491 unusquisque
834 4396 1148 4470 quaternio
1174 4402 1434 4469 quatuor
1463 4396 1577 4451 sub
1608 4414 1668 4452 se
1697 4396 1910 4453 milites
1940 4396 2043 4451 ha-
2072 4436 2116 4491 ι)

387 4488 507 4559 bet,
548 4491 809 4560 quatuor
837 4488 1259 4559 quaterniones
1282 4503 1421 4543 cum
1452 4487 1564 4543 sibi
1586 4487 1869 4559 subjectis
1891 4486 2040 4543 mili-

389 4577 565 4644 tibus,
600 4576 776 4633 simul
797 4576 1002 4647 viginti
1025 4576 1236 4633 milites
1263 4581 1420 4633 sunt.
1448 4578 1554 4643 Qui
1586 4594 1873 4633 numerus
1896 4577 2042 4648 quia

388 4680 460 4721 ex
480 4666 757 4738 quinario
785 4670 841 4722 et
867 4667 1115 4723 denario
1171 4667 1482 4723 conﬁcitur
1511 4668 1677 4738 (nam
1722 4672 1779 4721 et
1829 4670 2041 4738 quater

388 4755 661 4829 quini,et
678 4755 773 4811 bis
822 4756 980 4826 deni,
1033 4755 1236 4825 viginti
1264 4757 1441 4826 sunt),
1486 4759 1680 4827 potest
1709 4771 1815 4826 per
1870 4755 2040 4810 illum

388 4843 666 4901 universa
717 4844 993 4901 vitiorum
1051 4844 1455 4916 multiplicitas
1529 4843 1851 4912 designari,
1903 4859 2041 4914 quae

388 4936 595 4990 contra
631 4933 901 5004 decalogi
955 4936 1254 5005 praecepta
1304 4947 1411 5004 per
1454 4932 1722 5004 quinque
1775 4932 2042 5004 corporis

390 5038 601 5079 sensus
667 5026 1104 5096 perpetrantur.
1142 5021 1253 5076 Sed
1286 5019 1533 5075 fortasse
1573 5020 1824 5089 exigitur
1874 5036 1910 5075 a
1938 5036 2043 5075 no-

389 5109 483 5166 bis
504 5115 569 5165 ut
615 5111 861 5165 eosdem
918 5108 1361 5182 quaterniones,
1419 5112 1476 5163 et
1495 5108 1596 5179 qui
1641 5109 1754 5164 sub
1799 5109 1881 5165 eis
1936 5110 2044 5165 mi-

389 5198 559 5253 litant
581 5198 875 5263 satellites,
932 5196 1262 5268 specialiter
1290 5194 1748 5266 distinguamus.
1792 5201 1888 5254 Est
1915 5199 2043 5272 qui-

391 5285 531 5340 dem
575 5285 688 5339 hoc
711 5284 1150 5356 aliquantulum
1180 5298 1523 5356 operosum,
1557 5286 1657 5340 sed
1690 5291 1747 5342 et
1773 5287 1886 5343 hoc
1933 5288 2040 5343 du-

391 5371 532 5446 plici
559 5372 787 5427 ratione
802 5372 1087 5443 indagare
1118 5372 1489 5430 conabimur.
1546 5376 1624 5429 De
1681 5375 1900 5447 quibus
1957 5377 2043 5433 ni~

391 5459 613 5516 mirum
641 5461 1135 5533 quateruionibus
1164 5466 1228 5517 ut
1254 5462 1584 5519 secundum
1624 5462 1918 5520 internam
1955 5466 2043 5521 in-

392 5547 777 5620 telligentiam
840 5549 1004 5623 loqui
1060 5551 1320 5624 apertius
1390 5551 1719 5619 valeamus,
1775 5553 2039 5626 primum

393 5641 624 5711 oportet
642 5652 744 5694 eos
766 5654 1038 5695 seorsum
1071 5645 1434 5709 construere,
1464 5657 1534 5697 ac
1584 5640 1801 5696 deinde
1842 5642 2042 5712 singu-

390 5727 465 5785 lis
495 5742 638 5785 suos
667 5726 881 5786 milites
911 5734 1089 5809 prout
1128 5730 1279 5788 ratio
1330 5729 1655 5797 dictaverit,
1708 5730 2036 5801 assignare.

2147 1811 2271 1862 tam
2327 1806 2805 1879 perturbationes
2856 1822 3042 1877 quam
3091 1805 3431 1860 affectiones
3484 1808 3820 1871 vocantur,

2145 1894 2309 1967 quia,
2341 1909 2415 1950 ne
2442 1894 2807 1966 perturbent,
2862 1892 3088 1949 ratione
3137 1891 3439 1964 sapientiai
3486 1890 3825 1947 moderan-

2144 1986 2258 2038 tur.
2289 1983 2517 2039 Primus
2542 1984 2742 2054 itaque
2781 1981 3298 2053 perturbationum
3349 1979 3591 2045 modus,
3626 1996 3824 2051 cupe—

2144 2088 2239 2139 re;
2273 2072 2593 2139 secundus,
2624 2076 2888 2128 metuere
2916 2089 2929 2139 ;
2962 2071 3190 2141 tertius,
3250 2069 3491 2135 dolere;
3523 2073 3818 2140 quartus,

2148 2161 2431 2230 gaudere.
2466 2164 2579 2217 Nec
2601 2165 2839 2216 moveat
2882 2160 3050 2231 quod
3097 2159 3239 2214 istos
3280 2156 3820 2230 perturbationum

2146 2249 2363 2305 modos
2392 2265 2515 2306 non
2546 2265 2616 2305 eo
2646 2249 2855 2305 ordine
2884 2247 3196 2320 posuimus
3243 2262 3366 2318 quo
3391 2245 3521 2301 illos
3557 2245 3819 2302 saecula-

2145 2340 2227 2397 ris
2249 2344 2427 2413 poeta
2456 2338 2692 2409 locavit,
2724 2339 2868 2411 quia
2890 2337 3203 2410 Scriptura:
3234 2341 3453 2392 nostra)
3490 2336 3822 2392 auctorita-

2146 2434 2267 2486 tem
2290 2429 2636 2500 judicamus
2685 2428 2999 2500 potiorem,
3039 2426 3099 2481 iu
3146 2442 3269 2497 qua
3306 2425 3561 2495 legitur:
3602 2426 3819 2481 Radix

2148 2520 2409 2574 omnium
2441 2519 2738 2574 malorum
2773 2517 3089 2585 cupiditas.
3117 2515 3226 2571 Sed
3246 2530 3356 2570 nec
3387 2513 3499 2585 ipsi
3523 2512 3632 2585 qui
3655 2513 3819 2569 inter

2149 2607 2351 2662 saeculi
2374 2607 2671 2679 sapientes
2717 2606 3036 2675 habentur,
3065 2604 3276 2660 eodem
3336 2603 3468 2659 illos
3508 2602 3727 2658 ordine
3752 2602 3817 2658 in

2145 2696 2313 2751 libris
2346 2696 2468 2750 suis
2498 2700 2850 2768 posuerunt,
2874 2698 2978 2749 aut
3009 2693 3222 2749 iisdem
3278 2691 3624 2749 nominibus
3654 2707 3820 2748 nun-

2147 2789 2539 2858 cupaverunt.
2571 2787 2716 2841 Ecce
2772 2782 2991 2839 etenim
3039 2798 3195 2838 unus
3254 2797 3485 2853 eorum,
3529 2797 3671 2837 cum
3737 2780 3818 2836 de

2145 2874 2464 2931 animabus
2495 2888 2743 2948 corpore
2772 2872 2965 2928 exutis
2987 2871 3319 2928 secundum
3361 2886 3535 2927 suam
3579 2869 3803 2944 opinio

2144 2979 2285 3019 nem
2307 2967 2525 3032 ageret,
2559 2961 2641 3019 ait
2668 2980 2681 3017 :
3045 2951 3055 2961 ’

2067 3080 2111 3139 C
2208 3086 2334 3135 Hinc
2365 3093 2617 3141 metuunt,
2663 3085 2995 3150 cupiuntque,
3049 3084 3240 3145 dolent,
3272 3083 3613 3148 gaudentque,
3643 3089 3751 3133 etc.

3140 3393 3501 3458 gaudiapelle,

2209 3457 2345 3509 Pelle
2370 3456 2622 3514 timorem;
2655 3469 2898 3521 spemque
2918 3455 3107 3518 fugato,
3142 3454 3231 3505 nec
3260 3454 3402 3505 dolor
3431 3454 3581 3505 adsit.

2148 3577 2292 3630 Ecce
2318 3572 2483 3647 quod
2508 3572 2603 3628 ille
2627 3572 2927 3642 ultimum,
2957 3571 3062 3627 iste
3088 3570 3290 3644 posuit
3303 3568 3567 3645 primum
3599 3589 3612 3638 ;
3640 3573 3820 3645 quod

2148 3662 2244 3718 ille
2272 3661 2557 3735 primum,
2590 3660 2696 3716 iste
2728 3660 3095 3726 secundum;
3129 3658 3295 3732 quod
3324 3658 3417 3714 ille
3446 3658 3813 3729 secundum,

2147 3750 2275 3820 iste,
2308 3754 2535 3806 mutato
2566 3749 2698 3805 loco
2729 3753 2783 3805 et
2812 3748 3078 3819 nomine,
3106 3747 3304 3821 posuit
3342 3747 3599 3803 tertium.
3630 3748 3817 3806 Dolor

2148 3844 2348 3895 autem
2375 3838 2480 3911 qui
2504 3838 2599 3893 hic
2625 3842 2839 3911 quarto
2867 3836 3000 3893 loco
3027 3841 3118 3893 est
3137 3836 3389 3909 positus,
3418 3836 3503 3893 ibi
3522 3836 3585 3892 in
3636 3838 3815 3896 tertio

2147 3928 2407 4001 ponitur.
2438 3930 2569 3982 Jam
2592 3931 2792 3983 autem
2816 3942 3028 3981 verum
3059 3930 3292 3981 constat
3318 3924 3484 3997 quod
3522 3925 3617 3981 his
3653 3942 3813 3999 qua-

2148 4020 2283 4072 tuor
2313 4014 3075 4088 perturhationibus,quasi
3118 4017 3377 4086 quatuor
3404 4014 3815 4086 quaternioni-

2148 4105 2283 4171 bus,
2308 4104 2593 4176 insipiens
2622 4104 2683 4160 in
2730 4103 3094 4159 inﬁdelitatis
3146 4118 3380 4159 carcere
3432 4102 3815 4161 custodiatur

2148 4193 2432 4250 inclusus.
2462 4196 2529 4248 Et
2556 4196 2756 4266 poeta,
2789 4193 2849 4248 in
2879 4192 3089 4249 eodem
3119 4190 3276 4261 loco,
3327 4191 3516 4264 ipsius
3562 4208 3813 4266 quoque

2150 4282 2404 4339 carceris
2433 4281 2650 4338 fecerat
2677 4281 3063 4351 mentionem,
3095 4280 3177 4337 ait
3203 4280 3366 4336 enim
3396 4297 3408 4335 :

2214 4405 2339 4454 Hinc
2357 4412 2609 4457 metuunt.
2625 4403 2957 4468 cupiuntque,
2978 4404 3170 4456 dolent,
3190 4403 3531 4467 gaudentque,
3553 4417 3645 4453 nec
3662 4416 3811 4453 auras

2212 4468 2531 4533 Respiciunt.
2560 4466 2743 4517 clausa:
2778 4466 2994 4517 tenebris
3024 4475 3073 4516 et
3094 4480 3282 4516 carcere
3312 4466 3457 4516 caeco.

2148 4581 2506 4641 Auctoritate
2569 4581 2769 4654 itaque
2844 4580 3160 4653 Scripturte
3245 4585 3463 4635 nostrae
3542 4580 3807 4652 primum

2151 4672 2403 4727 modum
2479 4670 2966 4742 perturbationis,
3034 4669 3209 4741 quasi
3261 4668 3525 4742 primum
3571 4673 3810 4741 quater-

2150 4759 2412 4824 nionem,
2493 4759 2777 4830 ponimus
2851 4757 3277 4829 cupiditatem;
3336 4757 3604 4812 secundo
3649 4755 3805 4825 loco,

2151 4852 2412 4915 metum;
2486 4847 2675 4911 tertio,
2761 4846 3079 4913 dolorem;
3159 4849 3394 4918 quarto,
3465 4844 3804 4915 gaudium:

2149 4934 2316 5008 quod
2368 4951 2473 4990 cur
2526 4935 2677 4990 inter
2754 4934 3122 4990 turbationes
3181 4933 3368 4990 animi
3436 4939 3805 5000 numeretur,

2149 5022 2395 5078 inferius
2464 5023 2870 5079 ostendemus.
2956 5025 3102 5077 Ecce
3173 5022 3265 5077 isti
3333 5026 3473 5077 sunt
3548 5026 3809 5093 quatuor

2150 5111 2593 5184 quaterniones,
2651 5110 2872 5182 quibus
2928 5111 3234 5185 captivum
3301 5126 3479 5165 suum
3526 5109 3808 5165 diabolus

2151 5199 2610 5256 custodiendum
2642 5198 2976 5269 committit,
3008 5214 3190 5271 quem
3215 5198 3384 5271 prius
3439 5198 3503 5253 in
3558 5196 3808 5254 inﬁdeli-

2152 5287 2286 5343 tatis
2316 5302 2614 5342 carcerem
2644 5302 2751 5359 per
2774 5286 3125 5360 insipientia;
3181 5287 3404 5342 ostium
3455 5285 3805 5342 introduxit.

2153 5374 2284 5441 Qui,
2308 5377 2372 5429 ut
2398 5373 2627 5446 praefati
2658 5391 2889 5443 sumus,
2921 5376 3065 5448 quia
3091 5379 3306 5448 praster
3328 5374 3443 5429 hoc
3470 5374 3641 5446 quod
3686 5389 3809 5431 cor-

2151 5463 2349 5536 poreis
2373 5463 2563 5519 oculis
2613 5464 2795 5532 videt,
2847 5465 2995 5521 nihil
3049 5465 3211 5521 aliud
3265 5464 3472 5535 credit,
3518 5464 3702 5520 bonis
3730 5464 3812 5519 in-

2152 5552 2467 5609 terioribus
2515 5569 2763 5625 vacuus,
2843 5559 3003 5611 totus
3082 5556 3144 5610 in
3192 5554 3485 5610 exteriora
3547 5553 3810 5626 prolabi-

2149 5646 2265 5698 tur.
2328 5645 2393 5698 Et
2415 5642 2611 5715 primo
2665 5644 2911 5717 quidem
2957 5643 3137 5699 vallat
3185 5659 3327 5699 eum
3372 5642 3699 5714 cupiditas,
3749 5646 3813 5698 ut

2148 5730 2405 5801 habeat;
2460 5734 2727 5793 secundo
2754 5738 2972 5804 metus,
3002 5748 3080 5791 ne
3110 5732 3345 5791 amittat
3373 5750 3389 5789 :
3416 5731 3592 5790 tertio
3615 5732 3814 5798 dolor,
