  <div class='ocr_page' id='page_1' title='image "/cluster/home/n/w/nwhite01/storage/ocr_20150623/140-141/uc1.31175018559917/718.png"; bbox 0 0 3952 6390; ppageno 0'>
   <div class='ocr_carea' id='block_1_1' title="bbox 106 283 232 335">
    <p class='ocr_par' dir='ltr' id='par_1_1' title="bbox 106 283 232 335">
     <span class='ocr_line' id='line_1_1' title="bbox 106 283 232 335; baseline 0.008 -1"><span class='ocrx_word' id='word_1_1' title='bbox 106 283 232 335; x_wconf 74' lang='grc'>285</span> 
     </span>
    </p>
   </div>
   <div class='ocr_carea' id='block_1_2' title="bbox 1036 277 2661 337">
    <p class='ocr_par' dir='ltr' id='par_1_2' title="bbox 1036 277 2661 337">
     <span class='ocr_line' id='line_1_2' title="bbox 1036 277 2661 337; baseline 0.001 -2"><span class='ocrx_word' id='word_1_2' title='bbox 1036 280 1447 335; x_wconf 82' lang='lat' dir='ltr'>TRACTATUS</span> <span class='ocrx_word' id='word_1_3' title='bbox 1484 282 1553 335; x_wconf 82' lang='lat' dir='ltr'><strong>IN</strong></span> <span class='ocrx_word' id='word_1_4' title='bbox 1593 279 1791 333; x_wconf 79' lang='lat' dir='ltr'>VEBS.</span> <span class='ocrx_word' id='word_1_5' title='bbox 1838 280 1859 331; x_wconf 72' lang='grc'><strong>1</strong></span> <span class='ocrx_word' id='word_1_6' title='bbox 1913 277 2071 333; x_wconf 80' lang='lat' dir='ltr'>CAP.</span> <span class='ocrx_word' id='word_1_7' title='bbox 2114 280 2205 333; x_wconf 82' lang='lat' dir='ltr'>XII</span> <span class='ocrx_word' id='word_1_8' title='bbox 2241 281 2398 337; x_wconf 75' lang='lat' dir='ltr'>ACT.</span> <span class='ocrx_word' id='word_1_9' title='bbox 2437 281 2661 337; x_wconf 75' lang='lat' dir='ltr'>APOST</span> 
     </span>
    </p>
   </div>
   <div class='ocr_carea' id='block_1_3' title="bbox 3452 282 3560 339">
    <p class='ocr_par' dir='ltr' id='par_1_3' title="bbox 3452 282 3560 339">
     <span class='ocr_line' id='line_1_3' title="bbox 3452 282 3560 339; baseline 0 0"><span class='ocrx_word' id='word_1_10' title='bbox 3452 282 3560 339; x_wconf 73' lang='lat'>286</span> 
     </span>
    </p>
   </div>
   <div class='ocr_carea' id='block_1_4' title="bbox 108 403 3556 479">
    <p class='ocr_par' dir='ltr' id='par_1_4' title="bbox 108 403 3556 479">
     <span class='ocr_line' id='line_1_4' title="bbox 108 403 3556 479; baseline 0.001 -21"><span class='ocrx_word' id='word_1_11' title='bbox 108 405 165 459; x_wconf 88' lang='lat' dir='ltr'>si</span> <span class='ocrx_word' id='word_1_12' title='bbox 202 404 475 461; x_wconf 86' lang='lat' dir='ltr'>amiserit</span> <span class='ocrx_word' id='word_1_13' title='bbox 508 423 521 469; x_wconf 87' lang='lat'><strong>;</strong></span> <span class='ocrx_word' id='word_1_14' title='bbox 550 409 766 477; x_wconf 89' lang='lat' dir='ltr'>quarto</span> <span class='ocrx_word' id='word_1_15' title='bbox 813 404 1128 473; x_wconf 88' lang='lat' dir='ltr'>gaudium,</span> <span class='ocrx_word' id='word_1_16' title='bbox 1160 406 1207 460; x_wconf 89' lang='lat' dir='ltr'>si</span> <span class='ocrx_word' id='word_1_17' title='bbox 1252 405 1644 478; x_wconf 86' lang='lat' dir='ltr'>recupaverit.</span> <span class='ocrx_word' id='word_1_18' title='bbox 1678 407 1790 459; x_wconf 86' lang='lat' dir='ltr'>Ha-</span> <span class='ocrx_word' id='word_1_19' title='bbox 1810 406 1861 459; x_wconf 74' lang='grc' dir='ltr'>Α</span> <span class='ocrx_word' id='word_1_20' title='bbox 1899 403 2295 471; x_wconf 82' lang='lat' dir='ltr'>circumfudit,</span> <span class='ocrx_word' id='word_1_21' title='bbox 2321 421 2392 459; x_wconf 93' lang='lat' dir='ltr'>eo</span> <span class='ocrx_word' id='word_1_22' title='bbox 2417 404 2601 476; x_wconf 92' lang='lat' dir='ltr'>quod,</span> <span class='ocrx_word' id='word_1_23' title='bbox 2632 406 2858 460; x_wconf 86' lang='lat' dir='ltr'>amisso</span> <span class='ocrx_word' id='word_1_24' title='bbox 2882 405 3273 461; x_wconf 87' lang='lat' dir='ltr'>humanitatis</span> <span class='ocrx_word' id='word_1_25' title='bbox 3287 406 3556 479; x_wconf 84' lang='lat' dir='ltr'>consilio,</span> 
     </span>
    </p>
   </div>
   <div class='ocr_carea' id='block_1_5' title="bbox 102 494 1793 566">
    <p class='ocr_par' dir='ltr' id='par_1_5' title="bbox 102 494 1793 566">
     <span class='ocr_line' id='line_1_5' title="bbox 102 494 1793 566; baseline 0 -17"><span class='ocrx_word' id='word_1_26' title='bbox 102 495 267 551; x_wconf 87' lang='lat' dir='ltr'>bent</span> <span class='ocrx_word' id='word_1_27' title='bbox 301 500 503 551; x_wconf 89' lang='lat' dir='ltr'>autem</span> <span class='ocrx_word' id='word_1_28' title='bbox 557 499 613 549; x_wconf 93' lang='lat' dir='ltr'>et</span> <span class='ocrx_word' id='word_1_29' title='bbox 650 495 740 549; x_wconf 85' lang='lat' dir='ltr'>isti</span> <span class='ocrx_word' id='word_1_30' title='bbox 796 496 1241 566; x_wconf 83' lang='lat' dir='ltr'>quaterniones,</span> <span class='ocrx_word' id='word_1_31' title='bbox 1298 496 1377 551; x_wconf 89' lang='lat' dir='ltr'>ad</span> <span class='ocrx_word' id='word_1_32' title='bbox 1432 494 1793 551; x_wconf 87' lang='lat' dir='ltr'>servandum</span> 
     </span>
    </p>
   </div>
   <div class='ocr_carea' id='block_1_6' title="bbox 104 583 1797 655">
    <p class='ocr_par' dir='ltr' id='par_1_6' title="bbox 104 583 1797 655">
     <span class='ocr_line' id='line_1_6' title="bbox 104 583 1797 655; baseline -0.001 -16"><span class='ocrx_word' id='word_1_33' title='bbox 104 584 428 655; x_wconf 90' lang='lat' dir='ltr'>captivum</span> <span class='ocrx_word' id='word_1_34' title='bbox 460 583 705 647; x_wconf 87' lang='lat' dir='ltr'>diaboli,</span> <span class='ocrx_word' id='word_1_35' title='bbox 741 584 960 652; x_wconf 79' lang='lat' dir='ltr'>singuli</span> <span class='ocrx_word' id='word_1_36' title='bbox 992 584 1107 639; x_wconf 89' lang='lat' dir='ltr'>sub</span> <span class='ocrx_word' id='word_1_37' title='bbox 1139 602 1201 641; x_wconf 89' lang='lat' dir='ltr'>se</span> <span class='ocrx_word' id='word_1_38' title='bbox 1230 586 1447 640; x_wconf 81' lang='lat' dir='ltr'>milites</span> <span class='ocrx_word' id='word_1_39' title='bbox 1472 601 1631 639; x_wconf 89' lang='lat' dir='ltr'>suos.</span> <span class='ocrx_word' id='word_1_40' title='bbox 1652 583 1797 638; x_wconf 80' lang='lat' dir='ltr'>Vitia</span> 
     </span>
    </p>
   </div>
   <div class='ocr_carea' id='block_1_7' title="bbox 102 673 1797 746">
    <p class='ocr_par' dir='ltr' id='par_1_7' title="bbox 102 673 1797 746">
     <span class='ocr_line' id='line_1_7' title="bbox 102 673 1797 746; baseline -0.001 -18"><span class='ocrx_word' id='word_1_41' title='bbox 102 674 342 730; x_wconf 88' lang='lat' dir='ltr'>etenim</span> <span class='ocrx_word' id='word_1_42' title='bbox 372 690 507 745; x_wconf 66' lang='lat' dir='ltr'>quae</span> <span class='ocrx_word' id='word_1_43' title='bbox 566 673 641 728; x_wconf 90' lang='lat' dir='ltr'>de</span> <span class='ocrx_word' id='word_1_44' title='bbox 698 690 1066 746; x_wconf 88' lang='lat' dir='ltr'>unaquaque</span> <span class='ocrx_word' id='word_1_45' title='bbox 1116 675 1563 746; x_wconf 80' lang='lat' dir='ltr'>perturbatione</span> <span class='ocrx_word' id='word_1_46' title='bbox 1620 673 1797 745; x_wconf 88' lang='lat' dir='ltr'>quasi</span> 
     </span>
    </p>
   </div>
   <div class='ocr_carea' id='block_1_8' title="bbox 103 763 1795 837">
    <p class='ocr_par' dir='ltr' id='par_1_8' title="bbox 103 763 1795 837">
     <span class='ocr_line' id='line_1_8' title="bbox 103 763 1795 837; baseline -0.001 -19"><span class='ocrx_word' id='word_1_47' title='bbox 103 764 487 833; x_wconf 83' lang='lat' dir='ltr'>originalitcr</span> <span class='ocrx_word' id='word_1_48' title='bbox 512 768 865 832; x_wconf 88' lang='lat' dir='ltr'>nascuntur,</span> <span class='ocrx_word' id='word_1_49' title='bbox 898 764 1012 835; x_wconf 88' lang='lat' dir='ltr'>ipsi</span> <span class='ocrx_word' id='word_1_50' title='bbox 1068 769 1207 819; x_wconf 91' lang='lat' dir='ltr'>sunt</span> <span class='ocrx_word' id='word_1_51' title='bbox 1237 765 1477 825; x_wconf 83' lang='lat' dir='ltr'>milites,</span> <span class='ocrx_word' id='word_1_52' title='bbox 1528 764 1633 837; x_wconf 88' lang='lat' dir='ltr'>qui</span> <span class='ocrx_word' id='word_1_53' title='bbox 1664 763 1795 818; x_wconf 87' lang='lat' dir='ltr'>uni-</span> 
     </span>
    </p>
   </div>
   <div class='ocr_carea' id='block_1_9' title="bbox 104 853 1796 925">
    <p class='ocr_par' dir='ltr' id='par_1_9' title="bbox 104 853 1796 925">
     <span class='ocr_line' id='line_1_9' title="bbox 104 853 1796 925; baseline -0.001 -17"><span class='ocrx_word' id='word_1_54' title='bbox 104 854 339 925; x_wconf 90' lang='lat' dir='ltr'>cuique</span> <span class='ocrx_word' id='word_1_55' title='bbox 367 853 768 925; x_wconf 89' lang='lat' dir='ltr'>quaternioni,</span> <span class='ocrx_word' id='word_1_56' title='bbox 798 853 971 924; x_wconf 90' lang='lat' dir='ltr'>quasi</span> <span class='ocrx_word' id='word_1_57' title='bbox 1001 870 1112 925; x_wconf 92' lang='lat' dir='ltr'>pro</span> <span class='ocrx_word' id='word_1_58' title='bbox 1141 855 1461 924; x_wconf 88' lang='lat' dir='ltr'>adjutorio,</span> <span class='ocrx_word' id='word_1_59' title='bbox 1483 854 1559 909; x_wconf 90' lang='lat' dir='ltr'>ad</span> <span class='ocrx_word' id='word_1_60' title='bbox 1588 869 1796 925; x_wconf 88' lang='lat' dir='ltr'>pecca-</span> 
     </span>
    </p>
   </div>
   <div class='ocr_carea' id='block_1_10' title="bbox 107 942 1796 1015">
    <p class='ocr_par' dir='ltr' id='par_1_10' title="bbox 107 942 1796 1015">
     <span class='ocr_line' id='line_1_10' title="bbox 107 942 1796 1015; baseline -0.001 -16"><span class='ocrx_word' id='word_1_61' title='bbox 107 944 268 999; x_wconf 85' lang='lat' dir='ltr'>toris</span> <span class='ocrx_word' id='word_1_62' title='bbox 310 943 647 998; x_wconf 84' lang='lat' dir='ltr'>custodiam</span> <span class='ocrx_word' id='word_1_63' title='bbox 716 942 1099 1015; x_wconf 74' lang='lat' dir='ltr'>deputantur.</span> <span class='ocrx_word' id='word_1_64' title='bbox 1164 944 1285 999; x_wconf 91' lang='lat' dir='ltr'>Sub</span> <span class='ocrx_word' id='word_1_65' title='bbox 1346 944 1542 1015; x_wconf 91' lang='lat' dir='ltr'>primo</span> <span class='ocrx_word' id='word_1_66' title='bbox 1594 944 1796 1014; x_wconf 86' lang='lat' dir='ltr'>itaque</span> 
     </span>
    </p>
   </div>
   <div class='ocr_carea' id='block_1_11' title="bbox 102 1032 1797 1104">
    <p class='ocr_par' dir='ltr' id='par_1_11' title="bbox 102 1032 1797 1104">
     <span class='ocr_line' id='line_1_11' title="bbox 102 1032 1797 1104; baseline 0 -18"><span class='ocrx_word' id='word_1_67' title='bbox 102 1033 515 1104; x_wconf 88' lang='lat' dir='ltr'>quaternione</span> <span class='ocrx_word' id='word_1_68' title='bbox 542 1048 724 1103; x_wconf 85' lang='lat' dir='ltr'>quem</span> <span class='ocrx_word' id='word_1_69' title='bbox 757 1032 1152 1103; x_wconf 82' lang='lat' dir='ltr'>cupiditatum</span> <span class='ocrx_word' id='word_1_70' title='bbox 1178 1034 1647 1098; x_wconf 85' lang='lat' dir='ltr'>nominavimus,</span> <span class='ocrx_word' id='word_1_71' title='bbox 1681 1032 1797 1103; x_wconf 84' lang='lat' dir='ltr'>pri-</span> 
     </span>
    </p>
   </div>
   <div class='ocr_carea' id='block_1_12' title="bbox 104 1120 1793 1193">
    <p class='ocr_par' dir='ltr' id='par_1_12' title="bbox 104 1120 1793 1193">
     <span class='ocr_line' id='line_1_12' title="bbox 104 1120 1793 1193; baseline 0.001 -19"><span class='ocrx_word' id='word_1_72' title='bbox 104 1137 261 1175; x_wconf 87' lang='lat' dir='ltr'>mus</span> <span class='ocrx_word' id='word_1_73' title='bbox 310 1121 478 1175; x_wconf 92' lang='lat' dir='ltr'>miles</span> <span class='ocrx_word' id='word_1_74' title='bbox 533 1125 621 1175; x_wconf 89' lang='lat' dir='ltr'>est</span> <span class='ocrx_word' id='word_1_75' title='bbox 680 1120 930 1188; x_wconf 81' lang='lat' dir='ltr'>tenacia,</span> <span class='ocrx_word' id='word_1_76' title='bbox 990 1121 1292 1175; x_wconf 87' lang='lat' dir='ltr'>secundus</span> <span class='ocrx_word' id='word_1_77' title='bbox 1358 1121 1793 1193; x_wconf 86' lang='lat' dir='ltr'>multiplicatio,</span> 
     </span>
    </p>
   </div>
   <div class='ocr_carea' id='block_1_13' title="bbox 107 1210 1795 1283">
    <p class='ocr_par' dir='ltr' id='par_1_13' title="bbox 107 1210 1795 1283">
     <span class='ocr_line' id='line_1_13' title="bbox 107 1210 1795 1283; baseline 0 -18"><span class='ocrx_word' id='word_1_78' title='bbox 107 1211 331 1265; x_wconf 88' lang='lat' dir='ltr'>tertius</span> <span class='ocrx_word' id='word_1_79' title='bbox 361 1210 682 1277; x_wconf 71' lang='lat' dir='ltr'>inaliectio,</span> <span class='ocrx_word' id='word_1_80' title='bbox 707 1215 959 1281; x_wconf 89' lang='lat' dir='ltr'>quartus</span> <span class='ocrx_word' id='word_1_81' title='bbox 992 1211 1471 1283; x_wconf 82' lang='lat' dir='ltr'>voluptas.Recto</span> <span class='ocrx_word' id='word_1_82' title='bbox 1495 1212 1795 1283; x_wconf 87' lang='lat' dir='ltr'>siquidem</span> 
     </span>
    </p>
   </div>
   <div class='ocr_carea' id='block_1_14' title="bbox 105 1299 1796 1373">
    <p class='ocr_par' dir='ltr' id='par_1_14' title="bbox 105 1299 1796 1373">
     <span class='ocr_line' id='line_1_14' title="bbox 105 1299 1796 1373; baseline 0.001 -19"><span class='ocrx_word' id='word_1_83' title='bbox 105 1299 337 1354; x_wconf 89' lang='lat' dir='ltr'>ordine</span> <span class='ocrx_word' id='word_1_84' title='bbox 395 1300 782 1370; x_wconf 85' lang='lat' dir='ltr'>cupiditatem</span> <span class='ocrx_word' id='word_1_85' title='bbox 835 1300 1066 1355; x_wconf 87' lang='lat' dir='ltr'>tenacia</span> <span class='ocrx_word' id='word_1_86' title='bbox 1105 1301 1395 1373; x_wconf 86' lang='lat' dir='ltr'>sequitur,</span> <span class='ocrx_word' id='word_1_87' title='bbox 1447 1302 1592 1372; x_wconf 90' lang='lat' dir='ltr'>quia</span> <span class='ocrx_word' id='word_1_88' title='bbox 1632 1305 1796 1355; x_wconf 90' lang='lat' dir='ltr'>tanto</span> 
     </span>
    </p>
   </div>
   <div class='ocr_carea' id='block_1_15' title="bbox 104 1387 1799 1461">
    <p class='ocr_par' dir='ltr' id='par_1_15' title="bbox 104 1387 1799 1461">
     <span class='ocr_line' id='line_1_15' title="bbox 104 1387 1799 1461; baseline 0.002 -21"><span class='ocrx_word' id='word_1_89' title='bbox 104 1388 381 1459; x_wconf 89' lang='lat' dir='ltr'>quisque</span> <span class='ocrx_word' id='word_1_90' title='bbox 410 1387 607 1441; x_wconf 85' lang='lat' dir='ltr'>studet</span> <span class='ocrx_word' id='word_1_91' title='bbox 637 1387 893 1442; x_wconf 86' lang='lat' dir='ltr'>strictius</span> <span class='ocrx_word' id='word_1_92' title='bbox 938 1388 1104 1459; x_wconf 89' lang='lat' dir='ltr'>quod</span> <span class='ocrx_word' id='word_1_93' title='bbox 1162 1389 1522 1461; x_wconf 89' lang='lat' dir='ltr'>acquisitum</span> <span class='ocrx_word' id='word_1_94' title='bbox 1554 1394 1642 1444; x_wconf 89' lang='lat' dir='ltr'>est</span> <span class='ocrx_word' id='word_1_95' title='bbox 1669 1389 1799 1445; x_wconf 87' lang='lat' dir='ltr'>reti-</span> 
     </span>
    </p>
   </div>
   <div class='ocr_carea' id='block_1_16' title="bbox 104 1475 1799 1549">
    <p class='ocr_par' dir='ltr' id='par_1_16' title="bbox 104 1475 1799 1549">
     <span class='ocr_line' id='line_1_16' title="bbox 104 1475 1799 1549; baseline 0.002 -20"><span class='ocrx_word' id='word_1_96' title='bbox 104 1490 287 1543; x_wconf 89' lang='lat' dir='ltr'>nere,</span> <span class='ocrx_word' id='word_1_97' title='bbox 310 1479 538 1546; x_wconf 89' lang='lat' dir='ltr'>quanto</span> <span class='ocrx_word' id='word_1_98' title='bbox 572 1490 635 1528; x_wconf 90' lang='lat' dir='ltr'>se</span> <span class='ocrx_word' id='word_1_99' title='bbox 662 1475 932 1530; x_wconf 90' lang='lat' dir='ltr'>meminit</span> <span class='ocrx_word' id='word_1_100' title='bbox 953 1476 1014 1530; x_wconf 93' lang='lat' dir='ltr'>in</span> <span class='ocrx_word' id='word_1_101' title='bbox 1055 1476 1424 1549; x_wconf 86' lang='lat' dir='ltr'>acquirendo</span> <span class='ocrx_word' id='word_1_102' title='bbox 1456 1478 1697 1546; x_wconf 77' lang='lat' dir='ltr'>gravius</span> <span class='ocrx_word' id='word_1_103' title='bbox 1717 1477 1799 1533; x_wconf 89' lang='lat' dir='ltr'>la-</span> 
     </span>
    </p>
   </div>
   <div class='ocr_carea' id='block_1_17' title="bbox 104 1564 1793 1638">
    <p class='ocr_par' dir='ltr' id='par_1_17' title="bbox 104 1564 1793 1638">
     <span class='ocr_line' id='line_1_17' title="bbox 104 1564 1793 1638; baseline 0.001 -18"><span class='ocrx_word' id='word_1_104' title='bbox 104 1565 387 1620; x_wconf 87' lang='lat' dir='ltr'>borasse.</span> <span class='ocrx_word' id='word_1_105' title='bbox 449 1564 713 1619; x_wconf 70' lang='lat' dir='ltr'>Tenaciie</span> <span class='ocrx_word' id='word_1_106' title='bbox 746 1581 888 1619; x_wconf 86' lang='lat' dir='ltr'>vero</span> <span class='ocrx_word' id='word_1_107' title='bbox 917 1565 1332 1638; x_wconf 87' lang='lat' dir='ltr'>multiplicatio</span> <span class='ocrx_word' id='word_1_108' title='bbox 1384 1566 1793 1633; x_wconf 83' lang='lat' dir='ltr'>subnectatur,</span> 
     </span>
    </p>
   </div>
   <div class='ocr_carea' id='block_1_18' title="bbox 106 1652 1798 1728">
    <p class='ocr_par' dir='ltr' id='par_1_18' title="bbox 106 1652 1798 1728">
     <span class='ocr_line' id='line_1_18' title="bbox 106 1652 1798 1728; baseline 0.002 -22"><span class='ocrx_word' id='word_1_109' title='bbox 106 1652 289 1726; x_wconf 86' lang='lat' dir='ltr'>quia,</span> <span class='ocrx_word' id='word_1_110' title='bbox 318 1653 466 1707; x_wconf 91' lang='lat' dir='ltr'>dum</span> <span class='ocrx_word' id='word_1_111' title='bbox 491 1653 676 1723; x_wconf 90' lang='lat' dir='ltr'>longa</span> <span class='ocrx_word' id='word_1_112' title='bbox 708 1653 819 1708; x_wconf 88' lang='lat' dir='ltr'>sibi</span> <span class='ocrx_word' id='word_1_113' title='bbox 852 1654 985 1710; x_wconf 62' lang='lat' dir='ltr'>vitae</span> <span class='ocrx_word' id='word_1_114' title='bbox 1027 1656 1221 1728; x_wconf 88' lang='lat' dir='ltr'>spatia</span> <span class='ocrx_word' id='word_1_115' title='bbox 1251 1656 1581 1727; x_wconf 88' lang='lat' dir='ltr'>pollicetur,</span> <span class='ocrx_word' id='word_1_116' title='bbox 1615 1656 1798 1710; x_wconf 84' lang='lat' dir='ltr'>instat</span> 
     </span>
    </p>
   </div>
   <div class='ocr_carea' id='block_1_19' title="bbox 1896 491 3558 567">
    <p class='ocr_par' dir='ltr' id='par_1_19' title="bbox 1896 491 3558 567">
     <span class='ocr_line' id='line_1_19' title="bbox 1896 491 3558 567; baseline 0.003 -22"><span class='ocrx_word' id='word_1_117' title='bbox 1896 491 2062 547; x_wconf 90' lang='lat' dir='ltr'>nulla</span> <span class='ocrx_word' id='word_1_118' title='bbox 2084 509 2145 547; x_wconf 90' lang='lat' dir='ltr'>se</span> <span class='ocrx_word' id='word_1_119' title='bbox 2175 493 2421 548; x_wconf 86' lang='lat' dir='ltr'>rationis</span> <span class='ocrx_word' id='word_1_120' title='bbox 2459 494 2869 549; x_wconf 89' lang='lat' dir='ltr'>moderatione</span> <span class='ocrx_word' id='word_1_121' title='bbox 2900 494 3225 567; x_wconf 89' lang='lat' dir='ltr'>componit.</span> <span class='ocrx_word' id='word_1_122' title='bbox 3262 494 3405 549; x_wconf 87' lang='lat' dir='ltr'>Huic</span> <span class='ocrx_word' id='word_1_123' title='bbox 3428 496 3558 566; x_wconf 90' lang='lat' dir='ltr'>jam</span> 
     </span>
    </p>
   </div>
   <div class='ocr_carea' id='block_1_20' title="bbox 1896 581 3558 655">
    <p class='ocr_par' dir='ltr' id='par_1_20' title="bbox 1896 581 3558 655">
     <span class='ocr_line' id='line_1_20' title="bbox 1896 581 3558 655; baseline 0.003 -20"><span class='ocrx_word' id='word_1_124' title='bbox 1896 581 2089 647; x_wconf 89' lang='lat' dir='ltr'>dolor,</span> <span class='ocrx_word' id='word_1_125' title='bbox 2117 598 2298 654; x_wconf 86' lang='lat' dir='ltr'>quem</span> <span class='ocrx_word' id='word_1_126' title='bbox 2323 583 2557 637; x_wconf 87' lang='lat' dir='ltr'>tertium</span> <span class='ocrx_word' id='word_1_127' title='bbox 2606 585 3062 655; x_wconf 89' lang='lat' dir='ltr'>quaternionem</span> <span class='ocrx_word' id='word_1_128' title='bbox 3086 583 3369 655; x_wconf 81' lang='lat' dir='ltr'>diximus,</span> <span class='ocrx_word' id='word_1_129' title='bbox 3421 600 3558 640; x_wconf 91' lang='lat' dir='ltr'>cum</span> 
     </span>
    </p>
   </div>
   <div class='ocr_carea' id='block_1_21' title="bbox 1898 671 3564 743">
    <p class='ocr_par' dir='ltr' id='par_1_21' title="bbox 1898 671 3564 743">
     <span class='ocr_line' id='line_1_21' title="bbox 1898 671 3564 743; baseline 0.004 -20"><span class='ocrx_word' id='word_1_130' title='bbox 1898 686 2007 724; x_wconf 91' lang='lat' dir='ltr'>suo</span> <span class='ocrx_word' id='word_1_131' title='bbox 2039 672 2277 739; x_wconf 83' lang='lat' dir='ltr'>agmine</span> <span class='ocrx_word' id='word_1_132' title='bbox 2306 672 2379 726; x_wconf 91' lang='lat' dir='ltr'>ad</span> <span class='ocrx_word' id='word_1_133' title='bbox 2404 671 2625 743; x_wconf 87' lang='lat' dir='ltr'>captivi</span> <span class='ocrx_word' id='word_1_134' title='bbox 2656 673 2996 727; x_wconf 86' lang='lat' dir='ltr'>custodiam</span> <span class='ocrx_word' id='word_1_135' title='bbox 3027 673 3411 742; x_wconf 86' lang='lat' dir='ltr'>subrogatur.</span> <span class='ocrx_word' id='word_1_136' title='bbox 3464 677 3564 729; x_wconf 87' lang='lat' dir='ltr'>Est</span> 
     </span>
    </p>
   </div>
   <div class='ocr_carea' id='block_1_22' title="bbox 1899 761 3560 834">
    <p class='ocr_par' dir='ltr' id='par_1_22' title="bbox 1899 761 3560 834">
     <span class='ocr_line' id='line_1_22' title="bbox 1899 761 3560 834; baseline 0.001 -19"><span class='ocrx_word' id='word_1_137' title='bbox 1899 764 2097 815; x_wconf 90' lang='lat' dir='ltr'>autem</span> <span class='ocrx_word' id='word_1_138' title='bbox 2179 761 2498 817; x_wconf 83' lang='lat' dir='ltr'>satellitum</span> <span class='ocrx_word' id='word_1_139' title='bbox 2550 762 2678 832; x_wconf 90' lang='lat' dir='ltr'>ejus</span> <span class='ocrx_word' id='word_1_140' title='bbox 2730 763 2961 834; x_wconf 90' lang='lat' dir='ltr'>primus</span> <span class='ocrx_word' id='word_1_141' title='bbox 3031 762 3197 828; x_wconf 92' lang='lat' dir='ltr'>livor,</span> <span class='ocrx_word' id='word_1_142' title='bbox 3259 764 3560 818; x_wconf 83' lang='lat' dir='ltr'>secundus</span> 
     </span>
    </p>
   </div>
   <div class='ocr_carea' id='block_1_23' title="bbox 1898 849 3556 924">
    <p class='ocr_par' dir='ltr' id='par_1_23' title="bbox 1898 849 3556 924">
     <span class='ocr_line' id='line_1_23' title="bbox 1898 849 3556 924; baseline 0.001 -19"><span class='ocrx_word' id='word_1_143' title='bbox 1898 849 2259 909; x_wconf 85' lang='lat' dir='ltr'>amaritudo.</span> <span class='ocrx_word' id='word_1_144' title='bbox 2310 852 2514 906; x_wconf 89' lang='lat' dir='ltr'>tertius</span> <span class='ocrx_word' id='word_1_145' title='bbox 2587 852 2833 919; x_wconf 91' lang='lat' dir='ltr'>clamor,</span> <span class='ocrx_word' id='word_1_146' title='bbox 2893 856 3144 924; x_wconf 88' lang='lat' dir='ltr'>quartus</span> <span class='ocrx_word' id='word_1_147' title='bbox 3214 852 3556 907; x_wconf 88' lang='lat' dir='ltr'>crudelitas.</span> 
     </span>
    </p>
   </div>
   <div class='ocr_carea' id='block_1_24' title="bbox 1901 938 3561 1014">
    <p class='ocr_par' dir='ltr' id='par_1_24' title="bbox 1901 938 3561 1014">
     <span class='ocr_line' id='line_1_24' title="bbox 1901 938 3561 1014; baseline 0.003 -22"><span class='ocrx_word' id='word_1_148' title='bbox 1901 938 2172 994; x_wconf 88' lang='lat' dir='ltr'>Dolorem</span> <span class='ocrx_word' id='word_1_149' title='bbox 2229 941 2453 1012; x_wconf 91' lang='lat' dir='ltr'>quippe</span> <span class='ocrx_word' id='word_1_150' title='bbox 2481 942 2712 1013; x_wconf 91' lang='lat' dir='ltr'>primus</span> <span class='ocrx_word' id='word_1_151' title='bbox 2764 941 2917 996; x_wconf 87' lang='lat' dir='ltr'>livor</span> <span class='ocrx_word' id='word_1_152' title='bbox 2964 942 3345 1013; x_wconf 86' lang='lat' dir='ltr'>prosequitur</span> <span class='ocrx_word' id='word_1_153' title='bbox 3380 942 3561 1014; x_wconf 89' lang='lat' dir='ltr'>;quia</span> 
     </span>
    </p>
   </div>
   <div class='ocr_carea' id='block_1_25' title="bbox 1898 1029 3558 1102">
    <p class='ocr_par' dir='ltr' id='par_1_25' title="bbox 1898 1029 3558 1102">
     <span class='ocr_line' id='line_1_25' title="bbox 1898 1029 3558 1102; baseline 0.002 -20"><span class='ocrx_word' id='word_1_154' title='bbox 1898 1044 2036 1083; x_wconf 88' lang='lat' dir='ltr'>cum</span> <span class='ocrx_word' id='word_1_155' title='bbox 2066 1029 2211 1085; x_wconf 85' lang='lat' dir='ltr'>alter</span> <span class='ocrx_word' id='word_1_156' title='bbox 2238 1029 2585 1101; x_wconf 87' lang='lat' dir='ltr'>adipiscitur</span> <span class='ocrx_word' id='word_1_157' title='bbox 2633 1031 2798 1102; x_wconf 90' lang='lat' dir='ltr'>quod</span> <span class='ocrx_word' id='word_1_158' title='bbox 2848 1031 2994 1086; x_wconf 86' lang='lat' dir='ltr'>alter</span> <span class='ocrx_word' id='word_1_159' title='bbox 3054 1031 3334 1101; x_wconf 87' lang='lat' dir='ltr'>amiserit,</span> <span class='ocrx_word' id='word_1_160' title='bbox 3385 1032 3558 1087; x_wconf 57' lang='lat' dir='ltr'>amite</span> 
     </span>
    </p>
   </div>
   <div class='ocr_carea' id='block_1_26' title="bbox 1898 1118 3555 1191">
    <p class='ocr_par' dir='ltr' id='par_1_26' title="bbox 1898 1118 3555 1191">
     <span class='ocr_line' id='line_1_26' title="bbox 1898 1118 3555 1191; baseline 0.002 -20"><span class='ocrx_word' id='word_1_161' title='bbox 1898 1121 2028 1171; x_wconf 90' lang='lat' dir='ltr'>tens</span> <span class='ocrx_word' id='word_1_162' title='bbox 2061 1118 2119 1172; x_wconf 91' lang='lat' dir='ltr'>in</span> <span class='ocrx_word' id='word_1_163' title='bbox 2142 1118 2573 1191; x_wconf 89' lang='lat' dir='ltr'>adipiscentem</span> <span class='ocrx_word' id='word_1_164' title='bbox 2629 1119 2807 1175; x_wconf 86' lang='lat' dir='ltr'>livore</span> <span class='ocrx_word' id='word_1_165' title='bbox 2866 1120 3104 1175; x_wconf 70' lang='lat' dir='ltr'>invidiae</span> <span class='ocrx_word' id='word_1_166' title='bbox 3159 1120 3555 1175; x_wconf 80' lang='lat' dir='ltr'>succenditur.</span> 
     </span>
    </p>
   </div>
   <div class='ocr_carea' id='block_1_27' title="bbox 1899 1205 3560 1280">
    <p class='ocr_par' dir='ltr' id='par_1_27' title="bbox 1899 1205 3560 1280">
     <span class='ocr_line' id='line_1_27' title="bbox 1899 1205 3560 1280; baseline 0.002 -21"><span class='ocrx_word' id='word_1_167' title='bbox 1899 1205 2085 1261; x_wconf 87' lang='lat' dir='ltr'>Livori</span> <span class='ocrx_word' id='word_1_168' title='bbox 2113 1212 2314 1261; x_wconf 87' lang='lat' dir='ltr'>autem</span> <span class='ocrx_word' id='word_1_169' title='bbox 2346 1208 2684 1263; x_wconf 88' lang='lat' dir='ltr'>amaritudo</span> <span class='ocrx_word' id='word_1_170' title='bbox 2732 1208 3015 1279; x_wconf 88' lang='lat' dir='ltr'>succedit,</span> <span class='ocrx_word' id='word_1_171' title='bbox 3045 1209 3190 1280; x_wconf 85' lang='lat' dir='ltr'>quia</span> <span class='ocrx_word' id='word_1_172' title='bbox 3238 1208 3560 1263; x_wconf 86' lang='lat' dir='ltr'>invidentis</span> 
     </span>
    </p>
   </div>
   <div class='ocr_carea' id='block_1_28' title="bbox 1898 1294 3563 1369">
    <p class='ocr_par' dir='ltr' id='par_1_28' title="bbox 1898 1294 3563 1369">
     <span class='ocr_line' id='line_1_28' title="bbox 1898 1294 3563 1369; baseline 0.001 -20"><span class='ocrx_word' id='word_1_173' title='bbox 1898 1294 2138 1349; x_wconf 87' lang='lat' dir='ltr'>animus</span> <span class='ocrx_word' id='word_1_174' title='bbox 2170 1300 2334 1351; x_wconf 87' lang='lat' dir='ltr'>tanto</span> <span class='ocrx_word' id='word_1_175' title='bbox 2361 1296 2438 1352; x_wconf 91' lang='lat' dir='ltr'>ad</span> <span class='ocrx_word' id='word_1_176' title='bbox 2464 1312 2673 1351; x_wconf 92' lang='lat' dir='ltr'>omnes</span> <span class='ocrx_word' id='word_1_177' title='bbox 2700 1296 3019 1352; x_wconf 87' lang='lat' dir='ltr'>amarescit</span> <span class='ocrx_word' id='word_1_178' title='bbox 3064 1297 3343 1363; x_wconf 82' lang='lat' dir='ltr'>exterius,</span> <span class='ocrx_word' id='word_1_179' title='bbox 3372 1310 3563 1369; x_wconf 87' lang='lat' dir='ltr'>quan-</span> 
     </span>
    </p>
   </div>
   <div class='ocr_carea' id='block_1_29' title="bbox 1898 1386 3562 1457">
    <p class='ocr_par' dir='ltr' id='par_1_29' title="bbox 1898 1386 3562 1457">
     <span class='ocr_line' id='line_1_29' title="bbox 1898 1386 3562 1457; baseline 0 -18"><span class='ocrx_word' id='word_1_180' title='bbox 1898 1388 1977 1451; x_wconf 91' lang='lat' dir='ltr'>to,</span> <span class='ocrx_word' id='word_1_181' title='bbox 2010 1389 2291 1441; x_wconf 81' lang='lat' dir='ltr'>exurente</span> <span class='ocrx_word' id='word_1_182' title='bbox 2322 1386 2546 1441; x_wconf 88' lang='lat' dir='ltr'>invidia</span> <span class='ocrx_word' id='word_1_183' title='bbox 2600 1386 2830 1441; x_wconf 89' lang='lat' dir='ltr'>radices</span> <span class='ocrx_word' id='word_1_184' title='bbox 2861 1386 2991 1457; x_wconf 89' lang='lat' dir='ltr'>ejus</span> <span class='ocrx_word' id='word_1_185' title='bbox 3042 1386 3304 1448; x_wconf 85' lang='lat' dir='ltr'>intimas,</span> <span class='ocrx_word' id='word_1_186' title='bbox 3344 1400 3562 1440; x_wconf 89' lang='lat' dir='ltr'>succus</span> 
     </span>
    </p>
   </div>
   <div class='ocr_carea' id='block_1_30' title="bbox 1898 1473 3559 1546">
    <p class='ocr_par' dir='ltr' id='par_1_30' title="bbox 1898 1473 3559 1546">
     <span class='ocr_line' id='line_1_30' title="bbox 1898 1473 3559 1546; baseline 0 -18"><span class='ocrx_word' id='word_1_187' title='bbox 1898 1473 2151 1544; x_wconf 86' lang='lat' dir='ltr'>alicujus</span> <span class='ocrx_word' id='word_1_188' title='bbox 2214 1474 2493 1530; x_wconf 88' lang='lat' dir='ltr'>infundit.</span> <span class='ocrx_word' id='word_1_189' title='bbox 2563 1476 2704 1531; x_wconf 88' lang='lat' dir='ltr'>Post</span> <span class='ocrx_word' id='word_1_190' title='bbox 2773 1475 3237 1530; x_wconf 87' lang='lat' dir='ltr'>amaritudinem</span> <span class='ocrx_word' id='word_1_191' title='bbox 3315 1488 3559 1546; x_wconf 88' lang='lat' dir='ltr'>quoque</span> 
     </span>
    </p>
   </div>
   <div class='ocr_carea' id='block_1_31' title="bbox 1899 1562 3560 1636">
    <p class='ocr_par' dir='ltr' id='par_1_31' title="bbox 1899 1562 3560 1636">
     <span class='ocr_line' id='line_1_31' title="bbox 1899 1562 3560 1636; baseline 0.001 -20"><span class='ocrx_word' id='word_1_192' title='bbox 1899 1562 2126 1618; x_wconf 89' lang='lat' dir='ltr'>clamor</span> <span class='ocrx_word' id='word_1_193' title='bbox 2152 1578 2274 1619; x_wconf 89' lang='lat' dir='ltr'>non</span> <span class='ocrx_word' id='word_1_194' title='bbox 2328 1564 2656 1633; x_wconf 83' lang='lat' dir='ltr'>incongrue</span> <span class='ocrx_word' id='word_1_195' title='bbox 2707 1567 3077 1631; x_wconf 88' lang='lat' dir='ltr'>numeratur,</span> <span class='ocrx_word' id='word_1_196' title='bbox 3138 1564 3281 1636; x_wconf 87' lang='lat' dir='ltr'>quia</span> <span class='ocrx_word' id='word_1_197' title='bbox 3339 1562 3560 1618; x_wconf 86' lang='lat' dir='ltr'>amari-</span> 
     </span>
    </p>
   </div>
   <div class='ocr_carea' id='block_1_32' title="bbox 1899 1651 3559 1725">
    <p class='ocr_par' dir='ltr' id='par_1_32' title="bbox 1899 1651 3559 1725">
     <span class='ocr_line' id='line_1_32' title="bbox 1899 1651 3559 1725; baseline -0.001 -19"><span class='ocrx_word' id='word_1_198' title='bbox 1899 1656 2065 1706; x_wconf 87' lang='lat' dir='ltr'>catus</span> <span class='ocrx_word' id='word_1_199' title='bbox 2097 1652 2355 1719; x_wconf 89' lang='lat' dir='ltr'>animus,</span> <span class='ocrx_word' id='word_1_200' title='bbox 2411 1670 2550 1708; x_wconf 90' lang='lat' dir='ltr'>cum</span> <span class='ocrx_word' id='word_1_201' title='bbox 2604 1654 2733 1725; x_wconf 92' lang='lat' dir='ltr'>jam</span> <span class='ocrx_word' id='word_1_202' title='bbox 2785 1653 3066 1709; x_wconf 88' lang='lat' dir='ltr'>ﬂammas</span> <span class='ocrx_word' id='word_1_203' title='bbox 3096 1667 3237 1708; x_wconf 85' lang='lat' dir='ltr'>suas</span> <span class='ocrx_word' id='word_1_204' title='bbox 3275 1651 3441 1723; x_wconf 91' lang='lat' dir='ltr'>apud</span> <span class='ocrx_word' id='word_1_205' title='bbox 3497 1666 3559 1706; x_wconf 84' lang='lat' dir='ltr'>se</span> 
     </span>
    </p>
   </div>
   <div class='ocr_carea' id='block_1_33' title="bbox 109 1739 3561 1818">
    <p class='ocr_par' dir='ltr' id='par_1_33' title="bbox 109 1739 3561 1818">
     <span class='ocr_line' id='line_1_33' title="bbox 109 1739 3561 1818; baseline -0.001 -20"><span class='ocrx_word' id='word_1_206' title='bbox 109 1758 495 1814; x_wconf 86' lang='lat' dir='ltr'>magnopere</span> <span class='ocrx_word' id='word_1_207' title='bbox 554 1749 620 1797; x_wconf 90' lang='lat' dir='ltr'>ut</span> <span class='ocrx_word' id='word_1_208' title='bbox 676 1760 811 1815; x_wconf 64' lang='lat' dir='ltr'>qua:</span> <span class='ocrx_word' id='word_1_209' title='bbox 834 1745 962 1814; x_wconf 89' lang='lat' dir='ltr'>jam</span> <span class='ocrx_word' id='word_1_210' title='bbox 1010 1751 1185 1817; x_wconf 87' lang='lat' dir='ltr'>parta</span> <span class='ocrx_word' id='word_1_211' title='bbox 1233 1750 1392 1811; x_wconf 89' lang='lat' dir='ltr'>sunt,</span> <span class='ocrx_word' id='word_1_212' title='bbox 1445 1745 1796 1817; x_wconf 87' lang='lat' dir='ltr'>quotidiano</span> <span class='ocrx_word' id='word_1_213' title='bbox 1816 1764 1863 1818; x_wconf 74' lang='grc' dir='ltr'><strong>Β</strong></span> <span class='ocrx_word' id='word_1_214' title='bbox 1899 1739 2026 1812; x_wconf 86' lang='lat' dir='ltr'>ipse</span> <span class='ocrx_word' id='word_1_215' title='bbox 2052 1740 2302 1797; x_wconf 89' lang='lat' dir='ltr'>tolerare</span> <span class='ocrx_word' id='word_1_216' title='bbox 2324 1758 2446 1797; x_wconf 91' lang='lat' dir='ltr'>non</span> <span class='ocrx_word' id='word_1_217' title='bbox 2496 1742 2731 1809; x_wconf 88' lang='lat' dir='ltr'>sufficit,</span> <span class='ocrx_word' id='word_1_218' title='bbox 2762 1743 3019 1797; x_wconf 80' lang='lat' dir='ltr'>exterius</span> <span class='ocrx_word' id='word_1_219' title='bbox 3043 1758 3145 1797; x_wconf 90' lang='lat' dir='ltr'>eas</span> <span class='ocrx_word' id='word_1_220' title='bbox 3175 1758 3315 1797; x_wconf 92' lang='lat' dir='ltr'>cum</span> <span class='ocrx_word' id='word_1_221' title='bbox 3340 1740 3561 1795; x_wconf 88' lang='lat' dir='ltr'>clamo-</span> 
     </span>
    </p>
   </div>
   <div class='ocr_carea' id='block_1_34' title="bbox 107 1832 1797 1898">
    <p class='ocr_par' dir='ltr' id='par_1_34' title="bbox 107 1832 1797 1898">
     <span class='ocr_line' id='line_1_34' title="bbox 107 1832 1797 1898; baseline 0.001 -11"><span class='ocrx_word' id='word_1_222' title='bbox 107 1833 352 1887; x_wconf 71' lang='lat' dir='ltr'>faenore</span> <span class='ocrx_word' id='word_1_223' title='bbox 383 1832 784 1888; x_wconf 87' lang='lat' dir='ltr'>cumulentur.</span> <span class='ocrx_word' id='word_1_224' title='bbox 848 1834 1019 1898; x_wconf 86' lang='lat' dir='ltr'>Quod</span> <span class='ocrx_word' id='word_1_225' title='bbox 1075 1851 1211 1889; x_wconf 91' lang='lat' dir='ltr'>cum</span> <span class='ocrx_word' id='word_1_226' title='bbox 1244 1836 1322 1890; x_wconf 90' lang='lat' dir='ltr'>ad</span> <span class='ocrx_word' id='word_1_227' title='bbox 1351 1840 1562 1890; x_wconf 88' lang='lat' dir='ltr'>votum</span> <span class='ocrx_word' id='word_1_228' title='bbox 1604 1834 1797 1889; x_wconf 85' lang='lat' dir='ltr'>multi-</span> 
     </span>
    </p>
   </div>
   <div class='ocr_carea' id='block_1_35' title="bbox 110 1921 1794 1994">
    <p class='ocr_par' dir='ltr' id='par_1_35' title="bbox 110 1921 1794 1994">
     <span class='ocr_line' id='line_1_35' title="bbox 110 1921 1794 1994; baseline 0.002 -18"><span class='ocrx_word' id='word_1_229' title='bbox 110 1921 332 1994; x_wconf 89' lang='lat' dir='ltr'>plicari</span> <span class='ocrx_word' id='word_1_230' title='bbox 360 1922 690 1992; x_wconf 90' lang='lat' dir='ltr'>contigerit,</span> <span class='ocrx_word' id='word_1_231' title='bbox 736 1939 828 1977; x_wconf 89' lang='lat' dir='ltr'>res</span> <span class='ocrx_word' id='word_1_232' title='bbox 886 1923 1132 1994; x_wconf 91' lang='lat' dir='ltr'>quidem</span> <span class='ocrx_word' id='word_1_233' title='bbox 1187 1924 1437 1979; x_wconf 80' lang='lat' dir='ltr'>exterior</span> <span class='ocrx_word' id='word_1_234' title='bbox 1490 1924 1794 1993; x_wconf 87' lang='lat' dir='ltr'>dilatatur,</span> 
     </span>
    </p>
   </div>
   <div class='ocr_carea' id='block_1_36' title="bbox 110 2010 1797 2083">
    <p class='ocr_par' dir='ltr' id='par_1_36' title="bbox 110 2010 1797 2083">
     <span class='ocr_line' id='line_1_36' title="bbox 110 2010 1797 2083; baseline 0.002 -19"><span class='ocrx_word' id='word_1_235' title='bbox 110 2010 225 2065; x_wconf 91' lang='lat' dir='ltr'>sed</span> <span class='ocrx_word' id='word_1_236' title='bbox 258 2010 387 2083; x_wconf 91' lang='lat' dir='ltr'>ipse</span> <span class='ocrx_word' id='word_1_237' title='bbox 418 2011 663 2065; x_wconf 89' lang='lat' dir='ltr'>interius</span> <span class='ocrx_word' id='word_1_238' title='bbox 716 2016 1089 2079; x_wconf 88' lang='lat' dir='ltr'>augustatur.</span> <span class='ocrx_word' id='word_1_239' title='bbox 1151 2014 1313 2068; x_wconf 89' lang='lat' dir='ltr'>Unde</span> <span class='ocrx_word' id='word_1_240' title='bbox 1371 2018 1427 2067; x_wconf 89' lang='lat' dir='ltr'>et</span> <span class='ocrx_word' id='word_1_241' title='bbox 1453 2014 1620 2069; x_wconf 89' lang='lat' dir='ltr'>tertio</span> <span class='ocrx_word' id='word_1_242' title='bbox 1663 2013 1797 2067; x_wconf 91' lang='lat' dir='ltr'>loco</span> 
     </span>
    </p>
   </div>
   <div class='ocr_carea' id='block_1_37' title="bbox 113 2100 1797 2173">
    <p class='ocr_par' dir='ltr' id='par_1_37' title="bbox 113 2100 1797 2173">
     <span class='ocr_line' id='line_1_37' title="bbox 113 2100 1797 2173; baseline 0.001 -18"><span class='ocrx_word' id='word_1_243' title='bbox 113 2100 427 2155; x_wconf 82' lang='lat' dir='ltr'>inaffectio</span> <span class='ocrx_word' id='word_1_244' title='bbox 453 2101 836 2168; x_wconf 89' lang='lat' dir='ltr'>subinfertur,</span> <span class='ocrx_word' id='word_1_245' title='bbox 869 2102 1012 2173; x_wconf 91' lang='lat' dir='ltr'>quia</span> <span class='ocrx_word' id='word_1_246' title='bbox 1044 2106 1209 2158; x_wconf 90' lang='lat' dir='ltr'>tanto</span> <span class='ocrx_word' id='word_1_247' title='bbox 1262 2104 1559 2158; x_wconf 89' lang='lat' dir='ltr'>crudelius</span> <span class='ocrx_word' id='word_1_248' title='bbox 1591 2108 1797 2158; x_wconf 90' lang='lat' dir='ltr'>contra</span> 
     </span>
    </p>
   </div>
   <div class='ocr_carea' id='block_1_38' title="bbox 111 2190 1797 2264">
    <p class='ocr_par' dir='ltr' id='par_1_38' title="bbox 111 2190 1797 2264">
     <span class='ocr_line' id='line_1_38' title="bbox 111 2190 1797 2264; baseline 0 -19"><span class='ocrx_word' id='word_1_249' title='bbox 111 2190 520 2259; x_wconf 80' lang='lat' dir='ltr'>indigentiam</span> <span class='ocrx_word' id='word_1_250' title='bbox 552 2190 811 2263; x_wconf 81' lang='lat' dir='ltr'>proximi</span> <span class='ocrx_word' id='word_1_251' title='bbox 850 2190 1185 2259; x_wconf 90' lang='lat' dir='ltr'>induratur,</span> <span class='ocrx_word' id='word_1_252' title='bbox 1246 2199 1473 2264; x_wconf 89' lang='lat' dir='ltr'>quanto</span> <span class='ocrx_word' id='word_1_253' title='bbox 1528 2192 1639 2247; x_wconf 90' lang='lat' dir='ltr'>sibi</span> <span class='ocrx_word' id='word_1_254' title='bbox 1686 2191 1797 2247; x_wconf 91' lang='lat' dir='ltr'>soli</span> 
     </span>
    </p>
   </div>
   <div class='ocr_carea' id='block_1_39' title="bbox 111 2279 1797 2353">
    <p class='ocr_par' dir='ltr' id='par_1_39' title="bbox 111 2279 1797 2353">
     <span class='ocr_line' id='line_1_39' title="bbox 111 2279 1797 2353; baseline 0 -18"><span class='ocrx_word' id='word_1_255' title='bbox 111 2280 310 2335; x_wconf 88' lang='lat' dir='ltr'>credit</span> <span class='ocrx_word' id='word_1_256' title='bbox 336 2279 425 2333; x_wconf 89' lang='lat' dir='ltr'>vir</span> <span class='ocrx_word' id='word_1_257' title='bbox 454 2296 631 2351; x_wconf 88' lang='lat' dir='ltr'>posse</span> <span class='ocrx_word' id='word_1_258' title='bbox 664 2280 937 2335; x_wconf 79' lang='lat' dir='ltr'>sufﬁcere</span> <span class='ocrx_word' id='word_1_259' title='bbox 969 2297 1105 2353; x_wconf 63' lang='lat' dir='ltr'>qua:</span> <span class='ocrx_word' id='word_1_260' title='bbox 1146 2282 1465 2337; x_wconf 89' lang='lat' dir='ltr'>habentur.</span> <span class='ocrx_word' id='word_1_261' title='bbox 1512 2282 1626 2337; x_wconf 90' lang='lat' dir='ltr'>Sed</span> <span class='ocrx_word' id='word_1_262' title='bbox 1646 2282 1797 2336; x_wconf 89' lang='lat' dir='ltr'>inter</span> 
     </span>
    </p>
   </div>
   <div class='ocr_carea' id='block_1_40' title="bbox 111 2369 1796 2441">
    <p class='ocr_par' dir='ltr' id='par_1_40' title="bbox 111 2369 1796 2441">
     <span class='ocr_line' id='line_1_40' title="bbox 111 2369 1796 2441; baseline 0.001 -17"><span class='ocrx_word' id='word_1_263' title='bbox 111 2370 247 2424; x_wconf 69' lang='lat' dir='ltr'>haec</span> <span class='ocrx_word' id='word_1_264' title='bbox 282 2370 505 2438; x_wconf 89' lang='lat' dir='ltr'>cogitat</span> <span class='ocrx_word' id='word_1_265' title='bbox 533 2369 679 2441; x_wconf 91' lang='lat' dir='ltr'>quia</span> <span class='ocrx_word' id='word_1_266' title='bbox 730 2370 947 2425; x_wconf 84' lang='lat' dir='ltr'>frustra</span> <span class='ocrx_word' id='word_1_267' title='bbox 1004 2370 1066 2425; x_wconf 92' lang='lat' dir='ltr'>in</span> <span class='ocrx_word' id='word_1_268' title='bbox 1106 2371 1548 2440; x_wconf 81' lang='lat' dir='ltr'>congregandis</span> <span class='ocrx_word' id='word_1_269' title='bbox 1606 2375 1796 2426; x_wconf 90' lang='lat' dir='ltr'>tanto-</span> 
     </span>
    </p>
   </div>
   <div class='ocr_carea' id='block_1_41' title="bbox 110 2458 1796 2530">
    <p class='ocr_par' dir='ltr' id='par_1_41' title="bbox 110 2458 1796 2530">
     <span class='ocr_line' id='line_1_41' title="bbox 110 2458 1796 2530; baseline -0.001 -17"><span class='ocrx_word' id='word_1_270' title='bbox 110 2474 257 2530; x_wconf 90' lang='lat' dir='ltr'>pere</span> <span class='ocrx_word' id='word_1_271' title='bbox 282 2458 630 2523; x_wconf 86' lang='lat' dir='ltr'>desudavit,</span> <span class='ocrx_word' id='word_1_272' title='bbox 653 2459 804 2513; x_wconf 89' lang='lat' dir='ltr'>sisic</span> <span class='ocrx_word' id='word_1_273' title='bbox 828 2458 907 2513; x_wconf 90' lang='lat' dir='ltr'>ab</span> <span class='ocrx_word' id='word_1_274' title='bbox 937 2474 1146 2514; x_wconf 90' lang='lat' dir='ltr'>eorum</span> <span class='ocrx_word' id='word_1_275' title='bbox 1180 2460 1609 2516; x_wconf 89' lang='lat' dir='ltr'>communione</span> <span class='ocrx_word' id='word_1_276' title='bbox 1640 2459 1796 2513; x_wconf 87' lang='lat' dir='ltr'>indi-</span> 
     </span>
    </p>
   </div>
   <div class='ocr_carea' id='block_1_42' title="bbox 111 2548 1795 2621">
    <p class='ocr_par' dir='ltr' id='par_1_42' title="bbox 111 2548 1795 2621">
     <span class='ocr_line' id='line_1_42' title="bbox 111 2548 1795 2621; baseline 0 -18"><span class='ocrx_word' id='word_1_277' title='bbox 111 2554 364 2617; x_wconf 88' lang='lat' dir='ltr'>gentem</span> <span class='ocrx_word' id='word_1_278' title='bbox 394 2548 739 2619; x_wconf 85' lang='lat' dir='ltr'>proximum</span> <span class='ocrx_word' id='word_1_279' title='bbox 800 2548 1093 2618; x_wconf 88' lang='lat' dir='ltr'>sublevat,</span> <span class='ocrx_word' id='word_1_280' title='bbox 1149 2553 1213 2604; x_wconf 95' lang='lat' dir='ltr'>ut</span> <span class='ocrx_word' id='word_1_281' title='bbox 1265 2549 1391 2621; x_wconf 89' lang='lat' dir='ltr'>ipse</span> <span class='ocrx_word' id='word_1_282' title='bbox 1447 2548 1795 2621; x_wconf 89' lang='lat' dir='ltr'>quoqueab</span> 
     </span>
    </p>
   </div>
   <div class='ocr_carea' id='block_1_43' title="bbox 112 2637 1795 2710">
    <p class='ocr_par' dir='ltr' id='par_1_43' title="bbox 112 2637 1795 2710">
     <span class='ocr_line' id='line_1_43' title="bbox 112 2637 1795 2710; baseline 0.001 -18"><span class='ocrx_word' id='word_1_283' title='bbox 112 2653 335 2693; x_wconf 90' lang='lat' dir='ltr'>eorum</span> <span class='ocrx_word' id='word_1_284' title='bbox 362 2653 477 2691; x_wconf 91' lang='lat' dir='ltr'>usu</span> <span class='ocrx_word' id='word_1_285' title='bbox 504 2637 733 2692; x_wconf 89' lang='lat' dir='ltr'>alienus</span> <span class='ocrx_word' id='word_1_286' title='bbox 786 2638 1020 2692; x_wconf 83' lang='lat' dir='ltr'>existat.</span> <span class='ocrx_word' id='word_1_287' title='bbox 1075 2639 1257 2703; x_wconf 89' lang='lat' dir='ltr'>Unde,</span> <span class='ocrx_word' id='word_1_288' title='bbox 1291 2639 1434 2710; x_wconf 89' lang='lat' dir='ltr'>quia</span> <span class='ocrx_word' id='word_1_289' title='bbox 1482 2644 1619 2710; x_wconf 89' lang='lat' dir='ltr'>post</span> <span class='ocrx_word' id='word_1_290' title='bbox 1668 2639 1795 2693; x_wconf 67' lang='lat' dir='ltr'>haec</span> 
     </span>
    </p>
   </div>
   <div class='ocr_carea' id='block_1_44' title="bbox 109 2726 1795 2798">
    <p class='ocr_par' dir='ltr' id='par_1_44' title="bbox 109 2726 1795 2798">
     <span class='ocr_line' id='line_1_44' title="bbox 109 2726 1795 2798; baseline -0.001 -15"><span class='ocrx_word' id='word_1_291' title='bbox 109 2732 308 2783; x_wconf 87' lang='lat' dir='ltr'>totum</span> <span class='ocrx_word' id='word_1_292' title='bbox 336 2743 397 2781; x_wconf 88' lang='lat' dir='ltr'>se</span> <span class='ocrx_word' id='word_1_293' title='bbox 423 2726 483 2781; x_wconf 90' lang='lat' dir='ltr'>in</span> <span class='ocrx_word' id='word_1_294' title='bbox 510 2726 823 2781; x_wconf 82' lang='lat' dir='ltr'>lasciviam</span> <span class='ocrx_word' id='word_1_295' title='bbox 879 2727 1200 2798; x_wconf 89' lang='lat' dir='ltr'>voluptatis</span> <span class='ocrx_word' id='word_1_296' title='bbox 1250 2728 1485 2797; x_wconf 88' lang='lat' dir='ltr'>dejecit,</span> <span class='ocrx_word' id='word_1_297' title='bbox 1526 2728 1587 2783; x_wconf 88' lang='lat' dir='ltr'>in</span> <span class='ocrx_word' id='word_1_298' title='bbox 1635 2745 1795 2782; x_wconf 88' lang='lat' dir='ltr'>com-</span> 
     </span>
    </p>
   </div>
   <div class='ocr_carea' id='block_1_45' title="bbox 110 2816 1791 2889">
    <p class='ocr_par' dir='ltr' id='par_1_45' title="bbox 110 2816 1791 2889">
     <span class='ocr_line' id='line_1_45' title="bbox 110 2816 1791 2889; baseline 0 -17"><span class='ocrx_word' id='word_1_299' title='bbox 110 2817 466 2872; x_wconf 86' lang='lat' dir='ltr'>militonum</span> <span class='ocrx_word' id='word_1_300' title='bbox 493 2816 733 2885; x_wconf 88' lang='lat' dir='ltr'>agmine</span> <span class='ocrx_word' id='word_1_301' title='bbox 767 2822 981 2889; x_wconf 90' lang='lat' dir='ltr'>quarto</span> <span class='ocrx_word' id='word_1_302' title='bbox 1009 2817 1203 2885; x_wconf 89' lang='lat' dir='ltr'>gradu</span> <span class='ocrx_word' id='word_1_303' title='bbox 1226 2818 1506 2889; x_wconf 90' lang='lat' dir='ltr'>voluptas</span> <span class='ocrx_word' id='word_1_304' title='bbox 1535 2818 1755 2872; x_wconf 88' lang='lat' dir='ltr'>incedit</span> <span class='ocrx_word' id='word_1_305' title='bbox 1779 2836 1791 2884; x_wconf 93' lang='lat'><strong>;</strong></span> 
     </span>
    </p>
   </div>
   <div class='ocr_carea' id='block_1_46' title="bbox 109 2906 1795 2979">
    <p class='ocr_par' dir='ltr' id='par_1_46' title="bbox 109 2906 1795 2979">
     <span class='ocr_line' id='line_1_46' title="bbox 109 2906 1795 2979; baseline 0 -19"><span class='ocrx_word' id='word_1_306' title='bbox 109 2923 221 2979; x_wconf 91' lang='lat' dir='ltr'>per</span> <span class='ocrx_word' id='word_1_307' title='bbox 250 2921 448 2979; x_wconf 88' lang='lat' dir='ltr'>quam</span> <span class='ocrx_word' id='word_1_308' title='bbox 487 2906 705 2961; x_wconf 89' lang='lat' dir='ltr'>scilicet</span> <span class='ocrx_word' id='word_1_309' title='bbox 751 2906 831 2961; x_wconf 89' lang='lat' dir='ltr'>ita</span> <span class='ocrx_word' id='word_1_310' title='bbox 861 2906 1151 2961; x_wconf 90' lang='lat' dir='ltr'>illecebris</span> <span class='ocrx_word' id='word_1_311' title='bbox 1173 2907 1368 2961; x_wconf 88' lang='lat' dir='ltr'>carnis</span> <span class='ocrx_word' id='word_1_312' title='bbox 1401 2924 1523 2961; x_wconf 81' lang='lat' dir='ltr'>suae</span> <span class='ocrx_word' id='word_1_313' title='bbox 1550 2906 1795 2963; x_wconf 87' lang='lat' dir='ltr'>resolvi-</span> 
     </span>
    </p>
   </div>
   <div class='ocr_carea' id='block_1_47' title="bbox 110 2995 1794 3067">
    <p class='ocr_par' dir='ltr' id='par_1_47' title="bbox 110 2995 1794 3067">
     <span class='ocr_line' id='line_1_47' title="bbox 110 2995 1794 3067; baseline -0.001 -15"><span class='ocrx_word' id='word_1_314' title='bbox 110 3000 229 3063; x_wconf 91' lang='lat' dir='ltr'>tur,</span> <span class='ocrx_word' id='word_1_315' title='bbox 292 3000 365 3049; x_wconf 87' lang='lat' dir='ltr'>ut</span> <span class='ocrx_word' id='word_1_316' title='bbox 415 2995 466 3051; x_wconf 92' lang='lat' dir='ltr'>ei</span> <span class='ocrx_word' id='word_1_317' title='bbox 538 2995 637 3050; x_wconf 89' lang='lat' dir='ltr'>illa</span> <span class='ocrx_word' id='word_1_318' title='bbox 693 2995 1197 3067; x_wconf 86' lang='lat' dir='ltr'>voluptuosorum</span> <span class='ocrx_word' id='word_1_319' title='bbox 1248 2997 1539 3051; x_wconf 87' lang='lat' dir='ltr'>sententia</span> <span class='ocrx_word' id='word_1_320' title='bbox 1584 2996 1794 3051; x_wconf 76' lang='lat' dir='ltr'>merito</span> 
     </span>
    </p>
   </div>
   <div class='ocr_carea' id='block_1_48' title="bbox 114 3086 1858 3180">
    <p class='ocr_par' dir='ltr' id='par_1_48' title="bbox 114 3086 1858 3180">
     <span class='ocr_line' id='line_1_48' title="bbox 114 3086 1858 3180; baseline 0.001 -41"><span class='ocrx_word' id='word_1_321' title='bbox 114 3088 438 3158; x_wconf 89' lang='lat' dir='ltr'>coaptetur</span> <span class='ocrx_word' id='word_1_322' title='bbox 470 3102 481 3139; x_wconf 93' lang='lat'><strong>:</strong></span> <span class='ocrx_word' id='word_1_323' title='bbox 542 3086 973 3141; x_wconf 78' lang='lat' dir='ltr'>Manducemus</span> <span class='ocrx_word' id='word_1_324' title='bbox 1032 3092 1085 3141; x_wconf 84' lang='lat' dir='ltr'>et</span> <span class='ocrx_word' id='word_1_325' title='bbox 1118 3087 1412 3155; x_wconf 76' lang='lat' dir='ltr'>bibamus,</span> <span class='ocrx_word' id='word_1_326' title='bbox 1473 3102 1607 3141; x_wconf 85' lang='lat' dir='ltr'>cras</span> <span class='ocrx_word' id='word_1_327' title='bbox 1639 3088 1793 3141; x_wconf 88' lang='lat' dir='ltr'>enim</span> <span class='ocrx_word' id='word_1_328' title='bbox 1818 3124 1858 3180; x_wconf 65' lang='grc' dir='ltr'>Ο</span> 
     </span>
    </p>
   </div>
   <div class='ocr_carea' id='block_1_49' title="bbox 116 3175 1793 3245">
    <p class='ocr_par' dir='ltr' id='par_1_49' title="bbox 116 3175 1793 3245">
     <span class='ocr_line' id='line_1_49' title="bbox 116 3175 1793 3245; baseline 0 -16"><span class='ocrx_word' id='word_1_329' title='bbox 116 3179 508 3244; x_wconf 82' lang='lat' dir='ltr'>moriemur;</span> <span class='ocrx_word' id='word_1_330' title='bbox 537 3178 633 3228; x_wconf 90' lang='lat' dir='ltr'>et:</span> <span class='ocrx_word' id='word_1_331' title='bbox 679 3175 1040 3229; x_wconf 82' lang='lat' dir='ltr'>Coroncmus</span> <span class='ocrx_word' id='word_1_332' title='bbox 1088 3190 1193 3229; x_wconf 85' lang='lat' dir='ltr'>nos</span> <span class='ocrx_word' id='word_1_333' title='bbox 1244 3177 1410 3243; x_wconf 84' lang='lat' dir='ltr'>rosis,</span> <span class='ocrx_word' id='word_1_334' title='bbox 1472 3181 1793 3245; x_wconf 83' lang='lat' dir='ltr'>antequam</span> 
     </span>
    </p>
   </div>
   <div class='ocr_carea' id='block_1_50' title="bbox 112 3264 1794 3334">
    <p class='ocr_par' dir='ltr' id='par_1_50' title="bbox 112 3264 1794 3334">
     <span class='ocr_line' id='line_1_50' title="bbox 112 3264 1794 3334; baseline -0.001 -16"><span class='ocrx_word' id='word_1_335' title='bbox 112 3269 534 3331; x_wconf 81' lang='lat' dir='ltr'>marcescant;</span> <span class='ocrx_word' id='word_1_336' title='bbox 562 3266 653 3317; x_wconf 87' lang='lat' dir='ltr'>et:</span> <span class='ocrx_word' id='word_1_337' title='bbox 689 3264 914 3334; x_wconf 83' lang='lat' dir='ltr'>Ubique</span> <span class='ocrx_word' id='word_1_338' title='bbox 944 3279 1285 3334; x_wconf 71' lang='lat' dir='ltr'>quwramus</span> <span class='ocrx_word' id='word_1_339' title='bbox 1312 3266 1487 3333; x_wconf 84' lang='lat' dir='ltr'>signa</span> <span class='ocrx_word' id='word_1_340' title='bbox 1519 3265 1745 3319; x_wconf 62' lang='lat' dir='ltr'>laetitias</span> <span class='ocrx_word' id='word_1_341' title='bbox 1774 3279 1794 3317; x_wconf 87' lang='lat'><strong><em>:</em></strong></span> 
     </span>
    </p>
   </div>
   <div class='ocr_carea' id='block_1_51' title="bbox 114 3352 1798 3422">
    <p class='ocr_par' dir='ltr' id='par_1_51' title="bbox 114 3352 1798 3422">
     <span class='ocr_line' id='line_1_51' title="bbox 114 3352 1798 3422; baseline -0.001 -16"><span class='ocrx_word' id='word_1_342' title='bbox 114 3358 165 3406; x_wconf 86' lang='lat' dir='ltr'>et</span> <span class='ocrx_word' id='word_1_343' title='bbox 192 3353 441 3407; x_wconf 85' lang='lat' dir='ltr'>nultum</span> <span class='ocrx_word' id='word_1_344' title='bbox 468 3357 714 3419; x_wconf 81' lang='lat' dir='ltr'>patrum</span> <span class='ocrx_word' id='word_1_345' title='bbox 737 3352 811 3405; x_wconf 90' lang='lat' dir='ltr'>sit</span> <span class='ocrx_word' id='word_1_346' title='bbox 852 3352 1010 3422; x_wconf 84' lang='lat' dir='ltr'>quod</span> <span class='ocrx_word' id='word_1_347' title='bbox 1039 3369 1159 3407; x_wconf 87' lang='lat' dir='ltr'>non</span> <span class='ocrx_word' id='word_1_348' title='bbox 1203 3358 1586 3421; x_wconf 75' lang='lat' dir='ltr'>pertranseat</span> <span class='ocrx_word' id='word_1_349' title='bbox 1622 3353 1798 3407; x_wconf 69' lang='lat' dir='ltr'>luxu-</span> 
     </span>
    </p>
   </div>
   <div class='ocr_carea' id='block_1_52' title="bbox 114 3440 1796 3496">
    <p class='ocr_par' dir='ltr' id='par_1_52' title="bbox 114 3440 1796 3496">
     <span class='ocr_line' id='line_1_52' title="bbox 114 3440 1796 3496; baseline 0.001 -2"><span class='ocrx_word' id='word_1_350' title='bbox 114 3442 209 3496; x_wconf 84' lang='lat' dir='ltr'>ria</span> <span class='ocrx_word' id='word_1_351' title='bbox 252 3445 484 3495; x_wconf 83' lang='lat' dir='ltr'>nostra.</span> <span class='ocrx_word' id='word_1_352' title='bbox 520 3440 633 3495; x_wconf 91' lang='lat' dir='ltr'>Sed</span> <span class='ocrx_word' id='word_1_353' title='bbox 672 3440 819 3495; x_wconf 92' lang='lat' dir='ltr'>dum</span> <span class='ocrx_word' id='word_1_354' title='bbox 867 3440 1067 3495; x_wconf 80' lang='lat' dir='ltr'>infelix</span> <span class='ocrx_word' id='word_1_355' title='bbox 1123 3441 1328 3496; x_wconf 89' lang='lat' dir='ltr'>anima</span> <span class='ocrx_word' id='word_1_356' title='bbox 1362 3441 1551 3496; x_wconf 89' lang='lat' dir='ltr'>taliter</span> <span class='ocrx_word' id='word_1_357' title='bbox 1592 3441 1651 3495; x_wconf 91' lang='lat' dir='ltr'>in</span> <span class='ocrx_word' id='word_1_358' title='bbox 1684 3457 1796 3495; x_wconf 90' lang='lat' dir='ltr'>sua</span> 
     </span>
    </p>
   </div>
   <div class='ocr_carea' id='block_1_53' title="bbox 114 3528 1791 3601">
    <p class='ocr_par' dir='ltr' id='par_1_53' title="bbox 114 3528 1791 3601">
     <span class='ocr_line' id='line_1_53' title="bbox 114 3528 1791 3601; baseline 0.001 -19"><span class='ocrx_word' id='word_1_359' title='bbox 114 3529 430 3601; x_wconf 89' lang='lat' dir='ltr'>voluptate</span> <span class='ocrx_word' id='word_1_360' title='bbox 467 3528 797 3599; x_wconf 86' lang='lat' dir='ltr'>resolvitur,</span> <span class='ocrx_word' id='word_1_361' title='bbox 856 3529 1061 3600; x_wconf 89' lang='lat' dir='ltr'>incipit</span> <span class='ocrx_word' id='word_1_362' title='bbox 1098 3530 1483 3585; x_wconf 89' lang='lat' dir='ltr'>vehementer</span> <span class='ocrx_word' id='word_1_363' title='bbox 1508 3536 1791 3595; x_wconf 88' lang='lat' dir='ltr'>metuere,</span> 
     </span>
    </p>
   </div>
   <div class='ocr_carea' id='block_1_54' title="bbox 116 3617 1796 3691">
    <p class='ocr_par' dir='ltr' id='par_1_54' title="bbox 116 3617 1796 3691">
     <span class='ocr_line' id='line_1_54' title="bbox 116 3617 1796 3691; baseline 0 -18"><span class='ocrx_word' id='word_1_364' title='bbox 116 3634 191 3673; x_wconf 88' lang='lat' dir='ltr'>ne</span> <span class='ocrx_word' id='word_1_365' title='bbox 222 3619 450 3673; x_wconf 86' lang='lat' dir='ltr'>scilicet</span> <span class='ocrx_word' id='word_1_366' title='bbox 474 3617 535 3672; x_wconf 88' lang='lat' dir='ltr'>id</span> <span class='ocrx_word' id='word_1_367' title='bbox 562 3618 729 3690; x_wconf 89' lang='lat' dir='ltr'>quod</span> <span class='ocrx_word' id='word_1_368' title='bbox 780 3635 915 3675; x_wconf 92' lang='lat' dir='ltr'>eam</span> <span class='ocrx_word' id='word_1_369' title='bbox 972 3624 1280 3691; x_wconf 85' lang='lat' dir='ltr'>tantopere</span> <span class='ocrx_word' id='word_1_370' title='bbox 1320 3620 1595 3688; x_wconf 85' lang='lat' dir='ltr'>delectat,</span> <span class='ocrx_word' id='word_1_371' title='bbox 1627 3619 1703 3673; x_wconf 90' lang='lat' dir='ltr'>ab</span> <span class='ocrx_word' id='word_1_372' title='bbox 1725 3635 1796 3673; x_wconf 89' lang='lat' dir='ltr'>ea</span> 
     </span>
    </p>
   </div>
   <div class='ocr_carea' id='block_1_55' title="bbox 117 3708 1796 3779">
    <p class='ocr_par' dir='ltr' id='par_1_55' title="bbox 117 3708 1796 3779">
     <span class='ocr_line' id='line_1_55' title="bbox 117 3708 1796 3779; baseline 0.001 -19"><span class='ocrx_word' id='word_1_373' title='bbox 117 3708 319 3763; x_wconf 80' lang='lat' dir='ltr'>subito</span> <span class='ocrx_word' id='word_1_374' title='bbox 344 3708 669 3763; x_wconf 89' lang='lat' dir='ltr'>auferatur.</span> <span class='ocrx_word' id='word_1_375' title='bbox 704 3708 866 3762; x_wconf 90' lang='lat' dir='ltr'>Unde</span> <span class='ocrx_word' id='word_1_376' title='bbox 919 3708 1071 3762; x_wconf 89' lang='lat' dir='ltr'>bene</span> <span class='ocrx_word' id='word_1_377' title='bbox 1098 3708 1231 3763; x_wconf 92' lang='lat' dir='ltr'>loco</span> <span class='ocrx_word' id='word_1_378' title='bbox 1272 3709 1521 3763; x_wconf 89' lang='lat' dir='ltr'>secundi</span> <span class='ocrx_word' id='word_1_379' title='bbox 1560 3713 1796 3779; x_wconf 85' lang='lat' dir='ltr'>quater-</span> 
     </span>
    </p>
   </div>
   <div class='ocr_carea' id='block_1_56' title="bbox 115 3798 1792 3868">
    <p class='ocr_par' dir='ltr' id='par_1_56' title="bbox 115 3798 1792 3868">
     <span class='ocr_line' id='line_1_56' title="bbox 115 3798 1792 3868; baseline -0.001 -15"><span class='ocrx_word' id='word_1_380' title='bbox 115 3798 331 3865; x_wconf 89' lang='lat' dir='ltr'>nionis,</span> <span class='ocrx_word' id='word_1_381' title='bbox 390 3802 584 3852; x_wconf 87' lang='lat' dir='ltr'>metus</span> <span class='ocrx_word' id='word_1_382' title='bbox 643 3814 782 3853; x_wconf 92' lang='lat' dir='ltr'>eum</span> <span class='ocrx_word' id='word_1_383' title='bbox 839 3799 964 3852; x_wconf 90' lang='lat' dir='ltr'>suis</span> <span class='ocrx_word' id='word_1_384' title='bbox 1024 3798 1371 3853; x_wconf 87' lang='lat' dir='ltr'>satellitibus</span> <span class='ocrx_word' id='word_1_385' title='bbox 1411 3798 1792 3868; x_wconf 89' lang='lat' dir='ltr'>subrogatur,</span> 
     </span>
    </p>
   </div>
   <div class='ocr_carea' id='block_1_57' title="bbox 114 3886 1787 3957">
    <p class='ocr_par' dir='ltr' id='par_1_57' title="bbox 114 3886 1787 3957">
     <span class='ocr_line' id='line_1_57' title="bbox 114 3886 1787 3957; baseline 0 -16"><span class='ocrx_word' id='word_1_386' title='bbox 114 3902 383 3957; x_wconf 88' lang='lat' dir='ltr'>quorum</span> <span class='ocrx_word' id='word_1_387' title='bbox 410 3890 429 3940; x_wconf 91' lang='lat' dir='ltr'>l</span> <span class='ocrx_word' id='word_1_388' title='bbox 460 3892 549 3941; x_wconf 85' lang='lat' dir='ltr'>est</span> <span class='ocrx_word' id='word_1_389' title='bbox 575 3886 928 3953; x_wconf 90' lang='lat' dir='ltr'>sollicitudo,</span> <span class='ocrx_word' id='word_1_390' title='bbox 980 3891 1021 3941; x_wconf 91' lang='lat' dir='ltr'>ll</span> <span class='ocrx_word' id='word_1_391' title='bbox 1052 3886 1474 3956; x_wconf 89' lang='lat' dir='ltr'>inconstantia,</span> <span class='ocrx_word' id='word_1_392' title='bbox 1510 3890 1574 3941; x_wconf 89' lang='lat' dir='ltr'>lll</span> <span class='ocrx_word' id='word_1_393' title='bbox 1609 3886 1787 3953; x_wconf 83' lang='lat' dir='ltr'>tictio,</span> 
     </span>
    </p>
   </div>
   <div class='ocr_carea' id='block_1_58' title="bbox 116 3976 1794 4042">
    <p class='ocr_par' dir='ltr' id='par_1_58' title="bbox 116 3976 1794 4042">
     <span class='ocr_line' id='line_1_58' title="bbox 116 3976 1794 4042; baseline 0.001 -12"><span class='ocrx_word' id='word_1_394' title='bbox 116 3979 178 4029; x_wconf 82' lang='lat' dir='ltr'>iV</span> <span class='ocrx_word' id='word_1_395' title='bbox 206 3976 718 4032; x_wconf 86' lang='lat' dir='ltr'>irrationabilitas.</span> <span class='ocrx_word' id='word_1_396' title='bbox 773 3977 944 4042; x_wconf 77' lang='lat' dir='ltr'>Quod</span> <span class='ocrx_word' id='word_1_397' title='bbox 972 3976 1243 4032; x_wconf 89' lang='lat' dir='ltr'>videlicet</span> <span class='ocrx_word' id='word_1_398' title='bbox 1270 3977 1491 4032; x_wconf 88' lang='lat' dir='ltr'>frustra</span> <span class='ocrx_word' id='word_1_399' title='bbox 1522 3993 1604 4031; x_wconf 73' lang='grc' dir='ltr'>διο</span> <span class='ocrx_word' id='word_1_400' title='bbox 1636 3976 1794 4032; x_wconf 90' lang='lat' dir='ltr'>ordi-</span> 
     </span>
    </p>
   </div>
   <div class='ocr_carea' id='block_1_59' title="bbox 116 4065 1795 4139">
    <p class='ocr_par' dir='ltr' id='par_1_59' title="bbox 116 4065 1795 4139">
     <span class='ocr_line' id='line_1_59' title="bbox 116 4065 1795 4139; baseline 0.001 -20"><span class='ocrx_word' id='word_1_401' title='bbox 116 4066 420 4132; x_wconf 89' lang='lat' dir='ltr'>navimus,</span> <span class='ocrx_word' id='word_1_402' title='bbox 456 4065 505 4121; x_wconf 89' lang='lat' dir='ltr'>si</span> <span class='ocrx_word' id='word_1_403' title='bbox 532 4081 655 4120; x_wconf 91' lang='lat' dir='ltr'>non</span> <span class='ocrx_word' id='word_1_404' title='bbox 686 4067 981 4122; x_wconf 89' lang='lat' dir='ltr'>rationem</span> <span class='ocrx_word' id='word_1_405' title='bbox 1006 4084 1248 4139; x_wconf 90' lang='lat' dir='ltr'>quoque</span> <span class='ocrx_word' id='word_1_406' title='bbox 1280 4083 1385 4122; x_wconf 91' lang='lat' dir='ltr'>cur</span> <span class='ocrx_word' id='word_1_407' title='bbox 1438 4066 1625 4123; x_wconf 87' lang='lat' dir='ltr'>taliter</span> <span class='ocrx_word' id='word_1_408' title='bbox 1680 4066 1795 4121; x_wconf 89' lang='lat' dir='ltr'>sint</span> 
     </span>
    </p>
   </div>
   <div class='ocr_carea' id='block_1_60' title="bbox 117 4154 758 4211">
    <p class='ocr_par' dir='ltr' id='par_1_60' title="bbox 117 4154 758 4211">
     <span class='ocr_line' id='line_1_60' title="bbox 117 4154 758 4211; baseline 0.003 -2"><span class='ocrx_word' id='word_1_409' title='bbox 117 4155 376 4211; x_wconf 89' lang='lat' dir='ltr'>ordinati</span> <span class='ocrx_word' id='word_1_410' title='bbox 406 4154 758 4211; x_wconf 86' lang='lat' dir='ltr'>reddamus.</span> 
     </span>
    </p>
   </div>
   <div class='ocr_carea' id='block_1_61' title="bbox 191 4244 1792 4318">
    <p class='ocr_par' dir='ltr' id='par_1_61' title="bbox 191 4244 1792 4318">
     <span class='ocr_line' id='line_1_61' title="bbox 191 4244 1792 4318; baseline -0.001 -18"><span class='ocrx_word' id='word_1_411' title='bbox 191 4244 541 4300; x_wconf 89' lang='lat' dir='ltr'>Sollicitudo</span> <span class='ocrx_word' id='word_1_412' title='bbox 567 4260 831 4316; x_wconf 89' lang='lat' dir='ltr'>namque</span> <span class='ocrx_word' id='word_1_413' title='bbox 872 4250 1099 4301; x_wconf 90' lang='lat' dir='ltr'>metum</span> <span class='ocrx_word' id='word_1_414' title='bbox 1129 4246 1325 4318; x_wconf 89' lang='lat' dir='ltr'>primo</span> <span class='ocrx_word' id='word_1_415' title='bbox 1357 4246 1549 4315; x_wconf 90' lang='lat' dir='ltr'>gradu</span> <span class='ocrx_word' id='word_1_416' title='bbox 1581 4245 1792 4300; x_wconf 89' lang='lat' dir='ltr'>subse-</span> 
     </span>
    </p>
   </div>
   <div class='ocr_carea' id='block_1_62' title="bbox 118 4334 1793 4408">
    <p class='ocr_par' dir='ltr' id='par_1_62' title="bbox 118 4334 1793 4408">
     <span class='ocr_line' id='line_1_62' title="bbox 118 4334 1793 4408; baseline 0.001 -21"><span class='ocrx_word' id='word_1_417' title='bbox 118 4334 339 4404; x_wconf 85' lang='lat' dir='ltr'>quitur,</span> <span class='ocrx_word' id='word_1_418' title='bbox 418 4334 561 4405; x_wconf 90' lang='lat' dir='ltr'>quia</span> <span class='ocrx_word' id='word_1_419' title='bbox 621 4335 941 4389; x_wconf 88' lang='lat' dir='ltr'>metuentis</span> <span class='ocrx_word' id='word_1_420' title='bbox 1017 4336 1278 4408; x_wconf 90' lang='lat' dir='ltr'>animus,</span> <span class='ocrx_word' id='word_1_421' title='bbox 1358 4336 1507 4391; x_wconf 91' lang='lat' dir='ltr'>dum</span> <span class='ocrx_word' id='word_1_422' title='bbox 1565 4335 1793 4407; x_wconf 89' lang='lat' dir='ltr'>aliquid</span> 
     </span>
    </p>
   </div>
   <div class='ocr_carea' id='block_1_63' title="bbox 118 4422 1787 4497">
    <p class='ocr_par' dir='ltr' id='par_1_63' title="bbox 118 4422 1787 4497">
     <span class='ocr_line' id='line_1_63' title="bbox 118 4422 1787 4497; baseline 0.002 -21"><span class='ocrx_word' id='word_1_423' title='bbox 118 4423 281 4492; x_wconf 88' lang='lat' dir='ltr'>quod</span> <span class='ocrx_word' id='word_1_424' title='bbox 338 4422 723 4478; x_wconf 87' lang='lat' dir='ltr'>vehementer</span> <span class='ocrx_word' id='word_1_425' title='bbox 766 4424 1163 4496; x_wconf 88' lang='lat' dir='ltr'>amplectitur,</span> <span class='ocrx_word' id='word_1_426' title='bbox 1197 4426 1465 4482; x_wconf 87' lang='lat' dir='ltr'>amittere</span> <span class='ocrx_word' id='word_1_427' title='bbox 1514 4425 1787 4497; x_wconf 87' lang='lat' dir='ltr'>trepidat,</span> 
     </span>
    </p>
   </div>
   <div class='ocr_carea' id='block_1_64' title="bbox 120 4509 1788 4585">
    <p class='ocr_par' dir='ltr' id='par_1_64' title="bbox 120 4509 1788 4585">
     <span class='ocr_line' id='line_1_64' title="bbox 120 4509 1788 4585; baseline 0.004 -22"><span class='ocrx_word' id='word_1_428' title='bbox 120 4509 419 4568; x_wconf 89' lang='lat' dir='ltr'>immensa</span> <span class='ocrx_word' id='word_1_429' title='bbox 493 4512 662 4567; x_wconf 91' lang='lat' dir='ltr'>illum</span> <span class='ocrx_word' id='word_1_430' title='bbox 736 4514 1152 4585; x_wconf 88' lang='lat' dir='ltr'>suspicionum</span> <span class='ocrx_word' id='word_1_431' title='bbox 1216 4516 1471 4571; x_wconf 89' lang='lat' dir='ltr'>varietas</span> <span class='ocrx_word' id='word_1_432' title='bbox 1544 4516 1788 4582; x_wconf 87' lang='lat' dir='ltr'>turbat;</span> 
     </span>
    </p>
   </div>
   <div class='ocr_carea' id='block_1_65' title="bbox 119 4600 1788 4676">
    <p class='ocr_par' dir='ltr' id='par_1_65' title="bbox 119 4600 1788 4676">
     <span class='ocr_line' id='line_1_65' title="bbox 119 4600 1788 4676; baseline 0.003 -22"><span class='ocrx_word' id='word_1_433' title='bbox 119 4614 251 4669; x_wconf 79' lang='lat' dir='ltr'>quae</span> <span class='ocrx_word' id='word_1_434' title='bbox 278 4600 468 4657; x_wconf 89' lang='lat' dir='ltr'>menti</span> <span class='ocrx_word' id='word_1_435' title='bbox 498 4601 739 4672; x_wconf 68' lang='lat' dir='ltr'>trepidae</span> <span class='ocrx_word' id='word_1_436' title='bbox 772 4602 920 4657; x_wconf 91' lang='lat' dir='ltr'>dum</span> <span class='ocrx_word' id='word_1_437' title='bbox 947 4602 1176 4660; x_wconf 89' lang='lat' dir='ltr'>damna</span> <span class='ocrx_word' id='word_1_438' title='bbox 1206 4609 1457 4659; x_wconf 86' lang='lat' dir='ltr'>ventura</span> <span class='ocrx_word' id='word_1_439' title='bbox 1488 4604 1788 4676; x_wconf 90' lang='lat' dir='ltr'>proponit,</span> 
     </span>
    </p>
   </div>
   <div class='ocr_carea' id='block_1_66' title="bbox 120 4688 1791 4765">
    <p class='ocr_par' dir='ltr' id='par_1_66' title="bbox 120 4688 1791 4765">
     <span class='ocr_line' id='line_1_66' title="bbox 120 4688 1791 4765; baseline 0.004 -24"><span class='ocrx_word' id='word_1_440' title='bbox 120 4692 323 4747; x_wconf 89' lang='lat' dir='ltr'>omnia</span> <span class='ocrx_word' id='word_1_441' title='bbox 376 4688 458 4745; x_wconf 90' lang='lat' dir='ltr'>illi</span> <span class='ocrx_word' id='word_1_442' title='bbox 506 4705 613 4761; x_wconf 90' lang='lat' dir='ltr'>per</span> <span class='ocrx_word' id='word_1_443' title='bbox 665 4691 1087 4758; x_wconf 87' lang='lat' dir='ltr'>cogitationem</span> <span class='ocrx_word' id='word_1_444' title='bbox 1142 4693 1369 4762; x_wconf 90' lang='lat' dir='ltr'>irrogat</span> <span class='ocrx_word' id='word_1_445' title='bbox 1416 4710 1553 4765; x_wconf 72' lang='lat' dir='ltr'>quae</span> <span class='ocrx_word' id='word_1_446' title='bbox 1612 4708 1791 4764; x_wconf 89' lang='lat' dir='ltr'>posse</span> 
     </span>
    </p>
   </div>
   <div class='ocr_carea' id='block_1_67' title="bbox 121 4776 1794 4849">
    <p class='ocr_par' dir='ltr' id='par_1_67' title="bbox 121 4776 1794 4849">
     <span class='ocr_line' id='line_1_67' title="bbox 121 4776 1794 4849; baseline 0.002 -18"><span class='ocrx_word' id='word_1_447' title='bbox 121 4776 383 4849; x_wconf 86' lang='lat' dir='ltr'>irrogare</span> <span class='ocrx_word' id='word_1_448' title='bbox 412 4778 718 4847; x_wconf 84' lang='lat' dir='ltr'>confingit.</span> <span class='ocrx_word' id='word_1_449' title='bbox 788 4780 1257 4836; x_wconf 89' lang='lat' dir='ltr'>Sollicitudinem</span> <span class='ocrx_word' id='word_1_450' title='bbox 1306 4786 1507 4837; x_wconf 89' lang='lat' dir='ltr'>autem</span> <span class='ocrx_word' id='word_1_451' title='bbox 1557 4783 1794 4837; x_wconf 88' lang='lat' dir='ltr'>incons-</span> 
     </span>
    </p>
   </div>
   <div class='ocr_carea' id='block_1_68' title="bbox 121 4868 1795 4942">
    <p class='ocr_par' dir='ltr' id='par_1_68' title="bbox 121 4868 1795 4942">
     <span class='ocr_line' id='line_1_68' title="bbox 121 4868 1795 4942; baseline 0.002 -20"><span class='ocrx_word' id='word_1_452' title='bbox 121 4869 303 4924; x_wconf 81' lang='lat' dir='ltr'>tantia</span> <span class='ocrx_word' id='word_1_453' title='bbox 334 4869 673 4938; x_wconf 88' lang='lat' dir='ltr'>comitatur,</span> <span class='ocrx_word' id='word_1_454' title='bbox 696 4884 820 4939; x_wconf 89' lang='lat' dir='ltr'>qua</span> <span class='ocrx_word' id='word_1_455' title='bbox 848 4868 995 4923; x_wconf 89' lang='lat' dir='ltr'>dum</span> <span class='ocrx_word' id='word_1_456' title='bbox 1023 4885 1094 4924; x_wconf 92' lang='lat' dir='ltr'>ea</span> <span class='ocrx_word' id='word_1_457' title='bbox 1114 4886 1251 4942; x_wconf 81' lang='lat' dir='ltr'>quae</span> <span class='ocrx_word' id='word_1_458' title='bbox 1293 4870 1415 4942; x_wconf 87' lang='lat' dir='ltr'>pati</span> <span class='ocrx_word' id='word_1_459' title='bbox 1444 4871 1673 4936; x_wconf 88' lang='lat' dir='ltr'>metuit,</span> <span class='ocrx_word' id='word_1_460' title='bbox 1706 4872 1795 4925; x_wconf 87' lang='lat' dir='ltr'>in-</span> 
     </span>
    </p>
   </div>
   <div class='ocr_carea' id='block_1_69' title="bbox 125 4957 1792 5032">
    <p class='ocr_par' dir='ltr' id='par_1_69' title="bbox 125 4957 1792 5032">
     <span class='ocr_line' id='line_1_69' title="bbox 125 4957 1792 5032; baseline 0.004 -22"><span class='ocrx_word' id='word_1_461' title='bbox 125 4957 452 5015; x_wconf 88' lang='lat' dir='ltr'>tolerabilia</span> <span class='ocrx_word' id='word_1_462' title='bbox 528 4959 653 5014; x_wconf 90' lang='lat' dir='ltr'>fore</span> <span class='ocrx_word' id='word_1_463' title='bbox 726 4958 1169 5030; x_wconf 74' lang='lat' dir='ltr'>praeponderat,</span> <span class='ocrx_word' id='word_1_464' title='bbox 1238 4960 1616 5015; x_wconf 79' lang='lat' dir='ltr'>eti‘eminaius</span> <span class='ocrx_word' id='word_1_465' title='bbox 1687 4977 1792 5032; x_wconf 86' lang='lat' dir='ltr'>per</span> 
     </span>
    </p>
   </div>
   <div class='ocr_carea' id='block_1_70' title="bbox 122 5044 1787 5119">
    <p class='ocr_par' dir='ltr' id='par_1_70' title="bbox 122 5044 1787 5119">
     <span class='ocr_line' id='line_1_70' title="bbox 122 5044 1787 5119; baseline 0.004 -20"><span class='ocrx_word' id='word_1_466' title='bbox 122 5044 447 5119; x_wconf 87' lang='lat' dir='ltr'>ignaviam,</span> <span class='ocrx_word' id='word_1_467' title='bbox 510 5048 678 5105; x_wconf 85' lang='lat' dir='ltr'>nulla</span> <span class='ocrx_word' id='word_1_468' title='bbox 740 5065 802 5102; x_wconf 86' lang='lat' dir='ltr'>se</span> <span class='ocrx_word' id='word_1_469' title='bbox 836 5048 1160 5103; x_wconf 69' lang='lat' dir='ltr'>tolerantiae</span> <span class='ocrx_word' id='word_1_470' title='bbox 1220 5050 1431 5104; x_wconf 90' lang='lat' dir='ltr'>virtute</span> <span class='ocrx_word' id='word_1_471' title='bbox 1476 5050 1787 5105; x_wconf 86' lang='lat' dir='ltr'>confortat.</span> 
     </span>
    </p>
   </div>
   <div class='ocr_carea' id='block_1_71' title="bbox 123 5135 1789 5211">
    <p class='ocr_par' dir='ltr' id='par_1_71' title="bbox 123 5135 1789 5211">
     <span class='ocr_line' id='line_1_71' title="bbox 123 5135 1789 5211; baseline 0.004 -24"><span class='ocrx_word' id='word_1_472' title='bbox 123 5135 267 5192; x_wconf 91' lang='lat' dir='ltr'>Cum</span> <span class='ocrx_word' id='word_1_473' title='bbox 297 5155 436 5195; x_wconf 91' lang='lat' dir='ltr'>vero</span> <span class='ocrx_word' id='word_1_474' title='bbox 468 5156 529 5194; x_wconf 88' lang='lat' dir='ltr'>se</span> <span class='ocrx_word' id='word_1_475' title='bbox 562 5139 638 5194; x_wconf 87' lang='lat' dir='ltr'>ad</span> <span class='ocrx_word' id='word_1_476' title='bbox 667 5143 831 5194; x_wconf 88' lang='lat' dir='ltr'>tanta</span> <span class='ocrx_word' id='word_1_477' title='bbox 854 5139 1205 5195; x_wconf 88' lang='lat' dir='ltr'>discrimina</span> <span class='ocrx_word' id='word_1_478' title='bbox 1248 5139 1535 5211; x_wconf 76' lang='lat' dir='ltr'>prievidet</span> <span class='ocrx_word' id='word_1_479' title='bbox 1564 5139 1789 5195; x_wconf 89' lang='lat' dir='ltr'>virtutis</span> 
     </span>
    </p>
   </div>
   <div class='ocr_carea' id='block_1_72' title="bbox 122 5226 1788 5302">
    <p class='ocr_par' dir='ltr' id='par_1_72' title="bbox 122 5226 1788 5302">
     <span class='ocr_line' id='line_1_72' title="bbox 122 5226 1788 5302; baseline 0.004 -24"><span class='ocrx_word' id='word_1_480' title='bbox 122 5226 335 5282; x_wconf 87' lang='lat' dir='ltr'>robore</span> <span class='ocrx_word' id='word_1_481' title='bbox 374 5246 492 5285; x_wconf 91' lang='lat' dir='ltr'>non</span> <span class='ocrx_word' id='word_1_482' title='bbox 551 5246 729 5302; x_wconf 90' lang='lat' dir='ltr'>posse</span> <span class='ocrx_word' id='word_1_483' title='bbox 785 5230 1129 5299; x_wconf 90' lang='lat' dir='ltr'>subsistere,</span> <span class='ocrx_word' id='word_1_484' title='bbox 1189 5235 1375 5285; x_wconf 89' lang='lat' dir='ltr'>tentat</span> <span class='ocrx_word' id='word_1_485' title='bbox 1420 5246 1788 5301; x_wconf 87' lang='lat' dir='ltr'>magn0pcre</span> 
     </span>
    </p>
   </div>
   <div class='ocr_carea' id='block_1_73' title="bbox 124 5314 1788 5392">
    <p class='ocr_par' dir='ltr' id='par_1_73' title="bbox 124 5314 1788 5392">
     <span class='ocr_line' id='line_1_73' title="bbox 124 5314 1788 5392; baseline 0.005 -26"><span class='ocrx_word' id='word_1_486' title='bbox 124 5314 169 5368; x_wconf 88' lang='lat' dir='ltr'>si</span> <span class='ocrx_word' id='word_1_487' title='bbox 226 5333 297 5372; x_wconf 89' lang='lat' dir='ltr'>ea</span> <span class='ocrx_word' id='word_1_488' title='bbox 356 5319 568 5375; x_wconf 89' lang='lat' dir='ltr'>saltem</span> <span class='ocrx_word' id='word_1_489' title='bbox 610 5337 719 5392; x_wconf 92' lang='lat' dir='ltr'>per</span> <span class='ocrx_word' id='word_1_490' title='bbox 773 5320 1076 5376; x_wconf 87' lang='lat' dir='ltr'>fictionem</span> <span class='ocrx_word' id='word_1_491' title='bbox 1121 5320 1319 5376; x_wconf 89' lang='lat' dir='ltr'>valeat</span> <span class='ocrx_word' id='word_1_492' title='bbox 1361 5320 1641 5375; x_wconf 83' lang='lat' dir='ltr'>devitarc.</span> <span class='ocrx_word' id='word_1_493' title='bbox 1706 5323 1788 5375; x_wconf 84' lang='lat' dir='ltr'>Ae</span> 
     </span>
    </p>
   </div>
   <div class='ocr_carea' id='block_1_74' title="bbox 121 5405 1787 5482">
    <p class='ocr_par' dir='ltr' id='par_1_74' title="bbox 121 5405 1787 5482">
     <span class='ocr_line' id='line_1_74' title="bbox 121 5405 1787 5482; baseline 0.004 -24"><span class='ocrx_word' id='word_1_494' title='bbox 121 5405 368 5472; x_wconf 87' lang='lat' dir='ltr'>proinde</span> <span class='ocrx_word' id='word_1_495' title='bbox 396 5412 532 5479; x_wconf 90' lang='lat' dir='ltr'>post</span> <span class='ocrx_word' id='word_1_496' title='bbox 560 5409 1028 5466; x_wconf 90' lang='lat' dir='ltr'>inconstantiam</span> <span class='ocrx_word' id='word_1_497' title='bbox 1060 5410 1218 5466; x_wconf 86' lang='lat' dir='ltr'>fictio</span> <span class='ocrx_word' id='word_1_498' title='bbox 1240 5416 1611 5481; x_wconf 88' lang='lat' dir='ltr'>muneratur,</span> <span class='ocrx_word' id='word_1_499' title='bbox 1640 5411 1787 5482; x_wconf 89' lang='lat' dir='ltr'>quia</span> 
     </span>
    </p>
   </div>
   <div class='ocr_carea' id='block_1_75' title="bbox 123 5498 1786 5572">
    <p class='ocr_par' dir='ltr' id='par_1_75' title="bbox 123 5498 1786 5572">
     <span class='ocr_line' id='line_1_75' title="bbox 123 5498 1786 5572; baseline 0.005 -25"><span class='ocrx_word' id='word_1_500' title='bbox 123 5498 281 5549; x_wconf 89' lang='lat' dir='ltr'>metu</span> <span class='ocrx_word' id='word_1_501' title='bbox 329 5513 664 5553; x_wconf 90' lang='lat' dir='ltr'>concussus</span> <span class='ocrx_word' id='word_1_502' title='bbox 733 5500 994 5570; x_wconf 88' lang='lat' dir='ltr'>animus,</span> <span class='ocrx_word' id='word_1_503' title='bbox 1066 5501 1139 5555; x_wconf 91' lang='lat' dir='ltr'>de</span> <span class='ocrx_word' id='word_1_504' title='bbox 1198 5517 1416 5572; x_wconf 87' lang='lat' dir='ltr'>campo</span> <span class='ocrx_word' id='word_1_505' title='bbox 1477 5500 1786 5555; x_wconf 85' lang='lat' dir='ltr'>confiden-</span> 
     </span>
    </p>
   </div>
   <div class='ocr_carea' id='block_1_76' title="bbox 123 5580 1786 5660">
    <p class='ocr_par' dir='ltr' id='par_1_76' title="bbox 123 5580 1786 5660">
     <span class='ocr_line' id='line_1_76' title="bbox 123 5580 1786 5660; baseline 0.007 -26"><span class='ocrx_word' id='word_1_506' title='bbox 123 5580 212 5635; x_wconf 71' lang='lat' dir='ltr'>tiie</span> <span class='ocrx_word' id='word_1_507' title='bbox 244 5584 495 5655; x_wconf 81' lang='lat' dir='ltr'>fugiens,</span> <span class='ocrx_word' id='word_1_508' title='bbox 524 5589 583 5643; x_wconf 91' lang='lat' dir='ltr'>in</span> <span class='ocrx_word' id='word_1_509' title='bbox 611 5588 974 5660; x_wconf 89' lang='lat' dir='ltr'>duplicitatis</span> <span class='ocrx_word' id='word_1_510' title='bbox 997 5590 1219 5659; x_wconf 90' lang='lat' dir='ltr'>angulo</span> <span class='ocrx_word' id='word_1_511' title='bbox 1251 5590 1600 5645; x_wconf 89' lang='lat' dir='ltr'>occultatur.</span> <span class='ocrx_word' id='word_1_512' title='bbox 1650 5592 1786 5645; x_wconf 87' lang='lat' dir='ltr'>Post</span> 
     </span>
    </p>
   </div>
   <div class='ocr_carea' id='block_1_77' title="bbox 122 5668 1783 5750">
    <p class='ocr_par' dir='ltr' id='par_1_77' title="bbox 122 5668 1783 5750">
     <span class='ocr_line' id='line_1_77' title="bbox 122 5668 1783 5750; baseline 0.007 -28"><span class='ocrx_word' id='word_1_513' title='bbox 122 5668 420 5731; x_wconf 87' lang='lat' dir='ltr'>ﬁctionem</span> <span class='ocrx_word' id='word_1_514' title='bbox 451 5682 653 5733; x_wconf 87' lang='lat' dir='ltr'>autem</span> <span class='ocrx_word' id='word_1_515' title='bbox 684 5678 1167 5734; x_wconf 85' lang='lat' dir='ltr'>irrationabilitas</span> <span class='ocrx_word' id='word_1_516' title='bbox 1208 5680 1589 5747; x_wconf 84' lang='lat' dir='ltr'>subrogatur,</span> <span class='ocrx_word' id='word_1_517' title='bbox 1639 5680 1783 5750; x_wconf 87' lang='lat' dir='ltr'>quia</span> 
     </span>
    </p>
   </div>
   <div class='ocr_carea' id='block_1_78' title="bbox 121 5756 1783 5840">
    <p class='ocr_par' dir='ltr' id='par_1_78' title="bbox 121 5756 1783 5840">
     <span class='ocr_line' id='line_1_78' title="bbox 121 5756 1783 5840; baseline 0.01 -28"><span class='ocrx_word' id='word_1_518' title='bbox 121 5756 336 5819; x_wconf 85' lang='lat' dir='ltr'>idcirco</span> <span class='ocrx_word' id='word_1_519' title='bbox 360 5766 635 5823; x_wconf 86' lang='lat' dir='ltr'>animum</span> <span class='ocrx_word' id='word_1_520' title='bbox 656 5772 781 5825; x_wconf 84' lang='lat' dir='ltr'>tam</span> <span class='ocrx_word' id='word_1_521' title='bbox 802 5768 993 5825; x_wconf 82' lang='lat' dir='ltr'>densa</span> <span class='ocrx_word' id='word_1_522' title='bbox 1011 5769 1529 5840; x_wconf 80' lang='lat' dir='ltr'>perturbationum</span> <span class='ocrx_word' id='word_1_523' title='bbox 1560 5769 1783 5828; x_wconf 87' lang='lat' dir='ltr'>nebula</span> 
     </span>
    </p>
   </div>
   <div class='ocr_carea' id='block_1_79' title="bbox 1898 1829 3579 1905">
    <p class='ocr_par' dir='ltr' id='par_1_79' title="bbox 1898 1829 3579 1905">
     <span class='ocr_line' id='line_1_79' title="bbox 1898 1829 3579 1905; baseline -0.001 -21"><span class='ocrx_word' id='word_1_524' title='bbox 1898 1832 1981 1884; x_wconf 88' lang='lat' dir='ltr'>ris</span> <span class='ocrx_word' id='word_1_525' title='bbox 2036 1830 2456 1886; x_wconf 88' lang='lat' dir='ltr'>vociferatione</span> <span class='ocrx_word' id='word_1_526' title='bbox 2514 1832 2840 1903; x_wconf 89' lang='lat' dir='ltr'>profundit,</span> <span class='ocrx_word' id='word_1_527' title='bbox 2892 1836 3179 1905; x_wconf 90' lang='lat' dir='ltr'>tantoque</span> <span class='ocrx_word' id='word_1_528' title='bbox 3238 1845 3341 1886; x_wconf 84' lang='lat' dir='ltr'>eas</span> <span class='ocrx_word' id='word_1_529' title='bbox 3386 1829 3579 1885; x_wconf 88' lang='lat' dir='ltr'>altius-</span> 
     </span>
    </p>
   </div>
   <div class='ocr_carea' id='block_1_80' title="bbox 1893 1918 3562 1993">
    <p class='ocr_par' dir='ltr' id='par_1_80' title="bbox 1893 1918 3562 1993">
     <span class='ocr_line' id='line_1_80' title="bbox 1893 1918 3562 1993; baseline 0.001 -21"><span class='ocrx_word' id='word_1_530' title='bbox 1893 1918 2215 1988; x_wconf 87' lang='lat' dir='ltr'>jaculatur,</span> <span class='ocrx_word' id='word_1_531' title='bbox 2247 1925 2477 1991; x_wconf 90' lang='lat' dir='ltr'>quanto</span> <span class='ocrx_word' id='word_1_532' title='bbox 2516 1920 2576 1975; x_wconf 88' lang='lat' dir='ltr'>id</span> <span class='ocrx_word' id='word_1_533' title='bbox 2630 1922 2794 1993; x_wconf 91' lang='lat' dir='ltr'>quod</span> <span class='ocrx_word' id='word_1_534' title='bbox 2841 1922 3131 1977; x_wconf 89' lang='lat' dir='ltr'>amissum</span> <span class='ocrx_word' id='word_1_535' title='bbox 3184 1925 3272 1976; x_wconf 88' lang='lat' dir='ltr'>est</span> <span class='ocrx_word' id='word_1_536' title='bbox 3322 1919 3562 1975; x_wconf 67' lang='lat' dir='ltr'>citerius</span> 
     </span>
    </p>
   </div>
   <div class='ocr_carea' id='block_1_81' title="bbox 1898 2007 3561 2081">
    <p class='ocr_par' dir='ltr' id='par_1_81' title="bbox 1898 2007 3561 2081">
     <span class='ocr_line' id='line_1_81' title="bbox 1898 2007 3561 2081; baseline 0.001 -20"><span class='ocrx_word' id='word_1_537' title='bbox 1898 2007 2234 2063; x_wconf 88' lang='lat' dir='ltr'>amabatur.</span> <span class='ocrx_word' id='word_1_538' title='bbox 2261 2010 2516 2073; x_wconf 69' lang='lat' dir='ltr'>Quartus</span> <span class='ocrx_word' id='word_1_539' title='bbox 2544 2010 2606 2065; x_wconf 92' lang='lat' dir='ltr'>in</span> <span class='ocrx_word' id='word_1_540' title='bbox 2637 2012 2751 2065; x_wconf 84' lang='lat' dir='ltr'>hoc</span> <span class='ocrx_word' id='word_1_541' title='bbox 2783 2010 3022 2081; x_wconf 88' lang='lat' dir='ltr'>agmine</span> <span class='ocrx_word' id='word_1_542' title='bbox 3044 2010 3385 2078; x_wconf 90' lang='lat' dir='ltr'>satellitum,</span> <span class='ocrx_word' id='word_1_543' title='bbox 3426 2024 3561 2063; x_wconf 82' lang='lat' dir='ltr'>cru-</span> 
     </span>
    </p>
   </div>
   <div class='ocr_carea' id='block_1_82' title="bbox 1898 2096 3565 2172">
    <p class='ocr_par' dir='ltr' id='par_1_82' title="bbox 1898 2096 3565 2172">
     <span class='ocr_line' id='line_1_82' title="bbox 1898 2096 3565 2172; baseline 0.001 -23"><span class='ocrx_word' id='word_1_544' title='bbox 1898 2096 2110 2151; x_wconf 91' lang='lat' dir='ltr'>delitas</span> <span class='ocrx_word' id='word_1_545' title='bbox 2178 2098 2547 2163; x_wconf 91' lang='lat' dir='ltr'>nominatur,</span> <span class='ocrx_word' id='word_1_546' title='bbox 2610 2099 2754 2171; x_wconf 91' lang='lat' dir='ltr'>quia</span> <span class='ocrx_word' id='word_1_547' title='bbox 2828 2104 3218 2172; x_wconf 80' lang='lat' dir='ltr'>exasperatus</span> <span class='ocrx_word' id='word_1_548' title='bbox 3278 2114 3385 2171; x_wconf 90' lang='lat' dir='ltr'>per</span> <span class='ocrx_word' id='word_1_549' title='bbox 3457 2097 3565 2152; x_wconf 80' lang='lat' dir='ltr'>do-</span> 
     </span>
    </p>
   </div>
   <div class='ocr_carea' id='block_1_83' title="bbox 1897 2184 3567 2260">
    <p class='ocr_par' dir='ltr' id='par_1_83' title="bbox 1897 2184 3567 2260">
     <span class='ocr_line' id='line_1_83' title="bbox 1897 2184 3567 2260; baseline 0.001 -21"><span class='ocrx_word' id='word_1_550' title='bbox 1897 2184 2087 2239; x_wconf 91' lang='lat' dir='ltr'>lorem</span> <span class='ocrx_word' id='word_1_551' title='bbox 2169 2184 2427 2253; x_wconf 90' lang='lat' dir='ltr'>animus,</span> <span class='ocrx_word' id='word_1_552' title='bbox 2500 2188 2605 2260; x_wconf 92' lang='lat' dir='ltr'>qui</span> <span class='ocrx_word' id='word_1_553' title='bbox 2674 2188 2944 2243; x_wconf 89' lang='lat' dir='ltr'>dolorem</span> <span class='ocrx_word' id='word_1_554' title='bbox 3005 2205 3182 2243; x_wconf 84' lang='lat' dir='ltr'>suum</span> <span class='ocrx_word' id='word_1_555' title='bbox 3240 2186 3354 2241; x_wconf 90' lang='lat' dir='ltr'>sub</span> <span class='ocrx_word' id='word_1_556' title='bbox 3422 2184 3567 2241; x_wconf 89' lang='lat' dir='ltr'>livo-</span> 
     </span>
    </p>
   </div>
   <div class='ocr_carea' id='block_1_84' title="bbox 1898 2274 3566 2346">
    <p class='ocr_par' dir='ltr' id='par_1_84' title="bbox 1898 2274 3566 2346">
     <span class='ocr_line' id='line_1_84' title="bbox 1898 2274 3566 2346; baseline 0.002 -18"><span class='ocrx_word' id='word_1_557' title='bbox 1898 2274 1977 2329; x_wconf 90' lang='lat' dir='ltr'>ris</span> <span class='ocrx_word' id='word_1_558' title='bbox 2033 2275 2294 2346; x_wconf 91' lang='lat' dir='ltr'>tegmine</span> <span class='ocrx_word' id='word_1_559' title='bbox 2378 2277 2602 2333; x_wconf 91' lang='lat' dir='ltr'>diutius</span> <span class='ocrx_word' id='word_1_560' title='bbox 2660 2278 2956 2346; x_wconf 89' lang='lat' dir='ltr'>enutrivit,</span> <span class='ocrx_word' id='word_1_561' title='bbox 3016 2294 3157 2334; x_wconf 90' lang='lat' dir='ltr'>cum</span> <span class='ocrx_word' id='word_1_562' title='bbox 3206 2279 3367 2333; x_wconf 90' lang='lat' dir='ltr'>hunc</span> <span class='ocrx_word' id='word_1_563' title='bbox 3448 2275 3566 2331; x_wconf 89' lang='lat' dir='ltr'>cla-</span> 
     </span>
    </p>
   </div>
   <div class='ocr_carea' id='block_1_85' title="bbox 1898 2365 3566 2440">
    <p class='ocr_par' dir='ltr' id='par_1_85' title="bbox 1898 2365 3566 2440">
     <span class='ocr_line' id='line_1_85' title="bbox 1898 2365 3566 2440; baseline 0.001 -22"><span class='ocrx_word' id='word_1_564' title='bbox 1898 2380 2098 2419; x_wconf 89' lang='lat' dir='ltr'>mores</span> <span class='ocrx_word' id='word_1_565' title='bbox 2156 2365 2457 2421; x_wconf 78' lang='lat' dir='ltr'>etl&#39;erendo</span> <span class='ocrx_word' id='word_1_566' title='bbox 2508 2367 2682 2440; x_wconf 90' lang='lat' dir='ltr'>plene</span> <span class='ocrx_word' id='word_1_567' title='bbox 2732 2384 2855 2424; x_wconf 93' lang='lat' dir='ltr'>non</span> <span class='ocrx_word' id='word_1_568' title='bbox 2879 2368 3071 2437; x_wconf 87' lang='lat' dir='ltr'>satiat,</span> <span class='ocrx_word' id='word_1_569' title='bbox 3102 2368 3299 2424; x_wconf 85' lang='lat' dir='ltr'>studet</span> <span class='ocrx_word' id='word_1_570' title='bbox 3332 2365 3566 2422; x_wconf 87' lang='lat' dir='ltr'>inhian-</span> 
     </span>
    </p>
   </div>
   <div class='ocr_carea' id='block_1_86' title="bbox 1898 2456 3564 2532">
    <p class='ocr_par' dir='ltr' id='par_1_86' title="bbox 1898 2456 3564 2532">
     <span class='ocr_line' id='line_1_86' title="bbox 1898 2456 3564 2532; baseline 0.001 -23"><span class='ocrx_word' id='word_1_571' title='bbox 1898 2459 1985 2509; x_wconf 91' lang='lat' dir='ltr'>ter</span> <span class='ocrx_word' id='word_1_572' title='bbox 2014 2460 2078 2510; x_wconf 91' lang='lat' dir='ltr'>ut</span> <span class='ocrx_word' id='word_1_573' title='bbox 2101 2456 2297 2511; x_wconf 89' lang='lat' dir='ltr'>verbis</span> <span class='ocrx_word' id='word_1_574' title='bbox 2328 2458 2671 2513; x_wconf 90' lang='lat' dir='ltr'>crudelibus</span> <span class='ocrx_word' id='word_1_575' title='bbox 2719 2474 2904 2532; x_wconf 89' lang='lat' dir='ltr'>opera</span> <span class='ocrx_word' id='word_1_576' title='bbox 2934 2457 3297 2514; x_wconf 87' lang='lat' dir='ltr'>crudelitatis</span> <span class='ocrx_word' id='word_1_577' title='bbox 3345 2456 3564 2526; x_wconf 87' lang='lat' dir='ltr'>adjun-</span> 
     </span>
    </p>
   </div>
   <div class='ocr_carea' id='block_1_87' title="bbox 1899 2545 3564 2620">
    <p class='ocr_par' dir='ltr' id='par_1_87' title="bbox 1899 2545 3564 2620">
     <span class='ocr_line' id='line_1_87' title="bbox 1899 2545 3564 2620; baseline -0.001 -21"><span class='ocrx_word' id='word_1_578' title='bbox 1899 2550 2000 2614; x_wconf 88' lang='lat' dir='ltr'>gat</span> <span class='ocrx_word' id='word_1_579' title='bbox 2032 2563 2045 2609; x_wconf 91' lang='lat'><strong>;</strong></span> <span class='ocrx_word' id='word_1_580' title='bbox 2076 2562 2213 2617; x_wconf 70' lang='lat' dir='ltr'>quae</span> <span class='ocrx_word' id='word_1_581' title='bbox 2244 2547 2528 2602; x_wconf 89' lang='lat' dir='ltr'>nimirum</span> <span class='ocrx_word' id='word_1_582' title='bbox 2561 2549 2879 2604; x_wconf 88' lang='lat' dir='ltr'>crudelitas</span> <span class='ocrx_word' id='word_1_583' title='bbox 2913 2562 3179 2620; x_wconf 90' lang='lat' dir='ltr'>eousque</span> <span class='ocrx_word' id='word_1_584' title='bbox 3204 2546 3425 2602; x_wconf 91' lang='lat' dir='ltr'>doloris</span> <span class='ocrx_word' id='word_1_585' title='bbox 3456 2545 3564 2599; x_wconf 90' lang='lat' dir='ltr'>im-</span> 
     </span>
    </p>
   </div>
   <div class='ocr_carea' id='block_1_88' title="bbox 1896 2634 3562 2709">
    <p class='ocr_par' dir='ltr' id='par_1_88' title="bbox 1896 2634 3562 2709">
     <span class='ocr_line' id='line_1_88' title="bbox 1896 2634 3562 2709; baseline 0 -20"><span class='ocrx_word' id='word_1_586' title='bbox 1896 2634 2211 2690; x_wconf 82' lang='lat' dir='ltr'>mensitate</span> <span class='ocrx_word' id='word_1_587' title='bbox 2243 2653 2302 2691; x_wconf 91' lang='lat' dir='ltr'>se</span> <span class='ocrx_word' id='word_1_588' title='bbox 2329 2637 2555 2703; x_wconf 87' lang='lat' dir='ltr'>dilatat,</span> <span class='ocrx_word' id='word_1_589' title='bbox 2591 2638 2734 2693; x_wconf 88' lang='lat' dir='ltr'>utin</span> <span class='ocrx_word' id='word_1_590' title='bbox 2766 2638 3047 2693; x_wconf 90' lang='lat' dir='ltr'>eumdem</span> <span class='ocrx_word' id='word_1_591' title='bbox 3094 2638 3293 2709; x_wconf 90' lang='lat' dir='ltr'>ipsum</span> <span class='ocrx_word' id='word_1_592' title='bbox 3325 2635 3428 2707; x_wconf 90' lang='lat' dir='ltr'>qui</span> <span class='ocrx_word' id='word_1_593' title='bbox 3457 2634 3562 2689; x_wconf 92' lang='lat' dir='ltr'>do-</span> 
     </span>
    </p>
   </div>
   <div class='ocr_carea' id='block_1_89' title="bbox 1896 2724 3563 2798">
    <p class='ocr_par' dir='ltr' id='par_1_89' title="bbox 1896 2724 3563 2798">
     <span class='ocr_line' id='line_1_89' title="bbox 1896 2724 3563 2798; baseline 0.001 -21"><span class='ocrx_word' id='word_1_594' title='bbox 1896 2724 1975 2779; x_wconf 89' lang='lat' dir='ltr'>let</span> <span class='ocrx_word' id='word_1_595' title='bbox 2005 2724 2229 2779; x_wconf 90' lang='lat' dir='ltr'>doloris</span> <span class='ocrx_word' id='word_1_596' title='bbox 2261 2742 2473 2797; x_wconf 64' lang='lat' dir='ltr'>poenas</span> <span class='ocrx_word' id='word_1_597' title='bbox 2499 2732 2855 2798; x_wconf 88' lang='lat' dir='ltr'>retorqueat.</span> <span class='ocrx_word' id='word_1_598' title='bbox 2892 2728 3190 2798; x_wconf 86' lang='lat' dir='ltr'>Plerisque</span> <span class='ocrx_word' id='word_1_599' title='bbox 3223 2725 3439 2780; x_wconf 87' lang='lat' dir='ltr'>etenim</span> <span class='ocrx_word' id='word_1_600' title='bbox 3467 2739 3563 2779; x_wconf 86' lang='lat' dir='ltr'>ac-</span> 
     </span>
    </p>
   </div>
   <div class='ocr_carea' id='block_1_90' title="bbox 1899 2813 3562 2888">
    <p class='ocr_par' dir='ltr' id='par_1_90' title="bbox 1899 2813 3562 2888">
     <span class='ocr_line' id='line_1_90' title="bbox 1899 2813 3562 2888; baseline -0.001 -19"><span class='ocrx_word' id='word_1_601' title='bbox 1899 2814 2038 2869; x_wconf 92' lang='lat' dir='ltr'>cidit</span> <span class='ocrx_word' id='word_1_602' title='bbox 2064 2820 2149 2883; x_wconf 92' lang='lat' dir='ltr'>ut,</span> <span class='ocrx_word' id='word_1_603' title='bbox 2170 2816 2262 2869; x_wconf 91' lang='lat' dir='ltr'>vel</span> <span class='ocrx_word' id='word_1_604' title='bbox 2291 2832 2491 2871; x_wconf 90' lang='lat' dir='ltr'>rerum</span> <span class='ocrx_word' id='word_1_605' title='bbox 2540 2816 2632 2871; x_wconf 87' lang='lat' dir='ltr'>vel</span> <span class='ocrx_word' id='word_1_606' title='bbox 2656 2818 2978 2888; x_wconf 87' lang='lat' dir='ltr'>pignorum</span> <span class='ocrx_word' id='word_1_607' title='bbox 3009 2816 3333 2872; x_wconf 88' lang='lat' dir='ltr'>amissione</span> <span class='ocrx_word' id='word_1_608' title='bbox 3361 2813 3562 2869; x_wconf 86' lang='lat' dir='ltr'>turba-</span> 
     </span>
    </p>
   </div>
   <div class='ocr_carea' id='block_1_91' title="bbox 1899 2902 3561 2971">
    <p class='ocr_par' dir='ltr' id='par_1_91' title="bbox 1899 2902 3561 2971">
     <span class='ocr_line' id='line_1_91' title="bbox 1899 2902 3561 2971; baseline 0 -13"><span class='ocrx_word' id='word_1_609' title='bbox 1899 2905 1958 2971; x_wconf 91' lang='lat' dir='ltr'>ti,</span> <span class='ocrx_word' id='word_1_610' title='bbox 1992 2905 2139 2959; x_wconf 89' lang='lat' dir='ltr'>dum</span> <span class='ocrx_word' id='word_1_611' title='bbox 2168 2905 2391 2960; x_wconf 92' lang='lat' dir='ltr'>doloris</span> <span class='ocrx_word' id='word_1_612' title='bbox 2422 2905 2514 2961; x_wconf 91' lang='lat' dir='ltr'>sui</span> <span class='ocrx_word' id='word_1_613' title='bbox 2540 2907 2761 2961; x_wconf 88' lang='lat' dir='ltr'>vulnus</span> <span class='ocrx_word' id='word_1_614' title='bbox 2810 2907 2993 2961; x_wconf 89' lang='lat' dir='ltr'>lenire</span> <span class='ocrx_word' id='word_1_615' title='bbox 3025 2905 3272 2961; x_wconf 90' lang='lat' dir='ltr'>rationis</span> <span class='ocrx_word' id='word_1_616' title='bbox 3297 2902 3561 2959; x_wconf 87' lang='lat' dir='ltr'>medica-</span> 
     </span>
    </p>
   </div>
   <div class='ocr_carea' id='block_1_92' title="bbox 1896 2993 3562 3068">
    <p class='ocr_par' dir='ltr' id='par_1_92' title="bbox 1896 2993 3562 3068">
     <span class='ocr_line' id='line_1_92' title="bbox 1896 2993 3562 3068; baseline -0.001 -20"><span class='ocrx_word' id='word_1_617' title='bbox 1896 2993 2057 3048; x_wconf 91' lang='lat' dir='ltr'>mine</span> <span class='ocrx_word' id='word_1_618' title='bbox 2089 2995 2494 3062; x_wconf 77' lang='lat' dir='ltr'>neglexerunt,</span> <span class='ocrx_word' id='word_1_619' title='bbox 2546 2995 2608 3050; x_wconf 90' lang='lat' dir='ltr'>in</span> <span class='ocrx_word' id='word_1_620' title='bbox 2648 3012 2750 3051; x_wconf 92' lang='lat' dir='ltr'>eos</span> <span class='ocrx_word' id='word_1_621' title='bbox 2800 2996 3319 3068; x_wconf 89' lang='lat' dir='ltr'>perturbationum</span> <span class='ocrx_word' id='word_1_622' title='bbox 3345 2995 3562 3048; x_wconf 76' lang='lat' dir='ltr'>fluctus</span> 
     </span>
    </p>
   </div>
   <div class='ocr_carea' id='block_1_93' title="bbox 1897 3084 3557 3151">
    <p class='ocr_par' dir='ltr' id='par_1_93' title="bbox 1897 3084 3557 3151">
     <span class='ocr_line' id='line_1_93' title="bbox 1897 3084 3557 3151; baseline 0.001 -13"><span class='ocrx_word' id='word_1_623' title='bbox 1897 3084 2233 3147; x_wconf 89' lang='lat' dir='ltr'>inciderint,</span> <span class='ocrx_word' id='word_1_624' title='bbox 2263 3090 2325 3139; x_wconf 93' lang='lat' dir='ltr'>ut</span> <span class='ocrx_word' id='word_1_625' title='bbox 2350 3085 2443 3140; x_wconf 91' lang='lat' dir='ltr'>vel</span> <span class='ocrx_word' id='word_1_626' title='bbox 2476 3102 2718 3141; x_wconf 91' lang='lat' dir='ltr'>sensum</span> <span class='ocrx_word' id='word_1_627' title='bbox 2773 3101 3160 3141; x_wconf 90' lang='lat' dir='ltr'>communem</span> <span class='ocrx_word' id='word_1_628' title='bbox 3202 3086 3557 3151; x_wconf 85' lang='lat' dir='ltr'>amitterent,</span> 
     </span>
    </p>
   </div>
   <div class='ocr_carea' id='block_1_94' title="bbox 1896 3164 3561 3247">
    <p class='ocr_par' dir='ltr' id='par_1_94' title="bbox 1896 3164 3561 3247">
     <span class='ocr_line' id='line_1_94' title="bbox 1896 3164 3561 3247; baseline 0.001 -18"><span class='ocrx_word' id='word_1_629' title='bbox 1896 3174 1991 3230; x_wconf 90' lang='lat' dir='ltr'>vel</span> <span class='ocrx_word' id='word_1_630' title='bbox 2021 3175 2082 3230; x_wconf 93' lang='lat' dir='ltr'>in</span> <span class='ocrx_word' id='word_1_631' title='bbox 2131 3176 2361 3247; x_wconf 88' lang='lat' dir='ltr'>seipsos</span> <span class='ocrx_word' id='word_1_632' title='bbox 2422 3176 2739 3231; x_wconf 90' lang='lat' dir='ltr'>crudeliter</span> <span class='ocrx_word' id='word_1_633' title='bbox 2786 3192 3005 3232; x_wconf 89' lang='lat' dir='ltr'>manus</span> <span class='ocrx_word' id='word_1_634' title='bbox 3032 3164 3358 3247; x_wconf 84' lang='lat' dir='ltr'>injicerent.</span> <span class='ocrx_word' id='word_1_635' title='bbox 3416 3178 3561 3231; x_wconf 86' lang='lat' dir='ltr'>Ecce</span> 
     </span>
    </p>
   </div>
   <div class='ocr_carea' id='block_1_95' title="bbox 1896 3266 3561 3338">
    <p class='ocr_par' dir='ltr' id='par_1_95' title="bbox 1896 3266 3561 3338">
     <span class='ocr_line' id='line_1_95' title="bbox 1896 3266 3561 3338; baseline 0.001 -19"><span class='ocrx_word' id='word_1_636' title='bbox 1896 3281 2214 3337; x_wconf 89' lang='lat' dir='ltr'>quousque</span> <span class='ocrx_word' id='word_1_637' title='bbox 2242 3282 2348 3338; x_wconf 88' lang='lat' dir='ltr'>per</span> <span class='ocrx_word' id='word_1_638' title='bbox 2373 3266 2651 3322; x_wconf 87' lang='lat' dir='ltr'>satellites</span> <span class='ocrx_word' id='word_1_639' title='bbox 2682 3282 2823 3322; x_wconf 88' lang='lat' dir='ltr'>suos</span> <span class='ocrx_word' id='word_1_640' title='bbox 2864 3267 3036 3323; x_wconf 90' lang='lat' dir='ltr'>dolor</span> <span class='ocrx_word' id='word_1_641' title='bbox 3066 3268 3255 3335; x_wconf 61' lang='lat' dir='ltr'>saevit,</span> <span class='ocrx_word' id='word_1_642' title='bbox 3291 3270 3357 3321; x_wconf 89' lang='lat' dir='ltr'>ut</span> <span class='ocrx_word' id='word_1_643' title='bbox 3386 3266 3561 3338; x_wconf 85' lang='lat' dir='ltr'>quasi</span> 
     </span>
    </p>
   </div>
   <div class='ocr_carea' id='block_1_96' title="bbox 1896 3355 3564 3428">
    <p class='ocr_par' dir='ltr' id='par_1_96' title="bbox 1896 3355 3564 3428">
     <span class='ocr_line' id='line_1_96' title="bbox 1896 3355 3564 3428; baseline 0.001 -19"><span class='ocrx_word' id='word_1_644' title='bbox 1896 3369 2112 3425; x_wconf 88' lang='lat' dir='ltr'>parum</span> <span class='ocrx_word' id='word_1_645' title='bbox 2145 3356 2218 3410; x_wconf 90' lang='lat' dir='ltr'>sit</span> <span class='ocrx_word' id='word_1_646' title='bbox 2263 3356 2314 3410; x_wconf 90' lang='lat' dir='ltr'>ei</span> <span class='ocrx_word' id='word_1_647' title='bbox 2365 3356 2625 3427; x_wconf 90' lang='lat' dir='ltr'>quietem</span> <span class='ocrx_word' id='word_1_648' title='bbox 2677 3356 2893 3411; x_wconf 78' lang='lat' dir='ltr'>animae</span> <span class='ocrx_word' id='word_1_649' title='bbox 2924 3356 3295 3428; x_wconf 88' lang='lat' dir='ltr'>perturbare,</span> <span class='ocrx_word' id='word_1_650' title='bbox 3324 3355 3564 3410; x_wconf 87' lang='lat' dir='ltr'>studeat</span> 
     </span>
    </p>
   </div>
   <div class='ocr_carea' id='block_1_97' title="bbox 1896 3442 3557 3516">
    <p class='ocr_par' dir='ltr' id='par_1_97' title="bbox 1896 3442 3557 3516">
     <span class='ocr_line' id='line_1_97' title="bbox 1896 3442 3557 3516; baseline 0.001 -20"><span class='ocrx_word' id='word_1_651' title='bbox 1896 3442 2059 3497; x_wconf 90' lang='lat' dir='ltr'>illam</span> <span class='ocrx_word' id='word_1_652' title='bbox 2115 3444 2293 3498; x_wconf 91' lang='lat' dir='ltr'>etiam</span> <span class='ocrx_word' id='word_1_653' title='bbox 2351 3444 2426 3499; x_wconf 91' lang='lat' dir='ltr'>de</span> <span class='ocrx_word' id='word_1_654' title='bbox 2484 3445 2616 3516; x_wconf 89' lang='lat' dir='ltr'>ipso</span> <span class='ocrx_word' id='word_1_655' title='bbox 2673 3444 3017 3500; x_wconf 88' lang='lat' dir='ltr'>habitaculo</span> <span class='ocrx_word' id='word_1_656' title='bbox 3071 3444 3338 3515; x_wconf 89' lang='lat' dir='ltr'>corporis</span> <span class='ocrx_word' id='word_1_657' title='bbox 3409 3443 3557 3499; x_wconf 79' lang='lat' dir='ltr'>etfu-</span> 
     </span>
    </p>
   </div>
   <div class='ocr_carea' id='block_1_98' title="bbox 1897 3532 2084 3599">
    <p class='ocr_par' dir='ltr' id='par_1_98' title="bbox 1897 3532 2084 3599">
     <span class='ocr_line' id='line_1_98' title="bbox 1897 3532 2084 3599; baseline 0.011 -15"><span class='ocrx_word' id='word_1_658' title='bbox 1897 3545 2037 3599; x_wconf 89' lang='lat' dir='ltr'>gare</span> <span class='ocrx_word' id='word_1_659' title='bbox 2073 3532 2084 3586; x_wconf 90' lang='lat'><strong>!</strong></span> 
     </span>
    </p>
   </div>
   <div class='ocr_carea' id='block_1_99' title="bbox 1969 3622 3560 3693">
    <p class='ocr_par' dir='ltr' id='par_1_99' title="bbox 1969 3622 3560 3693">
     <span class='ocr_line' id='line_1_99' title="bbox 1969 3622 3560 3693; baseline 0.001 -20"><span class='ocrx_word' id='word_1_660' title='bbox 1969 3622 2165 3675; x_wconf 83' lang='lat' dir='ltr'>Restat</span> <span class='ocrx_word' id='word_1_661' title='bbox 2216 3626 2465 3692; x_wconf 89' lang='lat' dir='ltr'>quartus</span> <span class='ocrx_word' id='word_1_662' title='bbox 2513 3622 2849 3692; x_wconf 89' lang='lat' dir='ltr'>quaternio,</span> <span class='ocrx_word' id='word_1_663' title='bbox 2898 3637 3081 3693; x_wconf 91' lang='lat' dir='ltr'>quem</span> <span class='ocrx_word' id='word_1_664' title='bbox 3135 3625 3363 3676; x_wconf 85' lang='lat' dir='ltr'>veteres</span> <span class='ocrx_word' id='word_1_665' title='bbox 3410 3635 3560 3689; x_wconf 84' lang='lat' dir='ltr'>gau-</span> 
     </span>
    </p>
   </div>
   <div class='ocr_carea' id='block_1_100' title="bbox 1896 3709 3559 3782">
    <p class='ocr_par' dir='ltr' id='par_1_100' title="bbox 1896 3709 3559 3782">
     <span class='ocr_line' id='line_1_100' title="bbox 1896 3709 3559 3782; baseline 0.002 -20"><span class='ocrx_word' id='word_1_666' title='bbox 1896 3710 2064 3765; x_wconf 90' lang='lat' dir='ltr'>dium</span> <span class='ocrx_word' id='word_1_667' title='bbox 2094 3711 2576 3775; x_wconf 87' lang='lat' dir='ltr'>nominaverunt,</span> <span class='ocrx_word' id='word_1_668' title='bbox 2610 3716 2750 3782; x_wconf 90' lang='lat' dir='ltr'>post</span> <span class='ocrx_word' id='word_1_669' title='bbox 2777 3711 3045 3766; x_wconf 90' lang='lat' dir='ltr'>dolorem</span> <span class='ocrx_word' id='word_1_670' title='bbox 3092 3725 3356 3780; x_wconf 89' lang='lat' dir='ltr'>congrue</span> <span class='ocrx_word' id='word_1_671' title='bbox 3382 3709 3559 3765; x_wconf 88' lang='lat' dir='ltr'>collo-</span> 
     </span>
    </p>
   </div>
   <div class='ocr_carea' id='block_1_101' title="bbox 1897 3800 3556 3872">
    <p class='ocr_par' dir='ltr' id='par_1_101' title="bbox 1897 3800 3556 3872">
     <span class='ocr_line' id='line_1_101' title="bbox 1897 3800 3556 3872; baseline 0.002 -20"><span class='ocrx_word' id='word_1_672' title='bbox 1897 3803 2084 3869; x_wconf 82' lang='lat' dir='ltr'>catus,</span> <span class='ocrx_word' id='word_1_673' title='bbox 2126 3801 2287 3871; x_wconf 89' lang='lat' dir='ltr'>quia,</span> <span class='ocrx_word' id='word_1_674' title='bbox 2318 3800 2469 3855; x_wconf 91' lang='lat' dir='ltr'>sicut</span> <span class='ocrx_word' id='word_1_675' title='bbox 2497 3800 2670 3855; x_wconf 88' lang='lat' dir='ltr'>dolor</span> <span class='ocrx_word' id='word_1_676' title='bbox 2708 3800 2782 3855; x_wconf 90' lang='lat' dir='ltr'>de</span> <span class='ocrx_word' id='word_1_677' title='bbox 2814 3816 2873 3854; x_wconf 91' lang='lat' dir='ltr'>re</span> <span class='ocrx_word' id='word_1_678' title='bbox 2907 3806 3224 3869; x_wconf 85' lang='lat' dir='ltr'>generatur</span> <span class='ocrx_word' id='word_1_679' title='bbox 3249 3801 3556 3872; x_wconf 86' lang='lat' dir='ltr'>adempta,</span> 
     </span>
    </p>
   </div>
   <div class='ocr_carea' id='block_1_102' title="bbox 1895 3889 3561 3963">
    <p class='ocr_par' dir='ltr' id='par_1_102' title="bbox 1895 3889 3561 3963">
     <span class='ocr_line' id='line_1_102' title="bbox 1895 3889 3561 3963; baseline 0.001 -19"><span class='ocrx_word' id='word_1_680' title='bbox 1895 3889 1977 3944; x_wconf 88' lang='lat' dir='ltr'>ita</span> <span class='ocrx_word' id='word_1_681' title='bbox 2005 3895 2061 3945; x_wconf 91' lang='lat' dir='ltr'>et</span> <span class='ocrx_word' id='word_1_682' title='bbox 2090 3890 2380 3959; x_wconf 89' lang='lat' dir='ltr'>gaudium</span> <span class='ocrx_word' id='word_1_683' title='bbox 2420 3890 2495 3945; x_wconf 93' lang='lat' dir='ltr'>de</span> <span class='ocrx_word' id='word_1_684' title='bbox 2548 3906 2610 3945; x_wconf 93' lang='lat' dir='ltr'>re</span> <span class='ocrx_word' id='word_1_685' title='bbox 2661 3895 2977 3959; x_wconf 85' lang='lat' dir='ltr'>generatur</span> <span class='ocrx_word' id='word_1_686' title='bbox 3015 3891 3253 3963; x_wconf 88' lang='lat' dir='ltr'>adepta.</span> <span class='ocrx_word' id='word_1_687' title='bbox 3314 3889 3427 3945; x_wconf 92' lang='lat' dir='ltr'>Sed</span> <span class='ocrx_word' id='word_1_688' title='bbox 3480 3890 3561 3946; x_wconf 88' lang='lat' dir='ltr'>vi-</span> 
     </span>
    </p>
   </div>
   <div class='ocr_carea' id='block_1_103' title="bbox 1895 3978 3563 4051">
    <p class='ocr_par' dir='ltr' id='par_1_103' title="bbox 1895 3978 3563 4051">
     <span class='ocr_line' id='line_1_103' title="bbox 1895 3978 3563 4051; baseline 0.001 -18"><span class='ocrx_word' id='word_1_689' title='bbox 1895 3978 2163 4033; x_wconf 88' lang='lat' dir='ltr'>dendum</span> <span class='ocrx_word' id='word_1_690' title='bbox 2195 3995 2300 4033; x_wconf 91' lang='lat' dir='ltr'>cur</span> <span class='ocrx_word' id='word_1_691' title='bbox 2324 3980 2626 4051; x_wconf 89' lang='lat' dir='ltr'>majorum</span> <span class='ocrx_word' id='word_1_692' title='bbox 2657 3979 2997 4045; x_wconf 89' lang='lat' dir='ltr'>auctoritas,</span> <span class='ocrx_word' id='word_1_693' title='bbox 3026 3978 3176 4035; x_wconf 90' lang='lat' dir='ltr'>inter</span> <span class='ocrx_word' id='word_1_694' title='bbox 3200 3994 3301 4035; x_wconf 90' lang='lat' dir='ltr'>eas</span> <span class='ocrx_word' id='word_1_695' title='bbox 3336 3984 3563 4051; x_wconf 83' lang='lat' dir='ltr'>pertur-</span> 
     </span>
    </p>
   </div>
   <div class='ocr_carea' id='block_1_104' title="bbox 1893 4068 3561 4142">
    <p class='ocr_par' dir='ltr' id='par_1_104' title="bbox 1893 4068 3561 4142">
     <span class='ocr_line' id='line_1_104' title="bbox 1893 4068 3561 4142; baseline 0 -19"><span class='ocrx_word' id='word_1_696' title='bbox 1893 4068 2166 4124; x_wconf 88' lang='lat' dir='ltr'>bationes</span> <span class='ocrx_word' id='word_1_697' title='bbox 2196 4085 2330 4142; x_wconf 74' lang='lat' dir='ltr'>quas</span> <span class='ocrx_word' id='word_1_698' title='bbox 2362 4074 2584 4125; x_wconf 90' lang='lat' dir='ltr'>statum</span> <span class='ocrx_word' id='word_1_699' title='bbox 2614 4072 2830 4125; x_wconf 89' lang='lat' dir='ltr'>mentis</span> <span class='ocrx_word' id='word_1_700' title='bbox 2881 4070 3073 4125; x_wconf 91' lang='lat' dir='ltr'>solent</span> <span class='ocrx_word' id='word_1_701' title='bbox 3103 4073 3388 4141; x_wconf 89' lang='lat' dir='ltr'>avertere,</span> <span class='ocrx_word' id='word_1_702' title='bbox 3416 4084 3561 4139; x_wconf 87' lang='lat' dir='ltr'>gau-</span> 
     </span>
    </p>
   </div>
   <div class='ocr_carea' id='block_1_105' title="bbox 1895 4159 3560 4230">
    <p class='ocr_par' dir='ltr' id='par_1_105' title="bbox 1895 4159 3560 4230">
     <span class='ocr_line' id='line_1_105' title="bbox 1895 4159 3560 4230; baseline -0.001 -15"><span class='ocrx_word' id='word_1_703' title='bbox 1895 4160 2065 4215; x_wconf 89' lang='lat' dir='ltr'>dium</span> <span class='ocrx_word' id='word_1_704' title='bbox 2092 4161 2451 4230; x_wconf 89' lang='lat' dir='ltr'>numeravit,</span> <span class='ocrx_word' id='word_1_705' title='bbox 2505 4176 2642 4215; x_wconf 89' lang='lat' dir='ltr'>cum</span> <span class='ocrx_word' id='word_1_706' title='bbox 2696 4162 2811 4216; x_wconf 91' lang='lat' dir='ltr'>hoc</span> <span class='ocrx_word' id='word_1_707' title='bbox 2858 4160 3010 4215; x_wconf 90' lang='lat' dir='ltr'>inter</span> <span class='ocrx_word' id='word_1_708' title='bbox 3044 4160 3269 4215; x_wconf 87' lang='lat' dir='ltr'>fructus</span> <span class='ocrx_word' id='word_1_709' title='bbox 3318 4159 3560 4230; x_wconf 68' lang='lat' dir='ltr'>justitim</span> 
     </span>
    </p>
   </div>
   <div class='ocr_carea' id='block_1_106' title="bbox 1897 4249 3555 4324">
    <p class='ocr_par' dir='ltr' id='par_1_106' title="bbox 1897 4249 3555 4324">
     <span class='ocr_line' id='line_1_106' title="bbox 1897 4249 3555 4324; baseline 0.001 -21"><span class='ocrx_word' id='word_1_710' title='bbox 1897 4256 2139 4307; x_wconf 88' lang='lat' dir='ltr'>sanctus</span> <span class='ocrx_word' id='word_1_711' title='bbox 2170 4251 2386 4306; x_wconf 88' lang='lat' dir='ltr'>Paulus</span> <span class='ocrx_word' id='word_1_712' title='bbox 2438 4251 2747 4324; x_wconf 90' lang='lat' dir='ltr'>apostolus</span> <span class='ocrx_word' id='word_1_713' title='bbox 2793 4250 3248 4323; x_wconf 89' lang='lat' dir='ltr'>computaverit,</span> <span class='ocrx_word' id='word_1_714' title='bbox 3308 4249 3555 4304; x_wconf 88' lang='lat' dir='ltr'>dicens:</span> 
     </span>
    </p>
   </div>
   <div class='ocr_carea' id='block_1_107' title="bbox 1894 4343 3555 4411">
    <p class='ocr_par' dir='ltr' id='par_1_107' title="bbox 1894 4343 3555 4411">
     <span class='ocr_line' id='line_1_107' title="bbox 1894 4343 3555 4411; baseline -0.004 -13"><span class='ocrx_word' id='word_1_715' title='bbox 1894 4344 2156 4398; x_wconf 83' lang='lat' dir='ltr'>Fructus</span> <span class='ocrx_word' id='word_1_716' title='bbox 2204 4349 2401 4398; x_wconf 85' lang='lat' dir='ltr'>autem</span> <span class='ocrx_word' id='word_1_717' title='bbox 2451 4344 2720 4411; x_wconf 75' lang='lat' dir='ltr'>spiritus,</span> <span class='ocrx_word' id='word_1_718' title='bbox 2779 4348 2863 4397; x_wconf 86' lang='lat' dir='ltr'>est</span> <span class='ocrx_word' id='word_1_719' title='bbox 2892 4343 3203 4411; x_wconf 76' lang='lat' dir='ltr'>gaudium,</span> <span class='ocrx_word' id='word_1_720' title='bbox 3256 4354 3401 4408; x_wconf 75' lang='lat' dir='ltr'>pax,</span> <span class='ocrx_word' id='word_1_721' title='bbox 3447 4343 3555 4393; x_wconf 91' lang='lat' dir='ltr'>etc.</span> 
     </span>
    </p>
   </div>
   <div class='ocr_carea' id='block_1_108' title="bbox 1898 4428 3561 4502">
    <p class='ocr_par' dir='ltr' id='par_1_108' title="bbox 1898 4428 3561 4502">
     <span class='ocr_line' id='line_1_108' title="bbox 1898 4428 3561 4502; baseline -0.004 -15"><span class='ocrx_word' id='word_1_722' title='bbox 1898 4434 2062 4488; x_wconf 91' lang='lat' dir='ltr'>Unde</span> <span class='ocrx_word' id='word_1_723' title='bbox 2093 4432 2437 4487; x_wconf 87' lang='lat' dir='ltr'>noverimus</span> <span class='ocrx_word' id='word_1_724' title='bbox 2470 4431 2779 4499; x_wconf 83' lang='lat' dir='ltr'>gaudium,</span> <span class='ocrx_word' id='word_1_725' title='bbox 2828 4431 2873 4485; x_wconf 92' lang='lat' dir='ltr'>si</span> <span class='ocrx_word' id='word_1_726' title='bbox 2905 4430 3154 4502; x_wconf 88' lang='lat' dir='ltr'>quando</span> <span class='ocrx_word' id='word_1_727' title='bbox 3205 4429 3263 4483; x_wconf 90' lang='lat' dir='ltr'>in</span> <span class='ocrx_word' id='word_1_728' title='bbox 3294 4428 3457 4483; x_wconf 89' lang='lat' dir='ltr'>mala</span> <span class='ocrx_word' id='word_1_729' title='bbox 3488 4428 3561 4482; x_wconf 88' lang='lat' dir='ltr'>si-</span> 
     </span>
    </p>
   </div>
   <div class='ocr_carea' id='block_1_109' title="bbox 1897 4516 3561 4591">
    <p class='ocr_par' dir='ltr' id='par_1_109' title="bbox 1897 4516 3561 4591">
     <span class='ocr_line' id='line_1_109' title="bbox 1897 4516 3561 4591; baseline -0.004 -16"><span class='ocrx_word' id='word_1_730' title='bbox 1897 4520 2276 4589; x_wconf 79' lang='lat' dir='ltr'>gniﬁcatione</span> <span class='ocrx_word' id='word_1_731' title='bbox 2309 4519 2569 4591; x_wconf 88' lang='lat' dir='ltr'>ponitur,</span> <span class='ocrx_word' id='word_1_732' title='bbox 2598 4534 2720 4573; x_wconf 92' lang='lat' dir='ltr'>non</span> <span class='ocrx_word' id='word_1_733' title='bbox 2752 4518 3012 4588; x_wconf 91' lang='lat' dir='ltr'>proprie,</span> <span class='ocrx_word' id='word_1_734' title='bbox 3046 4517 3149 4571; x_wconf 90' lang='lat' dir='ltr'>sed</span> <span class='ocrx_word' id='word_1_735' title='bbox 3180 4516 3424 4570; x_wconf 90' lang='lat' dir='ltr'>abusive</span> <span class='ocrx_word' id='word_1_736' title='bbox 3456 4530 3561 4570; x_wconf 90' lang='lat' dir='ltr'>no-</span> 
     </span>
    </p>
   </div>
   <div class='ocr_carea' id='block_1_110' title="bbox 1895 4604 3560 4679">
    <p class='ocr_par' dir='ltr' id='par_1_110' title="bbox 1895 4604 3560 4679">
     <span class='ocr_line' id='line_1_110' title="bbox 1895 4604 3560 4679; baseline -0.002 -15"><span class='ocrx_word' id='word_1_737' title='bbox 1895 4609 2129 4664; x_wconf 89' lang='lat' dir='ltr'>minari.</span> <span class='ocrx_word' id='word_1_738' title='bbox 2162 4609 2325 4663; x_wconf 89' lang='lat' dir='ltr'>Unde</span> <span class='ocrx_word' id='word_1_739' title='bbox 2348 4613 2404 4663; x_wconf 89' lang='lat' dir='ltr'>et</span> <span class='ocrx_word' id='word_1_740' title='bbox 2433 4607 2597 4679; x_wconf 90' lang='lat' dir='ltr'>apud</span> <span class='ocrx_word' id='word_1_741' title='bbox 2624 4607 2843 4661; x_wconf 84' lang='lat' dir='ltr'>Isaiam</span> <span class='ocrx_word' id='word_1_742' title='bbox 2876 4608 3037 4671; x_wconf 83' lang='lat' dir='ltr'>(Isai.</span> <span class='ocrx_word' id='word_1_743' title='bbox 3076 4620 3269 4675; x_wconf 73' lang='lat' dir='ltr'>XLVIII,</span> <span class='ocrx_word' id='word_1_744' title='bbox 3306 4605 3419 4675; x_wconf 76' lang='lat'>2&#39;2),</span> <span class='ocrx_word' id='word_1_745' title='bbox 3454 4604 3560 4660; x_wconf 89' lang='lat' dir='ltr'>ubi</span> 
     </span>
    </p>
   </div>
   <div class='ocr_carea' id='block_1_111' title="bbox 1893 4695 3559 4764">
    <p class='ocr_par' dir='ltr' id='par_1_111' title="bbox 1893 4695 3559 4764">
     <span class='ocr_line' id='line_1_111' title="bbox 1893 4695 3559 4764; baseline -0.004 -10"><span class='ocrx_word' id='word_1_746' title='bbox 1893 4703 2096 4754; x_wconf 91' lang='lat' dir='ltr'>nostra</span> <span class='ocrx_word' id='word_1_747' title='bbox 2120 4698 2429 4753; x_wconf 89' lang='lat' dir='ltr'>translatio</span> <span class='ocrx_word' id='word_1_748' title='bbox 2470 4697 2650 4752; x_wconf 89' lang='lat' dir='ltr'>habet</span> <span class='ocrx_word' id='word_1_749' title='bbox 2679 4713 2691 4750; x_wconf 74' lang='grc' dir='ltr'><strong>ε</strong></span> <span class='ocrx_word' id='word_1_750' title='bbox 2724 4697 2857 4751; x_wconf 87' lang='lat' dir='ltr'>Non</span> <span class='ocrx_word' id='word_1_751' title='bbox 2885 4702 2965 4750; x_wconf 87' lang='lat' dir='ltr'>est</span> <span class='ocrx_word' id='word_1_752' title='bbox 2992 4711 3123 4763; x_wconf 76' lang='lat' dir='ltr'>par</span> <span class='ocrx_word' id='word_1_753' title='bbox 3156 4697 3371 4764; x_wconf 80' lang='lat' dir='ltr'>impiis,</span> <span class='ocrx_word' id='word_1_754' title='bbox 3406 4695 3559 4750; x_wconf 73' lang='lat' dir='ltr'>dicit</span> 
     </span>
    </p>
   </div>
   <div class='ocr_carea' id='block_1_112' title="bbox 1893 4786 3561 4858">
    <p class='ocr_par' dir='ltr' id='par_1_112' title="bbox 1893 4786 3561 4858">
     <span class='ocr_line' id='line_1_112' title="bbox 1893 4786 3561 4858; baseline -0.002 -16"><span class='ocrx_word' id='word_1_755' title='bbox 1893 4790 2202 4858; x_wconf 81' lang='lat' dir='ltr'>Dominus,</span> <span class='ocrx_word' id='word_1_756' title='bbox 2238 4788 2353 4842; x_wconf 90' lang='lat' dir='ltr'>alia</span> <span class='ocrx_word' id='word_1_757' title='bbox 2376 4786 2685 4842; x_wconf 87' lang='lat' dir='ltr'>translatio</span> <span class='ocrx_word' id='word_1_758' title='bbox 2714 4786 2896 4840; x_wconf 88' lang='lat' dir='ltr'>habet</span> <span class='ocrx_word' id='word_1_759' title='bbox 2931 4802 2942 4839; x_wconf 91' lang='lat'><strong>:</strong></span> <span class='ocrx_word' id='word_1_760' title='bbox 2975 4786 3108 4839; x_wconf 87' lang='lat' dir='ltr'>Non</span> <span class='ocrx_word' id='word_1_761' title='bbox 3165 4789 3247 4839; x_wconf 85' lang='lat' dir='ltr'>est</span> <span class='ocrx_word' id='word_1_762' title='bbox 3296 4786 3561 4853; x_wconf 83' lang='lat' dir='ltr'>gaudere</span> 
     </span>
    </p>
   </div>
   <div class='ocr_carea' id='block_1_113' title="bbox 1893 4873 3558 4948">
    <p class='ocr_par' dir='ltr' id='par_1_113' title="bbox 1893 4873 3558 4948">
     <span class='ocr_line' id='line_1_113' title="bbox 1893 4873 3558 4948; baseline -0.004 -14"><span class='ocrx_word' id='word_1_763' title='bbox 1893 4881 2111 4948; x_wconf 77' lang='lat' dir='ltr'>impiis,</span> <span class='ocrx_word' id='word_1_764' title='bbox 2171 4880 2315 4934; x_wconf 84' lang='lat' dir='ltr'>dicit</span> <span class='ocrx_word' id='word_1_765' title='bbox 2374 4878 2680 4932; x_wconf 82' lang='lat' dir='ltr'>Dominus.</span> <span class='ocrx_word' id='word_1_766' title='bbox 2758 4879 3178 4930; x_wconf 86' lang='lat' dir='ltr'>Verumtamen</span> <span class='ocrx_word' id='word_1_767' title='bbox 3238 4873 3558 4946; x_wconf 84' lang='lat' dir='ltr'>Apostolus</span> 
     </span>
    </p>
   </div>
   <div class='ocr_carea' id='block_1_114' title="bbox 1894 4962 3558 5038">
    <p class='ocr_par' dir='ltr' id='par_1_114' title="bbox 1894 4962 3558 5038">
     <span class='ocr_line' id='line_1_114' title="bbox 1894 4962 3558 5038; baseline -0.003 -16"><span class='ocrx_word' id='word_1_768' title='bbox 1894 4984 2032 5023; x_wconf 91' lang='lat' dir='ltr'>cum</span> <span class='ocrx_word' id='word_1_769' title='bbox 2062 4968 2135 5022; x_wconf 89' lang='lat' dir='ltr'>de</span> <span class='ocrx_word' id='word_1_770' title='bbox 2168 4967 2449 5023; x_wconf 89' lang='lat' dir='ltr'>charitate</span> <span class='ocrx_word' id='word_1_771' title='bbox 2472 4967 2833 5038; x_wconf 88' lang='lat' dir='ltr'>loqueretur,</span> <span class='ocrx_word' id='word_1_772' title='bbox 2863 4966 2977 5020; x_wconf 90' lang='lat' dir='ltr'>hoc</span> <span class='ocrx_word' id='word_1_773' title='bbox 3007 4963 3260 5018; x_wconf 90' lang='lat' dir='ltr'>verbum</span> <span class='ocrx_word' id='word_1_774' title='bbox 3309 4962 3558 5017; x_wconf 88' lang='lat' dir='ltr'>abusive</span> 
     </span>
    </p>
   </div>
   <div class='ocr_carea' id='block_1_115' title="bbox 1890 5050 3559 5126">
    <p class='ocr_par' dir='ltr' id='par_1_115' title="bbox 1890 5050 3559 5126">
     <span class='ocr_line' id='line_1_115' title="bbox 1890 5050 3559 5126; baseline -0.004 -18"><span class='ocrx_word' id='word_1_775' title='bbox 1890 5053 2111 5126; x_wconf 89' lang='lat' dir='ltr'>posuit,</span> <span class='ocrx_word' id='word_1_776' title='bbox 2146 5053 2350 5107; x_wconf 88' lang='lat' dir='ltr'>dicens</span> <span class='ocrx_word' id='word_1_777' title='bbox 2381 5070 2391 5107; x_wconf 94' lang='lat'><strong>:</strong></span> <span class='ocrx_word' id='word_1_778' title='bbox 2426 5054 2559 5106; x_wconf 89' lang='lat' dir='ltr'>Non</span> <span class='ocrx_word' id='word_1_779' title='bbox 2584 5052 2807 5121; x_wconf 82' lang='lat' dir='ltr'>gaudet</span> <span class='ocrx_word' id='word_1_780' title='bbox 2827 5066 3006 5119; x_wconf 87' lang='lat' dir='ltr'>super</span> <span class='ocrx_word' id='word_1_781' title='bbox 3037 5050 3351 5120; x_wconf 83' lang='lat' dir='ltr'>iniquitate</span> <span class='ocrx_word' id='word_1_782' title='bbox 3371 5060 3391 5116; x_wconf 85' lang='lat'>,&#39;</span> <span class='ocrx_word' id='word_1_783' title='bbox 3419 5062 3559 5102; x_wconf 93' lang='lat' dir='ltr'>cum</span> 
     </span>
    </p>
   </div>
   <div class='ocr_carea' id='block_1_116' title="bbox 1892 5138 3561 5215">
    <p class='ocr_par' dir='ltr' id='par_1_116' title="bbox 1892 5138 3561 5215">
     <span class='ocr_line' id='line_1_116' title="bbox 1892 5138 3561 5215; baseline -0.004 -17"><span class='ocrx_word' id='word_1_784' title='bbox 1892 5148 2045 5199; x_wconf 91' lang='lat' dir='ltr'>certe</span> <span class='ocrx_word' id='word_1_785' title='bbox 2067 5143 2413 5215; x_wconf 91' lang='lat' dir='ltr'>quicunque</span> <span class='ocrx_word' id='word_1_786' title='bbox 2445 5157 2625 5213; x_wconf 89' lang='lat' dir='ltr'>super</span> <span class='ocrx_word' id='word_1_787' title='bbox 2654 5139 2961 5211; x_wconf 88' lang='lat' dir='ltr'>iniquitate</span> <span class='ocrx_word' id='word_1_788' title='bbox 2988 5138 3237 5203; x_wconf 72' lang='lat' dir='ltr'>laatatur,</span> <span class='ocrx_word' id='word_1_789' title='bbox 3272 5152 3394 5193; x_wconf 90' lang='lat' dir='ltr'>non</span> <span class='ocrx_word' id='word_1_790' title='bbox 3418 5152 3561 5206; x_wconf 89' lang='lat' dir='ltr'>gau-</span> 
     </span>
    </p>
   </div>
   <div class='ocr_carea' id='block_1_117' title="bbox 1890 5228 3561 5305">
    <p class='ocr_par' dir='ltr' id='par_1_117' title="bbox 1890 5228 3561 5305">
     <span class='ocr_line' id='line_1_117' title="bbox 1890 5228 3561 5305; baseline -0.003 -17"><span class='ocrx_word' id='word_1_791' title='bbox 1890 5234 2051 5299; x_wconf 88' lang='lat' dir='ltr'>dere,</span> <span class='ocrx_word' id='word_1_792' title='bbox 2088 5234 2191 5287; x_wconf 91' lang='lat' dir='ltr'>sed</span> <span class='ocrx_word' id='word_1_793' title='bbox 2219 5233 2416 5305; x_wconf 91' lang='lat' dir='ltr'>potius</span> <span class='ocrx_word' id='word_1_794' title='bbox 2447 5232 2661 5299; x_wconf 87' lang='lat' dir='ltr'>gestire</span> <span class='ocrx_word' id='word_1_795' title='bbox 2689 5230 2978 5285; x_wconf 88' lang='lat' dir='ltr'>dicendus</span> <span class='ocrx_word' id='word_1_796' title='bbox 3005 5233 3109 5284; x_wconf 89' lang='lat' dir='ltr'>est.</span> <span class='ocrx_word' id='word_1_797' title='bbox 3146 5228 3412 5284; x_wconf 83' lang='lat' dir='ltr'>Gaudere</span> <span class='ocrx_word' id='word_1_798' title='bbox 3443 5232 3561 5284; x_wconf 90' lang='lat' dir='ltr'>ete-</span> 
     </span>
    </p>
   </div>
   <div class='ocr_carea' id='block_1_118' title="bbox 1890 5319 3561 5387">
    <p class='ocr_par' dir='ltr' id='par_1_118' title="bbox 1890 5319 3561 5387">
     <span class='ocr_line' id='line_1_118' title="bbox 1890 5319 3561 5387; baseline -0.002 -9"><span class='ocrx_word' id='word_1_799' title='bbox 1890 5324 2015 5378; x_wconf 89' lang='lat' dir='ltr'>nim</span> <span class='ocrx_word' id='word_1_800' title='bbox 2046 5322 2465 5378; x_wconf 90' lang='lat' dir='ltr'>tantummodo</span> <span class='ocrx_word' id='word_1_801' title='bbox 2492 5320 2807 5375; x_wconf 88' lang='lat' dir='ltr'>hominum</span> <span class='ocrx_word' id='word_1_802' title='bbox 2830 5324 2935 5387; x_wconf 88' lang='lat' dir='ltr'>est,</span> <span class='ocrx_word' id='word_1_803' title='bbox 2971 5319 3181 5387; x_wconf 84' lang='lat' dir='ltr'>gestire</span> <span class='ocrx_word' id='word_1_804' title='bbox 3204 5325 3405 5375; x_wconf 88' lang='lat' dir='ltr'>autem</span> <span class='ocrx_word' id='word_1_805' title='bbox 3437 5333 3561 5375; x_wconf 90' lang='lat' dir='ltr'>non</span> 
     </span>
    </p>
   </div>
   <div class='ocr_carea' id='block_1_119' title="bbox 1891 5407 3560 5477">
    <p class='ocr_par' dir='ltr' id='par_1_119' title="bbox 1891 5407 3560 5477">
     <span class='ocr_line' id='line_1_119' title="bbox 1891 5407 3560 5477; baseline -0.002 -11"><span class='ocrx_word' id='word_1_806' title='bbox 1891 5412 2086 5466; x_wconf 93' lang='lat' dir='ltr'>solum</span> <span class='ocrx_word' id='word_1_807' title='bbox 2131 5411 2471 5477; x_wconf 86' lang='lat' dir='ltr'>hominum,</span> <span class='ocrx_word' id='word_1_808' title='bbox 2554 5425 2760 5462; x_wconf 85' lang='lat' dir='ltr'>verum</span> <span class='ocrx_word' id='word_1_809' title='bbox 2824 5408 3003 5464; x_wconf 90' lang='lat' dir='ltr'>etiam</span> <span class='ocrx_word' id='word_1_810' title='bbox 3061 5407 3560 5463; x_wconf 89' lang='lat' dir='ltr'>irrationabilium</span> 
     </span>
    </p>
   </div>
   <div class='ocr_carea' id='block_1_120' title="bbox 1889 5496 3556 5568">
    <p class='ocr_par' dir='ltr' id='par_1_120' title="bbox 1889 5496 3556 5568">
     <span class='ocr_line' id='line_1_120' title="bbox 1889 5496 3556 5568; baseline -0.003 -12"><span class='ocrx_word' id='word_1_811' title='bbox 1889 5500 2243 5557; x_wconf 88' lang='lat' dir='ltr'>animalium</span> <span class='ocrx_word' id='word_1_812' title='bbox 2298 5503 2429 5553; x_wconf 82' lang='lat' dir='ltr'>est:</span> <span class='ocrx_word' id='word_1_813' title='bbox 2486 5498 2644 5552; x_wconf 88' lang='lat' dir='ltr'>unde</span> <span class='ocrx_word' id='word_1_814' title='bbox 2690 5500 2745 5552; x_wconf 91' lang='lat' dir='ltr'>et</span> <span class='ocrx_word' id='word_1_815' title='bbox 2795 5497 2973 5552; x_wconf 88' lang='lat' dir='ltr'>catuli</span> <span class='ocrx_word' id='word_1_816' title='bbox 3014 5498 3226 5568; x_wconf 88' lang='lat' dir='ltr'>gestire</span> <span class='ocrx_word' id='word_1_817' title='bbox 3257 5496 3556 5558; x_wconf 86' lang='lat' dir='ltr'>dicuntur,</span> 
     </span>
    </p>
   </div>
   <div class='ocr_carea' id='block_1_121' title="bbox 1889 5584 3562 5655">
    <p class='ocr_par' dir='ltr' id='par_1_121' title="bbox 1889 5584 3562 5655">
     <span class='ocr_line' id='line_1_121' title="bbox 1889 5584 3562 5655; baseline -0.001 -14"><span class='ocrx_word' id='word_1_818' title='bbox 1889 5602 2028 5641; x_wconf 91' lang='lat' dir='ltr'>cum</span> <span class='ocrx_word' id='word_1_819' title='bbox 2090 5587 2386 5641; x_wconf 87' lang='lat' dir='ltr'>internam</span> <span class='ocrx_word' id='word_1_820' title='bbox 2436 5584 2803 5641; x_wconf 88' lang='lat' dir='ltr'>alacritatem</span> <span class='ocrx_word' id='word_1_821' title='bbox 2890 5586 3153 5655; x_wconf 83' lang='lat' dir='ltr'>gestibus</span> <span class='ocrx_word' id='word_1_822' title='bbox 3200 5586 3409 5641; x_wconf 56' lang='lat' dir='ltr'>cauda)</span> <span class='ocrx_word' id='word_1_823' title='bbox 3468 5584 3562 5640; x_wconf 89' lang='lat' dir='ltr'>vel</span> 
     </span>
    </p>
   </div>
   <div class='ocr_carea' id='block_1_122' title="bbox 1888 5675 3563 5733">
    <p class='ocr_par' dir='ltr' id='par_1_122' title="bbox 1888 5675 3563 5733">
     <span class='ocr_line' id='line_1_122' title="bbox 1888 5675 3563 5733; baseline -0.002 -1"><span class='ocrx_word' id='word_1_824' title='bbox 1888 5677 2143 5733; x_wconf 91' lang='lat' dir='ltr'>aliorum</span> <span class='ocrx_word' id='word_1_825' title='bbox 2182 5676 2595 5732; x_wconf 86' lang='lat' dir='ltr'>membrorum</span> <span class='ocrx_word' id='word_1_826' title='bbox 2626 5680 2925 5733; x_wconf 87' lang='lat' dir='ltr'>ostentare</span> <span class='ocrx_word' id='word_1_827' title='bbox 2949 5677 3248 5733; x_wconf 90' lang='lat' dir='ltr'>videntur.</span> <span class='ocrx_word' id='word_1_828' title='bbox 3307 5675 3428 5729; x_wconf 87' lang='lat' dir='ltr'>Hoc</span> <span class='ocrx_word' id='word_1_829' title='bbox 3457 5676 3563 5729; x_wconf 91' lang='lat' dir='ltr'>ita-</span> 
     </span>
    </p>
   </div>
   <div class='ocr_carea' id='block_1_123' title="bbox 1886 5761 3555 5840">
    <p class='ocr_par' dir='ltr' id='par_1_123' title="bbox 1886 5761 3555 5840">
     <span class='ocr_line' id='line_1_123' title="bbox 1886 5761 3555 5840; baseline -0.003 -17"><span class='ocrx_word' id='word_1_830' title='bbox 1886 5782 2006 5840; x_wconf 91' lang='lat' dir='ltr'>que</span> <span class='ocrx_word' id='word_1_831' title='bbox 2033 5766 2168 5824; x_wconf 88' lang='lat' dir='ltr'>loco</span> <span class='ocrx_word' id='word_1_832' title='bbox 2197 5780 2338 5823; x_wconf 88' lang='lat' dir='ltr'>cum</span> <span class='ocrx_word' id='word_1_833' title='bbox 2369 5768 2661 5838; x_wconf 89' lang='lat' dir='ltr'>gaudium</span> <span class='ocrx_word' id='word_1_834' title='bbox 2676 5767 2829 5825; x_wconf 88' lang='lat' dir='ltr'>inter</span> <span class='ocrx_word' id='word_1_835' title='bbox 2856 5765 3337 5840; x_wconf 88' lang='lat' dir='ltr'>perturbationes</span> <span class='ocrx_word' id='word_1_836' title='bbox 3367 5761 3555 5820; x_wconf 84' lang='lat' dir='ltr'>animi</span> 
     </span>
    </p>
   </div>
  </div>
