3904 6436
644 13 3817 77 Im—

163 320 269 372 289

1052 318 1467 375 TRACTATUS
1506 317 1575 372 ΙΝ
1613 312 1815 368 VERS.
1864 314 1881 364 l
1930 310 2081 365 CAP.
2125 312 2213 366 ΧΠ
2252 312 2408 369 ACT.
2450 314 2697 371 APOST.

3469 322 3573 374 290

154 443 496 512 poneretur.
530 440 651 496 Sub
672 456 795 512 quo
827 439 1133 509 nimirum,
1155 441 1288 497 loco
1316 441 1560 498 secundi
1592 440 1809 505 militis,
1850 439 1897 491 Α
1921 432 2139 489 intuitu
2165 434 2529 491 rectitudinis
2552 438 2857 510 avertitur,
2885 439 2999 495 hoc
3028 439 3091 495 in
3118 439 3251 496 loco
3276 440 3402 497 vice
3430 459 3576 515 qua-

159 528 375 584 militat
405 529 709 584 excusatio
759 528 1130 598 fragilitatis:
1183 531 1325 603 quia
1355 546 1813 603 nonnunquam,

155 617 307 673 dum
338 622 671 689 perpetrato
725 617 942 673 scelere
973 624 1253 690 peccator
1282 620 1406 691 ipse
1436 635 1677 692 quoque
1709 635 1816 673 suo

153 707 473 773 addicitur,
505 707 654 775 haec,
679 712 921 779 repente
951 707 1370 775 interveniens,
1400 709 1572 781 quasi
1592 709 1816 765 blando

153 812 298 852 eum
338 795 602 867 alloquio
633 797 996 852 consolatur.
1032 798 1305 867 Suggerit
1355 798 1514 855 enim
1565 799 1645 854 illi
1692 815 1813 853 non

150 901 284 941 esse
314 885 533 940 mirum
561 881 616 940 si
634 890 881 957 peccato
909 886 1220 955 consentit,
1239 887 1461 959 quippe
1482 905 1664 959 quem
1684 888 1816 960 ipsa

152 973 352 1029 carnis
380 973 667 1042 fragilitas
697 975 773 1030 ad
805 979 1117 1046 peccatum
1155 975 1420 1047 impellit.
1455 978 1678 1032 Tertius
1707 977 1815 1032 mi-

151 1063 245 1118 les
268 1062 518 1119 imitatio
534 1063 837 1135 pravitatis
850 1070 1095 1120 vocatur
1116 1082 1127 1119 :
1162 1065 1305 1137 quia
1325 1082 1601 1137 perversa
1620 1083 1812 1133 mens,

153 1170 295 1226 quae
348 1153 589 1225 culpam
644 1170 816 1209 suam
873 1158 1065 1223 tegere
1105 1154 1442 1211 velamento
1488 1155 1813 1225 fragilitatis

151 1241 409 1315 propriae
453 1241 674 1311 nititur,
724 1242 881 1297 hanc
935 1243 1111 1298 etiam
1173 1244 1483 1315 aliquoties
1538 1244 1813 1316 exemplo

151 1332 364 1387 alienae
421 1331 747 1404 iniquitatis
800 1332 947 1387 tueri
996 1338 1283 1397 conatur;
1340 1339 1414 1399 et,
1465 1335 1815 1390 damnanda

150 1436 361 1490 agens,
392 1420 531 1476 inde
575 1436 637 1476 se
682 1421 855 1493 quasi
904 1422 1105 1477 minus
1148 1423 1555 1479 damnabilem
1607 1424 1809 1490 credit,

149 1510 295 1583 quia
345 1510 545 1582 plures
586 1510 776 1567 socios
825 1511 885 1566 in
927 1512 1235 1584 iniquitate
1284 1513 1527 1569 invenit.
1591 1516 1811 1579 Quarto

148 1599 347 1671 gradu
390 1599 561 1655 miles
592 1603 660 1655 ιν
684 1600 1033 1671 ingreditur,
1064 1601 1167 1673 qui
1197 1603 1567 1658 ratiocinatio
1607 1603 1812 1659 condi-

150 1689 329 1745 tionis
349 1694 626 1756 vocatur;
655 1705 763 1761 per
782 1706 969 1762 quam
998 1689 1269 1746 videlicet
1298 1692 1811 1748 ratiocinationem

148 1793 325 1833 mens
362 1778 619 1850 reproba
666 1778 727 1833 in
782 1795 916 1834 eam
970 1779 1325 1853 plerumque
1369 1782 1811 1853 perversitatem
1842 1789 1883 1843 Β

149 1866 382 1938 prosilit
423 1872 488 1922 ut
530 1871 761 1923 reatum
807 1885 985 1923 suum
1037 1869 1451 1925 ratiocinando
1488 1871 1809 1937 defendat;

149 1954 464 2010 afﬁrmans
504 1954 726 2011 scilicet
753 1956 916 2028 quia,
951 1956 998 2011 si
1030 1958 1183 2012 Deus
1214 1957 1448 2012 misceri
1492 1964 1813 2031 utrumque

148 2059 364 2099 sexum
394 2043 702 2113 noluisset,
733 2043 1009 2099 membra
1038 2044 1152 2116 ipsi
1200 2045 1333 2100 huic
1377 2046 1543 2119 operi
1581 2052 1721 2119 apta
1751 2048 1812 2102 in

146 2130 422 2186 humano
473 2146 721 2203 corpore
776 2148 894 2187 non
949 2131 1219 2188 locasset.
1270 2134 1420 2199 Quid
1470 2134 1647 2204 igitur
1698 2136 1812 2191 hoc

146 2225 366 2293 quarto
398 2220 645 2277 satellite
671 2222 1031 2293 perversius,
1067 2238 1174 2294 per
1202 2239 1384 2295 quem
1424 2230 1701 2296 peccator
1729 2225 1813 2280 sic

146 2308 209 2364 in
236 2308 500 2364 tenebris
531 2308 911 2365 interioribus
958 2315 1313 2380 coarctatur,
1347 2316 1411 2367 ut
1440 2313 1617 2368 totius
1642 2312 1813 2384 justi~

150 2397 243 2454 tiae
278 2402 586 2455 auctorem
619 2416 741 2453 suae
770 2398 1068 2469 injustitiae
1101 2400 1474 2473 suspicetur?

224 2491 390 2544 Hunc
421 2489 686 2560 primum
725 2490 1179 2561 quaternionem
1210 2491 1476 2563 sequitur
1511 2491 1681 2557 alius,
1711 2494 1814 2564 qui

148 2577 350 2650 pudor
381 2578 770 2633 confessionis
805 2584 1066 2645 vocatur,
1091 2580 1319 2649 ordine,
1348 2597 1469 2636 non
1505 2581 1814 2637 crudelita-

150 2672 208 2724 te
254 2667 574 2722 secundus.
610 2670 683 2723 Ut
711 2667 858 2740 quid
887 2668 1047 2723 enim
1077 2669 1137 2723 in
1162 2668 1404 2724 latebris
1435 2671 1808 2725 conscientiae

151 2774 217 2814 se
243 2762 523 2830 peccator
559 2757 895 2824 abscondit,
930 2758 1041 2813 nisi
1069 2759 1211 2830 quia
1240 2759 1425 2831 pudet
1455 2776 1592 2814 eum
1626 2761 1812 2815 conti-

152 2847 262 2903 teri
313 2846 479 2919 quod
528 2846 705 2903 fecit?
757 2847 877 2903 Sub
924 2848 1037 2902 hoc
1086 2848 1350 2903 secundo
1399 2850 1812 2920 quaternione,

152 2936 338 2993 Iloco
382 2935 659 3006 levigatio
698 2936 911 2991 militat
953 2936 1162 3009 culpae,
1198 2938 1238 2991 Il
1273 2937 1690 3007 longiturnitas
1730 2940 1809 2994 vi-

150 3030 247 3093 tae,
297 3026 367 3081 ΠΙ
416 3025 806 3098 prmsumptio
838 3025 1046 3092 veniae,
1098 3029 1161 3080 IV
1194 3032 1395 3098 torpor
1420 3028 1809 3096 negligentiae.

151 3114 381 3172 Primas
430 3114 590 3170 enim
638 3114 923 3170 excubias
974 3115 1036 3169 in
1083 3116 1198 3171 hoc
1257 3117 1494 3185 agmine
1538 3118 1814 3188 levigatio
1846 3143 1886 3197 ρ

153 3202 347 3275 culpae
362 3202 672 3270 observat;
706 3220 862 3275 quae,
888 3204 1035 3259 dum
1061 3209 1164 3259 aut
1189 3204 1335 3259 nihil
1362 3210 1463 3261 aut
1490 3223 1703 3276 parum
1732 3224 1817 3263 es-

158 3307 221 3348 se
251 3290 419 3363 quod
450 3296 858 3363 perpetratum
888 3297 979 3347 est
1007 3293 1350 3365 persuadet,
1374 3298 1656 3363 mentem,
1681 3312 1814 3366 quae

151 3381 281 3452 jam
331 3380 645 3436 salubriter
698 3380 1031 3436 contristari
1080 3386 1359 3453 coeperat,
1410 3399 1598 3438 manu
1642 3384 1816 3439 noxie

155 3469 587 3526 consolationis
629 3469 957 3525 demulcet:
1010 3470 1236 3543 sicque,
1287 3472 1433 3526 dum
1481 3473 1645 3544 apud
1689 3474 1817 3543 ejus

156 3557 656 3614 existimationem
678 3557 917 3630 pondus
944 3559 1169 3630 peccati
1189 3559 1423 3627 levigat,
1450 3560 1568 3629 agit
1602 3566 1664 3617 ut
1685 3578 1818 3617 eam

156 3647 400 3721 pondus
426 3646 632 3718 judicii
680 3647 1050 3720 quandoque
1092 3647 1536 3703 intolerabiliter
1568 3656 1816 3721 premat.

157 3739 315 3792 Loco
344 3740 547 3792 autem
572 3736 820 3791 secundi
836 3735 1487 3805 militis,longiturnitas
1500 3738 1633 3793 vitae
1658 3756 1824 3795 com-

154 3830 424 3899 putatur,
457 3826 602 3898 quia
634 3825 939 3896 nimirum,
968 3826 1115 3881 dum
1138 3841 1308 3881 mens
1338 3825 1521 3895 longa
1549 3828 1659 3883 sibi
1687 3829 1820 3885 vites

155 3915 353 3988 spatia
380 3914 712 3987 pollicetur,
745 3916 931 3970 serius
976 3931 1161 3988 quam
1213 3920 1444 3987 oportet
1482 3916 1556 3971 de
1595 3919 1823 3989 peccati

154 4004 249 4059 sui
320 4020 554 4059 carcere
620 4020 727 4076 per
780 4004 1000 4060 ostium
1049 4004 1443 4060 confessionis
1502 4008 1821 4075 egreditur.

156 4095 355 4158 Quam
386 4092 567 4148 etiam
598 4093 676 4149 ad
708 4092 1142 4149 confessionnis
1188 4092 1536 4149 dilationem
1580 4111 1649 4151 ea
1681 4112 1833 4152 non-

154 4197 482 4253 nunquam
531 4182 811 4252 cogitatio
860 4182 1058 4249 nutrit,
1107 4182 1291 4255 quod,
1338 4183 1827 4258 quandocumque

155 4274 566 4337 convertatur,
599 4274 839 4326 veniam
888 4270 1000 4325 sibi
1048 4270 1260 4326 donari
1310 4273 1638 4343 praesumit,
1684 4274 1840 4347 sicut

156 4359 454 4431 scriptum
468 4364 560 4414 est
583 4378 594 4414 :
628 4361 699 4415 In
732 4375 1087 4430 quacunque
1112 4361 1207 4415 die
1217 4366 1499 4429 peccator
1519 4377 1835 4418 conversus

152 4449 371 4518 fuerit,
393 4455 447 4503 et
461 4450 837 4519 ingemuerit,
857 4450 1059 4505 salvus
1083 4451 1217 4505 erit.
1248 4450 1397 4515 Quia
1419 4465 1565 4519 ergo
1590 4467 1698 4523 per
1719 4452 1833 4507 hoc

156 4536 349 4611 quod,
384 4536 496 4592 sibi
526 4537 599 4593 de
629 4537 832 4593 divina
857 4538 1266 4594 misericordia
1293 4539 1428 4610 plus
1472 4540 1643 4610 juxto
1668 4540 1838 4615 blan_

158 4626 357 4693 diens,
391 4627 631 4682 veniam
654 4642 714 4681 se
736 4627 1473 4699 mereri,quandocunque
1497 4628 1719 4699 redeat,
1752 4647 1841 4687 re-

158 4716 475 4790 promittit,
500 4732 621 4771 non
641 4716 938 4772 immerito
959 4717 1090 4789 ipsa
1102 4717 1492 4788 praesumptio
1507 4718 1718 4788 venite,
1734 4735 1840 4791 per

160 4821 354 4878 quam
380 4805 676 4860 confessia
703 4804 990 4872 differtur,
1014 4805 1148 4860 loco
1170 4804 1317 4861 tertii
1339 4805 1540 4861 militis
1560 4822 1839 4863 numera-

162 4900 279 4950 tur.
313 4895 571 4959 Quartus
600 4910 842 4966 quoque
875 4894 1047 4949 miles
1080 4899 1170 4949 est
1203 4900 1404 4965 torpor
1431 4894 1836 4965 negligentiae;

159 4983 331 5056 quia,
363 4982 509 5037 dum
542 4988 844 5055 peccator,
879 4982 1098 5055 pudori
1130 4999 1242 5038 suo
1270 4982 1586 5038 carnaliter
1611 4986 1843 5057 prospi-

161 5072 353 5137 ciens,
394 5071 661 5127 conﬁteri
700 5071 1071 5139 dissimulat;
1120 5071 1288 5142 dum,
1323 5071 1434 5125 sibi
1472 5074 1646 5127 noxie
1676 5072 1843 5129 blan-

161 5162 357 5225 diens,
379 5160 622 5233 pondus
652 5161 765 5217 sibi
793 5161 885 5216 sui
912 5160 1139 5233 peccati
1169 5160 1389 5230 levigat
1414 5179 1426 5227 ;
1456 5160 1623 5227 dum,
1653 5161 1727 5216 de
1759 5162 1843 5217 di-

160 5251 308 5306 vina
328 5249 783 5319 longanimitate
809 5265 1207 5323 praesumens,
1237 5250 1501 5305 converti
1523 5249 1837 5322 detrectat;

160 5343 413 5413 repente
438 5338 500 5393 in
532 5343 769 5411 torpore
800 5338 1175 5408 negligentiae
1214 5338 1547 5395 resolutum
1580 5338 1708 5395 dies
1739 5357 1840 5395 ex-

161 5434 363 5486 trema
394 5428 761 5500 supplantat.
790 5428 903 5483 Sed
936 5434 999 5483 ut
1028 5427 1175 5499 quid
1220 5444 1281 5482 se
1338 5428 1522 5483 homo
1556 5428 1615 5483 in
1665 5428 1841 5501 culpa

162 5524 291 5575 tam
325 5516 584 5573 molliter
610 5516 857 5589 palpat?
892 5519 959 5572 Ut
983 5516 1129 5588 quid
1161 5532 1297 5572 eam
1328 5521 1414 5572 tot
1442 5518 1839 5573 velaminibus

163 5606 414 5681 operit?
447 5604 558 5659 nisi
590 5605 753 5675 quia,
783 5621 987 5660 amore
1016 5605 1250 5677 privato
1274 5621 1333 5660 se
1360 5605 1634 5676 diligens,
1659 5606 1837 5679 aequi-

163 5697 307 5754 tatis
342 5693 617 5764 regulam
653 5698 713 5748 ut
744 5710 805 5749 se
836 5694 1045 5763 diligat
1072 5709 1193 5749 non
1221 5694 1493 5750 assumit.

243 5783 417 5857 Unde
447 5787 504 5839 et
531 5797 703 5839 amor
732 5781 859 5854 ipse
885 5783 1172 5855 privatus,
1199 5799 1307 5855 per
1331 5798 1515 5855 quem
1543 5785 1727 5841 homo
1756 5783 1833 5839 ab

1920 523 2202 578 ternionis
2234 525 2381 580 tertii
2408 531 2808 599 computatur.
2844 534 2910 583 ln
2940 529 3122 599 hujus
3149 531 3435 587 comitatu
3463 533 3579 605 pri-

1920 629 2053 667 mus
2084 613 2251 669 miles
2299 619 2387 670 est
2416 617 2716 687 appetitus
2749 617 2942 683 fama,
2980 622 3023 672 ll
3064 620 3250 676 rubor
3293 622 3576 692 abjectio-

1919 702 2029 769 nis,
2066 703 2132 756 ΙΙΙ
2160 702 2320 772 rigor
2345 704 2727 776 paenitentiae,
2770 709 2835 761 ιν
2868 712 3059 761 metus
3100 712 3573 780 perseverantiae.

1920 791 1984 845 In
2031 790 2203 846 istius
2236 791 2438 864 itaque
2470 794 2878 865 quaternionis
2928 795 3053 850 acie
3095 797 3323 868 primus
3368 801 3581 858 militat

1919 880 2217 951 appetitus
2264 881 2460 947 famm,
2494 882 2597 953 qui
2642 883 2927 938 nimirum
2978 884 3060 939 sic
3102 902 3212 942 suo
3242 888 3578 959 primicerio

1919 967 1994 1022 ad
2027 967 2393 1038 adjutorium
2421 970 2755 1040 copulatur,
2792 977 2854 1026 ut
2883 972 2957 1027 de
2986 972 3084 1028 illo
3124 976 3304 1032 etiam
3336 993 3579 1047 genere-

1920 1061 2029 1112 tur.
2065 1060 2211 1111 Nam
2241 1058 2512 1130 quisquis
2540 1059 2774 1130 privato
2798 1076 3003 1116 amore
3037 1079 3100 1117 se
3144 1070 3326 1133 amat,
3358 1066 3436 1122 ad
3466 1068 3580 1123 hoc

1920 1161 2286 1217 magnopere
2318 1146 2521 1202 nititur
2566 1153 2630 1202 ut
2672 1166 2777 1220 per
2806 1150 3035 1206 famam
3077 1152 3442 1212 laudabilem
3471 1174 3580 1213 no—

1918 1251 2055 1290 men
2105 1252 2228 1289 suae
2256 1235 2551 1308 opinionis
2582 1238 2919 1304 exstendat;
2968 1257 3102 1312 quae
3150 1244 3420 1301 videlicet
3458 1248 3584 1319 opi-

1918 1321 2113 1375 nionis
2141 1324 2407 1379 extensio
2423 1325 2655 1380 vultum
2685 1326 3081 1383 confessionis
3112 1334 3420 1404 praepedit,
3439 1336 3582 1407 quia

1918 1408 2173 1477 difﬁcile,
2204 1411 2324 1467 imo
2368 1412 2735 1485 impossibile
2771 1420 2858 1469 est
2888 1420 2953 1471 ut
2981 1416 3189 1489 culpas
3223 1437 3362 1475 suas
3392 1423 3583 1492 possit

1918 1514 2066 1570 pure
2094 1500 2366 1569 detegere
2390 1502 2731 1558 confitendo
2746 1504 3020 1576 quisquis
3039 1506 3237 1562 adhuc
3259 1510 3423 1581 apud
3444 1510 3583 1567 alio-

1919 1604 2053 1643 rum
2085 1590 2540 1647 aestimationem
2566 1592 2861 1661 gloriosus
2890 1595 3111 1666 appetit
3141 1612 3449 1669 apparere.
3472 1603 3582 1655 Un-

1921 1677 1994 1732 de
2025 1678 2097 1732 de
2127 1679 2239 1733 hoc
2269 1696 2511 1752 quoque
2559 1681 2741 1737 milite
2772 1682 2921 1737 alius
2951 1690 3317 1756 procreatur,
3340 1688 3446 1760 qui
3468 1706 3581 1762 pu-

1923 1767 2033 1822 dor
2064 1768 2413 1838 abjectionis
2442 1775 2691 1826 vocatur
2717 1790 2729 1838 ;
2781 1772 2925 1844 quia
2953 1778 3115 1829 tanto
3148 1791 3211 1831 se
3236 1777 3490 1850 quisque
3518 1780 3581 1835 in

1924 1858 2295 1913 confessione
2331 1859 2555 1914 tardius
2581 1860 2656 1915 de
2692 1862 3034 1917 commissis
3066 1864 3363 1936 humiliat,
3393 1884 3583 1940 quan-

1923 1952 1981 2002 to
2020 1946 2188 2001 illum
2233 1947 2491 2019 amplius
2524 1954 2627 2004 aut
2664 1949 2777 2004 loci
2804 1954 2908 2006 aut
2938 1952 3163 2008 ordinis
3208 1954 3459 2013 altitudo
3486 1958 3584 2014 de-

1922 2036 2114 2091 lectat.
2152 2040 2215 2091 Et
2242 2036 2390 2092 dum
2422 2037 2689 2108 abjectus
2731 2040 2914 2095 videri
2957 2043 3211 2098 exterius
3262 2046 3579 2117 erubescit,

1922 2124 1983 2179 in
2034 2124 2248 2180 interni
2291 2125 2510 2195 judicis
2552 2126 2857 2183 obtutibus
2888 2130 3331 2189 erubescendus
3376 2137 3583 2193 haberi

1922 2230 2046 2269 non
2077 2214 2285 2269 metuit
2311 2232 2323 2281 ;
2378 2215 2695 2288 magisque
2726 2222 2959 2273 veretur
2988 2235 3061 2274 ne
3100 2221 3251 2277 inter
3280 2232 3582 2283 consortes

1926 2304 2243 2376 despectus
2273 2311 2581 2376 appareat,
2613 2322 2800 2378 quam
2831 2324 2904 2364 ne
2943 2325 3081 2364 eum
3115 2328 3325 2384 aequus
3354 2316 3583 2372 Arbiter

1926 2398 2093 2448 extra
2117 2392 2483 2448 consortium
2505 2394 2822 2449 humilium
2847 2396 3056 2452 mittat.
3078 2400 3368 2463 Quocirca
3386 2419 3583 2460 exem-

1925 2482 2026 2554 plo
2045 2498 2156 2535 suo
2180 2480 2492 2536 Psalmista
2509 2498 2621 2536 nos
2646 2484 2899 2546 instruit,
2918 2485 3123 2541 dicens
3151 2505 3163 2542 :
3196 2490 3373 2561 Etegz'
3386 2494 3581 2562 abjec-

1928 2571 2020 2621 tus
2048 2582 2166 2623 esse
2194 2569 2253 2622 in
2282 2569 2452 2624 domo
2482 2571 2592 2624 Dei
2621 2572 2753 2639 mei,
2784 2576 2974 2644 magis
3006 2591 3183 2644 quam
3216 2577 3491 2637 habitare
3518 2583 3581 2637 in

1926 2658 2329 2712 tabernaculis
2357 2666 2757 2727 peccatorum.
2792 2661 2905 2717 Sed
2932 2662 3085 2718 inter
3109 2665 3237 2721 haec
3268 2669 3582 2727 sciendum

1923 2744 2065 2815 quia
2096 2744 2446 2817 plerumque
2495 2752 2868 2817 peccatorem
2918 2767 3026 2806 nec
3058 2755 3356 2825 appetitus
3386 2758 3582 2825 famae,

1923 2848 2032 2887 nec
2058 2832 2242 2887 rubor
2274 2834 2623 2904 abjectionis
2663 2852 2699 2891 a
2729 2838 3149 2897 confessionne
3179 2846 3442 2913 retrahit,
3479 2848 3585 2903 sed

1924 2922 2082 2991 rigor
2113 2923 2475 2994 pmnitentize
2507 2928 2564 2979 et
2604 2931 2799 2981 metus
2826 2933 3301 2999 perseverantiae.
3340 2936 3501 2991 Unde
3531 2942 3588 2992 et

1922 3012 2048 3067 haec
2080 3012 2200 3067 duo
2229 3029 2338 3084 pro
2369 3013 2610 3069 duobus
2640 3016 2744 3087 qui
2774 3023 2995 3074 restant
3022 3021 3309 3080 militibus
3342 3042 3587 3098 compu-

1925 3104 2143 3172 tantur,
2173 3101 2315 3173 quia
2347 3107 2401 3157 et
2425 3102 2557 3174 ipsa
2596 3106 2856 3161 maxime
2888 3110 3263 3179 praepediant
3292 3129 3365 3168 ne
3405 3114 3454 3169 is
3483 3115 3587 3186 qui

1927 3196 2138 3263 captus
2189 3197 2275 3246 est
2321 3198 2585 3260 ematur;
2646 3210 2908 3266 quorum
2958 3214 3148 3253 unum
3204 3204 3465 3259 nascitur
3516 3221 3588 3260 ex

1926 3298 2130 3338 amore
2157 3282 2376 3352 carnis,
2410 3283 2571 3337 aliud
2609 3300 2681 3339 ex
2712 3286 3079 3344 immissione
3108 3289 3450 3349 adversarii.
3495 3296 3588 3351 Ri-

1927 3389 2037 3443 gor
2061 3373 2220 3427 enim
2248 3373 2608 3444 poenitentiae
2630 3376 2733 3446 qui
2764 3384 3136 3448 peccatorem
3164 3397 3200 3435 a
3217 3384 3588 3441 confessione

1929 3462 2200 3533 deterret,
2252 3478 2325 3517 ex
2372 3464 2568 3517 carnis
2616 3480 2821 3519 amore
2875 3467 3164 3535 nascitur;
3226 3473 3388 3542 quia,
3440 3475 3588 3530 dum

1930 3552 2092 3625 apud
2126 3568 2186 3605 se
2219 3552 2426 3607 tacitus
2447 3554 2761 3625 perpendit
2784 3561 3011 3625 quanta
3036 3557 3169 3626 sibi,
3199 3559 3246 3613 si
3278 3563 3588 3619 confessus

1928 3642 2120 3710 fuerit,
2155 3658 2263 3713 pro
2296 3641 2690 3697 satisfactione
2721 3643 2984 3699 criminis
3013 3646 3421 3720 injungentur,
3454 3669 3587 3707 car-

1930 3732 2023 3789 nis
2055 3747 2175 3786 suse
2208 3730 2583 3786 teneritudini
2625 3748 2895 3803 parcens,
2930 3750 2966 3789 a
2995 3735 3365 3795 confessione
3396 3746 3581 3797 retar-

1932 3822 2125 3877 datur.
2160 3824 2338 3876 Metus
2374 3826 2573 3876 autem
2624 3825 3080 3893 perseverantiae
3108 3842 3180 3881 ex
3216 3827 3588 3888 immissione

1937 3909 2264 3967 adversarii
2295 3916 2646 3979 generatur;
2694 3912 2796 3984 qui
2826 3913 3045 3970 idcirco
3090 3922 3466 3988 peccatorem
3516 3921 3590 3977 de

1936 3999 2375 4075 perseverantia
2421 4000 2614 4055 reddit
2657 4008 3022 4073 suspectum,
3064 4011 3127 4060 ut
3160 4023 3398 4079 semper
3424 4010 3593 4066 illum

1940 4095 2137 4147 teneat
2156 4090 2217 4144 in
2247 4090 2552 4162 iniquitate
2572 4090 2872 4147 reclusum
2898 4110 2909 4147 :
2944 4100 3008 4149 ut
3032 4096 3250 4153 scilicet
3278 4114 3593 4173 nunquam

1941 4181 2173 4237 bonum
2204 4180 2420 4236 audeat
2448 4180 2749 4249 inchoare,
2778 4183 2925 4239 dum
2971 4186 3179 4241 metuit
3216 4203 3289 4242 ne
3318 4190 3507 4261 possit
3534 4191 3594 4245 in

1945 4286 2015 4325 eo
2042 4269 2205 4342 quod
2238 4270 2413 4341 coepit
2440 4270 2786 4341 perdurare.

2018 4361 2273 4424 Quartus
2322 4359 2654 4430 quaternio,
2714 4361 2817 4431 qui
2882 4362 3249 4433 profundum
3297 4366 3595 4422 malorum

1946 4449 2176 4513 dicitur,
2228 4447 2473 4502 ultimus
2532 4448 2803 4504 omnium
2860 4452 3134 4520 excubat,
3197 4458 3258 4509 ut
3313 4455 3593 4510 commis-

1947 4552 2081 4593 sum
2139 4534 2249 4589 sibi
2307 4535 2381 4589 de
2450 4536 2750 4606 profundo
2815 4536 3053 4592 malitiae
3109 4541 3167 4594 in
3226 4542 3590 4612 profundum

1946 4640 2121 4698 paene
2167 4623 2487 4695 pertrahat.
2525 4623 2708 4677 Habet
2740 4624 2897 4678 enim
2946 4630 3001 4679 et
3046 4626 3172 4696 ipse
3216 4631 3281 4681 IV
3318 4630 3595 4687 satellites

1949 4713 2027 4769 ad
2075 4711 2291 4784 captivi
2344 4710 2679 4766 custodiam
2726 4712 3076 4784 deputatos:
3129 4732 3386 4787 quorum
3437 4722 3457 4772 Ι
3512 4722 3599 4774 est

1949 4806 2348 4874 contemptus,
2383 4804 2424 4854 ll
2455 4800 2770 4856 obduratio
2801 4802 3016 4868 cordis,
3048 4804 3109 4858 lll
3144 4804 3593 4877 imprenitentia,

1952 4896 2017 4949 lV
2056 4893 2288 4948 caecitas
2337 4890 2570 4945 mentis.
2616 4894 2693 4946 De
2738 4892 3036 4963 profundo
3090 4894 3248 4949 enim
3297 4896 3595 4952 malorum

1950 4986 2087 5037 ante
2118 4981 2249 5036 illos
2282 4985 2300 5035 Ι
2334 4985 2708 5052 contemptus
2734 4982 3012 5052 exoritur,
3046 4983 3205 5055 quia,
3240 4984 3391 5040 sicut
3411 4985 3595 5057 scrip-

1951 5077 2078 5127 tum
2104 5076 2229 5126 est:
2262 5071 2552 5126 Peccator
2581 5087 2713 5126 cum
2744 5074 2965 5127 venerit
2994 5074 3053 5127 in
3074 5074 3451 5141 profundum
3476 5091 3597 5131 ma-

1954 5164 2169 5229 lorum,
2218 5162 2558 5215 contemnit.
2604 5159 2926 5215 Obduratio
2975 5178 3216 5234 quoque
3261 5164 3456 5219 cordis
3488 5180 3597 5237 pro

1953 5254 1995 5305 ll
2028 5249 2207 5304 milite
2255 5253 2624 5315 numeratur,
2656 5248 2795 5319 quia
2822 5265 2981 5319 cum,
3014 5250 3387 5308 considerata
3413 5254 3599 5309 malo-

1949 5354 2084 5392 rum
2117 5353 2364 5391 suorum
2393 5337 2758 5401 enormitate,
2782 5337 3018 5393 veniam
3043 5356 3105 5394 se
3123 5340 3251 5410 jam
3278 5358 3399 5398 non
3422 5358 3599 5415 posse

1950 5426 2163 5482 mereri
2194 5424 2495 5495 conﬁngit,
2528 5442 2633 5497 per
2662 5441 2910 5496 campos
2937 5428 3113 5483 totius
3134 5431 3372 5487 malitia:
3404 5436 3600 5487 mente

1949 5516 2246 5572 obdurata
2274 5514 2566 5570 discurrit.
2621 5514 3089 5574 Obdurationem
3120 5536 3363 5594 quoque
3402 5522 3598 5578 cordis

1948 5610 2015 5661 ΙΙΙ
2048 5604 2477 5677 impaeniteutia
2508 5605 2813 5677 sequitur;
2848 5624 2953 5679 per
2973 5625 3159 5681 quam
3190 5619 3487 5683 peccator,
3510 5612 3598 5667 di-

1946 5695 2118 5749 vitias
2134 5694 2350 5749 divinae
2382 5692 2848 5763 longanimitatis
2866 5706 3277 5771 contemnens,
3301 5702 3443 5757 dum
3466 5717 3599 5775 pec-

1949 5787 2081 5839 cata
2105 5781 2363 5855 peccatis
2389 5784 2750 5855 accumulat,
2771 5786 2925 5844 iram
2954 5787 3067 5845 sibi
3090 5788 3154 5845 in
3181 5789 3280 5847 die
3297 5790 3600 5859 irw,juxta
