3904 6376
1436 267 1497 324 8.
1541 265 1875 324 FULBERTI
1911 262 2391 323 CARNOTBNSIS
2430 266 2765 324 EPISCOPI.

3704 272 3802 327 292

388 392 765 467 Apostolum,
790 390 1166 448 thesaurizat.
1196 393 1351 446 Loco
1373 394 1575 447 autem
1612 392 1679 445 IV
1703 387 1902 445 militis
1934 403 2046 443 cte-
2068 387 2117 443 Δ
2156 394 2391 446 vastare
2419 391 2694 457 dicimus,
2719 390 2914 457 nobis,
2940 390 3045 463 qui
3074 390 3332 461 religiosi
3362 391 3655 460 videmur,
3682 409 3802 450 ma-

389 483 537 539 citas
585 480 800 538 mentis
844 479 1168 551 accipitur:
1219 479 1363 551 quia
1403 478 1481 534 ad
1521 495 1799 535 normam
1824 477 2044 533 divinae

392 570 756 627 rectitudinis
784 568 1036 640 pertinet
1065 572 1129 623 ut
1154 572 1452 640 peccator,
1483 567 1587 640 qui
1632 584 1788 640 saepe
1836 568 1896 623 in
1927 564 2047 621 cuL

390 676 534 734 pam
563 657 846 723 gvidendo
903 661 963 711 et
1011 656 1452 712 contemnendo
1505 658 1929 730 praecipitatur,
1984 656 2044 711 in

390 764 526 804 eam
554 745 921 819 quandoque
948 745 1127 800 etiam
1157 760 1279 801 non
1316 745 1523 801 videns
1551 746 1955 819 impingatur;
1989 748 2046 800 et

391 836 494 909 qui
556 851 663 909 per
726 850 829 889 cor
889 834 1271 907 impaenitens
1336 839 1512 891 antea
1568 835 1826 908 perdidit
1889 835 2043 891 bene

388 925 607 991 vivere,
648 922 1035 996 postmodum
1082 939 1189 996 per
1227 939 1329 978 cor
1369 923 1648 979 divinitus
1677 928 2041 980 excaecatum

388 1014 602 1087 perdat
628 1013 808 1068 etiam
828 1014 979 1069 bene
1011 1013 1177 1069 scire.
1208 1016 1349 1068 Ecce
1379 1014 1440 1069 in
1468 1030 1655 1086 quam
1683 1031 1910 1070 saevam
1937 1030 2040 1069 cu-

390 1102 646 1158 stodiam
671 1118 732 1157 se
761 1102 1008 1157 retrudit
1034 1100 1357 1174 qui,hostis
1380 1103 1870 1173 persuasionibus
1896 1119 2041 1159 con-

390 1192 669 1261 sentiens,
709 1190 1084 1246 delectationi
1131 1191 1309 1245 noxie
1360 1191 1614 1247 molliter
1679 1193 2037 1266 acquiescit!

391 1284 535 1337 Ecce
563 1296 751 1353 quam
781 1294 903 1335 non
931 1295 1056 1334 suae
1095 1280 1401 1351 potestatis
1435 1297 1497 1336 se
1526 1281 1703 1337 efﬁcit
1743 1283 1847 1355 qui
1879 1285 2041 1339 Sata-

388 1388 482 1428 nae
512 1370 783 1444 potestati
830 1369 1139 1443 peccando
1188 1386 1249 1425 se
1279 1370 1495 1427 traditi
1546 1374 1687 1427 Ecce
1715 1371 1955 1444 quantis
1986 1377 2042 1428 et

384 1476 573 1534 quam
605 1460 777 1515 saevis
806 1458 1153 1514 custodibus
1194 1459 1501 1527 delegatur
1534 1461 1829 1533 quisquis,
1861 1461 2042 1518 conﬁ-

389 1548 493 1605 teri
538 1547 949 1617 dissimulans,
984 1548 1043 1603 in
1083 1563 1203 1601 suae
1245 1548 1622 1604 conscientiae
1667 1549 1908 1605 latebris
1947 1565 2043 1605 oc-

384 1636 669 1692 cultatur!
719 1635 1067 1691 Cavendum
1094 1635 1295 1708 itaque
1343 1652 1723 1709 summopere
1754 1638 1928 1694 nobis
1954 1643 2041 1694 est

2153 492 2273 547 gna
2299 479 2562 551 profecto
2590 479 2919 549 ignominia
2943 479 3070 548 erit,
3100 480 3169 547 si,
3198 484 3333 551 post
3375 480 3696 537 transitum
3723 482 3801 537 vi-

2153 570 2223 623 ta;
2270 568 2469 638 hujus,
2516 569 2628 624 illis
2679 570 2857 623 etiam
2901 568 2975 623 ad
3029 568 3438 640 spectaculum
3490 570 3801 626 derisionis

2150 657 2559 728 producimur,
2604 657 2730 730 qui,
2761 672 2869 729 per
2918 656 3040 712 lata
3066 657 3443 730 voluptatum
3486 658 3702 715 itinera
3728 660 3803 715 di-

2153 752 2507 817 scurrentes,
2541 747 2722 802 vitam
2752 762 2926 802 suam
2952 746 3221 819 quotidie
3250 747 3637 819 populantur.

2223 838 2305 890 1X.
2350 836 2664 908 Sequitur:
2713 836 2791 891 Et
2817 838 3035 891 Petrus
3064 836 3302 906 quidem
3343 837 3707 893 servabatur
3742 840 3801 893 in

2153 938 2409 987 carcere,
2441 925 2635 980 oratio
2661 930 2859 980 autem
2886 924 3064 993 ﬁebat
3094 926 3220 981 sine
3262 926 3698 983 intermissione
3730 926 3804 982 ab

2148 1014 2414 1068 Ecclesia
2445 1016 2526 1069 ad
2572 1015 2761 1070 Deum
2796 1029 2909 1083 pro
2956 1029 3041 1070 eo.
3077 1015 3226 1069 Cum
3272 1015 3321 1069 is
3363 1015 3469 1087 qui
3498 1016 3559 1071 in
3587 1016 3807 1089 captio-

2148 1117 2287 1156 nem
2316 1102 2540 1158 diaboli
2561 1103 2875 1165 detinetur,
2894 1118 3000 1175 per
3029 1118 3091 1158 se
3120 1102 3333 1158 exinde
3362 1104 3521 1160 exire
3553 1110 3659 1160 aut
3687 1119 3806 1160 non

2147 1189 2286 1245 velit
2314 1195 2417 1245 aut
2445 1206 2567 1245 non
2610 1190 2781 1261 valet,
2815 1190 2893 1246 ad
2939 1191 3173 1263 pietatis
3211 1195 3431 1247 sanctae
3464 1190 3673 1247 matris
3704 1192 3806 1244 Ec-

2149 1279 2340 1334 clesiae
2367 1280 2619 1351 pertinet
2667 1281 2865 1335 sinum
2912 1286 2976 1337 ut
3023 1281 3079 1337 ei
3109 1297 3145 1337 a
3184 1281 3437 1337 Domino
3464 1278 3809 1351 egrediendi

2148 1368 2425 1441 imploret
2448 1369 2745 1425 effectum.
2798 1372 3121 1442 Utrumque
3149 1370 3311 1426 enim
3340 1386 3378 1426 a
3420 1369 3675 1425 Domino
3704 1383 3809 1423 ne-

2148 1458 2410 1514 cessario
2438 1459 2793 1530 postulatur,
2812 1458 2957 1531 quia
2985 1464 3283 1530 peccator,
3314 1458 3377 1514 in
3405 1473 3642 1514 carcere
3673 1471 3814 1529 pec-

2148 1547 2263 1603 cati
2288 1548 2579 1617 reclusus,
2604 1552 2769 1603 tanta
2799 1546 3109 1620 aliquoties
3131 1548 3581 1603 insensibilitate
3611 1545 3814 1602 obdu-

2148 1638 2344 1705 rescit,
2374 1636 2552 1691 tantis
2582 1636 2839 1691 tenebris
2883 1635 3303 1705 obumbratur,
3335 1640 3400 1691 ut
3427 1651 3539 1690 nec
3565 1632 3816 1707 squalo-

346 1731 354 1737 ‘
386 1737 462 1777 ne
502 1736 771 1793 unquam
808 1720 1117 1776 delectatio
1154 1735 1340 1793 prava
1377 1721 1437 1776 in
1468 1738 1829 1778 consensum
1875 1726 2038 1778 tran-
2070 1740 2111 1795 Β
2147 1740 2274 1779 rem
2322 1724 2413 1778 sui
2458 1724 2710 1779 carceris
2762 1724 2995 1793 sentiat,
3028 1739 3137 1778 nec
3166 1723 3403 1778 vincula
3431 1723 3656 1794 quibus
3687 1720 3818 1777 alli-

389 1813 538 1879 seat,
555 1815 630 1876 et,
663 1824 854 1881 usque
886 1808 964 1864 ad
992 1808 1274 1864 affectum
1303 1810 1595 1881 peccandi
1624 1811 2036 1883 progrediens,

388 1901 620 1957 Satanae
663 1914 775 1955 nos
799 1898 1029 1971 laqueis
1054 1898 1181 1968 jam
1213 1898 1479 1970 captivos
1510 1900 1815 1969 astringat.
1851 1900 1909 1956 Si
1938 1916 2039 1956 au-

386 1994 507 2046 tem
529 2006 636 2062 per
664 1994 931 2046 nostram
960 1987 1269 2044 mollitiem
1290 1989 1419 2059 jam
1446 1990 1601 2061 capti
1628 1995 1915 2057 tenemur,
1944 2007 2038 2046 ca-

384 2094 636 2135 veamus
665 2077 1029 2135 omnimodis
1054 2093 1129 2132 ne
1149 2078 1211 2133 in
1236 2093 1473 2133 carcere
1495 2079 1907 2147 retrudamur;
1932 2079 2035 2135 sed

382 2167 741 2240 quantocius
782 2166 994 2223 ardore
1040 2167 1399 2238 poenitentiae
1443 2168 1732 2239 succensi,
1774 2184 1875 2223 eos
1930 2169 2035 2241 qui

385 2270 496 2312 nos
520 2255 857 2325 astringunt
890 2258 1124 2312 Satanas
1153 2256 1401 2327 laqueos
1430 2272 1723 2312 exuamus
1752 2274 1765 2311 :
1811 2273 1885 2313 ne
1915 2257 2033 2313 for-

386 2350 461 2413 te,
513 2344 562 2400 si
611 2344 820 2401 tandiu
861 2344 1208 2411 differimus,
1250 2349 1415 2401 tanto
1449 2345 1742 2401 difﬁcilior
1780 2346 1908 2416 jam
1957 2347 2034 2402 ad

385 2433 892 2508 progrediendum
940 2432 1137 2489 aditus
1176 2438 1393 2505 pateat,
1427 2438 1653 2506 quanto
1692 2450 1805 2489 nos
1840 2435 2033 2491 multi-

382 2523 521 2597 plex
545 2524 818 2580 custodia
844 2522 1109 2595 undique
1138 2522 1566 2579 circumvallat.
1611 2523 1725 2579 Sed
1754 2527 1920 2580 Petro
1950 2541 2036 2580 re-

384 2615 552 2669 truso
580 2611 642 2668 in
666 2627 922 2679 carcere,
965 2615 1026 2667 et
1076 2610 1568 2684 quaternionibus
1614 2611 1918 2684 deputato,
1949 2613 2034 2669 vi-

384 2701 636 2759 deamus
659 2702 807 2775 quid
831 2701 1116 2773 sequitur.

455 2794 589 2847 Vlll.
633 2793 841 2847 Valens
857 2796 991 2860 post
1016 2789 1243 2858 pascha
1269 2788 1600 2858 producere
1629 2805 1759 2845 eum
1780 2793 2029 2859 populo.

383 2881 529 2935 Ecce
573 2879 653 2935 ad
680 2878 825 2951 quid
858 2878 1162 2950 captivum
1211 2893 1389 2931 suum
1420 2876 1696 2933 diabolus
1726 2883 2033 2952 tantopere

384 2972 609 3034 servat;
637 2983 775 3023 ecce
804 2982 911 3021 cur
938 2981 1076 3021 eum
1115 2965 1335 3021 carceri
1375 2967 1713 3039 mancipat!
1760 2972 1902 3024 Ecce
1929 2986 2034 3024 cur

381 3060 468 3112 tot
495 3060 552 3111 et
580 3055 755 3111 tantis
784 3070 924 3110 eum
949 3054 1389 3126 apparitoribus
1414 3056 1651 3125 delegat
1676 3058 1688 3111 !
1723 3062 1787 3113 ut
1815 3058 2035 3114 scilicet

382 3160 521 3202 eum
540 3143 769 3217 populo
781 3144 860 3199 ad
879 3144 1287 3216 spectaculum
1307 3150 1444 3216 post
1465 3147 1693 3219 pascha
1713 3148 2028 3219 producat.

383 3233 534 3298 Quia
561 3233 723 3288 enim
740 3234 969 3305 pascha
990 3238 1278 3289 transitus
1302 3233 1535 3302 dicitur,
1560 3252 1683 3292 non
1705 3237 2032 3307 incongrue

381 3338 488 3396 per
500 3322 615 3378 hoc
628 3322 985 3379 vocabulum
1012 3322 1293 3378 transitus
1323 3323 1797 3399 uniuscujusque
1822 3327 1895 3383 de
1917 3329 2031 3384 hac

381 3412 502 3468 vita
532 3411 816 3481 signatur.
846 3414 1066 3468 Omnes
1097 3412 1321 3484 quippe
1348 3414 1658 3470 moriendo
1678 3416 2028 3485 transimus;

378 3500 485 3556 sed
514 3500 753 3556 interest
769 3504 969 3555 utrum
999 3515 1106 3571 per
1135 3505 1389 3555 mortem
1414 3502 1492 3556 ad
1519 3509 1792 3572 mortem,
1822 3521 1900 3561 an
1925 3523 2033 3579 per

378 3595 633 3646 mortem
663 3594 1044 3646 transeamus
1090 3589 1169 3647 ad
1208 3590 1413 3647 vitam.
1453 3595 1559 3647 Per
1587 3599 1840 3651 mortem
1870 3596 2031 3652 enim

375 3680 456 3736 ad
482 3684 737 3737 mortem
785 3685 1115 3751 transeunt,
1166 3681 1410 3753 quibus,
1441 3688 1578 3755 post
1622 3691 1874 3742 mortem
1900 3703 2028 3742 car-

373 3770 488 3837 nis,
519 3774 700 3826 restat
726 3775 983 3825 aeternus
1013 3769 1282 3825 interitus
1313 3772 1540 3828 mortis.
1566 3774 1655 3829 Ad
1682 3776 1867 3831 vitam
1888 3793 2030 3833 vero

375 3874 483 3931 per
510 3863 763 3914 mortem
792 3861 1127 3925 transeunt,
1168 3858 1411 3929 quibus,
1444 3866 1581 3931 post
1606 3864 2029 3921 resolutionem

374 3946 662 4019 corporis,
691 3946 911 4014 gaudia
938 3951 1161 4001 aeterna
1198 3948 1543 4005 succedunt.
1569 3952 1657 4006 Ad
1685 3954 1798 4008 hoc
1829 3955 2031 4027 itaque

374 4034 685 4106 captivum
715 4050 897 4089 suum
928 4038 1051 4089 tam
1077 4034 1388 4105 diligenter
1415 4038 1693 4094 diabolus
1720 4048 1935 4112 servat,
1968 4049 2033 4100 ut

375 4139 518 4180 cum
549 4120 773 4196 populo
800 4122 878 4177 ad
911 4124 1321 4195 spectaculum
1370 4132 1505 4197 post
1546 4131 1777 4200 pascha
1812 4132 2034 4203 produ-

377 4217 489 4280 cat,
520 4212 664 4284 quia
690 4211 769 4267 ad
793 4212 907 4267 hoc
939 4218 1312 4285 peccatorem
1344 4231 1539 4287 usque
1577 4218 1655 4273 ad
1684 4224 1940 4276 mortem
1969 4223 2031 4279 in

375 4306 622 4375 peccato
646 4306 916 4371 retentat,
946 4307 1011 4358 ut
1036 4302 1203 4359 illum
1233 4304 1309 4361 de
1338 4305 1452 4361 hac
1477 4306 1595 4362 vita
1623 4312 2030 4368 transeuntem

375 4390 450 4446 de
479 4405 717 4447 carcere
740 4389 803 4445 in
833 4407 1133 4447 carcerem
1161 4392 1356 4449 mittat
1380 4411 1394 4448 :
1442 4393 1517 4449 de
1545 4411 1780 4452 carcere
1811 4397 2031 4456 scilicet

375 4479 705 4537 tenewa
732 4480 1104 4537 conscientiae
1125 4481 1185 4537 in
1210 4498 1508 4539 carcerem
1537 4486 1790 4557 poenalis
1814 4488 2029 4557 gehen-

374 4585 487 4626 nae.
521 4569 581 4627 Si
614 4574 819 4626 autem
847 4570 1187 4643 captionem
1226 4572 1401 4628 istam
1454 4573 1534 4629 ad
1563 4591 1702 4631 eum
1729 4577 1855 4649 qui,
1893 4584 2029 4652 post

372 4662 721 4731 susceptum
767 4658 1069 4729 religionis
1109 4659 1402 4729 habitum,
1431 4662 1491 4718 in
1539 4664 1764 4719 crimen
1813 4666 2026 4724 lethale

375 4746 612 4814 corruit,
640 4746 879 4819 proprie
907 4747 1255 4820 referamus,
1290 4750 1404 4805 hoc
1434 4751 1601 4823 quod
1630 4752 1747 4807 ait:
1788 4754 2024 4810 Produ-

372 4852 504 4894 cere
530 4853 664 4894 eum
690 4840 936 4907 populo,
959 4853 1081 4893 non
1111 4838 1297 4895 otiose
1323 4840 1597 4896 additum
1626 4842 2021 4902 advertemus.

372 4926 536 4982 Certe
565 4926 725 4982 enim
755 4926 834 4982 ad
880 4926 1029 4983 illud
1057 4931 1393 4985 extremum
1437 4930 1731 4999 judicium
1776 4948 1900 4988 non
1932 4952 2025 4991 so-

371 5010 498 5068 lum
539 5014 837 5083 homines,
869 5015 975 5071 sed
1023 5020 1078 5071 et
1128 5015 1271 5071 boni
1317 5021 1375 5072 et
1422 5016 1566 5072 mali
1611 5019 1806 5087 angeli
1834 5021 2023 5079 dedu-

372 5105 597 5157 centur.
629 5106 780 5160 Cum
809 5120 952 5175 ergo
991 5104 1073 5160 illi
1101 5109 1367 5161 extremo
1392 5106 1618 5176 judicio
1664 5114 1719 5163 et
1749 5110 2022 5169 homines

372 5192 432 5243 et
456 5190 702 5259 angelos
731 5192 925 5249 bonos
974 5198 1032 5250 et
1076 5192 1270 5249 malos
1306 5193 1617 5251 adfuturos
1658 5201 2019 5272 noverimus,

370 5292 479 5332 cur
532 5277 843 5347 religiosus
899 5281 961 5337 in
1017 5285 1358 5353 perpetrato
1410 5283 1655 5341 crimine
1698 5304 1887 5361 usque
1944 5293 2024 5349 ad

370 5364 557 5421 ﬁnem
598 5366 954 5437 perdurans,
981 5370 1091 5425 soli
1119 5370 1345 5442 populo
1388 5371 1640 5443 produci
1693 5376 1769 5431 ad
1800 5382 2025 5448 specta-

370 5453 575 5510 culum
600 5455 945 5526 perhibetur
965 5458 993 5512 ?
1019 5457 1258 5513 Videtur
1294 5459 1492 5532 itaque
1523 5463 1599 5517 ad
1630 5462 2022 5535 ignominiam

369 5548 659 5613 nostram,
723 5562 829 5618 qui
897 5547 1116 5603 saeculo
1186 5550 1679 5621 renuntiavimus,
1748 5556 2019 5612 additum

368 5648 503 5691 esse
550 5633 717 5707 quod
761 5634 975 5692 dicitur
1030 5638 1369 5695 Producere
1420 5654 1551 5697 eum
1587 5646 1829 5713 populo.
1874 5648 2020 5701 Nam

366 5721 514 5796 quia
541 5739 578 5781 a
604 5724 957 5798 populando
981 5726 1243 5801 populus
1262 5727 1788 5803 dicitur,populari
1816 5738 2017 5791 autem

2148 1816 2321 1880 gatus
2351 1817 2439 1866 est
2465 1811 2677 1867 videat.
2706 1811 2870 1866 Unde
2899 1810 3149 1883 quando
3181 1810 3378 1865 minus
3404 1810 3819 1865 calamitatem

2144 1916 2269 1971 qua
2314 1900 2559 1971 punitur
2600 1898 2800 1965 sensit,
2833 1903 2998 1953 tanto
3042 1898 3244 1953 minus
3291 1897 3369 1953 ab
3406 1914 3481 1953 ea
3505 1897 3822 1952 desiderat

2143 1988 2400 2045 liberari.
2430 1992 2877 2060 Nonnunquam
2900 2004 3044 2043 vero
3083 1993 3140 2043 et
3182 1987 3487 2042 miseriam
3517 2001 3702 2041 suam
3736 1986 3820 2041 vi-

2143 2078 2262 2141 det,
2294 2084 2350 2133 et
2378 2077 2503 2133 erui
2550 2077 2628 2132 ab
2657 2076 2760 2133 illa
2796 2080 3065 2149 exoptat;
3098 2076 3204 2132 sed
3227 2077 3385 2131 exire
3413 2091 3539 2131 non
3570 2090 3818 2147 praeva-

2141 2168 2239 2236 let,
2280 2168 2424 2240 quia
2470 2166 2571 2222 illa
2617 2183 2758 2222 eum
2795 2166 3106 2239 multiplex
3146 2165 3616 2239 quaternionum
3669 2182 3815 2221 cus-

2142 2256 2306 2312 todia
2348 2255 2777 2311 circumvallat.
2827 2255 2961 2324 Sed,
3005 2255 3125 2309 sive
3174 2254 3378 2309 volens
3422 2255 3544 2309 sive
3592 2254 3817 2310 nolens

2142 2351 2411 2401 teneatur
2465 2346 2527 2400 in
2582 2361 2839 2412 carcere,
2883 2345 3137 2414 dignum
3185 2348 3275 2399 est
3326 2347 3391 2399 ut
3446 2348 3643 2399 mater
3704 2347 3816 2399 Ec-

2142 2435 2319 2491 clesia
2374 2434 2565 2490 ﬁlium
2636 2449 2818 2507 quem
2891 2435 3097 2503 genuit
3168 2437 3579 2501 recognoscat,
3643 2438 3709 2488 et
3765 2433 3816 2488 ei

2142 2530 2425 2581 maternae
2500 2526 2731 2596 pietatis
2788 2525 3035 2590 viscera,
3089 2539 3200 2596 pro
3266 2538 3339 2578 eo
3408 2522 3667 2590 orando,
3730 2523 3817 2578 in-

2142 2614 2363 2669 tendat.
2422 2614 2592 2678 Quod
2643 2628 2767 2685 qua
2812 2612 3092 2667 instantia
3154 2612 3229 2667 sit
3279 2612 3608 2682 agendum,
3671 2628 3816 2667 sen-

2140 2707 2323 2757 tentia
2365 2702 2713 2774 interposita
2765 2701 3126 2756 manifestat.
3182 2705 3331 2756 Nam
3385 2716 3525 2755 cum
3580 2700 3818 2757 dicere-

2142 2795 2255 2859 tur,
2305 2792 2509 2846 Oratio
2557 2796 2752 2845 autem
2800 2790 2998 2857 ﬁebat,
3054 2788 3470 2861 interpositum
3517 2794 3625 2851 est,
3680 2792 3819 2846 sine

2142 2882 2611 2949 intermissione;
2660 2879 2804 2950 quia
2834 2878 3119 2933 nimirum
3165 2883 3305 2933 tunc
3343 2878 3511 2950 quod
3539 2878 3817 2950 petimus

2141 2970 2555 3042 impetramus,
2589 2985 2727 3023 cum
2767 2967 2931 3022 nulla
2959 2967 3320 3039 impetrandi
3344 2966 3703 3023 difﬁcultate
3738 2968 3817 3025 ab

2140 3059 2405 3115 oratione
2456 3058 2771 3113 lassamur.
2829 3058 3013 3127 Unde,
3065 3058 3246 3112 etiam
3292 3058 3466 3128 juxta
3519 3056 3813 3125 litteram,

2141 3152 2436 3219 quantum
2469 3146 2767 3202 orationes
2814 3146 2991 3201 beato
3022 3148 3189 3201 Petro
3232 3144 3581 3218 profuerint,
3613 3147 3819 3220 aperi-

2140 3249 2254 3301 tur.
2290 3253 2429 3293 cum
2464 3235 2760 3291 subditur.

2210 3330 2271 3382 Χ.
2314 3328 2579 3396 Cumque
2603 3326 3011 3393 producturus
3040 3330 3185 3381 esset
3229 3338 3360 3380 eum
3410 3325 3713 3395 Herodes,
3748 3328 3813 3381 in

2140 3417 2271 3485 ipsa
2302 3422 2471 3471 nocte
2515 3420 2642 3470 erat
2675 3417 2892 3470 Petrus
2921 3414 3219 3469 dormiens
3267 3416 3427 3469 inter
3453 3414 3604 3470 duos
3641 3417 3814 3471 miti-

2141 3510 2244 3573 tes,
2283 3506 2513 3560 vinctus
2565 3505 2788 3559 catenis
2827 3504 3080 3559 duabus.
3116 3504 3174 3558 Si
3216 3502 3389 3573 juxta
3429 3502 3696 3559 litteram
3730 3504 3817 3575 ip-

2141 3610 2279 3648 sum
2309 3593 2585 3649 ordinem
2634 3592 2974 3664 apostolicae
3024 3592 3389 3648 liberationis
3435 3592 3620 3665 paulo
3674 3594 3813 3649 dili-

2140 3682 2371 3753 gentius
2402 3682 2723 3747 intuemur,
2743 3682 2915 3751 juxta
2944 3681 3285 3737 interiorem
3309 3698 3582 3750 sensum,
3611 3698 3818 3755 quan-

2139 3777 2266 3827 tum
2295 3776 2573 3843 peccator
2600 3770 2816 3825 divinae
2846 3770 3269 3826 misericordias
3298 3771 3538 3838 debeat,
3561 3772 3813 3829 eviden-

2139 3866 2224 3917 ter
2247 3860 2613 3917 instruimur.
2658 3860 2811 3926 Quid
2840 3861 3001 3915 enim
3044 3861 3238 3916 innuit
3279 3861 3448 3933 quod
3490 3863 3809 3934 apostolus

2138 3956 2278 4006 tunc
2308 3951 2555 4006 refertur
2572 3954 2777 4005 erutus
2804 3951 2880 4006 de
2910 3967 3166 4018 carcere,
3189 3967 3329 4007 cum
3353 3951 3482 4021 jam
3509 3954 3672 4005 esset
3694 3966 3808 4022 po-

2138 4039 2281 4111 pulo
2309 4038 2389 4093 ad
2416 4038 2821 4111 spectaculum
2849 4040 3294 4113 producendus,
3317 4038 3431 4094 nisi
3456 4038 3627 4111 quod
3653 4037 3809 4093 divi-

2136 4144 2218 4184 na
2238 4129 2428 4201 pietas
2451 4129 2803 4202 plerumque
2826 4135 2964 4185 tunc
2986 4130 3165 4186 etiam
3189 4134 3570 4203 peccatorem
3591 4130 3672 4186 de
3694 4144 3808 4184 sua

2137 4218 2476 4290 captivitate
2505 4218 2735 4287 liberat,
2763 4236 2902 4275 cum
2919 4221 3048 4291 jam
3072 4221 3416 4292 proximum
3443 4224 3535 4275 est
3560 4223 3630 4275 ut
3660 4234 3805 4275 eum

2136 4307 2414 4364 diabolus
2437 4308 2719 4364 eductum
2748 4310 2822 4364 de
2850 4325 3100 4381 corpore
3126 4310 3204 4365 ad
3235 4315 3525 4365 aeternam
3574 4308 3804 4363 irrisio-

2136 4413 2275 4453 nem
2314 4396 2606 4468 perducat
2623 4401 2650 4454 ?
2699 4401 2770 4453 In
2796 4400 2927 4467 ipsa
2953 4405 3142 4468 nocte,
3175 4398 3389 4471 inquit,
3416 4403 3549 4454 erat
3578 4398 3805 4454 Petrus

2136 4487 2451 4542 dormiens.
2487 4488 2963 4559 Comprehensus
3012 4491 3213 4543 Petrus
3252 4488 3313 4542 in
3343 4492 3519 4543 nocte
3550 4486 3800 4556 dormit,

2132 4576 2380 4648 quando
2410 4576 2500 4631 vir
2546 4577 2734 4645 fortis,
2782 4577 2843 4632 in
2892 4582 3208 4650 peccatum
3256 4576 3601 4649 prolapsus,
3636 4592 3674 4632 a
3698 4593 3803 4632 co-

2134 4665 2441 4734 gnitionne
2470 4665 2562 4719 sui
2592 4666 2809 4720 mentis
2847 4665 3055 4722 oculos
3093 4665 3335 4722 claudit.
3383 4668 3511 4720 Nox
3539 4663 3709 4719 enim
3741 4661 3805 4716 in

2132 4770 2256 4827 qua
2282 4754 2522 4821 dormit,
2574 4756 2911 4825 ignorantia
2940 4760 3061 4811 est:
3108 4755 3223 4811 nisi
3251 4754 3412 4810 enim
3441 4754 3716 4826 seipsum
3745 4755 3804 4806 et

2132 4860 2267 4917 quae
2298 4844 2455 4900 circa
2484 4861 2623 4901 eum
2673 4851 2956 4914 aguntur,
2987 4845 3307 4915 ignoraret,
3340 4844 3399 4899 in
3446 4843 3541 4898 sui
3593 4842 3802 4916 utique

2132 4934 2673 4991 considerationem
2723 4935 2932 4990 oculos
2988 4934 3279 5006 aperiret;
3342 4932 3642 5007 aperiens,
3698 4949 3803 5006 pe-

2129 5024 2385 5079 riculum
2435 5041 2616 5079 suum
2674 5025 2919 5095 videret,
2950 5024 3162 5079 videns
3215 5023 3477 5092 sentiret,
3529 5023 3800 5079 sentiens

2130 5112 2373 5179 doleret,
2414 5113 2624 5169 dolens
2666 5114 3101 5183 ingemisceret,
3134 5112 3536 5183 ingemiscens
3591 5116 3801 5167 autem

2130 5203 2379 5258 evadere
2450 5202 2772 5258 festinaret.
2855 5202 2968 5258 Sed
3043 5202 3517 5275 comprehensus
3589 5202 3803 5257 Petrus

2130 5292 2369 5359 dormit,
2422 5291 2567 5363 quia
2621 5291 2769 5363 quid
2842 5291 2956 5346 sibi
3033 5291 3345 5347 immineat
3411 5304 3537 5345 non
3602 5294 3804 5346 atten-

2127 5380 2231 5435 dit.
2294 5380 2517 5435 Dormit
2557 5379 2710 5434 inter
2761 5379 2914 5434 duos
2975 5379 3213 5449 milites,
3272 5378 3510 5434 vinctus
3567 5378 3804 5434 catenis

2126 5469 2388 5524 duabus.
2467 5472 2683 5523 lterum
2754 5468 3028 5536 cogimur
3095 5468 3456 5537 investigare
3539 5467 3803 5540 quinam

2129 5562 2267 5612 sunt
2312 5557 2405 5612 isti
2457 5556 2581 5611 duo
2628 5556 2843 5611 milites
2882 5557 2987 5629 qui
3028 5557 3381 5612 dormientis
3439 5555 3594 5610 Petri
3639 5555 3801 5612 latus

2126 5649 2446 5719 utrumque
2505 5645 2799 5711 ambiunt,
2852 5646 2948 5701 vel
2998 5662 3135 5718 quae
3194 5647 3311 5702 sint
3365 5650 3597 5701 catena
3659 5661 3802 5720 qua:

2125 5749 2345 5793 manus
2386 5736 2520 5794 illas
2568 5735 2926 5805 astringunt.
2981 5737 3175 5808 Supra
3230 5734 3578 5793 audivimus
3626 5733 3804 5808 quod
