3952 6404
107 289 217 342 293

1016 285 1422 342 TRAC'I‘ATUS
1461 287 1532 341 IN
1574 285 1778 341 VERS.
1823 287 1847 338 1
1896 285 2050 339 CAP.
2092 285 2183 340 ΧΠ
2219 286 2374 343 ACT.
2415 287 2659 344 APOST.

3445 295 3553 348 294

108 408 426 480 apostolus
456 407 676 462 missus
726 407 784 462 in
846 423 1144 463 carcerem
1200 414 1460 481 quatuor
1511 413 1779 482 quarter-
1819 411 1867 464 Α
1897 408 2089 463 Labia
2119 411 2444 466 sacerdotis
2459 412 2807 467 custodiunt
2835 413 3166 482 scientiam,
3184 419 3237 469 et
3265 415 3449 485 legem
3467 431 3554 472 re-

108 497 398 552 nionibus
425 496 500 550 sit
530 496 606 550 ad
653 495 988 550 custodiam
1040 497 1398 566 delegatus;
1451 498 1618 571 quod
1672 513 1784 552 nos

106 606 359 662 quoque
385 589 696 661 quomodo
729 589 1062 661 specialiter
1089 591 1334 665 intelligi
1361 591 1569 664 possit,
1593 595 1785 646 osten-

106 680 334 734 dimus.
371 679 483 735 Sed
512 695 652 733 cum
681 678 898 733 dicitur
947 679 1114 750 quod
1163 680 1313 735 inter
1365 681 1519 736 duos
1572 680 1784 736 milites

106 768 474 837 dormiebat,
497 767 841 836 intelligitur
871 768 1038 840 quod
1071 769 1121 823 ei
1155 785 1189 824 a
1219 770 1427 825 dextro
1457 775 1514 826 et
1569 788 1605 826 a
1650 769 1786 824 sini-

106 863 232 914 stro
260 859 442 914 latere
471 858 686 913 milites
718 859 1102 914 cohaerebant
1129 877 1141 925 ;
1173 876 1286 914 usu
1345 867 1545 916 autem
1593 859 1784 933 quoti-

104 948 307 1002 dianze
333 947 672 1016 locutionis,
702 964 813 1019 pro
863 947 1073 1002 dextro
1102 965 1211 1003 nos
1263 950 1485 1005 habere
1529 949 1782 1022 quiquid

102 1036 379 1107 adjuvat,
412 1052 522 1108 pro
555 1037 794 1092 sinistro
825 1037 1122 1109 quidquid
1166 1044 1496 1094 aversatur.
1542 1040 1624 1096 Sit
1670 1040 1781 1095 ita-

101 1142 225 1197 que
258 1125 429 1181 miles
485 1126 590 1198 qui
637 1126 846 1181 dextro
889 1126 1054 1181 lateri
1096 1129 1335 1194 assistit,
1391 1129 1780 1202 praesumptio

102 1216 303 1269 venite
335 1231 524 1286 quam
555 1232 664 1287 pro
714 1219 776 1270 Ill
837 1216 1019 1270 milite
1073 1217 1186 1272 sub
1238 1219 1505 1272 secundo
1544 1224 1782 1290 quater-

100 1304 286 1359 nione
321 1319 502 1374 supra
533 1305 846 1376 posuimus
876 1323 886 1368 ;
921 1322 1056 1376 quas
1089 1307 1374 1362 nimirum
1390 1307 1537 1362 dum
1571 1324 1783 1379 pecca-

101 1393 236 1459 tori,
271 1394 764 1465 quandocumque
819 1393 1041 1461 redeat,
1102 1396 1340 1450 veniam
1397 1397 1774 1468 repromittit,

109 1499 398 1538 securum
437 1483 603 1537 illum
630 1483 801 1553 juxta
833 1501 892 1537 sc
924 1484 1185 1540 dormire
1219 1485 1376 1542 facit.
1412 1486 1566 1543 Miles
1633 1502 1776 1555 ergo

102 1572 210 1627 iste
238 1573 518 1627 dextrum
551 1573 705 1628 latus
734 1573 1085 1630 dormientis
1111 1577 1409 1643 observat,
1437 1577 1582 1648 quia
1631 1577 1776 1632 illud

105 1661 328 1714 scilicet
356 1661 667 1732 pollicetur
693 1663 856 1733 quod
890 1669 1288 1734 peccatorem,
1325 1682 1538 1720 somno
1592 1666 1776 1735 negli-

1892 498 2142 566 quirunt
2173 513 2247 554 ex
2272 515 2376 554 ore
2401 502 2549 568 ejus,
2584 502 2728 571 quia
2759 503 3009 570 angelus
3065 503 3306 558 Domini
3335 505 3555 560 exerci-

1893 593 2062 641 tuum
2093 593 2174 642 est
2208 590 2498 654 (Malach.
2519 606 2577 655 ιι,
2611 591 2686 660 7).
2713 593 2859 646 Nam
2881 591 3026 662 quia
3055 593 3248 648 Graece
3279 593 3552 663 angelus,

1893 678 2092 732 Latine
2115 678 2332 734 dicitur
2355 679 2620 750 nuntius,
2645 686 2802 736 recte
2832 681 2893 736 in
2932 683 3036 754 qui
3091 683 3285 752 legem
3315 700 3554 740 annun-

1891 765 2014 826 tiat.
2083 767 2333 837 angelus
2387 768 2744 840 appellatur.
2801 770 3142 827 Sacerdotis
3190 789 3333 843 ergo
3391 774 3554 830 labia

1888 857 2196 912 scientiam
2245 858 2610 926 custodiunt,
2643 858 2786 930 quia
2824 859 3111 916 nimirum
3171 861 3267 917 ille
3315 879 3554 919 sacrum

1888 945 2179 1001 ducatum
2197 947 2436 1020 populis
2465 947 2721 1018 legendo
2749 950 3026 1016 ostendit,
3055 951 3182 1022 qui,
3208 953 3377 1024 quod
3394 954 3556 1009 novit

1888 1034 2154 1105 sciendo,
2186 1037 2367 1092 etiam
2393 1037 2653 1092 vivendo
2681 1039 2959 1094 custodit.
2993 1041 3092 1096 Ea:
3121 1044 3295 1110 cujus
3325 1057 3424 1098 ore
3469 1044 3553 1099 le-

1886 1139 2015 1193 gem
2046 1127 2383 1194 requirunt,
2411 1125 2556 1197 quia
2586 1124 2901 1196 praelatum
2924 1145 3105 1183 suum
3122 1129 3398 1185 subditus
3422 1136 3552 1186 tan-

1888 1216 1945 1267 to
1973 1213 2340 1268 reverentius
2371 1214 2558 1281 audit,
2593 1221 2822 1286 quanto
2852 1233 2994 1272 eum
3025 1217 3298 1287 intelligit
3326 1236 3450 1275 non
3477 1220 3552 1276 de

1885 1303 2394 1373 praesumptionis,
2420 1303 2523 1358 sed
2545 1303 2619 1358 de
2639 1303 2896 1360 scientiae
2924 1307 3272 1362 ccrtitudine
3287 1309 3552 1380 proferre

1885 1393 2052 1462 quod
2080 1392 2239 1447 dicit.
2275 1392 2388 1457 Qui
2411 1392 2565 1448 bene
2592 1396 2846 1464 angelus
2874 1397 3116 1451 Domini
3141 1395 3377 1468 dicitur,
3407 1399 3552 1471 quia

1885 1495 1993 1551 per
2014 1481 2129 1536 hoc
2159 1481 2324 1553 quod
2357 1481 2552 1551 legem
2586 1483 2821 1538 Domini
2846 1485 3101 1556 nuntiat,
3146 1485 3224 1541 ad
3277 1487 3551 1557 ejusdem

1886 1570 2121 1626 Domini
2141 1571 2327 1638 lucra,
2355 1587 2477 1626 non
2505 1571 2582 1626 ad
2611 1589 2752 1627 suos
2782 1572 3033 1640 favores,
3081 1575 3340 1631 anhelat.
3401 1581 3551 1633 Nam

1882 1674 2006 1713 non
2031 1660 2161 1729 jam
2186 1661 2425 1732 proprie
2459 1661 2712 1728 Domini,
2742 1662 2846 1716 sed
2870 1679 3014 1718 suus
3036 1663 3288 1732 angelus
3309 1670 3482 1732 esset,
3502 1666 3551 1721 si

106 1749 321 1817 gentite
348 1750 696 1815 resolutum,
731 1751 808 1806 ad
841 1752 1028 1806 venite
1073 1755 1612 1825 praesumptionem
1667 1755 1775 1810 ad-
1814 1767 1854 1821 Β
1882 1748 2016 1803 ideo
2037 1749 2400 1820 loqueretur,
2423 1754 2487 1804 ut
2521 1766 2626 1822 per
2640 1767 2846 1806 vocem
2869 1751 3302 1821 ejusexercitus
3317 1755 3550 1810 Domini

101 1839 312 1908 juvare
344 1839 591 1894 videtur.
628 1839 708 1894 Sit
739 1840 916 1894 etiam
949 1841 1116 1895 miles
1142 1842 1379 1896 sinistro
1402 1843 1570 1897 lateri
1630 1843 1772 1898 assi-

109 1933 271 1982 stens
305 1927 491 1982 rubor
516 1928 869 1998 abjectionis
891 1946 1000 2000 pro
1031 1935 1071 1985 ll
1105 1931 1287 1986 milite
1319 1932 1595 2004 superius
1627 1948 1774 2004 qua-

105 2017 362 2072 ternioni
391 2017 558 2072 tertio
580 2018 903 2089 deputatus
931 2037 943 2084 ;
977 2035 1084 2090 per
1112 2036 1296 2091 quem
1354 2021 1627 2076 videlicet
1673 2038 1774 2077 ru-

105 2106 316 2161 borem
371 2107 748 2176 abjectionis,
797 2108 944 2162 dum
973 2115 1251 2179 peccator
1281 2111 1518 2164 adversi
1546 2111 1775 2183 aliquid

105 2211 163 2249 se
194 2197 425 2267 perpeti
459 2196 759 2267 opinatur,
812 2197 971 2265 eligit
1024 2199 1222 2268 potius
1275 2198 1432 2254 intus
1492 2201 1654 2272 apud
1710 2219 1774 2256 se

103 2284 510 2356 qualicunque
559 2286 756 2356 quiete
809 2286 1136 2358 quiescere,
1197 2304 1405 2360 quam,
1466 2289 1625 2344 foras
1678 2307 1774 2344 ex-

103 2373 321 2442 eundo,
381 2373 733 2444 adjectionis
786 2375 1216 2431 verecundiam
1260 2377 1569 2433 sustinere.
1632 2383 1770 2434 Dure

103 2467 305 2519 autem
338 2469 563 2518 catente
595 2464 817 2535 quibus
845 2465 1151 2520 dormiens
1183 2467 1458 2536 vincitur,
1484 2472 1774 2523 suntcon-

106 2553 356 2608 suetudo
389 2557 445 2607 et
471 2553 834 2624 desperatio,
867 2555 1090 2626 quibus
1136 2571 1209 2610 ne
1259 2556 1489 2611 bonum
1544 2557 1772 2629 aliquid

107 2642 280 2698 faciat
308 2643 692 2714 praepeditur.
725 2647 947 2699 Catena
977 2645 1139 2699 enim
1170 2646 1346 2701 malae
1383 2647 1769 2702 consuetudi-

103 2732 214 2802 nis,
251 2732 584 2805 peccatoris
627 2750 844 2788 manus
893 2734 1280 2804 obligantur;
1314 2738 1459 2808 quia
1515 2737 1774 2808 plerum-

106 2837 241 2893 que,
273 2823 422 2877 dum
455 2822 534 2878 ad
566 2823 796 2878 bonum
824 2841 978 2895 opus
1032 2842 1094 2879 se
1119 2831 1371 2880 conatur
1429 2827 1769 2894 extendere,

107 2911 181 2966 ab
205 2912 431 2966 eisdem
466 2912 724 2983 peccatis
755 2929 890 2984 qute
915 2916 1223 2970 consuevit
1251 2915 1444 2970 facere
1466 2917 1768 2972 retinetur.

107 3003 319 3057 Catena
343 3018 592 3073 quoque
615 3003 1050 3074 desperationis
1068 3021 1286 3059 manus
1312 3007 1442 3076 ejus
1466 3007 1770 3074 astringit;

1882 1854 2004 1893 non
2035 1845 2346 1906 cresceret,
2380 1840 2486 1894 sed
2521 1845 2582 1894 ut
2606 1839 2948 1912 ipse,quam
2969 1847 3124 1896 esset
3150 1843 3361 1898 doctus
3382 1848 3440 1900 et
3458 1861 3550 1900 sa-

1883 1928 2078 1998 piens,
2105 1934 2440 2000 appareret.
2470 1930 2619 1991 Quia
2645 1946 2808 1998 vero,
2841 1946 2948 2001 per
2978 1947 3157 1986 omne
3189 1932 3355 2004 quod
3385 1933 3546 2003 dicit,

1883 2017 1962 2071 ad
1988 2018 2102 2072 hoc
2129 2018 2534 2090 principaliter
2563 2018 2817 2074 intendit
2837 2025 2902 2074 ut
2929 2020 3022 2074 sui
3053 2021 3288 2076 Domini
3335 2024 3552 2078 exerci-

1881 2109 1976 2160 tus
2006 2113 2318 2175 augeatur,
2349 2107 2602 2175 angelus
2637 2107 2871 2162 Domini
2887 2109 3256 2164 exercituum
3275 2111 3551 2167 nomina-

1882 2200 1995 2251 tur.
2028 2197 2108 2250 De
2139 2213 2261 2268 quo
2287 2196 2570 2251 nimirum
2585 2197 2802 2266 angelo
2827 2213 3194 2269 magnopere
3214 2201 3550 2257 notandum

1882 2291 1970 2340 est
1997 2287 2140 2358 quia
2166 2302 2286 2340 non
2318 2285 2558 2358 proprie
2589 2287 2840 2353 stetisse,
2863 2287 2967 2341 sed
2990 2286 3242 2343 astitisse
3269 2290 3548 2346 refertur:

1881 2381 2074 2430 astare
2105 2375 2324 2430 etenim
2353 2375 2592 2447 proprie
2623 2375 2798 2447 quasi
2823 2376 2996 2445 juxta
3054 2381 3208 2432 stare
3263 2378 3546 2435 dicimus.

1881 2467 2243 2522 Pieedicator
2274 2472 2477 2522 autem
2493 2467 2688 2537 legem
2714 2467 2946 2522 Domini
2964 2468 3270 2538 nuntians,
3293 2471 3551 2527 auditori

1879 2573 2002 2628 quo
2035 2561 2151 2610 stat
2181 2555 2451 2625 quidem,
2475 2557 2582 2611 sed
2634 2571 3024 2628 nequaquam
3071 2563 3248 2626 astat,
3300 2559 3549 2630 quando

1880 2645 2007 2716 ipse
2039 2644 2290 2715 quidem
2317 2650 2472 2700 recte
2496 2645 2669 2714 juxta
2705 2644 2978 2712 regulam
3011 2645 3153 2700 ﬁdei
3179 2647 3546 2716 exhortatur,

1883 2734 1989 2790 sed
2022 2734 2262 2790 auditor
2291 2733 2351 2788 id
2381 2733 2548 2806 quod
2577 2733 2745 2789 audit
2792 2733 2960 2788 nullo
3016 2735 3240 2790 amoris
3298 2735 3548 2793 brachio

1885 2823 2316 2896 complexatur.
2352 2823 2530 2878 Valde
2585 2823 2785 2894 itaque
2841 2823 3199 2893 praedicator
3228 2823 3308 2879 ab
3337 2841 3408 2881 eo
3452 2825 3546 2881 cui

1882 2914 2169 2986 praedicat
2197 2918 2462 2968 remotus
2495 2913 2854 2984 est,quando
2885 2913 2962 2968 ad
2981 2929 3083 2968 cor
3112 2913 3300 2985 ipsius
3329 2917 3547 2987 prtedi-

1881 3004 2078 3058 cando
2109 3003 2599 3075 appropinquare
2631 3018 2754 3056 non
2769 3002 2946 3057 valet.
2973 3003 3137 3058 Unde
3163 3009 3220 3058 et
3239 3004 3548 3061 habitacu-

106 3093 242 3163 quia
272 3097 440 3148 tanto
464 3093 688 3164 pigrior
725 3095 802 3149 ad
833 3111 1016 3149 omne
1047 3111 1201 3166 Opus
1234 3095 1464 3151 bonum
1497 3097 1770 3169 efﬁcitur,
1810 3128 1849 3182 ρ
1878 3111 2005 3166 lum
2037 3094 2168 3149 talis
2197 3094 2449 3148 carceris
2481 3093 2732 3161 angelus
2762 3108 2886 3147 non
2907 3092 3179 3160 illustrat,
3211 3094 3374 3166 quia,
3401 3097 3550 3152 dum

107 3188 323 3252 quanto
343 3183 478 3252 jam
508 3183 621 3238 sibi
647 3200 768 3238 non
799 3200 976 3256 posse
1002 3185 1290 3257 prodesse
1317 3186 1612 3259 quidquid
1667 3187 1772 3242 bo-

103 3271 162 3325 ni
191 3272 392 3328 fecerit
419 3272 774 3344 suspicatur.

171 3364 250 3416 ΧΙ.
281 3362 602 3433 Sequitur:
645 3364 720 3416 Et
753 3364 1022 3419 custodes
1053 3370 1194 3419 ante
1223 3367 1438 3420 ostium
1478 3367 1770 3422 custodie-

109 3449 242 3504 bant
272 3465 594 3506 carcerem.
629 3450 683 3506 Si
714 3450 934 3505 ostium
966 3452 1218 3507 carceris
1249 3452 1481 3509 aditum
1538 3455 1771 3509 confes-

111 3537 287 3594 sionis
318 3539 672 3611 accipimus,
708 3541 985 3596 custodes
1005 3541 1111 3612 qui
1139 3545 1274 3597 ante
1318 3542 1538 3597 ostium
1596 3560 1774 3598 excu-

113 3625 274 3693 bant,
306 3633 446 3684 sunt
472 3627 573 3683 illa
630 3628 1052 3684 difﬁcultatum
1100 3629 1414 3685 obstacula
1452 3647 1590 3702 quae
1643 3632 1770 3702 jam

114 3731 289 3788 supra
314 3717 677 3773 nominatim
707 3718 767 3772 in
791 3718 1194 3783 descriptione
1227 3720 1477 3774 secundi
1530 3726 1767 3792 quater-

113 3805 298 3861 nionis
327 3806 757 3878 expressimus.
795 3807 909 3862 Sed
929 3807 1064 3862 licet
1093 3807 1186 3862 hic
1211 3824 1430 3880 parum
1491 3809 1771 3880 persiste-

111 3908 188 3960 re,
213 3900 268 3949 et
295 3896 516 3968 captivi
543 3896 726 3966 hujus
755 3897 1025 3952 miserias
1054 3897 1406 3969 exprimere.
1457 3900 1601 3954 Ecce
1651 3905 1768 3955 ete-

111 3982 228 4038 nim
248 3985 389 4057 quia
414 3985 574 4041 hosti
604 3985 932 4042 blandienti
966 3987 1280 4055 consentit,
1321 3987 1401 4042 ab
1434 3988 1649 4044 eodem
1685 3994 1773 4045 est

113 4074 376 4130 atrociter
407 4076 844 4148 apprehensus.
883 4079 1025 4132 Ecce
1057 4076 1200 4148 quia
1226 4075 1497 4132 confiteri
1523 4078 1772 4153 distulit,

114 4159 170 4215 in
199 4179 498 4220 carcerem
531 4169 620 4220 est
675 4167 982 4220 retrusus!
1039 4169 1184 4220 Ecce
1233 4165 1314 4220 illi
1361 4167 1488 4236 jam
1542 4174 1773 4225 retruso

115 4251 412 4325 multiplex
445 4254 914 4326 quaternionum
961 4255 1232 4310 custodia
1289 4257 1544 4311 exterius
1601 4259 1772 4313 adhi-

117 4338 296 4397 betur.
331 4347 475 4399 Ecce
503 4344 656 4399 intra
685 4343 888 4416 ipsum
915 4360 1159 4417 quoque
1187 4361 1490 4401 carcerem
1552 4349 1774 4403 catenis

119 4431 380 4487 astrictus
423 4450 460 4489 a
514 4433 801 4488 militibus
860 4433 1263 4490 observatur!
1319 4436 1576 4500 Quando
1630 4453 1772 4506 ergo

118 4518 320 4588 evadit,
351 4538 535 4594 quem
563 4522 722 4578 intus
748 4528 804 4578 et
831 4529 995 4580 extra
1025 4529 1148 4579 tam
1167 4524 1477 4596 multiplex
1501 4526 1773 4582 custodia

121 4604 573 4667 circumvallat?
605 4613 717 4668 Sed
749 4612 853 4668 ubi
884 4614 1154 4668 humana
1185 4615 1380 4684 major
1410 4615 1668 4684 miseria,
1692 4616 1777 4670 ibi

120 4691 461 4771 plerumque
485 4702 680 4772 major
709 4701 893 4758 claret
912 4702 1121 4759 divina
1135 4703 1550 4759 misericordia
1579 4722 1593 4770 ;
1627 4720 1772 4759 nam

123 4785 382 4854 sequitur
416 4807 428 4843 :

189 4874 292 4929 ΧΠ.
323 4877 400 4932 Et
431 4895 562 4935 ecce
591 4882 843 4950 angelus
873 4881 1115 4935 Domini
1139 4881 1349 4944 astitit,
1383 4885 1439 4935 et
1467 4882 1667 4938 lumen
1691 4897 1778 4938 re-

124 4958 288 5016 fulsit
313 4967 376 5021 in
405 4969 771 5026 habitaculo.
804 4969 1144 5025 Notandum
1177 4985 1546 5041 magn0pere
1601 4971 1775 5028 video

123 5051 280 5118 quod
307 5054 538 5124 dicitur,
595 5061 673 5115 Et
707 5075 857 5116 ecce.
910 5061 1063 5115 Ecce
1116 5059 1335 5114 etenim
1383 5061 1579 5116 dicere
1629 5061 1778 5116 sole-

127 5150 274 5206 mus,
303 5160 440 5202 cum
465 5148 693 5221 aliquid
723 5156 938 5222 praeter
983 5165 1154 5221 spem
1211 5149 1410 5205 subito
1456 5151 1777 5219 contigisse

125 5238 537 5292 monstramus.
565 5240 729 5294 Unde
760 5256 868 5312 per
892 5241 1005 5295 hoc
1036 5239 1200 5310 quod
1234 5239 1469 5308 dicitur,
1513 5242 1589 5295 Et
1624 5256 1774 5310 ecce,

124 5321 420 5386 repentina
444 5332 502 5382 et
519 5327 809 5400 inspirata
831 5328 1148 5384 subventio
1178 5327 1464 5400 innuitur,
1497 5345 1634 5402 quae
1649 5331 1776 5403 ple-

125 5415 370 5491 rumque
399 5417 538 5472 tunc
565 5417 747 5473 etiam
771 5418 1076 5491 captivum
1103 5417 1178 5472 de
1205 5434 1316 5474 sua
1345 5419 1686 5490 captivitate
1708 5420 1776 5474 li-

130 5488 305 5581 berat,
336 5506 581 5573 quando
613 5508 742 5579 ipse
764 5488 1007 5581 quoque
1033 5509 1162 5578 jam
1197 5525 1260 5563 se
1308 5488 1486 5580 posse
1539 5510 1779 5565 liberari

131 5579 412 5656 desperat.
449 5596 562 5650 Sed
587 5597 716 5667 jam
747 5579 1063 5654 videamus
1092 5579 1374 5671 quisnam
1404 5601 1475 5654 sit
1517 5600 1624 5654 iste
1680 5615 1782 5655 an-

133 5672 290 5760 gelus
317 5695 419 5750 per
443 5700 626 5756 quem
654 5687 728 5741 de
755 5703 990 5744 carcere
1018 5704 1128 5743 suo
1155 5694 1432 5760 peccator
1488 5689 1778 5744 educitur.

134 5759 257 5830 Ipse
281 5774 370 5826 est
398 5772 600 5845 utique
643 5775 724 5831 de
767 5792 894 5849 quo
941 5793 1051 5850 per
1102 5759 1462 5852 Pipphetam
1515 5778 1732 5835 dicitur
1762 5797 1776 5834 :

1885 3190 2166 3257 peccator
2195 3199 2318 3239 non
2350 3189 2519 3239 curat
2548 3183 2896 3239 obedienter
2925 3183 3132 3238 audire
3161 3186 3328 3256 quod
3361 3187 3548 3255 audit,

1879 3272 2086 3328 lumen
2117 3277 2336 3327 sanctae
2371 3271 2813 3344 praedicationis
2863 3271 3139 3327 tenebras
3193 3272 3352 3328 illius
3411 3291 3552 3331 con-

1882 3363 2140 3418 scientiae
2171 3378 2293 3417 non
2327 3361 2585 3433 expellit.
2614 3364 2762 3417 Cum
2788 3376 2928 3416 vero
2955 3361 3206 3429 angelus
3235 3368 3409 3433 astat,
3442 3365 3550 3421 ha-

1881 3451 2212 3507 bitaculum
2237 3451 2492 3506 carceris
2523 3450 2848 3505 illustratur
2883 3467 2895 3516 ;
2925 3449 3070 3521 quia
3097 3466 3238 3505 cum
3265 3453 3554 3524 praedica-

1881 3541 1963 3596 tio
1997 3545 2208 3596 sancta
2238 3555 2272 3594 a
2303 3539 2482 3594 corde
2500 3538 2800 3593 obedienti
2829 3537 3138 3609 excipitur,
3169 3543 3336 3595 tanto
3356 3543 3550 3613 magis

1879 3631 2028 3685 illud
2053 3629 2248 3685 reddit
2277 3627 2684 3700 perspicuum,
2718 3631 2947 3698 quanto
2983 3627 3243 3699 amplius
3274 3645 3381 3701 per
3403 3630 3550 3686 obe-

1881 3719 2170 3775 dientiam
2203 3717 2314 3771 sibi
2374 3717 2549 3771 sentit
2595 3715 3031 3790 propinquum.
3089 3719 3250 3771 Tunc
3297 3719 3550 3789 angelus

1881 3825 2004 3864 non
2037 3808 2231 3863 solum
2265 3811 2398 3873 stat,
2433 3807 2538 3861 sed
2570 3807 2750 3861 etiam
2776 3809 2966 3872 astat;
2993 3805 3138 3877 quia
3167 3822 3284 3862 vox
3334 3809 3550 3880 priedi-

1882 3899 2132 3954 cationis
2165 3913 2284 3952 non
2310 3896 2506 3951 solum
2537 3896 2793 3951 exterius
2836 3896 3168 3968 perstrepit,
3219 3897 3324 3952 sed
3371 3899 3552 3956 etiam

1882 3988 2131 4043 interius
2154 3987 2328 4057 juxta
2353 4002 2456 4042 cor
2485 3989 2920 4058 compunctum
2946 3985 3184 4041 assistit.

1955 4083 2150 4134 Potest
2178 4082 2382 4132 tamen
2431 4076 2492 4131 in
2546 4076 2661 4131 hoc
2717 4075 2884 4148 quod
2910 4075 3164 4146 angelus
3212 4076 3271 4132 in
3317 4094 3553 4136 carcere

1884 4169 2135 4224 astitisse
2163 4167 2400 4236 dicitur,
2433 4167 2631 4221 adhuc
2663 4164 2826 4220 aliud
2871 4163 3138 4234 ﬁgurari.
3191 4170 3360 4238 Nam,
3408 4169 3554 4240 quia

1884 4263 2039 4313 stare
2069 4256 2400 4312 laborantis
2413 4261 2502 4311 est
2519 4253 2612 4311 vel
2635 4253 2983 4326 pugnantis,
3007 4254 3152 4326 quid
3175 4271 3282 4326 per
3293 4258 3553 4312 stantem

1884 4348 2190 4418 angelum,
2224 4345 2337 4400 nisi
2361 4345 2535 4402 labor
2549 4343 2912 4416 poenitentiae
2941 4343 3213 4411 signatur
3233 4345 3260 4398 ’ἶ
3292 4345 3553 4413 Angelus

1883 4438 2086 4509 itaque
2108 4439 2341 4491 Petrum
2382 4436 2458 4490 de
2506 4449 2742 4490 carcere
2801 4432 3144 4497 educturus,
3185 4432 3359 4502 juxta
3411 4449 3553 4490 eum

1885 4509 2246 4595 astat:quia
2291 4522 2578 4577 nimirum
2629 4519 2989 4593 praedicator
3043 4526 3420 4592 peccatorem
3471 4521 3552 4577 ad

1884 4630 2177 4682 magnum
2208 4617 2511 4666 certamen
2539 4615 2846 4682 provocat,
2899 4626 3041 4664 cum
3098 4625 3236 4663 eum
3281 4609 3361 4665 ad
3413 4626 3552 4666 con-

1888 4719 2160 4773 gressum
2192 4701 2419 4757 diaboli
2447 4716 2555 4772 per
2579 4698 2938 4770 poenitentiae
2989 4699 3263 4753 laborem
3318 4699 3546 4757 invitat.

1887 4799 1952 4849 In
1975 4809 2100 4865 quo
2127 4791 2413 4846 nimirum
2444 4803 2793 4857 congressu,
2825 4787 3003 4843 etiam
3029 4793 3237 4843 contra
3276 4789 3552 4862 semetip-

1885 4899 2020 4937 sum
2047 4896 2321 4954 pugnare
2349 4877 2745 4951 compellitur,
2772 4895 2912 4934 cum
2943 4883 3154 4934 contra
3213 4878 3551 4935 delectatio-

1885 4987 1992 5027 nes
2022 4974 2407 5042 peccatorum
2437 4984 2574 5040 qute
2603 4984 2669 5023 se
2701 4967 2953 5036 gessisse
2980 4967 3253 5022 meminit
3279 4968 3552 5025 reducta-

1885 5066 2000 5117 tur.
2037 5061 2092 5116 Si
2114 5059 2274 5114 enim
2306 5058 2506 5113 nullus
2525 5058 2584 5112 in
2615 5062 2770 5112 statu
2785 5056 3146 5128 poenitentiae
3171 5055 3344 5111 labor
3375 5062 3548 5125 esset,

1888 5149 2200 5205 Psalmista
2230 5148 2436 5220 utique
2463 5162 2586 5202 non
2617 5145 2861 5201 dixisset
2889 5164 2901 5201 :
2946 5147 3248 5200 Laboravi
3274 5147 3335 5200 in
3367 5149 3550 5216 gemi-

1888 5246 1952 5295 tu
1981 5255 2106 5294 meo
2133 5239 2322 5308 (Psal.
2383 5254 2456 5303 v1,
2479 5239 2553 5307 7).
2590 5241 2652 5291 In
2683 5235 2906 5306 gemitu
2931 5234 3092 5290 enim
3135 5251 3246 5290 suo
3276 5241 3556 5307 peccator

1884 5330 2138 5396 laborat,
2171 5326 2422 5400 quando
2451 5326 2525 5381 de
2551 5325 2725 5381 malis
2753 5341 2891 5397 quas
2947 5325 3313 5398 perpetravit
3357 5327 3553 5398 paeni-

1888 5420 2085 5476 tentiae
2117 5435 2178 5473 se
2209 5417 2415 5473 dolore
2457 5416 2727 5486 castigat.
2787 5415 2900 5471 Sed
2958 5416 3035 5471 ad
3095 5417 3276 5487 hujus
3328 5415 3554 5473 laboris

1889 5525 2280 5576 congressum
2316 5512 2457 5562 tunc
2488 5505 2696 5561 fortius
2728 5504 3058 5575 laboratur,
3085 5507 3335 5578 quando
3364 5507 3419 5562 ei
3449 5523 3558 5579 per

1888 5596 2331 5671 prtedicationis
2359 5612 2568 5651 vocem
2598 5595 2804 5667 passio
2848 5595 3258 5667 Redemptoris
3307 5595 3383 5650 ad
3434 5612 3557 5653 me-

1892 5687 2150 5742 moriam
2179 5685 2486 5741 reducitur
2516 5702 2529 5751 ;
2574 5684 2736 5740 unde
2764 5684 2919 5740 bene
2975 5685 3051 5741 de
3096 5685 3313 5754 angelo
3343 5690 3557 5756 typum

1891 5777 2302 5850 praedicatoris
2329 5779 2566 5833 tenente
2592 5774 2724 5847 subj
2732 5776 2976 5846 ungitur
3003 5792 3016 5829 :
