3904 6380
423 259 527 311 295

1475 252 1530 307 S.
1572 252 1906 307 FULBERTI
1947 251 2421 309 CARNOTENSIS
2459 253 2767 309 EPlSCOPl
3683 331 3686 335 .
3724 258 3818 310 296

495 378 625 431 Xlll.
659 375 1061 443 Percussoqae
1089 374 1276 429 latere
1289 375 1480 445 Petri,
1503 375 1785 430 excitavit
1806 388 1958 439 eum,
1989 374 2074 429 di—
2102 377 2148 429 Α
2187 374 2325 443 gulo
2345 375 2470 448 ipse
2502 379 2704 431 Patrus
2734 391 2847 430 nos
2877 375 3182 445 admonet,
3227 374 3433 430 dicens
3468 391 3481 429 :
3535 375 3826 432 Succincti

422 480 608 522 cens:
637 463 827 533 Surge
854 464 1152 518 velociter.
1209 465 1283 518 Et
1339 465 1678 520 ceciderunt
1735 469 1955 518 catenae
2005 471 2077 518 ae

419 552 692 609 manibus
714 554 861 619 ejus.
921 551 1079 606 Sicut
1129 551 1258 620 jam
1289 557 1343 606 et
1401 556 1536 607 ante
1567 567 1678 606 nos
1708 551 1932 606 dictum
1966 556 2072 621 est,

419 639 724 714 percussio
752 638 950 694 lateris
979 639 1612 695 commemorationem
1638 639 1911 708 designat
1967 643 2073 695 Do-

420 730 650 786 minicaa
678 727 993 801 passionis.
1030 731 1176 784 Nam
1207 729 1348 800 quia
1379 738 1583 802 aperto
1613 729 1793 785 latere
1821 729 2070 784 Redem-

418 820 627 893 ptoris,
663 817 906 886 sanguis
939 822 995 872 et
1020 834 1180 890 aqua
1223 819 1512 888 manavit,
1563 835 1823 891 quorum
1881 835 2070 874 unum

419 909 492 964 ad
529 909 806 981 pretium,
839 907 1002 962 aliud
1036 923 1177 962 vero
1232 907 1310 963 ad
1357 908 1686 979 lavacrum,
1741 913 1894 963 recte
1942 908 2069 963 haec

418 1003 672 1070 utraque
691 996 986 1069 peccatori
1017 1011 1301 1051 converso
1323 997 1401 1052 ad
1423 997 1776 1052 memoriam
1789 1011 2071 1051 revocan-

420 1091 532 1151 tur,
557 1091 619 1140 ut
645 1091 719 1148 et,
748 1085 1096 1155 dignitatem
1129 1085 1221 1140 sui
1251 1085 1420 1157 pretii
1476 1085 1876 1157 perpendens,
1930 1102 2067 1157 pec-

419 1191 553 1230 care
582 1174 822 1230 ulterius
848 1173 1222 1243 dedignatur,
1265 1179 1338 1237 et,
1373 1174 1720 1247 inquinatus
1747 1179 1885 1246 post
1909 1174 2068 1230 lava-

418 1280 607 1331 crum,
641 1262 1000 1334 paanitentiae
1033 1263 1296 1318 fontibus
1327 1263 1538 1318 iterum
1571 1263 1918 1337 baptizatur.
1972 1264 2070 1319 Vel

417 1357 570 1408 certe
593 1352 727 1407 ideo
753 1368 997 1407 necesse
1029 1358 1114 1406 est
1145 1357 1206 1407 ut
1233 1353 1528 1425 paenitens
1577 1353 1831 1425 quisque
1886 1369 2070 1423 augu-

417 1444 556 1498 stias
589 1441 906 1498 Dominicze
934 1441 1228 1515 passionis
1259 1447 1395 1497 ante
1435 1442 1640 1498 oculos
1695 1443 1906 1498 mentis
1947 1459 2068 1497 suae

414 1532 716 1605 depinga’t,
752 1537 1069 1600 quatenus,
1102 1531 1377 1604 exemplo
1408 1531 1582 1601 illius,
1613 1549 1791 1588 suum
1827 1549 2068 1604 quoque

415 1622 685 1678 animum
706 1636 777 1674 ao
813 1619 1184 1676 tolerantiam
1205 1621 1560 1694 passionum
1582 1623 1871 1693 accingat.
1905 1621 2068 1677 Unde

2187 466 2413 520 lumbos
2438 468 2649 522 mentis
2680 474 2907 522 vestrm.
2945 465 3080 534 Sed,
3105 464 3248 538 quia
3287 464 3649 536 praedicator
3702 472 3824 522 tunc

2181 556 2604 624 congruentius
2635 555 2920 626 praedicat
2964 571 3101 610 cum
3150 553 3488 610 auditorem
3544 571 3723 611 suum
3760 556 3822 611 de

2181 644 2565 715 antiquorum
2596 643 2768 698 dictis
2799 649 2856 699 et
2875 643 3162 716 exemplis
3192 642 3497 712 informat,
3528 649 3684 700 recte
3735 646 3820 699 Pe-

2179 736 2338 788 trum
2365 733 2614 803 angelus
2647 749 2768 788 non
2799 733 2995 788 solum
3025 733 3311 805 priecingi
3336 732 3444 788 sed
3475 733 3656 790 etiam
3705 732 3825 789 cali-

2179 835 2286 888 gas
2319 820 2581 876 calceare
2615 821 2916 894 praecepit.
2953 821 3104 887 Quid
3135 821 3295 876 enim
3326 837 3434 893 per
3457 821 3685 891 caligas
3714 820 3826 894 qui-

2175 909 2291 966 bus
2319 927 2493 966 crura
2523 911 3013 977 muniuntur,nisi
3041 913 3278 967 Patrum
3310 911 3470 968 dicta
3485 917 3544 968 et
3566 911 3830 992 exempla

2177 999 2488 1068 signantur
2516 1000 2544 1054 ?
2572 1016 2706 1071 quae
2729 999 3012 1055 nimirum
3042 1016 3152 1056 nos
3177 1004 3233 1054 et
3264 1017 3300 1055 a
3330 1000 3572 1056 vulnere
3612 999 3828 1072 peccatl

2176 1087 2542 1154 custodiunt,
2571 1092 2629 1142 et
2657 1088 2735 1143 ad
2793 1104 3062 1144 amorem
3113 1088 3211 1144 Dei
3265 1104 3376 1145 nos
3423 1087 3829 1144 calefacientes

2177 1176 2531 1232 accendunt.
2617 1175 2848 1247 Caligas
2915 1179 3114 1249 itaque
3171 1182 3407 1233 nostras
3475 1177 3827 1245 calceamus,

2177 1281 2337 1334 cum,
2371 1281 2442 1319 ex
2473 1263 2645 1319 dictis
2669 1270 2724 1320 et
2753 1264 3042 1338 exemplis
3072 1271 3436 1337 sanctorum,
3465 1281 3710 1336 gressus
3739 1281 3831 1320 no«

2177 1359 2365 1408 strum
2391 1369 2642 1426 Operum
2679 1360 2887 1410 contra
2913 1353 3130 1409 vulnus
3163 1355 3391 1426 peccati
3437 1354 3830 1419 defendimus,

2177 1447 2234 1497 et
2262 1442 2337 1497 ad
2364 1458 2689 1514 supernam
2715 1443 2994 1516 patriam,
3019 1459 3228 1499 eorum
3258 1444 3588 1500 imitatione
3618 1442 3836 1500 calefa-

2177 1531 2272 1599 cti,
2327 1531 2559 1586 ardenti
2624 1531 2920 1588 desiderio
2979 1531 3354 1588 anhelamus.
3426 1536 3540 1589 Nec
3600 1535 3840 1588 moveat

2177 1619 2341 1690 quod
2396 1619 2665 1674 Ecclesiae
2724 1619 2951 1690 caligae,
3016 1625 3233 1676 nostrae
3287 1620 3618 1676 dicuntur:
3681 1619 3841 1675 dicta

413 1726 654 1784 quoque
683 1710 809 1781 ipse
830 1707 1040 1765 beatus
1065 1713 1265 1765 Petrus
1299 1727 1409 1766 nos
1462 1711 1766 1777 admonet,
1818 1711 2022 1766 dicens
2053 1727 2064 1764 :
2097 1727 2138 1780 Β
2177 1708 2337 1763 enim
2369 1713 2424 1763 et
2453 1707 2728 1779 exempla
2759 1711 3023 1780 Patrum,
3077 1714 3133 1764 et
3181 1725 3292 1764 sua
3339 1715 3496 1776 sunt,
3543 1710 3695 1782 quia
3740 1725 3841 1781 per

418 1802 654 1856 Christo
682 1800 868 1864 igitur
891 1816 1066 1868 passo
1097 1802 1158 1856 in
1190 1817 1390 1871 carne,
1415 1808 1469 1857 et
1491 1818 1588 1858 vos
1619 1803 1820 1858 eadem
1851 1803 2070 1872 cogita-

419 1891 574 1945 tione
603 1889 944 1945 armamini.
972 1893 1050 1944 Ac
1083 1889 1130 1944 si
1160 1895 1360 1962 aperte
1389 1889 1549 1946 dicat
1582 1909 1594 1946 :
1639 1891 1748 1956 Qui
1803 1894 2071 1962 peccato-

413 1995 508 2035 res
542 1978 700 2049 estis,
731 1982 893 2034 tanto
919 1994 1163 2034 necesse
1193 1984 1285 2035 est
1309 1983 1373 2035 ut
1400 1984 1663 2035 vestrum
1689 1980 1960 2036 animum
1991 1978 2068 2034 ad

414 2067 787 2124 tolerantiam
817 2066 1164 2139 informetis,
1196 2073 1422 2140 quanto
1453 2084 1592 2124 eum
1623 2069 1728 2140 qui
1753 2072 2067 2140 peccatum

417 2173 538 2214 non
570 2157 721 2224 fecit,
751 2156 890 2213 talia
945 2174 1195 2231 passum
1253 2157 1592 2228 agnoscitis.
1655 2161 1776 2226 Ego
1829 2173 1959 2229 quae
2013 2160 2068 2211 et

414 2251 646 2319 quanta
673 2246 734 2302 in
765 2263 941 2304 carne
995 2251 1192 2303 vestra
1231 2263 1341 2319 pro
1391 2245 1563 2300 vobis
1617 2246 1688 2301 sit
1742 2261 2066 2318 perpessus

416 2337 790 2410 Redemptor,
825 2336 1106 2394 attendite
1132 2355 1144 2404 ;
1179 2342 1235 2392 et
1265 2336 1343 2391 ita
1363 2335 1610 2390 demum
1640 2351 1743 2389 vos
1773 2335 1935 2406 ipsos
1989 2334 2067 2390 ad

413 2427 688 2484 eamdem
713 2426 1062 2500 patientiam
1091 2442 1198 2498 per
1229 2422 1646 2494 cogitationem
1668 2429 1916 2478 armate.
1953 2424 2064 2479 Sed

412 2519 614 2572 Petrus
641 2531 960 2589 percussus
990 2514 1050 2569 in
1081 2513 1259 2570 latere
1291 2511 1736 2583 expergiscitur,
1761 2511 1904 2583 quia
1928 2527 2064 2583 pec-

411 2611 575 2661 cator
617 2621 724 2677 per
771 2602 1244 2660 recordationem
1305 2598 1624 2654 Dominicae
1676 2599 1973 2671 passionis
2029 2616 2066 2655 a

413 2710 626 2750 somno
655 2711 775 2749 suae
797 2692 1016 2749 inertiae
1048 2690 1336 2746 excitatur
1366 2707 1378 2756 ;
1407 2688 1690 2743 excitatus
1713 2693 1911 2743 autem
1941 2706 2065 2744 sur-

412 2799 547 2854 gere
577 2782 852 2838 velociter
871 2781 1199 2851 imperatur
1236 2795 1247 2832 :
1293 2782 1374 2844 ut,
1403 2776 1506 2848 qui
1535 2783 1780 2833 eatenus
1807 2782 2063 2850 prostra-

410 2877 504 2928 tus
532 2872 592 2926 in
623 2870 804 2926 cubili
830 2867 1154 2939 iniquitatis
1179 2866 1439 2937 jaccbat,
1500 2883 1659 2922 nunc
1713 2867 2060 2923 humiliatus

409 2976 516 3031 per
543 2958 819 3026 gratiam,
851 2955 1012 3010 mala
1033 2971 1168 3026 quae
1199 2956 1560 3026 perpetravit
1589 2955 1900 3027 relinquat.
1955 2954 2061 3010 Ubi

409 3045 744 3102 notandum
774 3043 939 3115 quod
969 3060 1090 3098 non
1122 3043 1316 3098 solum
1340 3060 1600 3113 surgere,
1631 3044 1734 3099 sed
1763 3045 1941 3099 etiam
1967 3061 2060 3099 ve-
2097 3079 2137 3133 Ο

409 3134 616 3190 lociter
647 3147 890 3201 surgere
939 3131 1182 3202 jubetur
1215 3151 1228 3199 ;
1258 3133 1403 3205 quia
1432 3137 1571 3188 sunt
1621 3133 1895 3187 nonnulli
1931 3132 2057 3204 qui,

407 3224 589 3279 etiam
619 3226 755 3294 post
783 3221 1282 3276 illuminationem
1337 3221 1558 3289 gratiae,
1613 3222 1845 3277 bonum
1895 3222 2058 3295 quod

406 3328 514 3385 per
557 3311 917 3366 intellectum
977 3310 1194 3378 vident,
1244 3310 1410 3383 pigre
1469 3316 1893 3382 exsequuntur.
1949 3312 2061 3368 Sed

407 3401 686 3457 velociter
715 3399 1052 3469 exsurgenti
1083 3405 1304 3454 catenae
1336 3399 1412 3454 de
1464 3399 1743 3455 manibus
1791 3400 2015 3455 cadunt
2044 3419 2057 3469 ;

403 3490 548 3562 quia
577 3489 679 3562 qui
703 3489 932 3544 bonum
955 3488 1120 3561 quod
1149 3487 1546 3556 agnovitcum
1575 3487 1804 3544 fervore
1822 3488 2060 3560 spiritus

404 3579 628 3651 arripit,
682 3576 982 3650 quidquid
1033 3593 1171 3631 eum
1219 3576 1549 3648 praepedire
1605 3582 1836 3648 poterat
1889 3577 2058 3632 citius

403 3666 720 3724 evanescit.
775 3670 1024 3724 Catenas
1079 3665 1239 3721 enim
1292 3665 1565 3737 superius
1597 3682 1724 3721 esse
1774 3666 2055 3732 diximus,

400 3772 651 3829 pravam
711 3754 1208 3810 consuetudinem
1262 3758 1319 3808 et
1373 3753 1874 3825 desperationem,
1921 3770 2057 3824 quae

401 3849 671 3915 utraeque
701 3842 980 3897 velociter
1009 3840 1348 3909 exsurgenti
1377 3841 1452 3896 de
1479 3841 1762 3897 manibus
1796 3843 2019 3898 cadunt
2043 3861 2055 3909 ;

401 3931 564 4004 quia,
599 3946 738 3985 cum
769 3929 973 3984 audita
990 3928 1415 4000 praedicatione
1445 3929 1518 3984 de
1542 3930 1797 4001 torporis
1829 3931 1916 3985 sui
1940 3931 2057 3985 lec-

405 4023 463 4073 to
496 4018 620 4072 sine
653 4033 823 4071 mora
843 4021 1120 4088 peccator
1147 4016 1430 4084 exsurgit,
1461 4033 1571 4071 nec
1611 4018 1899 4088 peccandi
1926 4035 2062 4074 con-

405 4108 663 4164 suetudo
708 4106 864 4162 valet
903 4105 1070 4160 illum
1101 4105 1176 4159 ad
1209 4110 1522 4176 peccatum
1578 4108 1895 4172 retrahere,
1952 4125 2060 4164 nec

405 4195 740 4269 desperatio
764 4211 800 4250 a
828 4193 1126 4266 speranda
1156 4193 1527 4263 indulgentia
1565 4195 1877 4250 deterrere.

476 4288 607 4342 XIV.
643 4283 917 4356 Sequitur
948 4301 960 4338 2
991 4283 1159 4338 Dixit
1191 4289 1388 4338 autem.
1439 4285 1688 4353 angelus
1751 4285 1831 4339 ad
1881 4299 2008 4340 eum
2039 4302 2052 4338 :

402 4375 798 4445 Praecingere,
834 4378 890 4427 et
921 4374 1123 4428 calcea
1153 4376 1208 4427 te
1237 4372 1464 4441 caligas
1487 4377 1640 4427 luas.
1672 4373 1750 4427 Et
1777 4373 1922 4441 fecit
1950 4374 2051 4428 sic.

403 4464 502 4519 Hic
534 4463 732 4528 etiam,
759 4461 930 4531 juxta
961 4460 1235 4528 litteram,
1290 4459 1364 4514 de
1415 4459 1627 4515 virtute
1682 4460 2055 4516 discretionis

400 4551 770 4608 instruimur.
806 4552 1003 4605 Petrus
1031 4549 1212 4616 enim,
1242 4552 1306 4602 ut
1358 4547 1544 4618 frigus
1571 4549 1758 4604 noctis
1817 4549 1928 4605 sibi
1955 4550 2057 4605 ali-

401 4639 759 4714 quantulum
789 4643 1162 4711 temperaret,
1212 4637 1634 4693 vestimentum
1685 4655 1808 4710 quo
1853 4638 2060 4694 indue-

400 4730 598 4799 batur,
622 4729 814 4785 soluto
842 4726 1104 4797 cingulo,
1137 4726 1293 4780 circa
1340 4725 1523 4797 pedes
1576 4725 1817 4780 dimisit.
1853 4729 2058 4781 Exem-

401 4819 569 4893 plum
599 4818 774 4874 nobis
815 4816 1074 4873 inﬁrmis
1111 4815 1407 4888 praebens,
1461 4831 1599 4869 cum
1643 4814 1735 4869 vel
1787 4815 2058 4872 humana

402 4909 628 4965 saevitia
652 4907 967 4975 atﬁcimur,
1017 4903 1111 4960 vel
1151 4903 1417 4975 corporis
1469 4902 1810 4959 inﬁrmitate
1845 4920 2056 4973 grava-

401 5015 556 5066 mur,
588 4997 762 5052 licere
794 4995 969 5051 nobis
1001 4991 1230 5065 aliquid
1267 4991 1342 5046 de
1398 4991 1686 5063 propositi
1731 4991 1922 5061 rigore
1969 4993 2056 5049 la-

399 5101 542 5140 xare
571 5104 583 5139 :
617 5089 699 5150 ut,
732 5084 880 5139 dum
909 5080 1208 5152 fragilitati
1241 5079 1503 5152 corporis
1529 5080 1589 5135 in
1616 5080 1876 5135 minimis
1920 5098 2056 5142 con-

401 5173 845 5239 descendimus,
880 5171 1029 5227 vires
1055 5169 1214 5225 illinc
1245 5169 1506 5240 majores
1535 5169 1613 5225 ad
1657 5171 2054 5227 exercendum

405 5266 708 5317 certamen
735 5260 875 5315 ﬁdei
929 5275 1300 5332 reparemus.
1352 5261 1527 5314 Juxta
1579 5259 1870 5315 internam
1914 5277 2054 5317 vero

400 5349 849 5419 intelligentiam
905 5347 1259 5420 praedicator
1319 5354 1693 5420 peccatorem
1772 5350 2055 5422 prrecingi

399 5442 674 5512 imperat,
705 5453 843 5492 cum
870 5437 1038 5493 illum
1071 5437 1340 5493 hortatur
1367 5443 1432 5493 ut
1461 5438 1707 5493 luxuriae
1739 5439 1900 5495 ﬂuxa
1931 5441 2053 5496 cin-

401 5530 541 5602 gulo
573 5527 858 5585 castitatis
890 5528 1220 5597 restringat.
1274 5532 1393 5584 Hoc
1439 5529 1673 5598 singulo
1730 5530 2054 5602 discipulos

401 5636 543 5675 suos
567 5617 848 5674 castitatis
879 5615 1160 5686 magister
1180 5617 1604 5689 praecingebat,
1637 5634 1773 5673 cum
1795 5618 2048 5675 diceret:

397 5711 534 5768 Sint
562 5707 749 5766 lumbi
799 5707 983 5765 vestri
1005 5707 1338 5777 praecincti.
1400 5709 1480 5762 De
1527 5707 1642 5763 hoc
1667 5722 1908 5779 quoque
1933 5708 2050 5764 cin-

2179 1813 2282 1851 eos
2315 1796 2578 1851 exhibita
2612 1813 2624 1862 ;
2659 1800 2716 1850 et
2745 1802 2966 1862 nostra,
2999 1813 3134 1868 qure
3164 1797 3339 1852 nobis
3369 1797 3447 1852 ad
3473 1797 3840 1854 imitandum

2175 1884 2398 1939 relicta.
2435 1883 2755 1940 Sciendum
2783 1885 2941 1939 enim
2972 1889 3058 1939 est
3079 1884 3223 1957 quia
3245 1884 3359 1939 hoc
3389 1884 3449 1939 in
3500 1884 3633 1940 loco
3684 1889 3840 1942 Grie-

2176 1989 2281 2027 cus
2305 1971 2493 2027 codex
2522 1988 2644 2026 non
2675 1971 2856 2027 habet
2882 1975 3131 2043 caligas,
3165 1973 3269 2028 sed
3307 1973 3643 2042 scandalia,
3706 1991 3842 2047 quae

2176 2061 2375 2116 Latine
2412 2060 2692 2115 dicuntur
2737 2062 2927 2116 solea.
2980 2063 3078 2117 Est
3132 2065 3332 2117 autem
3385 2077 3574 2131 genus
3617 2062 3847 2120 calcea-

2174 2153 2513 2204 mentorum
2542 2165 2678 2221 quae
2729 2155 2963 2222 partem
3006 2149 3176 2222 pedis
3224 2149 3564 2205 inferiorem
3609 2165 3692 2205 ex
3723 2153 3842 2204 toto

2175 2243 2514 2307 contegunt,
2553 2238 2920 2311 superiorem
2947 2244 3146 2294 autem
3177 2238 3459 2294 intectam
3488 2237 3838 2294 ostendunt.

2175 2327 2300 2388 Quo
2331 2326 2615 2381 nimirum
2644 2342 2858 2395 genere
2886 2325 3274 2382 calceamenti
3321 2331 3378 2381 et
3434 2325 3702 2398 apostoli
3753 2323 3839 2380 usi

2176 2420 2335 2484 sunt,
2369 2416 2519 2471 sicut
2565 2416 2626 2470 in
2675 2416 2952 2487 praesenti
3010 2419 3420 2483 monstratur;
3470 2419 3528 2470 et
3567 2413 3838 2488 episcopi

2173 2504 2370 2571 hodie,
2422 2520 2542 2559 non
2584 2503 2709 2558 sine
2766 2505 2905 2559 certi
2959 2519 3142 2560 causa
3206 2502 3497 2576 mysterii,
3560 2508 3834 2559 utuntur.

2171 2596 2312 2648 Pars
2339 2609 2480 2662 ergo
2501 2593 2682 2663 hujus
2715 2592 3103 2648 calceamenti
3132 2609 3268 2665 quae
3297 2608 3406 2665 per
3449 2597 3677 2648 terram
3730 2596 3838 2648 tra-

2171 2684 2347 2750 hitur,
2381 2681 2814 2755 providentiam
2873 2682 3169 2752 signiﬁcat
3217 2681 3671 2755 temporalium,
3735 2698 3837 2755 per

2169 2790 2355 2845 quam
2382 2771 2633 2826 subditis
2664 2788 2700 2826 a
2728 2771 2986 2844 praelatis
3040 2777 3273 2827 terrena
3324 2770 3598 2827 subsidia
3659 2771 3837 2827 mini-

2172 2868 2452 2918 strantur.
2472 2863 2614 2916 Pars
2644 2865 2846 2916 autem
2876 2861 3164 2934 superior,
3220 2877 3356 2933 quae
3409 2861 3633 2934 pedem
3696 2862 3839 2917 inte-

2170 2956 2330 3006 ctum
2357 2967 2430 3006 ex
2459 2954 2624 3023 parte
2655 2954 2928 3020 ostentat,
2963 2954 3049 3004 est
3078 2949 3504 3022 contemplatio
3546 2965 3842 3022 superno—

2168 3055 2322 3105 rum,
2343 3056 2449 3111 per
2469 3056 2655 3111 quam
2686 3045 2741 3094 et
2771 3039 3051 3113 praelatus
3075 3039 3200 3112 ipse
3257 3039 3473 3096 divinis
3525 3039 3842 3096 revelatio-

2167 3127 2346 3182 nibus
2381 3129 2661 3199 pascitur,
2694 3133 2750 3182 et
2768 3128 2860 3182 his
2884 3129 2988 3200 qui
3011 3128 3124 3183 sibi
3154 3128 3460 3183 commissi
3489 3133 3632 3184 sunt
3667 3128 3839 3202 spiri-

2167 3217 2388 3272 tualem
2410 3217 2757 3272 alimoniam
2776 3218 3130 3289 impartitur.
3154 3221 3284 3273 Haec
3306 3217 3579 3275 sandalia
3595 3221 3840 3274 Petrum

2167 3306 2414 3375 angelus
2431 3305 2695 3361 calceare
2713 3307 3012 3379 prtecepit,
3038 3307 3182 3379 quia
3205 3312 3262 3363 et
3278 3307 3532 3377 dignum
3551 3307 3743 3364 valde
3761 3312 3842 3362 est

2166 3401 2230 3450 ut
2253 3396 2301 3450 is
2319 3396 2395 3451 ad
2414 3412 2596 3468 quem
2621 3396 2998 3452 liberandum
3021 3397 3308 3453 Dominus
3337 3397 3621 3468 angelum
3657 3413 3840 3454 suum

2163 3485 2357 3552 mittit,
2391 3485 2468 3540 ad
2499 3501 2633 3540 eam
2655 3485 3022 3558 quandoque
3043 3485 3467 3558 perfectionem
3499 3485 3767 3556 attingat
3782 3487 3841 3539 ut

2164 3573 2451 3646 proximis
2465 3574 2541 3630 ad
2567 3574 2977 3630 necessitatem
3006 3580 3322 3647 utramque
3346 3574 3622 3631 sufﬁciat.
3655 3575 3718 3633 Si
3741 3590 3839 3630 au-

2165 3667 2283 3719 tem
2309 3663 2470 3735 quod
2497 3663 2712 3718 dicitur
2743 3681 2755 3718 :
2787 3665 3172 3734 Praecingere
3197 3670 3253 3721 et
3280 3666 3483 3721 calcea
3515 3670 3570 3722 te
3599 3666 3836 3736 caligas

2165 3759 2318 3819 tuas,
2340 3751 2419 3807 ad
2435 3752 2709 3807 doctores
2758 3751 3187 3808 ecclesiasticos
3247 3752 3580 3826 specialiter
3639 3751 3837 3810 referi-

2163 3859 2322 3912 mus,
2341 3841 2562 3914 quibus
2579 3847 2634 3897 et
2660 3842 2874 3897 dicitur
2894 3860 2905 3897 :
2929 3844 3059 3898 Sint
3085 3843 3270 3899 lumbi
3287 3845 3470 3899 vestri
3486 3846 3835 3917 praecincti;

2164 3934 2219 3984 et
2243 3947 2255 3983 :
2287 3928 2555 3986 Calceati
2567 3930 2746 3998 pedes
2764 3931 2825 3985 in
2833 3933 3284 4000 praeparatione
3298 3932 3627 4002 Evangelii
3635 3936 3831 4003 pacis,

2163 4017 2498 4072 notandum
2527 4034 2907 4091 summopere
2938 4023 3026 4074 est
3043 4019 3210 4092 quod
3236 4019 3404 4091 prius
3431 4022 3742 4093 praecingi
3783 4026 3836 4078 et

2166 4106 2558 4180 postmodum
2580 4110 2844 4165 calceari
2870 4109 3232 4181 prmcipitur,
3259 4109 3404 4182 quia
3433 4109 3730 4167 nimirum
3751 4128 3836 4167 re-

2168 4201 2327 4250 ctum
2356 4195 2628 4251 ordinem
2656 4195 2714 4251 in
2748 4213 2856 4252 sua
2887 4196 3117 4253 actione
3143 4212 3264 4253 non
3297 4202 3497 4253 servat
3525 4198 3634 4270 qui
3665 4199 3832 4272 prius

2164 4284 2348 4356 pedes
2381 4301 2520 4340 suos
2549 4285 2627 4340 ad
2657 4285 3190 4355 evangelizandum
3225 4286 3469 4353 calceat,
3519 4304 3717 4360 quam
3747 4304 3832 4343 re-

2167 4388 2274 4428 nes
2306 4389 2445 4428 suos
2475 4373 2671 4429 balteo
2686 4375 2967 4430 castitatis
2985 4375 3319 4446 restringat.
3349 4375 3464 4431 Sed
3489 4376 3662 4448 prius
3687 4393 3831 4450 prte-

2167 4461 2459 4532 cingatur,
2491 4469 2546 4517 et
2575 4464 2961 4535 postmodum
2994 4463 3323 4533 calceetur;
3354 4469 3419 4520 ut
3446 4466 3617 4537 prius
3648 4467 3714 4522 in
3769 4482 3828 4521 se

2163 4550 2410 4606 luxuriae
2431 4552 2662 4607 ﬂuxum
2683 4553 2982 4625 pudicitiae
3013 4554 3207 4625 rigore
3229 4554 3564 4627 restringat,
3610 4562 3671 4612 et
3726 4573 3828 4630 po-

2165 4646 2309 4705 stea,
2334 4641 2392 4696 in
2426 4641 2619 4713 seipso
2645 4642 2772 4712 jam
2789 4648 3056 4714 pacatus,
3086 4643 3146 4698 in
3166 4645 3603 4716 praeparatione
3632 4649 3827 4702 Evan-

2164 4729 2297 4800 gelii
2325 4731 2491 4802 pacis
2514 4730 2787 4785 calceatis
2817 4731 3072 4803 pedibus
3103 4731 3358 4788 incedat.
3393 4733 3707 4790 Calceatos
3728 4750 3828 4790 au-

2162 4822 2281 4873 tem
2313 4819 2497 4890 pedes
2531 4818 2752 4874 habere
2784 4819 3205 4891 praedicatores
3255 4821 3566 4892 julientur,
3628 4829 3698 4878 ut
3749 4820 3827 4877 ad

2162 4907 2609 4979 praedicandum
2635 4909 2824 4980 parati
2848 4924 3084 4981 semper
3097 4925 3224 4964 esse
3250 4910 3468 4966 debere
3489 4916 3829 4968 monstren-

2161 4999 2274 5051 tur.
2306 4999 2454 5052 Nam
2483 4996 2657 5068 quasi
2687 4996 3076 5053 discalceatus
3093 4997 3450 5070 praedicator
3466 5004 3558 5054 est
3574 5001 3686 5073 qui
3707 5014 3826 5056 non

2161 5090 2500 5157 semperest
2520 5086 2597 5140 ad
2619 5085 2962 5141 docendum
2983 5091 3232 5158 paratus
3258 5106 3270 5155 ;
3301 5105 3485 5161 quem
3515 5105 3663 5146 cum
3691 5089 3832 5146 sub-

2159 5175 2315 5230 ditus
2345 5175 2419 5230 de
2473 5174 2675 5246 aliqua
2724 5175 3063 5232 necessaria
3112 5177 3425 5248 questione
3473 5177 3824 5249 interrogat,

2158 5264 2297 5319 hinc
2323 5263 2585 5336 primum
2615 5262 2820 5334 incipit
2841 5280 3126 5336 quaerere,
3150 5282 3289 5321 cum
3322 5266 3542 5323 debeat
3570 5284 3828 5342 respon-

2159 5352 2317 5408 dere.
2356 5355 2472 5406 Hoc
2531 5351 2974 5424 praedicationis
3038 5354 3446 5412 calceamento
3498 5357 3828 5428 magistros

2161 5440 2433 5496 Ecclesiae
2464 5443 2664 5495 Petrus
2707 5440 3033 5512 calceabat,
3094 5461 3232 5500 cum
3279 5444 3543 5500 diceret:
3605 5447 3832 5504 Parati

2157 5543 2386 5597 semper
2415 5529 2497 5583 ad
2519 5528 2987 5596 satisfactio-nem
3027 5534 3192 5587 omni
3205 5534 3480 5602 poscenti
3506 5549 3611 5590 vos
3645 5537 3827 5591 ratio-

2159 5633 2289 5672 nem
2309 5617 2468 5686 ﬁdei,
2495 5617 2568 5672 de
2588 5632 2656 5672 ea
2682 5632 2815 5687 quce
2835 5618 2897 5672 in
2929 5619 3088 5676 vobis
3117 5626 3201 5676 est
3230 5637 3349 5690 spe.
3377 5621 3493 5677 Sed
3527 5623 3610 5678 ad
3669 5625 3827 5680 hanc

2153 5707 2582 5781 perfectionem
2610 5707 2706 5765 ille
2735 5708 3104 5783 quandoque
3123 5710 3405 5784 pertingit
3432 5712 3565 5786 qui,
3584 5731 3736 5772 cum
3751 5713 3827 5772 ad
