3904 6378
55 278 165 331 297

963 273 1366 329 TRACTATUS
1408 272 1473 326 IN
1513 268 1708 324 VERS.
1754 271 1775 321 1
1830 270 1981 322 CAP.
2024 271 2109 323 Xll
2152 272 2306 327 ACT.
2351 274 2595 330 APOST.

3377 284 3481 336 298

55 398 295 454 bonum
317 398 640 465 instruitur,
672 397 1022 453 institutoris
1055 396 1146 450 sui
1175 395 1415 452 monitis
1444 407 1715 449 reveren-
1753 391 1801 443 A
1835 391 2117 447 cumdato
2148 397 2348 449 autem
2377 398 2543 451 Petro
2570 396 2925 454 vestimento
2957 414 3088 467 suo,
3116 402 3316 455 Petrus
3352 417 3487 474 post

58 493 149 542 ter
180 487 450 543 obaudit.
487 487 649 542 Unde
682 492 818 559 post
872 490 1236 557 praeceptum
1291 484 1484 554 angeli
1523 481 1723 537 obedi-

58 576 227 631 entia
257 575 405 630 Petri
436 574 819 645 subinfertur,
844 591 981 628 cum
1010 574 1223 629 dicitur
1257 592 1269 627 :
1316 576 1393 628 Et
1429 574 1571 641 fecit
1620 572 1720 626 sic.

58 666 153 720 Ad
188 682 401 720 vocem
431 664 590 719 enim
621 664 1020 736 przecipientis
1047 662 1241 732 angeli
1273 666 1475 718 Petrus
1524 661 1605 715 sic
1646 659 1728 715 fa-

61 756 161 820 cit,
199 771 340 809 cum
372 753 607 808 auditor
636 752 1011 826 priedicatori
1044 768 1152 807 suo
1202 757 1367 807 tanta
1416 751 1727 806 devotione

58 844 465 914 obtemperat,
492 845 557 897 ut
579 842 657 896 ad
686 840 1101 914 peragendum
1118 841 1283 913 quod
1316 840 1367 896 ei
1398 840 1477 911 inj
1490 840 1729 910 ungitur

60 945 274 986 moras
305 928 498 984 nullas
528 930 805 984 innectat.
842 932 988 985 Cum
1015 945 1152 984 vero
1175 928 1509 983 auditorem
1550 943 1726 982 suum

60 1018 443 1091 praedicator,
485 1034 555 1072 ea
579 1019 859 1089 quzejam
886 1018 1109 1084 didicit,
1166 1018 1428 1073 studiose
1483 1016 1729 1088 implere

62 1108 430 1176 considerat,
464 1108 656 1175 magis
683 1108 999 1179 magisque
1027 1111 1387 1180 provocatur
1416 1111 1481 1161 ut
1522 1106 1729 1161 omnia

62 1197 147 1251 illi
174 1213 312 1269 quae
345 1196 422 1251 ad
446 1196 868 1267 perfectionem
901 1197 1131 1252 ducunt
1173 1196 1519 1252 innotescat.
1567 1195 1729 1251 Unde

64 1290 125 1342 et
152 1288 425 1357 sequitur
460 1304 471 1339 :

140 1376 249 1429 XV.
280 1375 449 1429 Βίτιί
480 1381 676 1430 autem
724 1376 974 1444 angelus
1031 1375 1112 1430 ad
1168 1392 1296 1431 eum
1330 1391 1350 1429 .·
1412 1374 1731 1431 Circumda

66 1464 181 1520 tibi
210 1465 619 1519 vestimentum
654 1470 842 1532 tuum,
874 1472 927 1519 et
958 1480 1200 1535 sequere
1226 1481 1336 1520 me.
1374 1464 1547 1529 Quod
1601 1479 1734 1518 ves—

66 1554 390 1609 timentum
423 1554 499 1609 ad
528 1570 765 1626 corpus,
794 1554 907 1608 hoc
932 1558 1023 1609 est
1036 1554 1263 1624 justitia
1311 1553 1388 1609 ad
1445 1555 1731 1609 animam.

67 1642 511 1698 Vestimentum
532 1643 690 1697 enim
725 1643 864 1713 tegit
894 1648 950 1698 et
981 1643 1271 1709 calefacit,
1298 1644 1524 1714 justitia
1584 1660 1735 1716 quo-

66 1749 191 1805 que
219 1732 299 1787 ab
330 1732 535 1787 anima
579 1738 634 1787 et
660 1732 844 1802 frigus
902 1733 1139 1787 malitiae
1186 1732 1440 1805 expellit,
1485 1738 1550 1788 et
1600 1749 1733 1805 qua:

66 1822 129 1876 in
163 1837 237 1876 ea
262 1837 371 1893 per
398 1826 714 1893 peccatum
756 1825 897 1875 sunt
928 1820 1209 1885 verenda,
1252 1821 1456 1876 divino
1508 1821 1733 1892 judicio

68 1909 411 1966 abscondit.
444 1910 499 1965 Si
524 1910 689 1964 enim
720 1909 946 1965 malitia
977 1910 1164 1979 frigus
1215 1926 1338 1965 non
1388 1916 1563 1982 esset,
1604 1928 1736 1984 pro-

68 2002 258 2073 pheta
287 2000 489 2072 utique
518 2000 630 2055 sub
656 2000 874 2055 Judaeae
903 2017 1098 2072 speete
1129 2001 1203 2056 de
1229 2005 1426 2057 mente
1478 2003 1736 2075 reproba

66 2106 197 2147 non
227 2089 477 2145 dixisset
507 2107 519 2144 :
554 2091 867 2160 Frigidam
893 2092 1045 2159 facit
1074 2094 1333 2147 cisterna
1363 2108 1603 2163 aquam,
1652 2094 1736 2148 sic

66 2179 365 2250 frigidam
393 2180 535 2247 fecit
566 2180 860 2234 malitiam
892 2195 1060 2235 suam
1093 2183 1156 2234 Et
1181 2196 1421 2235 rursum
1471 2180 1519 2235 si
1563 2181 1735 2251 justi-

70 2269 153 2324 tia
182 2267 608 2323 vestimentum
639 2284 761 2322 non
789 2273 959 2335 esset,
994 2268 1305 2324 Psalmista
1360 2270 1562 2342 utique
1614 2287 1736 2327 non

72 2357 323 2413 dixisset
355 2375 366 2410 :
400 2357 747 2412 Sacerdotes
780 2358 869 2411 tui
900 2358 1237 2413 induantur
1252 2360 1579 2428 justitiam.
1622 2364 1736 2415 Nos

73 2448 305 2520 quippe
331 2446 669 2501 sacerdotes
719 2446 953 2501 Domini
995 2464 1227 2514 sumus,
1278 2449 1422 2520 quia
1465 2450 1739 2505 membra

76 2535 307 2591 summi
334 2534 657 2592 sacerdotis
688 2536 1049 2602 exsistimus,
1083 2541 1139 2592 et
1174 2553 1281 2609 per
1332 2538 1736 2595 mortificatio-

76 2644 222 2683 nem
254 2626 451 2682 carnis
472 2642 585 2681 nos
609 2626 771 2698 ipsos
801 2626 1063 2682 hostiam
1092 2628 1290 2682 vivam
1344 2627 1593 2683 Domino
1630 2628 1738 2683 im-

77 2716 402 2772 molamus.
442 2715 553 2780 Qui
584 2715 867 2770 nimirum
896 2719 1033 2770 tunc
1059 2716 1327 2770 veracius
1370 2716 1599 2785 justitia
1655 2715 1740 2769 in-

78 2805 325 2860 duimur
355 2821 493 2859 cum
524 2803 689 2859 nulla
718 2820 852 2876 quae
880 2808 1016 2858 sunt
1061 2803 1334 2860 facienda
1391 2808 1738 2876 praetermit-

80 2895 286 2950 timus.
320 2894 484 2949 Unde
509 2893 604 2948 hic
632 2910 874 2965 quoque
904 2893 1240 2948 notandum
1269 2898 1358 2949 est
1373 2894 1536 2965 quod
1564 2910 1741 2964 ange-

77 2986 172 3040 lus
204 2987 369 3039 Petro
394 2998 782 3056 nequaquam
807 2982 888 3037 ait
910 2984 1094 3038 :Vesti
1115 2985 1519 3039 vestimentum
1551 2990 1739 3053 tuum,

1831 481 2114 550 angelum
2145 483 2327 551 vadit,
2354 500 2489 539 cum
2525 501 2849 542 conversus
2882 493 3160 559 peccator
3190 490 3271 546 sic
3316 493 3481 547 vcsti-

1832 571 1941 639 giis
1969 576 2189 626 sanctae
2234 573 2676 644 przedicationis
2730 575 2996 646 inhaeret,
3047 582 3105 633 et
3159 579 3235 634 ab
3282 580 3485 637 itinere

1827 660 2067 730 justitia:
2114 660 2278 715 nullo
2326 660 2673 719 diverticulo
2745 664 3093 721 transitoria:
3144 666 3487 725 intentionis

1833 751 2106 807 abstinet.
2128 752 2267 807 Post
2296 753 2830 811 circumdationem
2884 757 3103 813 etenim
3151 761 3488 818 vestimenti

1834 842 1924 897 sui
1955 841 2237 912 angelum
2268 843 2514 900 minime
2546 846 2812 918 sequitur
2831 846 3124 921 quisquis,
3143 854 3279 921 post
3302 852 3489 908 adim—

1834 930 2156 1001 pletionem
2186 932 2331 988 boni
2356 934 2571 1006 operis,
2605 934 2666 989 in
2726 952 2787 991 se
2842 942 2898 993 et
2945 954 3067 993 non
3120 938 3180 993 in
3232 940 3485 996 Domino

1836 1020 2136 1088 gloriatur.
2172 1024 2365 1092 Longe
2396 1024 2619 1095 quippe
2646 1040 2682 1080 a
2699 1032 3042 1084 consectatu
3064 1028 3154 1083 sui
3172 1030 3367 1100 angeli
3383 1032 3485 1086 de—

1836 1111 1955 1166 viat
1970 1112 2094 1184 qui,
2114 1128 2218 1184 per
2234 1112 2463 1169 bonum
2484 1115 2649 1186 quod
2681 1116 2823 1186 agit,
2848 1118 3011 1173 aliud
3034 1119 3285 1176 intendit
3304 1138 3491 1194 quam

1837 1205 1924 1255 est
1953 1199 2099 1255 illud
2128 1202 2293 1273 quod
2320 1202 2698 1272 singulariter
2728 1207 3134 1277 appetendum
3157 1226 3227 1264 ex
3250 1226 3351 1265 ore
3401 1210 3491 1265 sui

1836 1289 2241 1361 preedicatoris
2268 1291 2512 1347 audivit.
2543 1294 2885 1365 Opportune
2907 1295 3083 1364 igitur
3111 1298 3359 1367 angelus
3390 1303 3492 1355 Pe-

1838 1382 1997 1434 trum
2027 1384 2092 1434 ut
2122 1385 2467 1451 sequeretur
2497 1382 2829 1450 admonuit,
2854 1384 2998 1456 quia
3015 1402 3211 1442 sermo
3232 1388 3488 1456 divinus,

1841 1472 2168 1540 postquam
2196 1469 2270 1523 de
2302 1469 2584 1525 omnibus
2610 1487 2745 1543 quae
2776 1472 3069 1544 pertinent
3097 1475 3175 1529 ad
3223 1480 3492 1530 nostram

1843 1560 2094 1613 salutem
2124 1558 2379 1628 instruit,
2413 1560 2593 1615 etiam
2631 1561 2884 1633 qualiter
2913 1564 3245 1636 appetitum
3294 1565 3491 1621 inanis

1845 1645 2044 1715 gloriae
2074 1646 2371 1718 praeterire
2397 1648 2730 1705 debeamus
2761 1652 3037 1707 ostendit.
3074 1654 3187 1709 Sed
3232 1670 3370 1709 cum
3423 1671 3495 1710 ea

1774 1746 1813 1799 Β
1843 1752 1978 1808 quae
2010 1739 2243 1791 Petrum
2273 1736 2464 1793 facere
2487 1738 2735 1807 angelus
2758 1741 2990 1796 monuit
3019 1742 3096 1797 ad
3123 1747 3349 1800 tantam
3367 1761 3496 1817 per-

1844 1826 2159 1882 fectionem
2190 1826 2544 1898 pertineant,
2579 1829 2792 1900 quaerit
2816 1830 3068 1887 fortasse
3100 1833 3313 1906 aliquis
3342 1851 3493 1907 quo-

1845 1915 2028 1971 modo
2085 1916 2381 1987 peccatori
2427 1915 2625 1971 adhuc
2678 1922 2910 1975 retruso
2968 1920 3029 1976 in
3084 1939 3317 1979 carcere
3366 1924 3493 1981 haec

1846 2009 2017 2061 tantae
2039 2004 2417 2078 perfectionis
2443 2005 2710 2063 instituta
2727 2010 3087 2066 conveniant
3107 2013 3133 2067 ?
3154 2014 3319 2078 Quod
3339 2019 3495 2070 recte

1846 2096 2092 2151 forsitan
2147 2101 2531 2167 quaereretur,
2586 2097 2633 2151 si
2690 2114 2802 2154 nos
2860 2101 3041 2157 modo
3080 2118 3396 2173 ageremus
3421 2105 3495 2161 de

1846 2188 2157 2256 peccatore
2189 2184 2387 2240 adhuc
2408 2184 2468 2240 in
2498 2186 2727 2257 peccati
2758 2188 2852 2244 sui
2878 2205 3112 2246 carcere
3142 2192 3493 2261 dormiente,

1847 2277 1905 2327 et
1925 2288 2047 2328 non
2064 2272 2138 2327 de
2161 2271 2259 2327 illo
2290 2272 2489 2344 potius
2521 2274 2693 2345 cujus
2717 2276 2845 2345 jam
2897 2294 3195 2336 carcerem
3245 2282 3495 2353 angelus

1846 2361 2175 2427 illustravit,
2211 2378 2393 2434 quem
2417 2363 2545 2433 jam
2578 2364 2862 2420 Dominus
2883 2383 2990 2439 per
3018 2372 3495 2441 compunctionis

1849 2451 2124 2523 spiritum
2149 2450 2442 2507 excitavit.
2471 2452 2572 2507 Cui
2605 2459 2758 2509 certe
2789 2471 2967 2511 omne
2988 2458 3153 2529 quod
3175 2458 3249 2514 de
3276 2461 3497 2532 perfec-

1846 2540 2004 2595 tione
2036 2539 2268 2604 dicitur,
2302 2544 2466 2594 tanto
2494 2540 2690 2596 verius
2720 2544 3010 2612 congruit,
3033 2552 3259 2617 quanto
3286 2548 3411 2620 ipse
3436 2566 3495 2605 se

1847 2627 2121 2685 devotius
2154 2644 2261 2699 per
2289 2629 2633 2700 oppositum
2666 2631 3056 2689 confessionis
3081 2636 3353 2706 accingit.
3402 2642 3498 2694 Pe-

1849 2717 2209 2787 trusitaque,
2237 2716 2435 2771 adhuc
2482 2717 2543 2772 in
2574 2720 2847 2791 captione
2895 2723 3143 2794 positus,
3200 2732 3497 2799 praecepta

1848 2806 2138 2861 libertatis
2166 2805 2399 2877 accipit,
2429 2807 2573 2879 quia
2600 2815 2881 2881 peccator
2913 2817 3048 2869 tunc
3072 2814 3251 2870 etiam
3281 2833 3387 2888 per
3431 2834 3497 2873 ος

1849 2894 2253 2968 praedicatoris
2283 2912 2539 2968 quaeque
2567 2897 2674 2952 sibi
2709 2901 2945 2970 agenda
2974 2905 3297 2976 cognoscit,
3362 2924 3499 2962 cum

1851 2986 2047 3041 adhuc
2096 3001 2203 3057 per
2251 2984 2518 3057 aliquam
2569 2989 2786 3044 mentis
2843 2991 3207 3049 debilitatem
3262 2995 3322 3050 in
3379 3013 3501 3051 suae

81 3074 189 3130 sed
220 3073 543 3129 Circumda
576 3073 985 3128 vestimentum
1018 3080 1203 3128 tuum.
1242 3072 1386 3128 Fieri
1425 3072 1585 3129 enim
1641 3088 1743 3144 po-
1781 3097 1821 3153 ρ
1852 3074 2226 3131 conscientia!
2250 3073 2489 3130 latebris
2510 3076 2815 3134 delitescit.
2843 3081 2954 3137 Sed
2971 3082 3098 3151 jam
3120 3084 3361 3139 tandem
3378 3102 3502 3141 om-

81 3168 192 3219 test
220 3163 281 3218 in
314 3162 515 3235 aliquo
546 3177 759 3232 genere
781 3162 1117 3217 vestimenti
1175 3161 1222 3217 si
1275 3178 1347 3217 ex
1403 3178 1524 3218 una
1572 3167 1739 3234 parte

80 3260 379 3325 tegamur,
410 3256 475 3307 ut
506 3268 578 3307 ex
595 3257 759 3324 parte
777 3251 893 3307 alia
916 3251 1113 3307 intecti
1128 3251 1460 3308 videamur.
1488 3253 1739 3318 Quando

82 3348 285 3400 autem
315 3341 396 3397 sic
427 3342 713 3397 vestimur
741 3346 805 3397 ut
834 3341 998 3397 nulla
1020 3358 1092 3397 ex
1128 3346 1294 3414 parte
1339 3342 1485 3398 nudi
1540 3360 1738 3399 rema-

80 3449 360 3501 neamus,
391 3432 529 3487 hinc
556 3448 678 3487 non
706 3436 938 3487 tantum
969 3432 1323 3488 vestimento
1364 3434 1577 3502 vestiti,
1640 3433 1743 3489 sed

83 3525 263 3581 etiam
294 3522 646 3579 circumdati
677 3538 907 3577 sumus.
939 3522 1049 3587 Qui
1092 3522 1270 3591 igitur
1323 3523 1403 3578 sic
1460 3523 1743 3596 quaedam

83 3614 247 3669 bona
278 3611 400 3682 agit
439 3616 503 3666 ut
530 3610 648 3666 alia
668 3611 947 3681 negligat,
976 3615 1033 3666 et
1064 3626 1133 3665 ex
1156 3615 1324 3682 parte
1352 3612 1594 3667 vestitus
1655 3618 1747 3669 est

85 3708 139 3758 et
170 3718 245 3757 ex
274 3705 443 3774 parte
465 3700 667 3755 nudus
703 3719 715 3766 ;
746 3701 890 3772 quia
918 3699 1184 3771 profecto
1210 3717 1345 3756 eam
1374 3705 1607 3773 partem
1654 3703 1745 3758 sui

84 3792 371 3846 intectam
400 3788 697 3861 relinquit,
729 3804 916 3861 quam
946 3788 1279 3844 velamento
1318 3778 1558 3860 justitiaa
1607 3808 1747 3864 ope-

86 3882 199 3937 rire
230 3879 508 3951 neglexit.
553 3883 719 3934 Petro
776 3880 974 3951 itaque
1030 3879 1103 3933 de
1157 3896 1395 3935 carcere
1434 3879 1746 3937 educendo

86 3969 431 4045 praecipitur
459 3974 524 4023 ut
552 3969 969 4024 vestimentum
1000 3985 1177 4023 suum
1210 3968 1322 4024 sibi
1371 3969 1697 4027 circumdet
1732 3990 1743 4039 ;

87 4060 231 4133 quia
259 4058 543 4114 nimirum
574 4074 815 4113 necesse
845 4062 932 4112 est
961 4062 1024 4113 ut
1047 4058 1149 4130 qui
1169 4058 1426 4131 perfecte
1457 4075 1493 4115 a
1514 4077 1747 4117 carcere

87 4152 473 4222 peccatorum
500 4148 657 4203 exire
684 4147 1000 4219 desiderat,
1030 4147 1112 4203 sic
1144 4164 1204 4203 se
1261 4148 1527 4222 undique
1578 4152 1750 4207 vesti-

88 4243 293 4295 mento
315 4237 554 4308 justitite
589 4237 977 4307 circumtegat
1013 4241 1074 4292 ut
1096 4237 1262 4293 nulla
1291 4254 1426 4309 quae
1478 4240 1557 4294 ad
1610 4256 1748 4297 eum

88 4328 388 4401 pertinent
408 4326 832 4399 praetermittat.
863 4326 977 4383 Sed
992 4344 1127 4383 ecce
1146 4343 1453 4383 carcerem
1470 4328 1601 4399 jam
1626 4347 1749 4402 quo

88 4418 423 4485 tenebatur,
456 4416 702 4471 adstans
746 4417 995 4487 angelus
1048 4417 1383 4488 illustravit,
1446 4419 1590 4491 quia
1648 4420 1751 4476 lux

88 4511 313 4562 sanctae
385 4504 823 4577 praedicationis
883 4506 944 4560 in
1004 4506 1369 4563 conscientia
1424 4511 1753 4580 peccatoris

89 4595 351 4651 emicuit.
380 4598 523 4650 Ecce
536 4595 665 4664 jam
685 4595 957 4660 surrexit,
981 4595 1126 4667 quia
1155 4600 1409 4651 stratum
1446 4600 1672 4669 peccati
1692 4600 1756 4656 in

90 4702 215 4758 quo
240 4684 481 4756 jacebat
510 4683 774 4755 reliquit;
805 4701 940 4740 ecce
965 4685 1095 4755 jam
1142 4685 1382 4741 lumbos
1428 4688 1753 4758 prmcinxit,

90 4775 236 4847 quia
254 4773 504 4829 luxuriae
537 4773 699 4829 fluxa
729 4775 1027 4829 restrinxit
1061 4794 1072 4830 :
1108 4790 1244 4830 ecce
1271 4776 1397 4845 jam
1430 4792 1489 4831 se
1524 4778 1755 4849 calciat,

87 4866 233 4937 quia
258 4862 548 4934 exemplis
582 4862 825 4918 Patrum
858 4880 1095 4934 gressus
1148 4880 1456 4920 sacrorum
1505 4882 1759 4939 operum

91 4951 516 5019 communivit;
537 4968 671 5008 ecce
695 4954 824 5023 jam
845 4954 1269 5009 vestimentum
1300 4970 1476 5009 suum
1506 4956 1618 5011 sibi
1654 4957 1758 5012 ciiL

91 5042 421 5108 cumdedit,
453 5043 597 5113 quia
627 5041 791 5098 nulla
811 5060 946 5115 quae
971 5043 1585 5116 didicitprtetermisit.
1614 5047 1759 5111 Quis

85 5137 215 5206 jam
242 5131 626 5204 imperfectus
656 5148 785 5187 esse
815 5132 1151 5188 censendus
1201 5137 1306 5202 est,
1368 5134 1473 5206 qui
1529 5138 1761 5191 tantum

91 5220 396 5297 profecit?
428 5222 538 5277 Sed
571 5220 710 5277 huic
754 5221 969 5293 angelo
1027 5222 1225 5278 adhuc
1273 5238 1381 5278 nec
1428 5223 1543 5279 ista
1600 5223 1763 5279 sufﬁ-

90 5315 255 5369 ciunt
286 5328 297 5364 :
329 5310 528 5366 adhuc
559 5310 755 5379 instat,
808 5311 1009 5366 adhuc
1031 5328 1166 5383 qua:
1204 5312 1366 5367 novit
1421 5330 1759 5386 superesse,

88 5401 356 5458 inculcat
384 5418 395 5467 ;
430 5404 494 5454 ut
522 5416 660 5456 eum
691 5416 874 5473 quem
904 5399 1283 5457 liberandum
1315 5403 1595 5476 suscepit,
1658 5406 1763 5459 aut

87 5490 473 5548 obedientem
505 5489 760 5561 perfecte
800 5488 1071 5561 excipiat,
1107 5495 1211 5545 aut
1254 5491 1302 5545 si
1361 5491 1604 5548 obedire
1658 5508 1761 5548 ne-

90 5578 363 5652 glexerit,
396 5578 472 5633 ab
504 5578 658 5633 illius
693 5577 1083 5634 damnatione
1116 5595 1178 5634 se
1233 5579 1571 5637 immunem
1626 5581 1761 5637 red-

88 5672 266 5726 dat.U
276 5668 392 5722 nde
405 5684 542 5722 cum
556 5668 825 5723 dixisset:
845 5669 1167 5723 Circumda
1193 5670 1301 5723 tibi
1333 5672 1763 5739 vestimentum,

91 5767 265 5817 tuum
298 5756 570 5830 protinus
589 5757 826 5814 intitulit
855 5759 1059 5813 dicens
1089 5775 1100 5811 :
1134 5759 1213 5814 Et
1240 5774 1481 5829 sequere
1500 5778 1609 5817 me.
1643 5760 1763 5817 Cir-

388 5846 629 5901 Punox.
671 5842 841 5902 CXLI.

1849 3180 1990 3221 nem
2019 3163 2250 3220 nodum
2278 3162 2597 3220 debilitatis
2647 3166 2989 3240 abrumpat,
3035 3171 3165 3241 jam
3223 3173 3504 3243 angelum

1851 3254 2288 3328 praecedentem
2316 3260 2619 3326 sequatur,
2647 3257 2773 3327 jam
2806 3265 3103 3332 precepta
3130 3262 3505 3335 perfectionis

1850 3359 1975 3399 non
2006 3360 2067 3399 se
2101 3344 2315 3399 frustra
2344 3343 2586 3399 audisse
2614 3349 2872 3402 testetur.
2903 3349 3055 3413 Quid
3086 3351 3283 3407 adhuc
3302 3352 3361 3407 in
3380 3369 3503 3409 car-

1852 3448 1983 3487 cere
2032 3431 2191 3499 facit,
2247 3432 2325 3487 ad
2380 3448 2563 3504 quem
2614 3432 2993 3490 liberandum
3037 3438 3165 3507 jam
3222 3442 3505 3510 angelum

1854 3536 2034 3575 suum
2066 3520 2355 3576 Dominus
2380 3520 2545 3575 misit
2568 3522 2595 3575 ‘?

1925 3612 2053 3664 XVI.
2086 3609 2361 3680 Sequitur
2393 3627 2404 3662 :
2440 3610 2517 3663 Et
2550 3611 2750 3666 exiens
2770 3612 3127 3682 sequebatur
3156 3631 3307 3684 eum,
3336 3624 3389 3673 et
3413 3635 3507 3673 ne-

1853 3699 2069 3754 sciebat
2101 3700 2242 3769 quia
2273 3713 2475 3753 verum
2499 3704 2581 3753 est
2612 3699 2771 3769 quod
2792 3700 2973 3768 ﬁebat
3008 3717 3123 3771 per
3174 3707 3455 3775 angelum
3482 3722 3507 3775 ;

1856 3787 2231 3845 existimabat
2263 3792 2458 3843 autem
2486 3803 2545 3843 se
2574 3803 2761 3843 visum
2815 3790 3028 3847 videre.
3080 3795 3261 3849 Tanta
3316 3793 3507 3851 fuerat

1856 3875 2129 3933 custodia
2155 3876 2607 3948 circumseptus,
2636 3881 2703 3931 ut
2738 3878 2935 3935 visum
2984 3898 3046 3937 se
3099 3882 3298 3939 videre
3350 3885 3507 3941 testi-

1857 3968 2068 4036 maret,
2101 3965 2281 4021 etiam
2312 3981 2451 4020 cum
2483 3981 2622 4020 eum
2652 3965 2712 4020 in
2744 3967 2986 4023 veritate
3017 3970 3265 4040 angelus
3294 3972 3510 4029 libera-

1859 4061 1963 4112 ret.
1994 4056 2149 4114 Solet
2179 4055 2336 4111 enim
2362 4054 2425 4110 in
2455 4054 2659 4111 animo
2685 4057 2974 4127 humano,
2996 4075 3069 4115 ex
3094 4062 3511 4120 consideratio-

1858 4163 1934 4203 ne
1964 4146 2273 4219 praeteritaa
2300 4145 2714 4205 tribulationis.
2736 4147 2848 4204 ista
2875 4148 3237 4207 liberationis
3284 4153 3514 4209 haesita-

1861 4238 1942 4294 tio
1964 4236 2233 4307 generari
2267 4254 2279 4304 ;
2299 4236 2441 4308 quia
2462 4252 2600 4291 cum
2628 4236 3091 4295 immensitatem
3112 4241 3513 4313 periculorum

1862 4341 1968 4397 per
1998 4342 2184 4397 quam
2218 4325 2487 4381 transivit
2518 4326 2933 4397 reminiscitur,
2982 4330 3291 4401 quomodo
3348 4337 3517 4402 potu-

1786 4447 1830 4500 ο
1869 4414 1977 4469 erit
1998 4414 2271 4479 evadere,
2294 4414 2458 4485 apud
2490 4430 2549 4469 se
2576 4414 2703 4485 ipse
2734 4417 2908 4487 quasi
2952 4416 3284 4474 dubitando
3337 4420 3516 4475 mira-

1867 4505 1981 4556 tur.
2018 4500 2180 4555 Unde
2206 4505 2293 4555 est
2329 4501 2429 4557 illa
2481 4517 2598 4556 vox
2649 4507 2963 4558 beatorum
3020 4510 3353 4576 martyrum
3411 4524 3517 4579 per

1866 4589 2240 4645 Psalmistam
2302 4589 2627 4645 dicentium
2670 4608 2682 4645 :
2740 4592 3079 4647 Torrentem
3120 4598 3515 4663 pertransivit

1869 4681 2071 4736 anima
2102 4685 2326 4741 nostra,
2352 4680 2616 4748 forsitan
2636 4682 3058 4749 pertransisset
3077 4685 3279 4739 anima
3310 4692 3517 4741 nostra

1870 4785 2088 4841 aquam
2110 4769 2567 4825 intolerabilem.
2599 4772 2724 4824 Non
2748 4770 2906 4825 enim
2928 4770 3147 4827 idcirco
3168 4772 3380 4829 dicitur
3392 4778 3517 4845 for-

1871 4862 2028 4916 sitan
2057 4860 2233 4933 quasi
2253 4876 2390 4915 vere
2420 4859 2495 4915 de
2526 4876 2635 4915 sua
2664 4860 3011 4917 liberatione
3041 4862 3314 4920 dubitent
3346 4884 3358 4931 ;
3391 4867 3517 4934 sed,

1870 4949 2053 5005 verbo
2107 4949 2494 5005 haesitationis
2541 4948 2696 5005 illius
2752 4966 2857 5023 per
2893 4966 3079 5023 quam
3135 4954 3519 5024 transierunt,

1872 5039 2196 5109 insinuant,
2223 5039 2389 5111 quod
2415 5039 2567 5095 bene
2589 5040 2767 5096 etiam
2805 5040 3089 5112 mysterio
3141 5042 3521 5113 significatio-

1872 5129 1965 5184 nis
1997 5132 2326 5201 cooptatur.
2348 5132 2494 5184 Nam
2526 5129 2669 5200 quia
2691 5129 2752 5183 in
2793 5128 2889 5184 die
2950 5128 3105 5185 clare
3134 5130 3429 5200 videmus,
3462 5133 3523 5189 in

1874 5222 2046 5275 nocte
2091 5233 2232 5274 vero
2292 5217 2405 5273 sub
2462 5217 2594 5272 visu
2643 5216 2827 5273 dubio
2871 5217 3223 5290 caligamus,
3254 5222 3401 5295 quid
3422 5240 3527 5296 per

1873 5308 2163 5363 visionem
2193 5306 2461 5362 divinam
2486 5306 2599 5361 nisi
2630 5306 2945 5363 manifesta
2976 5308 3213 5381 veritas,
3256 5313 3401 5385 quid
3422 5330 3528 5386 per

1876 5400 2253 5465 nocturnam,
2288 5395 2401 5451 nisi
2422 5395 2609 5451 dubia
2635 5394 2986 5465 designatur
3014 5399 3041 5453 ?
3074 5403 3136 5455 ln
3177 5401 3271 5458 die
3331 5403 3527 5476 itaque

1875 5503 1999 5542 non
2029 5486 2326 5541 immerito
2351 5486 2479 5555 jam
2511 5501 2638 5541 esse
2669 5485 2950 5542 dicuntur
2973 5488 3097 5560 qui,
3131 5498 3363 5550 remota
3406 5510 3529 5548 om-

1876 5577 1969 5632 nis
1994 5574 2389 5647 corruptionis
2407 5574 2678 5644 caligine,
2700 5574 3024 5633 claritatem
3037 5580 3300 5639 veritatis
3313 5584 3533 5639 incom-

1880 5664 2240 5719 mutabiliter
2267 5668 2643 5719 contuentur.
2681 5669 2815 5734 Nos,
2847 5667 2950 5739 qui
2998 5668 3197 5725 adhuc
3252 5674 3312 5729 in
3355 5672 3533 5740 hujus

1882 5754 2072 5812 exsilii
2090 5754 2349 5811 caecitate
2363 5753 2721 5827 detinemur,
2739 5756 2889 5813 sicut
2904 5756 3123 5814 scilicet
3147 5776 3225 5817 ex
3240 5768 3416 5833 parte
3430 5760 3532 5813 sci—

3002 5849 3063 5900 l0
