3952 6376
454 292 561 343 299

1529 287 1583 341 S.
1630 282 1965 339 FULBERTI
2005 274 2485 333 CARNOTENSIS
2524 275 2835 332 EPlSCOPl

3803 276 3918 329 300

455 428 583 465 mus
610 416 662 465 et
694 427 769 466 er
794 416 971 480 parte
997 409 1450 480 prop/ieiunius,
1481 408 1563 464 sic
1616 407 1795 463 etiam
1839 422 1912 461 ex
1955 406 2122 477 parte
2158 401 2204 454 Λ
2234 400 2493 468 peccatis
2521 400 2712 456 hostia
2740 399 2946 471 (Hebr,
2973 415 3031 465 x,
3061 399 3172 469 26).
3206 396 3361 464 Quid
3381 395 3546 453 enim
3572 399 3663 452 est
3693 398 3921 453 volun-

454 499 755 553 videmus.
793 499 942 563 Quia
974 498 1079 553 etsi
1106 499 1236 569 jam
1265 497 1542 552 videmus
1564 513 1671 569 per
1716 495 1918 564 fidem,
1968 509 2121 549 non-

454 588 602 643 dum
635 592 837 643 tamen
864 604 971 660 per
1002 587 1285 660 speciem.
1318 590 1425 642 Per
1453 603 1640 659 quam
1672 583 1946 640 videlicet
1982 582 2123 638 fidei

452 678 744 733 visionem
768 677 849 732 sic
874 678 1004 748 jam
1034 676 1095 732 in
1126 692 1230 749 spe
1258 676 1330 732 de
1363 682 1573 732 nostra
1592 675 1944 732 liberatione
1977 689 2121 741 gau-

453 768 687 837 demus,
721 772 785 822 ut
815 773 1034 833 tamen,
1060 767 1135 822 de
1163 766 1395 822 occulta
1426 782 1606 838 super
1627 781 1738 821 nos
1778 763 1990 820 interni
2027 763 2120 834 ju-

452 856 599 912 dicis
622 856 1012 929 dispositione
1032 855 1475 926 solliciti,libera
1485 855 1706 911 tionem
1723 859 1992 910 nostram
2007 851 2121 908 cla-

453 964 512 1001 re
533 946 878 1019 conspicere
900 962 1022 1001 non
1052 946 1375 1017 possimus.
1403 949 1572 1015 Nam,
1602 948 1666 999 ut
1687 944 1976 1016 scriptum
1997 946 2085 998 est
2104 959 2116 996 :

453 1038 663 1091 Omnia
686 1037 1039 1105 infularum
1057 1042 1381 1091 servantur
1393 1037 1642 1102 incerta,
1662 1040 1717 1091 et
1741 1035 1927 1091 nescit
1948 1033 2119 1089 homo

452 1132 653 1181 utrzmz
689 1140 891 1181 amore
921 1140 1001 1181 an
1041 1125 1175 1180 OdtO
1201 1126 1420 1195 dignus
1456 1125 1552 1181 sit.
1586 1127 1788 1180 Petrus
1817 1124 2040 1197 itaque,
2065 1125 2121 1179 et

449 1234 588 1271 cum
606 1215 889 1283 angelum
917 1215 1208 1287 sequitur,
1236 1214 1431 1269 visum
1456 1230 1517 1269 se
1540 1213 1739 1270 videre
1758 1213 2115 1279 arbitratur;

449 1305 591 1379 quia
617 1309 894 1377 peccator
926 1320 1253 1359 conversus
1283 1304 1389 1360 etsi
1407 1304 1535 1374 jam
1586 1319 1886 1359 carcerem
1917 1302 2114 1373 exivit,

448 1394 591 1467 quia
622 1393 831 1465 culpas
865 1409 1006 1448 suas
1039 1392 1277 1463 detexit,
1311 1392 1419 1449 etsi
1444 1393 1573 1465 jam
1603 1393 1891 1463 angelum
1915 1391 2114 1464 sequi-

448 1490 561 1555 tur,
581 1484 723 1556 quia
744 1483 906 1538 bona
932 1498 1068 1556 quae
1092 1498 1198 1556 per
1226 1482 1681 1555 prtedicatoreln
1718 1482 1925 1539 didicit
1978 1498 2115 1556 ope-

445 1581 641 1630 ratur:
663 1579 895 1641 oportet
922 1579 1124 1629 tamen
1147 1578 1211 1628 ut
1236 1588 1447 1628 omnes
1468 1574 1847 1646 profectuum
1866 1588 2112 1628 suorum

447 1664 670 1733 gradus
701 1663 875 1736 quasi
902 1662 1195 1718 visionem
1212 1667 1570 1719 nocturnam
1588 1664 1914 1731 existimet;
1946 1661 2110 1735 quia,

2236 490 2392 543 tarie
2403 503 2677 559 peccare,
2703 488 2818 544 nisi
2846 487 3140 561 peCeandi
3197 486 3569 544 voluntatem
3621 485 3849 542 habere
3881 488 3920 542 ?

2236 577 2377 642 Quae
2408 577 2684 634 videlicet
2704 577 2995 651 peccandi
3042 575 3322 633 voluntas
3372 592 3479 648 per
3522 575 3916 649 participium

2233 667 2541 737 praesentis
2573 666 2858 739 temporis
2890 670 3151 722 notatur.
3187 665 3302 722 Sed
3334 664 3387 720 ei
3434 665 3538 737 qui
3570 664 3911 721 voluntarie

2233 770 2492 828 peccans
2524 761 2635 824 est,
2662 757 2725 812 id
2746 761 2853 825 est,
2882 756 2975 813 cui
3008 754 3302 829 peccandi
3335 754 3612 811 voluntas
3665 770 3915 828 semper

2231 843 2292 899 in
2318 846 2597 918 praesenti
2626 851 2734 913 est,
2760 862 2870 919 pro
2896 845 3159 919 peccatis
3189 844 3384 901 hostia
3435 859 3559 899 non
3614 842 3917 916 relinqui—

2232 937 2364 1001 tur;
2406 935 2550 1008 quia
2578 951 2686 1008 per
2711 935 3079 992 oblationem
3111 934 3381 1007 corporis
3409 933 3618 991 Christi
3638 934 3918 1007 peccatis

2232 1024 2362 1094 ejus
2394 1024 2693 1081 medicina
2718 1025 2883 1081 nulla
2913 1026 3234 1081 confertur.
3265 1028 3408 1080 item
3435 1039 3510 1079 ne
3541 1039 3647 1096 per
3703 1024 3921 1097 pudo—

2229 1128 2359 1169 rem
2391 1114 2788 1170 confessionis
2818 1119 3066 1187 peceata
3095 1130 3206 1171 sua
3234 1118 3515 1187 peccator
3540 1112 3914 1184 abscondat,

2231 1204 2553 1260 sententias
2578 1204 2662 1260 illi
2691 1221 2765 1261 ex
2808 1204 3122 1276 Scripturis
3177 1203 3537 1276 praedicator
3583 1206 3864 1277 opponat
3894 1220 3912 1257 :

2227 1296 2370 1364 Fili,
2428 1311 2502 1351 ne
2555 1296 2953 1365 confundaris
3004 1296 3279 1364 conﬁteri
3328 1299 3578 1364 peccata
3632 1299 3763 1363 tua,
3819 1299 3917 1349 est

2229 1386 2383 1441 enim
2406 1385 2676 1454 confusio
2704 1385 3010 1442 adducens
3036 1390 3372 1455 peccatum,
3407 1389 3462 1440 et
3492 1389 3574 1439 est
3620 1384 3915 1453 confusio

2228 1474 2531 1531 adducens
2562 1476 2863 1546 gloriam;
2888 1477 2955 1530 Et
2984 1474 3199 1530 iterum
3230 1490 3242 1528 :
3278 1474 3394 1540 Qui
3421 1473 3735 1529 abscondit
3787 1487 3921 1529 see-

2230 1564 2357 1620 lera
2381 1579 2512 1632 sua,
2544 1580 2665 1619 non
2688 1564 2988 1635 dirigetur
3014 1578 3038 1633 ,'
3063 1564 3169 1634 qui
3194 1568 3396 1620 autem
3427 1563 3734 1633 confessus
3772 1563 3921 1631 fue—

2226 1654 2307 1708 rit
2337 1659 2391 1710 et
2440 1654 2753 1724 reliquerit
2799 1668 2889 1722 ea,
2950 1653 3426 1709 misericordiam
3481 1656 3917 1723 consequetur.

445 1752 554 1809 etsi
585 1754 714 1825 ipse
741 1753 871 1824 jam
906 1753 1107 1827 utique
1136 1752 1294 1808 videt
1318 1751 1486 1825 quod
1518 1757 1678 1823 agat,
1715 1757 1911 1809 utrum
1935 1752 1995 1807 in
2020 1750 2112 1806 his
2152 1760 2195 1815 Β
2226 1745 2293 1800 Et
2320 1742 2633 1799 Psalmista
2665 1761 2677 1799 :
2711 1743 2938 1799 Revela
2963 1743 3214 1798 Domino
3245 1743 3410 1798 viam
3438 1748 3624 1809 tuam,
3649 1747 3705 1797 et
3722 1755 3917 1810 spera

444 1848 645 1899 tamen
672 1848 1162 1915 perscveraturus
1194 1842 1287 1913 sit,
1324 1842 1420 1897 vel
1446 1842 1523 1897 ab
1576 1842 1809 1898 interno
1860 1840 2113 1915 qualiter

443 1933 789 1999 testimctur,
819 1932 1076 2002 ignorat.

513 2025 665 2078 XVII.
704 2022 1023 2095 Sequitur:
1068 2023 1467 2078 Transeuntes
1497 2027 1697 2078 autem
1747 2022 2007 2092 primam
2056 2026 2109 2077 et

440 2112 761 2169 secundum
782 2113 1133 2179 custodiam,
1160 2117 1451 2167 venerunt
1467 2112 1548 2167 ad
1558 2118 1799 2181 portam
1822 2113 2108 2183 ferream,

440 2219 572 2273 qum
598 2202 761 2257 ducit
795 2202 877 2257 ad
919 2203 1240 2271 civitatem,
1293 2217 1424 2273 qua!
1451 2201 1615 2256 ultro
1645 2205 1855 2270 aperta
1893 2206 1975 2256 est
2005 2217 2105 2257 eis.

445 2295 638 2363 Supra
665 2290 921 2361 legimus
952 2290 1115 2363 quod
1136 2291 1608 2364 comprehensus
1624 2293 1827 2346 Petrus
1856 2287 2108 2344 traditus

440 2380 613 2435 fuerit
640 2384 901 2452 quatuor
922 2380 1438 2451 quaternionibus,
1466 2379 1527 2434 id
1554 2382 1662 2449 est,
1694 2376 1872 2433 simul
1894 2376 2107 2447 viginti

442 2469 753 2524 militibus.
790 2468 952 2523 Unde
984 2469 1161 2524 datur
1187 2467 1432 2538 intelligi
1462 2467 1629 2539 quod
1658 2466 1841 2522 iidem
1868 2466 1981 2539 ipsi
2003 2465 2109 2539 qui

440 2557 905 2613 custodiendum
933 2560 1346 2632 susceperant,
1379 2561 1445 2611 ut
1473 2571 1613 2610 eum
1636 2555 1869 2611 cautius
1898 2555 2107 2611 obser-

438 2651 667 2713 varent,
696 2648 759 2703 in
814 2647 990 2703 binas
1022 2664 1083 2702 se
1138 2645 1468 2701 diviserunt
1515 2644 1839 2701 custodias.
1895 2649 2108 2701 Praeter

436 2736 581 2792 istos
609 2737 790 2803 enim,
825 2736 975 2791 alios
1006 2734 1089 2790 illi
1115 2733 1393 2791 custodes
1424 2734 1742 2806 deputatos
1797 2751 1922 2790 non
1960 2735 2104 2804 legi-

440 2842 593 2880 mus.
626 2825 776 2890 Quia
810 2839 951 2895 ergo
973 2822 1156 2879 iidem
1185 2821 1296 2895 ipsi
1326 2822 1384 2877 in
1407 2822 1667 2894 primam
1691 2828 1746 2879 et
1771 2824 2105 2879 secundam

435 2912 774 2968 custodiam
803 2912 1232 2977 distinguntur,
1263 2926 1374 2966 nos
1397 2926 1641 2984 quoque
1667 2912 1839 2982 juxta
1858 2929 2104 2968 sensum

434 3001 490 3055 in
501 3002 774 3056 teriorcm
797 3000 1040 3055 easdem
1058 3000 1361 3055 custodias
1378 3001 1737 3057 dividamus.
1761 3003 1875 3058 Sed
1893 3003 1971 3058 ab
1989 3004 2103 3059 hac

432 3089 727 3144 divisione
750 3089 879 3143 illos
900 3089 1052 3144 duos
1072 3088 1283 3145 milites
1303 3096 1768 3164 sequestremus,
1782 3092 2100 3166 interquos
2133 3124 2175 3181 ρ

433 3195 573 3234 eum
600 3178 861 3233 dormire
893 3194 1075 3250 supra
1102 3180 1494 3236 ostendimus.
1543 3180 1655 3236 Illis
1686 3198 1829 3251 ergo
1861 3181 2101 3238 duobus

432 3266 712 3338 exceptis,
743 3268 1053 3339 quomodo
1073 3268 1285 3343 reliqui
1314 3268 1375 3325 in
1397 3271 1659 3342 primam
1683 3275 1740 3327 et
1768 3271 2101 3327 secundam

431 3356 771 3413 custodiam
789 3357 975 3413 dividi
1000 3357 1238 3415 valeant
1257 3358 1592 3415 videamus.
1613 3361 1879 3417 Primum
1899 3361 2101 3433 itaque

431 3447 911 3519 quaternionem,
944 3464 1128 3520 quem
1160 3450 1443 3505 affectum
1475 3450 1767 3522 peccandi
1828 3451 2102 3515 nomina-

432 3536 653 3603 vimus,
682 3554 820 3592 eum
851 3553 964 3593 suo
994 3538 1235 3607 agmine
1267 3554 1378 3612 pro
1420 3539 1617 3613 prima
1668 3541 1941 3597 custodia
1992 3542 2099 3597 ha-

430 3625 705 3682 beamus.
738 3629 909 3682 Recte
932 3626 1149 3682 etenim
1180 3627 1308 3700 ipse
1333 3632 1391 3683 et
1418 3627 1634 3684 milites
1658 3628 1752 3684 sui
1772 3645 1883 3702 pro
1903 3629 2101 3703 prima

430 3715 704 3771 custodia
724 3715 1110 3788 deputantur,
1139 3716 1285 3789 quia
1316 3716 1553 3784 scilicet,
1579 3722 1644 3774 ut
1664 3734 1848 3791 supra
1873 3718 2099 3775 dictum

429 3811 540 3875 est,
575 3806 796 3861 idcirco
827 3810 1107 3877 peccator
1136 3806 1211 3861 de
1242 3821 1480 3861 carcere
1513 3823 1624 3862 suo
1670 3806 1829 3863 exire
1876 3807 2102 3864 detrec-

432 3899 533 3962 tat,
561 3894 704 3966 quia
734 3911 874 3949 eum
904 3909 1155 3966 peccare
1186 3895 1401 3949 iterum
1432 3894 1701 3953 delectat.
1736 3899 1845 3951 Pro
1886 3914 2099 3954 secun-

429 3984 509 4039 da
558 4000 800 4056 quoque
858 3984 1148 4049 custodia,
1224 3986 1560 4041 secundum
1617 3986 2097 4060 quaternionem,

430 4073 534 4144 qui
564 4072 761 4145 pudor
785 4072 1177 4128 confessionis
1211 4078 1316 4141 est,
1343 4091 1481 4129 eum
1514 4075 1637 4130 suis
1677 4076 1966 4133 militibus
2001 4078 2101 4133 de-

430 4169 730 4235 putemus.
764 4164 1174 4231 (Iongruenter
1204 4169 1404 4219 autem
1435 4169 1489 4219 et
1518 4165 1645 4236 ipse
1677 4182 1786 4239 pro
1834 4167 2102 4224 secunda

431 4252 702 4308 custodia
730 4252 1075 4319 collocatur,
1109 4253 1252 4325 quia
1279 4253 1523 4325 etprius
1556 4271 1665 4310 nos
1696 4255 1757 4311 in
1782 4262 2099 4328 peccatum

430 4341 760 4414 priecipitat
783 4342 1032 4396 allectus
1062 4341 1373 4413 peccandi,
1407 4349 1464 4398 et
1505 4344 1938 4417 subsequenter
1989 4363 2099 4420 pu-

430 4433 542 4487 dor
569 4431 961 4486 confessionis
994 4430 1055 4485 in
1083 4436 1332 4504 peccato
1353 4438 1622 4490 retentat.
1671 4436 1785 4491 Sed
1814 4436 1960 4508 quia
1992 4453 2101 4493 an-

430 4521 631 4592 gelum
659 4520 947 4594 sequitur,
982 4536 1017 4575 a
1048 4526 1260 4577 neutra
1290 4522 1507 4578 harum
1547 4524 1822 4580 custodia
1878 4525 2102 4583 detine-

428 4617 523 4667 tur
556 4629 570 4680 ;
603 4610 745 4683 quia
796 4610 899 4683 qui
943 4611 1383 4685 pradicatorem
1434 4613 1695 4670 veritatis
1753 4614 2104 4673 obedienter

430 4700 744 4767 auscultat,
782 4716 893 4755 nec
949 4715 1057 4773 per
1106 4701 1399 4773 peccandi
1458 4704 1740 4758 affectum
1783 4710 2100 4777 peccatum

429 4791 616 4857 iterat,
650 4807 760 4845 nec
786 4807 895 4862 per
914 4790 1213 4862 pudorem
1240 4792 1634 4847 confessionis
1661 4808 1735 4848 ea
1764 4810 1900 4865 quae
1942 4812 2103 4851 eom-

430 4881 589 4935 misit
643 4881 920 4936 occultat.
985 4883 1135 4935 Cum
1194 4896 1337 4951 ergo
1384 4885 1523 4953 post
1579 4882 1862 4952 angelum
1916 4884 2097 4954 vadit,

429 4974 748 5041 utramque
767 4969 1105 5025 custodiam
1134 4970 1261 5024 sine
1292 4969 1534 5025 lmsione
1564 4973 1920 5043 pertransit;
1955 4975 2102 5046 quia

428 5059 787 5131 praedicator
808 5077 953 5115 suus
996 5076 1069 5115 ex
1126 5059 1440 5132 Scripturis
1488 5062 1709 5117 sanctis
1749 5062 1800 5117 ei
1858 5064 2100 5120 assidue

430 5164 599 5203 arma
627 5150 1039 5205 subministrat
1067 5148 1289 5222 quibus
1319 5165 1381 5205 se
1413 5154 1621 5206 contra
1676 5151 1943 5223 pericula
1990 5153 2098 5209 cir-

432 5236 727 5303 cumjeeta
746 5237 1047 5295 defendat.
1078 5241 1157 5294 Ne
1187 5237 1350 5293 enim
1393 5236 1561 5294 illum
1580 5240 1875 5312 peccandi
1925 5243 2101 5298 affec-

432 5326 528 5374 tus
556 5323 633 5376 ad
656 5323 993 5383 iterandum
1048 5332 1367 5400 peceatum
1415 5329 1742 5400 pertrahat,
1803 5331 2099 5388 sententia

433 5425 569 5463 eum
596 5410 669 5464 de
701 5415 1018 5486 Scripturis
1047 5434 1157 5489 per
1183 5418 1642 5493 praedicatorem
1669 5420 1942 5478 adhibita
1971 5439 2098 5478 cas-

436 5495 617 5564 tigat:
652 5500 795 5567 Fili,
838 5507 1106 5569 peccasti
1132 5511 1259 5561 ?ne
1304 5507 1559 5577 adjicias
1594 5508 1833 5579 iterum,
1892 5512 1995 5566 sed
2038 5516 2097 5567 et

433 5583 505 5635 (te
551 5589 877 5651 pra'teritis
933 5593 1274 5659 deprecare.
1332 5602 1396 5650 ut
1454 5596 1561 5651 tibi
1609 5598 1971 5655 dimittatur.
2030 5602 2099 5655 Et

435 5673 750 5740 Apostolus
786 5693 797 5728 :
844 5679 1187 5737 l’oluntarie
1214 5686 1599 5751 peccantibus
1628 5687 1791 5743 nobis
1810 5695 1945 5757 post
2000 5706 2097 5745 ac-

435 5766 661 5827 ceptam
686 5766 956 5823 notitiam
986 5772 1272 5839 veritatis,
1288 5775 1420 5841 jam
1448 5789 1567 5829 non
1594 5776 1962 5847 relinquitur
1975 5794 2094 5847 pro

2226 1836 2286 1889 in
2319 1849 2403 1890 eo.
2437 1832 2582 1889 Hinc
2610 1832 2871 1890 Jacobus
2903 1831 3218 1905 apostolus
3248 1848 3261 1886 :
3315 1830 3699 1899 Conﬁtemim
3753 1832 3912 1888 alte-

2222 1929 2463 1980 rutrum
2482 1928 2735 1993 peccata
2773 1927 2992 1991 vestra,
3033 1926 3089 1977 et
3135 1925 3305 1977 orate
3352 1935 3466 1990 pro
3511 1921 3798 1988 invicem,
3846 1927 3909 1974 ut

2221 2014 2554 2070 satvemini.
2590 2016 2739 2069 Cum
2765 2025 2908 2080 ergo
2956 2010 3085 2066 haec
3146 2014 3203 2067 et
3258 2009 3562 2081 ejusmodi
3616 2009 3913 2067 exhorta-

2220 2109 2424 2159 menta
2450 2101 2708 2158 auditori
2737 2117 2847 2155 suo
2893 2100 3249 2172 praedicator
3303 2099 3566 2167 adhibet,
3624 2099 3782 2172 quid
3843 2100 3919 2155 il-

2218 2193 2346 2249 lum
2376 2192 2491 2248 nisi
2518 2197 2574 2248 et
2604 2190 2844 2248 aﬂ‘ectui
2872 2190 3167 2262 peccandi
3207 2195 3263 2246 et
3315 2189 3655 2245 confusioni
3707 2190 3914 2246 confi-

2219 2283 2383 2340 tendi
2409 2282 2680 2338 resistere
2703 2280 3009 2349 admonet,
3028 2279 3090 2335 id
3110 2284 3218 2347 est,
3238 2278 3491 2353 qualiter
3507 2294 3614 2353 per
3630 2277 3909 2352 primam

2218 2378 2276 2429 et
2304 2371 2636 2428 secundam
2665 2368 3008 2427 custodiam
3036 2368 3284 2425 transire
3315 2367 3535 2424 debeat
3565 2367 3745 2424 docet
3776 2368 3809 2423 ‘2

2290 2462 2407 2520 Sed
2436 2462 2531 2517 hic
2561 2461 2709 2517 forte
2740 2459 3066 2533 opponitur
3095 2456 3430 2532 quomodo,
3465 2473 3606 2513 cum
3635 2461 3896 2514 eatenus

2217 2552 2292 2608 de
2322 2552 2389 2607 IV
2415 2550 2917 2625 quaternionibus
2951 2547 3422 2616 tractaverimus,
3455 2562 3619 2603 nunc
3646 2547 3725 2603 de
3741 2547 3903 2602 duo-

2215 2642 2331 2699 bus
2354 2640 2777 2698 tantummodo
2800 2642 3051 2695 tractare
3083 2637 3401 2694 videamur
3423 2638 3452 2694 ?
3485 2637 3649 2693 Unde
3699 2637 3906 2693 scien-

2215 2733 2365 2789 dum
2392 2731 2557 2805 quia,
2592 2730 2644 2787 si
2675 2729 2971 2785 subtiliter
2994 2728 3368 2802 inspicimus,
3403 2727 3465 2784 in
3506 2727 3751 2784 duobus
3811 2730 3906 2783 is—

2214 2822 2288 2879 tis
2318 2821 2394 2878 de
2424 2821 2647 2894 quibus
2690 2820 2819 2876 haec
2851 2819 3134 2890 diximus,
3167 2818 3291 2874 duo
3320 2834 3564 2891 quoque
3587 2818 3711 2874 allii
3748 2834 3904 2875 eon-

2214 2914 2493 2970 tinentur.
2575 2913 2642 2967 Et
2698 2908 2843 2983 quia
2893 2909 3262 2982 Scripturam
3314 2923 3551 2965 sacram
3593 2907 3690 2964 ille
3749 2924 3904 2964 con-

2214 3006 2510 3073 gruenter
2552 2999 2797 3074 exponit
2825 2999 2931 3072 qui
2952 2998 3238 3054 omnibus
3268 3014 3405 3071 quae
3435 2998 3721 3054 lectorem
3753 3013 3900 3072 pos-

2214 3096 2351 3147 sunt
2392 3107 2656 3161 movere,
2711 3089 3099 3165 providenter
3135 3088 3410 3156 occurrit,
3471 3087 3898 3157 ostendamus,

2213 3179 2263 3235 si
2291 3196 2638 3253 possumus,
2672 3178 2983 3253 quomodo
3012 3178 3073 3234 in
3101 3179 3217 3234 hac
3263 3176 3462 3249 prima
3506 3180 3565 3233 et
3619 3177 3901 3233 secunda

2212 3268 2508 3338 custodia,
2542 3284 2731 3341 quam
2760 3268 2835 3323 de
2861 3267 3058 3339 primo
3089 3272 3148 3325 et
3175 3266 3443 3323 secundo
3487 3266 3899 3339 quaternione

2212 3358 2605 3426 confecimus,
2638 3358 2761 3414 duo
2790 3372 3037 3431 quoque
3094 3356 3521 3430 quaterniones
3570 3354 3672 3411 alii
3720 3371 3898 3412 eom-

2210 3448 2707 3519 prehendantur;
2771 3448 2853 3504 ita
2907 3452 2973 3504 ut
3027 3446 3269 3503 duobus
3311 3445 3425 3502 illis
3450 3444 3732 3515 transitis,
3766 3446 3899 3502 duo

2210 3552 2455 3609 quoque
2476 3536 2574 3594 alii
2607 3540 3007 3593 transeantur.
3052 3538 3196 3591 Ecce
3227 3534 3390 3591 enim
3426 3534 3694 3608 primum
3739 3549 3901 3609 qua-

2210 3627 2545 3684 ternionem
2586 3628 2882 3701 peccandi
2938 3627 3223 3684 affectum
3269 3626 3555 3696 diximus,
3606 3631 3665 3683 et
3719 3641 3898 3682 eum-

2210 3716 2351 3772 dem
2405 3734 2546 3783 eum
2602 3718 2724 3773 suis
2767 3716 3056 3773 militibus
3111 3716 3174 3772 in
3227 3716 3429 3790 prima
3458 3714 3732 3773 custodia
3764 3715 3895 3772 eol-

2209 3806 2569 3865 locavimus.
2632 3811 2731 3864 Est
2785 3813 3007 3876 autem,
3057 3811 3122 3863 ut
3166 3805 3594 3880 praemisimus,
3626 3805 3893 3862 militum

2212 3898 2343 3967 ejus
2423 3898 2678 3971 primus,
2755 3898 3091 3955 recordatio
3138 3897 3451 3971 praeteritas
3507 3896 3837 3970 voluptatis
3877 3915 3889 3964 ;

2214 3990 2259 4041 tl
2308 3987 2615 4043 excusatio
2668 3986 3045 4059 fragilitatis;
3107 3990 3178 4042 llI
3221 3985 3473 4042 imitatio
3523 3985 3890 4059 pravitatis;

2212 4078 2282 4130 ιν
2344 4076 2718 4133 ratiocinatio
2808 4075 3189 4133 conditionis.
3268 4078 3559 4141 Quartum
3638 4090 3892 4148 quoque

2212 4166 2677 4237 quaternionem
2741 4164 3190 4221 nominavimus
3255 4164 3631 4237 profundum
3697 4163 3892 4220 maloc

2212 4272 2371 4324 rum,
2431 4256 2492 4311 in
2549 4254 2717 4327 quod
2783 4271 2924 4311 eum
2987 4254 3214 4310 venerit
3270 4258 3571 4326 peccator,
3623 4258 3892 4309 contem-

2212 4347 2320 4415 nit,
2392 4344 2748 4411 obduratur,
2818 4344 3208 4416 impcenitens
3272 4343 3543 4411 efficitur,
3625 4359 3888 4400 excaeca-

2213 4441 2327 4491 tur.
2382 4434 2702 4490 Videamus
2755 4448 2899 4505 ergo
2954 4433 3266 4508 quomodo
3326 4432 3452 4490 duo
3498 4431 3597 4489 isti
3647 4438 3887 4506 quater-

2212 4526 2426 4582 niones
2509 4540 2720 4583 eorum
2788 4524 3005 4581 milites
3059 4524 3213 4581 inter
3275 4538 3339 4578 se
3384 4522 3643 4579 vicissim
3698 4524 3884 4579 conti-

2213 4618 2492 4687 neantur,
2540 4613 2624 4670 ita
2688 4618 2756 4670 ut
2805 4629 2965 4670 unus
3018 4630 3159 4670 cum
3222 4612 3365 4683 suis,
3426 4612 3573 4670 alter
3634 4628 3885 4686 quoque

2215 4719 2357 4760 cum
2389 4702 2513 4758 suis
2539 4702 2765 4775 pariter
2794 4707 3129 4775 superetur.
3163 4705 3328 4759 Certe
3363 4700 3525 4757 enim
3572 4700 3720 4774 quia
3777 4717 3886 4774 per

2215 4795 2499 4851 affectum
2526 4792 2821 4866 peccandi
2850 4797 3132 4866 peccator
3166 4797 3486 4864 peccatum
3534 4790 3767 4863 repetit,
3822 4790 3883 4845 in

2215 4883 2590 4958 profundum
2620 4882 2923 4938 malorum
2944 4881 3254 4939 descendit
3283 4900 3295 4950 ;
3334 4881 3479 4954 quia
3533 4895 3642 4954 per
3683 4896 3881 4938 recor-

2213 4974 2524 5030 dationem
2554 4972 2864 5045 praeteritas
2894 4972 3221 5046 voluptatis
3252 4970 3537 5044 iniquitas
3560 4970 3641 5026 illi
3670 4971 3735 5026 in
3760 4987 3881 5027 cor-

2214 5063 2292 5119 de
2320 5063 2627 5133 duleescit,
2661 5063 2735 5120 de
2760 5063 3065 5119 malorum
3092 5077 3343 5118 suorum
3358 5060 3663 5134 profundo
3690 5061 3879 5117 redire

2212 5154 2545 5210 contemnit
2570 5172 2583 5221 ;
2614 5154 2760 5226 quia
2791 5153 2981 5226 culpis
3015 5152 3138 5208 suis
3168 5150 3620 5208 excusationem
3659 5150 3880 5223 fragili-

2210 5243 2350 5299 tatis
2371 5243 2661 5315 obtendit,
2693 5243 2988 5316 paulatim
3041 5242 3333 5299 adversus
3378 5239 3608 5298 viscera
3666 5240 3879 5298 divinis

2212 5330 2639 5387 misericordiae
2693 5331 3081 5399 obdureseit;
3135 5331 3281 5404 quia
3335 5344 3443 5403 per
3487 5327 3880 5387 imitationem

2210 5420 2523 5493 pravitatis
2580 5421 2859 5493 exempla
2920 5420 3131 5478 alienae
3210 5418 3538 5493 iniquitatis
3612 5420 3878 5490 attendit,

2214 5525 2340 5566 non
2388 5513 2558 5565 curat
2608 5526 2717 5582 per
2774 5510 3139 5583 poenitentia:
3193 5508 3630 5566 correctionem
3685 5525 3880 5566 emen-

2213 5599 2361 5655 dare
2403 5598 2571 5671 quod
2601 5598 2736 5655 fecit
2768 5618 2781 5667 ;
2813 5600 2957 5674 quia
2987 5605 3223 5656 reatum
3256 5615 3436 5654 suum
3460 5598 3875 5656 ratiocinando

2216 5689 2366 5744 tueri
2441 5692 2713 5760 conatur,
2798 5691 2961 5760 justo
3024 5689 3274 5760 judicio,
3344 5688 3589 5745 rationis
3656 5688 3874 5745 lumine

2210 5778 2383 5851 quod
2410 5777 2492 5836 ad
2520 5778 2751 5836 malum
2779 5778 3083 5852 intorquet
3107 5778 3396 5853 privatur.
3440 5781 3589 5837 Ecce
3612 5780 3873 5853 primum
