3952 6434
140 375 250 431 301

1062 381 1470 440 TRACTATUS
1510 386 1577 439 IN
1616 385 1814 441 VERS.
1856 387 1877 440 I
1915 386 2072 441 CAP.
2114 388 2205 442 XII
2242 390 2394 445 ACT.
2438 392 2682 448 APOST.

944 21 3325 128 M!_bu
3812 94 3843 105 ﬁ,

3476 406 3579 458 302

132 498 197 593 et
237 496 573 554 secundum
620 500 1098 571 quaternionem,
1148 509 1539 578 utrorumque
1589 507 1805 564 milites
1846 514 1891 566 Λ
1924 508 2314 566 nihilominus
2346 516 2741 570 transeantur.
2776 516 3042 572 Transito
3097 517 3298 592 itaque
3350 522 3582 594 pudore

127 583 396 643 invicem
429 588 808 658 contulimus,
862 597 926 647 ut
954 592 1208 664 qualiter
1255 595 1318 653 in
1358 598 1514 652 hanc
1548 598 1808 670 primam

130 676 481 733 custodiam
497 678 720 750 pariter
739 682 1123 752 conveniant,
1137 690 1807 744 monstraremus.Nunc

128 766 323 823 etiam
349 782 456 839 per
489 768 648 825 hanc
677 770 940 841 primam
969 774 1307 832 custodiam
1341 776 1613 849 qualiter,
1654 778 1807 835 duce

131 857 385 926 angelo,
444 864 725 929 peccator
791 865 1055 919 transeat
1113 865 1523 923 ostendamus.
1605 872 1809 940 Itaque

134 947 395 1004 transito
444 949 737 1019 peccandi
789 952 1026 1021 affectu,
1078 954 1449 1025 profundum
1508 957 1810 1014 malorum

132 1036 431 1093 transitur
460 1055 473 1105 ;
508 1039 653 1110 quia
677 1040 945 1111 profecto
976 1048 1223 1114 peccata
1269 1046 1665 1118 multiplicare
1705 1047 1809 1104 ite-

134 1124 339 1181 rando
384 1142 508 1182 non
552 1134 745 1199 potest
774 1129 879 1201 qui
926 1131 1219 1202 peccandi
1264 1133 1634 1190 voluntatem
1687 1152 1811 1192 non

132 1213 348 1271 habet.
391 1218 663 1273 Transita
686 1219 1100 1277 recordatione
1130 1222 1439 1293 praeteritae
1464 1225 1808 1297 voluptatis,

134 1310 527 1377 contemptus
582 1325 826 1380 quoque
884 1311 1105 1381 pariter
1156 1314 1585 1384 pertransitur;
1645 1316 1810 1388 quia,

134 1393 297 1450 dum
329 1412 435 1467 per
462 1395 831 1454 laudabilem
860 1399 1228 1457 oblivionem
1271 1406 1602 1459 transactas
1651 1404 1811 1460 dele-

135 1482 438 1540 ctationes
463 1501 499 1540 a
525 1502 636 1541 sua
666 1491 863 1544 mente
891 1488 1186 1557 obliterat,
1206 1490 1284 1546 ad
1312 1508 1452 1547 eum
1482 1493 1587 1564 qui
1616 1510 1677 1550 se
1708 1494 1813 1549 diu

136 1572 438 1645 toleravit,
472 1574 642 1631 citius
672 1577 863 1633 redire
905 1580 1240 1651 postposito
1270 1585 1620 1655 contemptu
1651 1583 1811 1641 festi-

134 1666 270 1719 nat.
328 1664 597 1721 Transita
649 1668 1032 1724 excusatione
1085 1668 1439 1741 fragilitatis,
1496 1672 1814 1729 obduratio

135 1768 391 1825 quoque
417 1753 613 1810 cordis
640 1756 862 1827 pariter
882 1760 1311 1829 pertransitur;
1336 1761 1481 1833 quia
1506 1778 1644 1817 cum
1676 1763 1815 1819 sub-

1919 600 2334 671 confessionis,
2376 619 2546 658 amor
2575 620 2819 676 quoque
2863 605 3133 675 privatus
3182 608 3403 680 pariter
3453 628 3583 684 per—

1918 689 2248 757 transitur;
2298 692 2442 763 quia
2480 692 2769 748 nimirum
2818 694 2910 749 sui
2960 695 3150 767 ipsius
3202 698 3583 757 adversarius

1918 778 2186 847 efﬁcitur,
2220 780 2368 836 dum
2409 782 2619 854 culpas
2649 799 2791 839 suas
2823 784 3126 855 detegens,
3189 787 3413 844 salubri
3444 790 3585 847 odio

1917 867 2258 926 insectatur.
2304 873 2574 928 ’I‘ransita
2621 872 2981 942 levigatione
3030 876 3242 949 culpae,
3285 881 3585 952 appetitus

1918 973 2161 1029 quoque
2230 960 2405 1015 famae
2462 961 2682 1032 pariter
2738 964 3175 1035 pertransitur;
3235 967 3380 1038 quia
3436 969 3585 1026 dum

1917 1052 2152 1103 reatum
2184 1066 2361 1104 suum
2392 1050 2517 1122 ipse
2551 1051 2665 1107 sibi
2697 1059 3004 1121 aggravat,
3050 1057 3169 1110 Deo
3202 1056 3309 1111 soli
3350 1057 3586 1129 placere

1921 1137 2203 1205 gestiens,
2233 1140 2308 1195 de
2338 1140 2503 1197 fama
2530 1143 2804 1198 exteriori
2835 1159 2959 1199 non
2990 1150 3178 1201 curat.
3208 1148 3477 1205 Transito
3507 1150 3584 1205 ri-

1921 1240 2063 1295 gore
2093 1228 2475 1299 poenitentiae,
2520 1230 2917 1301 longzevitatis
2966 1250 3211 1307 quoque
3261 1238 3585 1308 promissio

1918 1317 2140 1387 pariter
2184 1320 2607 1390 pertransitur;
2644 1322 2806 1393 quia,
2836 1322 2984 1377 dum
3012 1322 3181 1379 illum
3207 1341 3390 1398 quem
3403 1326 3587 1383 oﬂ‘en-

1920 1407 2007 1461 dit
2029 1408 2269 1479 placare
2296 1410 2467 1465 citius
2494 1412 2882 1483 concupiscit,
2903 1412 3251 1469 seductoriae
3284 1415 3585 1473 dilationis

1921 1496 2194 1554 inducias
2221 1515 2345 1555 non
2362 1500 2912 1558 admittit.Transito
2934 1508 3171 1578 torpore
3189 1505 3583 1578 negligentiae,

1920 1590 2115 1641 metus
2145 1604 2388 1660 quoque
2419 1590 2876 1667 perseverantiae
2908 1591 3131 1663 pariter
3158 1593 3584 1664 pertransitur;

1922 1675 2086 1746 quia,
2121 1677 2268 1732 dum
2301 1677 2548 1734 ferventi
2582 1679 2791 1752 spiritu
2812 1679 2939 1753 ipse
2971 1681 3202 1736 bonum
3233 1682 3425 1738 facere
3446 1683 3588 1740 inci-

1923 1764 2029 1835 pit,
2055 1781 2125 1818 ex
2156 1764 2363 1821 divino
2395 1767 2696 1838 adjutorio
2725 1768 2839 1823 hoc
2871 1784 3047 1840 posse
3078 1786 3502 1829 consummare
3525 1790 3585 1829 se

138 1839 330 1898 ducto
355 1843 758 1900 excusationis
778 1845 1094 1911 velamine,
1113 1849 1506 1920 semetipsum
1528 1866 1814 1907 accusare
1846 1870 1884 1924 Β
1924 1855 2255 1925 praesumit.
2292 1857 2414 1910 Hoc
2444 1857 2647 1929 itaque
2680 1839 2980 1913 modoiisti
3011 1858 3133 1914 duo
3163 1862 3587 1932 quaterniones

136 1929 372 2003 incipit,
407 1932 740 2001 confestim,
790 1950 896 2006 per
939 1942 1279 2008 respectum
1329 1938 1543 1994 divinae
1594 1941 1815 2010 gratiae,

138 2019 347 2075 cordis
378 2020 471 2076 sui
498 2021 780 2078 duritiam
811 2024 873 2079 in
900 2024 1185 2096 lacrymis
1210 2026 1532 2098 liquefacit.
1550 2030 1820 2086 Transita

138 2107 476 2166 imitatione
532 2111 865 2181 pravitatis,
900 2112 1338 2185 impaenitentia
1387 2132 1632 2190 quoque
1680 2134 1817 2190 per-

143 2199 466 2267 transitur;
498 2200 642 2272 quia
671 2218 1062 2275 nequaquam
1094 2204 1172 2261 ad
1214 2205 1445 2261 malum
1476 2207 1685 2263 alienae
1713 2225 1816 2264 ne-

140 2289 351 2361 quitiae
395 2291 673 2363 exemplo
704 2293 1079 2362 informatur,
1126 2295 1276 2351 dum
1315 2296 1629 2366 diligenter
1681 2316 1818 2371 quae

140 2380 500 2452 paenitentes
527 2388 817 2441 maneant
838 2384 1102 2440 intuetur
1131 2403 1144 2440 :
1190 2386 1339 2458 quin
1368 2387 1494 2443 imo
1528 2389 1603 2443 ad
1630 2389 1820 2461 poeni-

142 2470 399 2539 tentiam
428 2475 594 2529 tanto
626 2473 873 2530 celerius
919 2475 1120 2546 currit,
1167 2482 1395 2547 quanto
1442 2494 1517 2533 ne
1542 2477 1605 2533 in
1644 2478 1818 2534 malis

143 2561 272 2616 suis
346 2561 858 2633 deprehendatur,
937 2564 1365 2622 formidolosus
1428 2567 1813 2640 pertimescit.

142 2651 420 2707 Transita
441 2651 891 2709 ratiocinatione
913 2654 1289 2722 conditionis,
1319 2657 1552 2713 caecitas
1573 2674 1817 2730 quoque

142 2743 367 2799 mentis
404 2743 625 2815 pariter
649 2745 1045 2817 pertransitur
1078 2764 1091 2815 ;
1136 2747 1280 2818 quia
1309 2747 1457 2803 dum
1489 2749 1695 2804 lumen
1719 2765 1816 2806 ra-

144 2832 328 2889 tionis
345 2833 422 2887 ad
441 2832 631 2905 culpae
647 2833 1059 2890 defensionem
1075 2851 1469 2909 nequaquam
1492 2838 1813 2910 intorquet,

141 2921 522 2979 illuminatus
572 2940 680 2995 per
707 2924 982 2995 gratiam,
1017 2926 1165 2997 quid
1196 2926 1386 2999 sequi,
1428 2928 1575 3001 quid
1604 2944 1815 2984 cavere

144 3013 390 3084 debeat,
420 3011 728 3069 lucidiusv
752 3013 871 3070 det.
902 3018 1049 3070 Ecce
1076 3016 1198 3072 duo
1220 3018 1816 3089 quaterniones,cum

145 3100 274 3157 suis
307 3100 596 3157 militibus
626 3102 686 3156 in
716 3101 977 3174 primam
1007 3103 1345 3160 custodiam
1372 3106 1811 3171 convenientes,

1928 1958 2066 1997 cum
2100 1943 2222 1998 suis
2256 1945 2606 2001 satellitibus
2632 1946 2691 2001 in
2716 1947 3048 2003 secundam
3079 1950 3415 2005 custodiam
3436 1951 3589 2007 redi-

1930 2036 2186 2100 guntur;
2240 2033 2355 2089 hoc
2389 2034 2569 2089 etiam
2616 2035 2801 2091 modo
2833 2052 2867 2091 a
2922 2042 3232 2107 peccatore
3272 2054 3584 2107 converso,

1927 2121 2080 2177 duce
2121 2124 2357 2193 angelo,
2408 2128 2811 2180 transeuntur.
2849 2126 2963 2181 Sed
3007 2127 3151 2199 quia
3193 2128 3322 2199 jam
3354 2130 3428 2184 de
3460 2146 3588 2185 car-

1929 2226 2059 2265 cere
2090 2211 2247 2280 exiit,
2290 2212 2433 2283 quia
2476 2212 2739 2283 primam
2783 2217 2840 2269 et
2870 2215 3200 2271 secundam
3252 2216 3590 2273 custodiam

1928 2300 2160 2355 transiit
2188 2300 2502 2357 ductorem
2530 2318 2710 2357 suum
2743 2303 3073 2375 sequendo,
3106 2304 3419 2361 videamus
3469 2323 3590 2379 quo

1927 2389 2169 2446 venerit.

1998 2480 2176 2535 XVIII.
2221 2481 2541 2551 Venerunt,
2574 2481 2785 2555 inquit,
2806 2483 2886 2538 ad
2898 2488 3142 2551 portam
3164 2484 3593 2557 ferream,qme

1928 2568 2094 2623 ducit
2123 2569 2204 2624 ad
2242 2571 2560 2625 civitatem.
2586 2572 2911 2642 Postquam
2941 2571 3015 2625 de
3051 2588 3286 2627 carcere
3320 2574 3590 2629 tenebro—

1929 2672 2008 2711 see
2039 2658 2415 2713 conscientiae
2445 2663 2723 2730 peccator
2772 2659 2929 2730 exiit,
2975 2666 3300 2733 postquam
3329 2662 3590 2734 primam

1929 2751 1985 2801 et
2016 2746 2347 2802 secundam
2379 2747 2716 2803 custodiam
2744 2748 2997 2817 transiit,
3044 2749 3104 2804 id
3136 2755 3246 2821 est,
3278 2751 3591 2808 obstacula

1925 2835 2208 2891 vitiorum
2238 2853 2376 2909 quae
2408 2853 2470 2892 se
2499 2837 2560 2891 in
2602 2842 2852 2909 peccato
2882 2837 3230 2895 detinebant
3258 2840 3476 2909 evadit,
3511 2841 3585 2897 ad

1926 2928 2163 2996 portam
2189 2925 2445 2981 ferream
2474 2928 2637 2981 venit
2664 2945 2677 2993 ;
2705 2926 2850 2998 quia
2880 2926 3007 2982 sola
3036 2932 3422 3000 peccatorum
3444 2944 3587 2985 con-

1926 3013 2104 3069 fessio
2136 3014 2215 3068 ad
2264 3014 2520 3069 salutem
2550 3030 2673 3069 non
2725 3013 2960 3081 sufficit,
2996 3016 3043 3070 si
3068 3032 3191 3071 non
3244 3017 3445 3086 etiam,
3478 3034 3589 3091 pro

1924 3102 2017 3157 his
2048 3118 2184 3173 quae
2215 3103 2533 3173 commisit,
2581 3119 2686 3175 per
2735 3104 3157 3159 satisfactionis
3188 3104 3470 3161 duritiam
3525 3123 3587 3162 se

145 3191 407 3257 qualiter
458 3195 837 3248 transeantur
884 3193 1257 3250 ostendimus
1293 3211 1304 3249 :
1353 3182 1667 3251 nunc'duo
1694 3195 1814 3271 alii,
1848 3234 1887 3288 Ο
1927 3192 2154 3288 afﬂigit.
2188 3192 2505 3288 Videamus
2531 3192 2719 3248 David
2748 3193 2822 3248 de
2862 3208 3096 3249 carcere
3144 3200 3482 3288 exeuntem,
3535 3202 3593 3288 et

143 3281 405 3353 qualiter
433 3281 495 3337 in
526 3282 855 3338 secundam
885 3284 1264 3356 conveniant,
1289 3285 1701 3341 ostendamus.
1721 3288 1817 3341 Se-

147 3371 423 3426 cundum
451 3370 654 3443 itaque
696 3372 1178 3445 quaternionem,
1225 3375 1328 3446 qui
1355 3375 1552 3447 pudor
1579 3375 1815 3431 confes-

145 3459 338 3516 sionis
371 3460 605 3527 dicitur,
632 3467 689 3517 et
718 3462 976 3531 tertium,
995 3480 1180 3535 quem
1212 3480 1483 3520 amorem
1513 3464 1817 3537 privatum

146 3548 623 3620 nominavimus,
656 3567 795 3606 cum
828 3552 951 3607 suis
979 3552 1268 3608 militibus
1296 3554 1517 3626 pariter
1546 3555 1817 3609 confera-

145 3654 313 3709 mus,
347 3643 402 3694 et
430 3654 535 3695 eos
564 3638 625 3694 in
670 3640 1001 3696 secundam
1050 3642 1408 3709 custodiam,
1442 3646 1623 3714 prout
1667 3642 1819 3698 ratio

147 3726 483 3795 dictaverit,
515 3726 884 3784 ordinemus.
923 3730 1056 3796 Sed,
1104 3730 1248 3801 quia
1279 3730 1353 3785 de
1382 3730 1633 3786 istorum
1673 3747 1820 3803 qua-

151 3816 485 3873 terniorum
514 3818 756 3887 agmine
783 3823 922 3874 sunt
958 3818 1039 3873 illi
1071 3816 1193 3874 duo
1236 3818 1451 3874 milites
1480 3819 1632 3875 inter
1664 3836 1819 3891 quos

148 3921 262 3978 per
292 3906 793 3976 significationem
821 3908 1093 3980 captivus
1133 3908 1394 3964 dormire
1426 3910 1699 3981 superius
1728 3908 1818 3964 di-

155 4001 288 4053 ctus
315 4002 424 4067 est,
454 3997 570 4053 illis
602 3997 845 4053 duobus
874 3998 1313 4070 praetermissis,
1346 3999 1419 4054 de
1450 3998 1580 4055 aliis
1615 3999 1818 4055 videa-

153 4102 315 4144 mus.
349 4090 429 4143 De
458 4087 700 4158 agmine
724 4088 928 4161 itaque
960 4089 1206 4144 secundi
1254 4089 1666 4161 quaternionis
1696 4105 1819 4145 uno

155 4181 324 4234 extra
343 4192 645 4233 carcerem
672 4177 1027 4246 excubante,
1055 4178 1268 4251 reliqui
1296 4183 1413 4235 tres
1440 4184 1580 4236 sunt
1604 4179 1822 4249 leviga-

154 4265 235 4322 tio
268 4265 484 4338 culpae,
516 4266 937 4337 longiturnitas
966 4267 1121 4335 vitae,
1171 4273 1378 4340 torpor
1421 4268 1818 4338 negligentiae.

157 4358 303 4411 Item
330 4355 408 4411 de
431 4356 673 4427 agmine
692 4356 841 4413 tertii
867 4356 1297 4428 quaternionis,
1314 4374 1435 4413 uno
1458 4358 1639 4413 milite
1668 4358 1825 4415 intra

157 4461 461 4502 carcerem
491 4446 714 4513 relicto,
742 4446 968 4501 residui
986 4451 1104 4501 tres
1136 4450 1275 4502 sunt
1304 4447 1605 4519 appetitus
1626 4448 1819 4515 famae,

157 4535 321 4606 rigor
348 4536 731 4608 poenitentiae,
748 4540 942 4591 metus
963 4536 1441 4608 perseverantiae.
1470 4538 1599 4592 Duo
1619 4537 1823 4609 itaque

159 4623 253 4680 isti
283 4624 710 4697 quaterniones
732 4626 815 4681 ita
834 4624 948 4680 sibi
974 4625 1355 4682 conveniunt.
1390 4625 1527 4682 Ideo
1557 4642 1823 4698 namque

163 4714 375 4786 culpas
408 4729 551 4769 suas
573 4714 844 4769 conﬁteri
869 4714 1184 4783 erubescit,
1200 4715 1344 4787 quia
1368 4716 1602 4787 privato
1624 4731 1829 4771 amore

166 4820 227 4859 se
258 4804 490 4875 diligit;
543 4804 678 4860 ideo
738 4810 1055 4875 peccatum
1110 4821 1289 4860 suum
1342 4805 1832 4861 excusationibus

166 4891 400 4963 levigat,
434 4909 530 4960 ne,
586 4891 752 4965 apud
801 4892 1261 4948 aestimationem
1316 4894 1574 4949 aliorum
1631 4909 1832 4965 repre-

168 4980 477 5037 hensibilis
503 4980 840 5052 convictus,
884 4996 1109 5035 nomen
1139 4980 1337 5049 famae,
1389 4982 1557 5054 quod
1587 4981 1833 5054 appetit,

170 5070 428 5142 perdat;
469 5070 603 5126 ideo
647 5070 907 5141 rigorem
952 5070 1314 5142 poenitentiae
1347 5071 1548 5127 subire
1597 5070 1833 5141 refugit,

171 5159 314 5231 quia
340 5160 523 5230 longa
553 5160 667 5216 sibi
714 5161 848 5216 vitae
880 5160 1073 5233 spatia
1102 5160 1497 5233 repromittit;
1530 5160 1665 5217 ideo
1696 5176 1837 5215 eum

172 5253 377 5323 torpor
413 5250 789 5321 negligentia:
839 5250 1130 5320 astringit,
1161 5250 1308 5324 quia
1353 5254 1548 5307 metus
1589 5267 1729 5306 eum
1760 5249 1840 5305 ad

174 5337 360 5409 frigus
384 5339 845 5412 perseverantia
880 5345 1225 5411 suspectum
1256 5340 1470 5396 reddit.
1506 5343 1573 5396 Et
1600 5340 1735 5396 ideo
1764 5355 1840 5396 ne

176 5427 484 5497 contingat
512 5428 591 5485 ab
622 5429 933 5501 iniquitate
964 5429 1355 5499 redire,eligit
1373 5429 1572 5502 potius
1604 5445 1843 5503 semper

176 5516 236 5572 in
266 5522 513 5589 peccato
552 5522 787 5591 torpere
816 5535 1006 5591 quam
1032 5518 1265 5575 bonum
1323 5519 1573 5591 aliquid,
1626 5519 1687 5575 in
1720 5534 1842 5591 quo

178 5621 559 5677 perseverare
599 5612 879 5680 nequeat,
922 5607 1207 5664 inchoare
1242 5627 1253 5665 :
1313 5625 1453 5664 cum
1492 5609 1735 5665 deberet
1790 5611 1846 5663 et

180 5695 253 5751 de
283 5713 393 5753 sua
426 5698 589 5753 bona
615 5698 923 5753 voluntate
952 5698 1236 5771 incipere,
1271 5704 1329 5754 et
1377 5699 1452 5754 de
1500 5702 1619 5754 Deo
1651 5698 1844 5771 perfe-

181 5785 437 5841 ctionem
494 5786 955 5858 perseverantiae
1018 5803 1281 5858 sperare.
1352 5787 1465 5843 Sed
1516 5788 1645 5859 jam
1704 5787 1847 5859 quia

184 5872 327 5932 istos
348 5874 569 5948 pariter
593 5874 980 5943 contulimus,
1002 5875 1319 5935 videamus
1344 5890 1508 5932 nunc
1536 5876 1847 5949 quomodo

1926 3281 2004 3336 ad
2034 3286 2272 3353 portam
2298 3280 2551 3338 ferream
2581 3288 3030 3354 properantem,
3058 3283 3165 3355 qui
3204 3284 3283 3339 ait
3307 3300 3319 3336 :
3366 3285 3591 3357 Iniqui-

1926 3376 2107 3426 tatem
2138 3386 2327 3427 meam
2359 3373 2756 3441 annuntiabo,
2808 3379 2861 3429 et
2910 3374 3181 3443 cogitabo
3206 3389 3321 3443 pro
3348 3381 3589 3443 peccato

1924 3476 2070 3516 meo.
2100 3463 2377 3516 Peccator
2404 3461 2642 3530 etenim,
2676 3478 2815 3516 cum
2841 3462 3217 3534 iniquitatem
3241 3479 3417 3519 suam
3452 3480 3589 3519 con-

1924 3549 2151 3605 ﬁtendo
2182 3551 2518 3617 annuntiat,
2547 3551 2621 3606 de
2643 3566 2881 3606 carcere
2912 3550 3061 3619 exit;
3096 3568 3236 3607 cum
3264 3568 3405 3608 vero
3434 3553 3591 3625 cogi-

1924 3643 2009 3694 tat
2032 3639 2286 3711 qualiter
2309 3643 2428 3695 Deo
2453 3656 2562 3711 pro
2586 3655 2953 3712 unoquoque
2970 3645 3217 3712 peccato
3241 3641 3587 3711 satisfaciat,

1926 3728 2004 3783 ad
2049 3732 2287 3798 portam
2326 3728 2579 3783 ferream
2603 3728 2808 3783 tendit.
2856 3732 2989 3799 Ipsa
3017 3727 3218 3800 itaque
3242 3729 3585 3798 satisfactio,

1926 3832 2048 3888 qua
2080 3818 2197 3871 Deo
2228 3832 2338 3887 pro
2386 3816 2645 3887 peccatis
2692 3817 2912 3871 nostris
2963 3817 3383 3889 satisfacimus,
3415 3823 3589 3891 porta

1926 3905 2117 3961 ferrea
2145 3921 2269 3961 non
2299 3905 2788 3962 inconvenienter
2820 3905 3108 3979 accipitur
3142 3925 3154 3975 ;
3186 3907 3330 3980 quia
3359 3908 3591 3964 homini

1926 3994 2211 4051 mollibus
2254 3995 2562 4052 desideriis
2601 3996 2745 4051 olim
2776 3996 2977 4052 dedito
3026 3996 3197 4052 valde
3228 3996 3451 4053 durum
3480 4002 3587 4070 est,

1927 4084 2076 4140 dum
2125 4101 2453 4141 conversus
2496 4083 2574 4141 ad
2614 4085 3027 4157 paenitentiam
3075 4086 3325 4158 cogitur,
3378 4086 3591 4143 eadem

1929 4174 2223 4231 desideria
2271 4175 2628 4248 relinquere,
2678 4192 2921 4232 carnem
2960 4190 3285 4245 macerare,
3338 4176 3591 4249 ingemi-

1931 4282 2112 4334 scere,
2148 4266 2309 4337 ﬂere,
2338 4267 2633 4337 jcjunare,
2669 4266 2891 4323 saeculo
2928 4266 3198 4323 funditus
3226 4267 3590 4334 renuntiare,

1930 4359 2225 4410 remotam
2261 4355 2445 4411 vitam
2495 4359 2789 4427 expetere,
2823 4360 2879 4409 et
2918 4355 3202 4428 deinceps
3245 4356 3324 4411 ad
3353 4354 3593 4411 alterius

1930 4444 2244 4499 arbitrium
2298 4444 2513 4499 vivere.
2570 4444 2797 4499 Peccati
2866 4460 3010 4513 ergo
3070 4443 3392 4500 satisfactio
3438 4446 3593 4497 recte

1937 4538 2109 4604 porta
2132 4534 2323 4589 ferrea
2339 4532 2704 4599 nominatur,
2736 4549 2841 4604 per
2870 4548 3059 4604 quam
3088 4534 3295 4597 homo,
3326 4537 3390 4587 ut
3406 4535 3594 4587 Deum

1939 4622 2053 4677 sibi
2096 4622 2402 4695 placatum
2457 4621 2688 4690 reddat,
2743 4622 3042 4694 quidquid
3093 4622 3155 4676 in
3191 4638 3252 4676 se
3284 4620 3598 4677 carnaliter

1936 4711 2095 4779 vixit,
2124 4712 2280 4767 ferro
2311 4712 2478 4767 durae
2503 4710 2866 4783 poenitentite
2904 4715 3097 4766 necat.
3141 4709 3306 4764 Unde
3336 4715 3395 4765 et
3425 4713 3599 4765 Joan-

1937 4818 2044 4857 nes
2076 4801 2340 4873 Baptista
2368 4804 2713 4873 peccatores
2755 4799 2835 4855 ad
2866 4816 2927 4855 se
2962 4798 3332 4855 conﬂuentes
3363 4799 3441 4855 ad
3465 4814 3600 4871 por-

1938 4896 2063 4946 tam
2104 4891 2362 4946 ferream
2394 4888 2706 4956 invitabat,
2741 4888 2985 4945 dicens:
3020 4889 3334 4945 Genimina
3373 4890 3602 4958 vipera-

1942 4997 2098 5051 rum,
2149 4982 2282 5051 quis
2313 4981 2570 5037 ostendit
2628 4979 2791 5035 vobis
2832 4980 3045 5049 fugere
3074 4994 3112 5035 ιι
3168 4984 3423 5033 ventura
3456 4979 3551 5033 ira
3578 4978 3604 5029 ?

1940 5071 2148 5126 Facite
2170 5086 2308 5141 ergo
2320 5072 2561 5140 fructus
2577 5070 2786 5139 dignos
2800 5068 3189 5138 pwnitentz'm.
3206 5066 3425 5136 Dignos
3442 5065 3601 5122 enim

1942 5158 2168 5215 fructus
2194 5158 2552 5231 paenitentiae
2582 5158 2795 5227 facere,
2828 5157 2943 5213 hoc
2973 5160 3060 5212 est
3090 5156 3170 5211 ad
3207 5159 3446 5227 portam
3491 5154 3605 5210 fer-

1943 5266 2111 5306 ream
2140 5265 2485 5322 properare,
2515 5250 2629 5305 hoc
2654 5252 2746 5304 est
2774 5247 2854 5303 ita
2878 5245 3211 5319 plenariam
3237 5248 3355 5301 Deo
3378 5244 3607 5300 satisfa-

1948 5338 2206 5395 ctionem
2236 5339 2449 5395 offerre
2476 5343 2541 5394 ut
2568 5353 2606 5394 a
2646 5337 2817 5393 licitis
2847 5336 3027 5392 etiam
3070 5335 3287 5392 debeat
3313 5334 3611 5390 abstinere

1948 5427 2052 5500 qui
2083 5444 2144 5483 se
2160 5427 2433 5483 meminit
2460 5425 2659 5482 illicita
2684 5428 3079 5497 perpetrasse.
3112 5424 3202 5479 Ad
3221 5424 3381 5480 hanc
3409 5424 3611 5495 itaque

1949 5521 2189 5589 portam
2230 5517 2483 5573 ferream
2513 5518 2748 5571 Petrum
2798 5514 3085 5570 eductum
3114 5514 3188 5571 de
3234 5528 3470 5570 carcere
3504 5528 3613 5567 an-

1953 5608 2121 5679 gelus
2145 5608 2329 5675 ducit,
2352 5606 2497 5679 quia
2528 5622 2727 5661 sermo
2758 5605 3019 5673 divinus,
3048 5608 3374 5678 postquam
3403 5618 3515 5658 nos
3540 5602 3617 5657 de

1953 5714 2187 5753 carcere
2210 5695 2439 5768 peccati
2464 5711 2571 5768 per
2600 5694 2866 5750 ofﬁcium
2912 5694 3313 5750 confessionis
3343 5690 3617 5757 extrahit,

1953 5803 2140 5857 quam
2183 5784 2450 5840 districta
2488 5783 2887 5839 satisfactione
2933 5785 3121 5839 Deum
3175 5782 3351 5838 nobis
3380 5780 3619 5853 placare

1955 5876 2289 5933 debeamus
2318 5873 2596 5933 ostendit.
2626 5875 2769 5940 Quae
2792 5872 3079 5931 nimirum
3106 5876 3281 5945 porta
3301 5871 3489 5926 ferrea
3514 5865 3621 5919 du-
