3952 6384
432 277 534 331 303

1496 275 1553 329 S.
1597 269 1929 328 FULBERTI
1968 269 2447 328 CARNOTENSIS
2486 272 2820 330 EPISCOPI.

3770 270 3889 325 30$

431 398 507 455 cit
551 397 629 455 ad
684 397 1004 469 civitatem,
1055 396 1200 469 quia
1240 394 1664 454 satisfactionis
1712 394 1991 466 angustia
2018 393 2099 450 ad
2128 398 2176 451 A
2206 394 2564 468 praedicator
2600 396 3049 454 demonstratur
3076 393 3516 451 veritatis.Jam
3543 407 3708 449 nunc
3729 408 3891 463 ergo

429 487 809 544 latitudinem
853 502 965 543 nos
1018 501 1289 559 supernae
1322 484 1574 541 civitatis
1622 483 1974 540 intromittit.
2008 483 2097 539 Ad

431 578 604 649 cujus
623 577 911 633 nimirum
933 574 1185 631 civitatis
1213 574 1437 644 gaudia
1458 590 1598 629 cum
1623 588 1943 629 conversus
1963 589 2099 646 pec-

431 670 596 723 cator
641 664 890 721 ferventi
938 678 1144 720 amore
1200 662 1460 731 festinat,
1521 678 1760 733 gressus
1816 661 2098 719 desiderii

431 756 563 827 ejus
592 752 876 827 quaalibet
892 756 1078 826 portae
1112 753 1312 809 ferreae
1342 752 1629 808 districtio
1658 768 1780 809 non
1809 752 2092 809 retardat.

433 844 599 900 Unde
629 843 786 900 bene
816 847 993 917 porta
1023 842 1215 899 ferrea
1243 842 1479 898 dicitur.

502 936 630 990 XIX.
664 933 804 1001 Quae
825 935 989 990 ultro
1019 938 1233 1003 aperta
1253 938 1339 989 est
1360 934 1461 989 eis.
1482 936 1630 989 Cum
1655 935 1858 987 Petrus
1881 929 2095 1000 angelo

429 1027 733 1097 praeeunte
756 1021 835 1077 ad
856 1025 1094 1096 portam
1113 1021 1294 1089 venit,
1310 1026 1447 1077 ante
1464 1020 1664 1094 ipsum
1685 1023 1861 1094 porta
1879 1019 2095 1075 eadem

430 1128 493 1168 se
520 1112 676 1168 ultro
706 1111 895 1185 aperit
921 1130 933 1180 ;
967 1110 1110 1185 quia
1140 1127 1280 1167 cum
1311 1126 1633 1167 conversus
1660 1114 1943 1183 peccator
1969 1124 2097 1164 ves-

430 1202 577 1271 tigia
607 1206 825 1258 sanctae
877 1200 1323 1274 praedicationis
1355 1217 1493 1257 cum
1539 1200 1840 1257 alacritate
1886 1215 2095 1272 prose-

428 1291 652 1364 quitur,
702 1294 918 1347 cuncta
949 1290 1031 1346 illi
1060 1290 1214 1347 fiunt
1242 1290 1440 1347 facilia
1473 1307 1610 1364 quae
1639 1289 1806 1363 prius
1832 1288 2093 1345 difﬁcilia

428 1379 805 1435 videbantur.
825 1382 891 1434 Et
914 1378 1020 1453 qui
1051 1384 1248 1452 antea,
1274 1384 1661 1453 peccatorum
1692 1378 2098 1449 grossitudine

429 1468 733 1536 dilatatus,
766 1468 1013 1525 nonnisi
1040 1484 1148 1541 per
1178 1469 1385 1542 ampla
1412 1469 1792 1543 voluptatum
1821 1468 2097 1524 incedere

428 1556 641 1629 potuit,
682 1571 867 1625 nunc,
897 1559 1253 1613 extenuatus
1293 1556 1439 1613 lima
1467 1557 1849 1630 pcenitentiaa,
1879 1555 2098 1629 quasli-

427 1644 531 1700 bet
555 1645 865 1715 angustias
894 1645 1022 1702 sine
1047 1645 1395 1703 difﬁcultate
1424 1646 1760 1720 pertransit.
1795 1645 1909 1703 Sed
1929 1662 2096 1718 quaa-

2203 484 2630 557 investigemus
2659 486 2973 562 quomodo
3010 485 3374 559 praedicator
3403 499 3544 540 cum
3582 499 3889 540 converso

2204 580 2520 649 peccatore
2550 577 2627 633 ad
2659 581 2901 650 portam
2927 576 3184 632 ferream
3220 573 3443 653 veniat,
3475 578 3533 630 et
3559 572 3887 646 quomodo

2203 669 2443 738 portam
2490 664 2668 722 istam
2699 682 2839 721 cum
2869 665 3085 721 eodem
3112 667 3509 738 pertranseat.
3549 662 3884 719 Videamus

2205 754 2490 826 angelum
2513 772 2653 812 cum
2679 756 2849 811 Petro
2877 770 2988 810 suo
3017 753 3094 810 ad
3110 757 3345 827 portam
3380 752 3633 809 ferream
3657 766 3889 824 prope-

2201 848 2457 900 rantem.
2517 847 2585 900 Et
2641 843 2779 917 quis
2837 843 3038 899 verius
3096 842 3389 899 dicendus
3445 846 3539 898 est
3591 839 3885 911 angelus,

2201 949 2391 1006 quam
2415 933 2512 989 ille
2542 932 2618 989 de
2646 949 2771 1007 quo
2804 933 3093 1006 scriptum
3119 936 3225 988 est:
3259 933 3414 988 Ecce
3434 946 3539 1003 ego
3570 931 3746 987 mitto
3773 946 3898 986 an-

2200 1024 2401 1092 gelum
2432 1038 2627 1079 meum
2683 1028 2825 1079 ante
2854 1028 2930 1090 te,
2964 1030 3021 1079 et
3052 1021 3435 1092 praeparabit
3463 1021 3621 1077 viam
3655 1025 3834 1076 tuam
3859 1023 3897 1073 Σ)

2203 1111 2307 1184 qui
2358 1112 2646 1168 nimirum
2678 1128 2817 1169 cum
2855 1111 3097 1181 diceret,
3153 1111 3361 1167 Facite
3386 1111 3626 1181 fructus
3656 1110 3892 1179 dignos

2200 1203 2585 1275 poenitentia,
2615 1202 2763 1275 quid
2793 1201 2958 1258 aliud
2988 1201 3208 1271 agebat
3248 1200 3363 1256 nisi
3401 1203 3638 1255 Petrum
3664 1215 3889 1269 suum,

2205 1291 2266 1347 id
2297 1296 2389 1347 est
2437 1307 2765 1349 conversos
2810 1297 3178 1364 peccatores,
3213 1290 3293 1346 ad
3345 1294 3582 1363 portam
3612 1289 3887 1346 ferream

2204 1396 2529 1454 properare
2576 1381 2918 1439 monebat?
2974 1381 3298 1437 Videamus
3351 1395 3513 1435 nunc
3563 1379 3611 1434 si
3639 1383 3700 1436 et
3747 1378 3891 1452 ipse

2205 1486 2313 1543 per
2362 1470 2640 1527 eamdem
2683 1474 2920 1544 portam
2972 1469 3289 1526 transierit.
3349 1471 3417 1525 Et
3460 1467 3597 1542 quis
3649 1467 3889 1524 melius

2204 1559 2327 1628 illo,
2358 1560 2482 1617 imo
2512 1560 2648 1633 quis
2670 1560 2823 1616 adeo
2853 1559 3006 1616 sicut
3031 1559 3126 1615 ille
3152 1559 3278 1632 qui,
3307 1559 3369 1615 in
3410 1557 3703 1614 indicium
3747 1573 3893 1629 poe-

2207 1650 2467 1705 nitentia:
2524 1654 2581 1706 et
2638 1649 2998 1718 aﬂlictionis,
3050 1648 3185 1722 pilis
3231 1647 3599 1704 camelorum
3648 1662 3894 1719 corpus

427 1733 689 1790 rendum
737 1734 915 1790 video
973 1750 1078 1790 cur
1138 1735 1210 1791 sit
1239 1734 1489 1805 dictum,
1524 1742 1738 1805 aperta
1785 1741 1867 1791 est
1909 1737 2008 1801 eis,
2041 1738 2099 1790 et
2126 1751 2168 1806 Β
2210 1755 2391 1794 suum
2414 1738 2667 1795 limabat
2695 1757 2708 1806 ;
2755 1737 2861 1811 qui
2886 1738 2946 1793 in
2978 1737 3220 1806 signum
3250 1735 3687 1792 mortiﬁcandm
3710 1734 3893 1790 volu-

429 1840 556 1880 non
580 1824 801 1897 potius,
820 1830 1035 1895 aperta
1064 1831 1148 1881 est
1179 1826 1249 1881 ei.
1268 1828 1431 1883 Certe
1453 1826 1703 1897 angelus
1730 1824 1835 1897 qui
1856 1826 2097 1879 Petrum

430 1914 711 1982 ducebat,
747 1913 987 1987 spiritus
1009 1918 1154 1983 erat,
1170 1918 1226 1971 et
1253 1914 1526 1988 proinde,
1541 1916 1719 1971 etiam
1742 1929 1868 1969 non
1889 1916 2097 1986 aperta

430 2008 607 2077 porta
653 2003 887 2071 eadem,
942 2018 1050 2076 per
1080 2003 1467 2061 subtilitatem
1501 2003 1822 2077 spiritualis
1868 2008 2097 2059 natura:

432 2094 685 2149 transire
732 2096 984 2166 poterat.
1037 2096 1188 2149 Nam
1219 2110 1422 2150 carcer
1451 2109 1694 2166 quoque
1744 2093 1817 2149 de
1842 2108 1965 2165 quo
1994 2095 2097 2148 Pe-

432 2187 593 2239 trum
625 2182 896 2253 extraxit,
924 2182 1164 2238 clausus
1204 2187 1330 2240 erat
1362 2202 1374 2251 ;
1422 2184 1483 2238 in
1511 2199 1694 2255 quem
1724 2187 1929 2238 tamen
1959 2198 2098 2237 cum

433 2271 731 2335 intrasset,
758 2286 884 2326 non
912 2270 1126 2340 legitur
1154 2271 1359 2344 aliqua
1384 2273 1575 2343 janua
1611 2271 1931 2345 patefacta.
1986 2270 2100 2328 Sed

433 2360 531 2416 hic
562 2359 711 2415 forte
741 2359 1066 2433 opponitur
1093 2360 1239 2433 quia
1264 2361 1484 2417 scilicet
1509 2377 1632 2417 non
1651 2361 1864 2432 legitur
1884 2360 2101 2434 aliquis

439 2450 639 2506 aditus
693 2449 1030 2523 patefactus
1082 2467 1222 2507 cum
1252 2451 1331 2507 ad
1370 2467 1510 2506 eum
1557 2451 1819 2515 intravit,
1878 2451 1960 2507 ita
1990 2466 2100 2506 nec

436 2545 580 2596 tunc
612 2539 862 2613 quidem
891 2539 1040 2596 dum
1065 2556 1205 2597 cum
1236 2541 1452 2597 eodem
1493 2541 1671 2597 exivit
1704 2560 1717 2609 ;
1751 2558 1821 2597 ac
1847 2541 2099 2614 proinde

434 2628 623 2685 videri
648 2628 867 2685 debere
900 2630 1067 2702 quod
1093 2629 1262 2686 illum
1305 2646 1429 2687 non
1458 2634 1718 2687 reserato
1757 2630 1923 2687 aditu
1952 2630 2099 2686 edu-

436 2719 603 2776 xerit.
638 2719 753 2777 Sed
768 2720 897 2775 haec
918 2719 1122 2792 opinio
1153 2736 1276 2776 non
1301 2720 1448 2776 mihi
1474 2720 1817 2794 recipienda
1844 2720 2097 2789 videtur,

438 2808 553 2865 nisi
595 2808 800 2881 aliquo
831 2810 1138 2866 canonicte
1172 2810 1487 2882 Scriptura:
1517 2810 1860 2867 testimonio
1889 2810 2100 2865 conﬁr—

438 2903 655 2966 metur;
684 2897 1042 2955 canonicam
1065 2903 1267 2955 autem
1291 2898 1657 2971 Scripturam
1673 2915 1835 2956 nunc
1862 2899 2100 2973 appello

439 3005 575 3044 eam
602 3003 739 3060 quae
768 2987 830 3042 in
860 3003 1091 3043 canone
1121 2986 1413 3043 librorum
1427 2988 1641 3044 Veteris
1672 2992 1728 3044 et
1753 2989 1895 3044 Novi
1910 2992 2103 3044 Testa-

439 3076 626 3133 menti
654 3077 1010 3132 continetur.
1063 3080 1127 3133 In
1174 3093 1298 3150 qua
1325 3077 1503 3150 plane
1533 3094 1840 3151 nusquam
1890 3095 1985 3134 me
2015 3078 2099 3134 le-
2131 3104 2173 3161 ο

442 3166 601 3237 gisse
627 3165 912 3222 recordor
940 3166 1106 3238 quod
1135 3167 1320 3222 homo
1352 3168 1677 3241 quispiam,
1710 3167 1945 3223 mortali
1978 3183 2101 3223 cor-

440 3272 586 3330 pore
633 3254 901 3323 vestitus,
942 3271 1049 3329 per
1079 3255 1341 3329 aliquem
1391 3257 1622 3313 aditum
1653 3273 1778 3313 non
1826 3260 2103 3330 apertum

442 3362 583 3401 cum
615 3362 725 3401 suo
757 3344 952 3401 solido
983 3361 1233 3419 corpore
1265 3346 1513 3402 transire
1544 3346 1821 3419 potuerit,
1854 3352 2103 3419 excepto

443 3434 698 3492 Domino
728 3438 933 3491 nostro
980 3438 1123 3491 Jesu
1153 3436 1407 3508 Christo,
1439 3436 1565 3509 qui,
1616 3441 1673 3492 et
1720 3453 1858 3493 cum
1891 3453 2103 3493 nasce-

438 3529 621 3594 retur,
664 3541 788 3581 non
837 3529 1045 3597 aperto
1075 3525 1226 3581 ostio
1275 3525 1350 3582 de
1397 3530 1601 3581 ventre
1648 3526 1857 3581 matris
1905 3527 2101 3595 exivit,

439 3619 497 3670 et
522 3631 662 3671 cum
692 3618 1049 3685 resurgeret,
1087 3631 1225 3670 cum
1259 3613 1473 3671 eodem
1504 3631 1614 3672 suo
1642 3614 1967 3673 immortali
1999 3615 2104 3672 sed

440 3710 645 3761 tamen
675 3721 817 3761 vero
847 3720 1119 3778 corpore,
1156 3704 1377 3761 clausis
1401 3705 1631 3776 januis,
1673 3705 1752 3762 ad
1776 3706 2106 3779 discipulos

436 3794 699 3850 intravit.
736 3796 887 3849 Nam
931 3793 980 3849 si
1008 3794 1145 3865 quis
1175 3793 1320 3849 illud
1347 3794 1618 3866 opponit,
1651 3796 1817 3867 quod
1848 3795 1923 3851 de
1952 3811 2104 3869 quo-

441 3882 587 3938 dam
608 3882 886 3954 apostolo
903 3881 1138 3952 legitur,
1153 3883 1318 3954 quod
1336 3883 1555 3939 scilicet
1570 3883 1652 3940 ad
1671 3900 1875 3954 regem
1896 3902 2108 3958 quem-

442 3970 588 4025 dam
627 3968 844 4024 clausis
891 3969 1096 4039 januis
1136 3970 1398 4038 intravit,
1450 3971 1795 4044 exemplum
1824 3974 1940 4029 hoc
1982 3990 2106 4030 non

443 4073 542 4114 me
574 4060 750 4125 tenet,
781 4073 906 4113 non
943 4074 1041 4114 me
1072 4062 1245 4115 terret
1271 4077 1284 4127 ;
1331 4059 1474 4133 quia
1520 4060 1653 4133 ipsa
1678 4078 1923 4134 quoque
1956 4063 2105 4120 Scri-

444 4151 623 4220 ptura
646 4146 710 4201 in
734 4162 861 4219 qua
895 4146 1012 4202 hoc
1049 4146 1283 4218 legitur,
1316 4151 1556 4204 Patrum
1586 4150 1932 4206 auctoritate
1958 4151 2109 4208 inter

446 4234 800 4309 apocrypha
824 4240 1196 4293 numeratur.
1231 4237 1430 4293 Potius
1469 4238 1670 4311 itaque
1708 4238 1823 4294 hoc
1864 4241 2106 4297 creden-

445 4326 616 4396 dum,
644 4325 811 4397 quod
841 4325 1091 4397 angelus
1130 4327 1233 4399 qui
1265 4326 1343 4382 ad
1371 4330 1609 4384 Petrum
1632 4328 1693 4384 in
1728 4345 1964 4385 carcere
1984 4347 2109 4387 non

446 4419 655 4488 aperto
709 4414 878 4471 aditu
933 4430 1042 4488 per
1092 4414 1479 4471 subtilitatem
1537 4416 1822 4488 angelicae
1878 4424 2107 4476 natura;

446 4504 707 4578 intravit,
740 4504 903 4561 idem
930 4505 1080 4579 ipse,
1115 4510 1177 4562 ut
1200 4522 1340 4562 eum
1367 4506 1661 4576 educeret,
1696 4524 1803 4581 per
1831 4508 2110 4566 virtutem

448 4594 687 4651 Domini
735 4594 956 4651 ostium
1013 4596 1267 4652 carceris
1320 4596 1612 4669 patefecit.
1675 4598 1789 4655 Sed
1845 4588 2121 4671 quolibet

449 4683 636 4741 modo
665 4700 805 4740 eum
838 4684 1129 4754 eduxerit,
1170 4684 1384 4741 viderit
1410 4685 1506 4742 ille
1527 4686 1633 4760 qui
1661 4686 1797 4743 fecit
1829 4706 1842 4756 ;
1892 4703 2006 4744 nos
2034 4688 2114 4745 ad

450 4774 826 4846 propositam
852 4774 1177 4830 redeamus
1205 4775 1621 4848 qutestionem.

526 4862 959 4929 Quaerebamus
1006 4864 1169 4920 enim
1213 4880 1319 4919 cur
1346 4863 1421 4919 de
1464 4868 1637 4937 porta
1692 4864 1998 4938 pluraliter
2023 4867 2114 4923 di-

454 4957 616 5009 ctum
644 4953 736 5021 sit,
767 4960 980 5024 aperta
1009 4960 1093 5010 est
1126 4955 1226 5019 eis,
1261 4956 1317 5007 et
1336 4967 1458 5009 non
1489 4954 1686 5026 potius
1716 4954 2112 5026 singulariter,

454 5049 669 5112 aperta
694 5048 777 5100 est
830 5045 902 5113 ei,
932 5062 944 5111 ;
1005 5059 1144 5099 cum
1195 5042 1399 5114 utique
1430 5058 1553 5099 non
1584 5044 1820 5115 angelo,
1861 5046 1967 5118 qui
1995 5047 2116 5120 spi-

457 5131 603 5187 ritus
635 5136 779 5202 erat,
813 5133 919 5188 sed
970 5137 1201 5188 tantum
1249 5134 1437 5199 Petro,
1486 5132 1588 5205 qui
1645 5134 1839 5190 solido
1870 5151 2116 5208 corpore

458 5219 819 5276 vestiebatur
866 5222 1225 5289 necessaria,
1257 5221 1369 5277 ista
1415 5222 1605 5294 pertio
1634 5223 1967 5280 videbatur.
2004 5226 2119 5284 Sed

462 5305 579 5359 ista
601 5304 804 5364 litterae
842 5311 1190 5368 difﬁcultate
1222 5311 1301 5367 ad
1326 5311 1623 5367 internam
1670 5312 2118 5383 intelligentiam

464 5390 771 5462 mittimur,
822 5413 1007 5468 quam
1068 5401 1115 5456 si
1163 5399 1349 5473 paulo
1400 5400 1743 5471 diligentius
1793 5402 2116 5471 intuemur,

464 5477 804 5536 videbimus
854 5487 1049 5542 statim
1110 5505 1299 5560 quam
1357 5495 1755 5561 congruenter
1819 5492 2120 5548 ambobus

468 5570 675 5634 aperta
715 5583 843 5624 esse
871 5578 1045 5643 porta
1089 5576 1303 5633 eadem
1342 5582 1725 5635 memoratur.
1776 5580 1935 5636 Sicut
1960 5580 2121 5637 enim

470 5665 654 5719 supra
676 5653 805 5721 jam
834 5656 1116 5727 diximus,
1149 5665 1240 5718 vir
1271 5665 1433 5720 fortis
1463 5667 1784 5739 prolapsus
1814 5668 1873 5723 in
1907 5686 2120 5741 pecca-

470 5742 601 5792 tum
630 5754 736 5809 per
764 5745 996 5801 Petrum
1027 5749 1396 5821 designatur,
1426 5771 1533 5826 per
1560 5756 1843 5825 angelum
1874 5757 2125 5829 quLlibet

2207 1827 2386 1901 ptatis
2434 1843 2648 1883 zonam
2696 1826 3007 1900 pelliceam
3053 1825 3212 1881 circa
3257 1824 3502 1880 lumbos
3552 1824 3887 1889 habebat;

2208 1918 2332 1991 qui,
2362 1917 2424 1974 in
2468 1917 2902 1973 documentum
2933 1914 3251 1986 singularis
3282 1913 3680 1986 abstinentiae,
3717 1930 3889 1987 pane

2209 2010 2575 2079 contempto,
2598 2005 2861 2061 locustas
2892 2008 2950 2059 et
2991 2003 3110 2059 mel
3136 2002 3400 2058 silvestre
3430 2002 3685 2069 edebat;
3752 2003 3889 2075 qui,

2210 2097 2271 2153 in
2317 2094 2662 2168 exemplum
2712 2098 2958 2150 remotae
3007 2092 3500 2160 conversationis,
3554 2091 3616 2146 in
3670 2108 3893 2148 eremo

2210 2184 2623 2242 consistebat?
2651 2182 2973 2239 Videamus
3005 2181 3192 2238 alium
3219 2180 3504 2250 angelum
3535 2196 3676 2235 cum
3706 2183 3891 2237 Petro

2212 2291 2321 2332 suo
2352 2274 2431 2331 ad
2477 2278 2711 2347 portam
2742 2273 2996 2329 ferream
3039 2274 3486 2344 properantem.
3535 2268 3678 2335 Quis
3711 2270 3889 2326 enim

2208 2364 2403 2421 verior
2442 2362 2693 2433 angelus
2720 2361 2822 2418 illo
2876 2361 2980 2434 qui
3005 2360 3197 2416 dixit:
3249 2360 3346 2415 An
3395 2361 3885 2428 experimentum

2212 2457 2340 2524 ejus
2370 2454 2660 2526 quaeritis,
2690 2453 2799 2523 qui
2840 2453 2902 2507 in
2930 2466 3022 2507 me
3052 2451 3321 2526 loquitur
3361 2449 3638 2505 Christus
3658 2452 3688 2504 ?
3744 2452 3884 2521 Ipse

2209 2525 2411 2616 itaque
2441 2546 2609 2598 Petro
2655 2557 2785 2607 suo,
2840 2539 3119 2610 gentibus
3169 2525 3409 2608 scilicet,
3449 2554 3605 2611 quas
3637 2538 3715 2594 de
3742 2555 3883 2593 car-

2212 2648 2343 2688 cere
2391 2630 2755 2687 inﬁdelitatis
2813 2630 3120 2694 eduxerat,
3154 2628 3307 2700 quid
3331 2628 3458 2684 ait?
3502 2629 3604 2684 Sic
3647 2635 3889 2685 currite

2210 2728 2279 2777 ut
2309 2720 2826 2791 comprehendatis
2848 2732 2868 2788 ,'
2899 2719 3089 2774 omnis
3112 2719 3269 2774 enim
3297 2718 3403 2789 qui
3428 2718 3493 2772 in
3516 2733 3711 2787 agone
3735 2733 3887 2773 con-

2214 2812 2426 2878 tendit,
2462 2810 2537 2866 ab
2589 2809 2861 2865 omnibus
2904 2824 2965 2864 se
2993 2808 3269 2864 abstinet.
3304 2810 3453 2863 Cum
3479 2822 3622 2877 ergo
3652 2822 3759 2862 eos
3796 2806 3887 2861 sic

2212 2916 2448 2957 currere
2472 2904 2538 2956 ut
2566 2898 3083 2973 comprehendant
3108 2896 3413 2963 admonet,
3429 2895 3578 2968 quid
3606 2912 3749 2951 cum
3766 2895 3888 2951 illis

2214 2989 2354 3061 agit,
2388 2989 2501 3045 nisi
2532 2988 2610 3045 ad
2641 2992 2878 3060 portam
2909 2986 3073 3042 illam
3103 3002 3237 3059 quae
3275 2985 3438 3041 ducit
3466 2984 3545 3041 ad
3575 2984 3886 3041 civitatem

2214 3079 2319 3136 ubi
2349 3078 2628 3134 bravium
2677 3076 2971 3148 recepturi
3012 3079 3152 3131 sunt
3201 3074 3441 3131 tendere
3488 3073 3885 3146 persuadet?

2217 3173 2365 3227 Cum
2422 3184 2565 3223 vero
2618 3166 2772 3238 illos,
2804 3165 3080 3238 exemplo
3135 3163 3441 3221 saacularis
3489 3162 3746 3229 athletae,
3805 3163 3886 3219 ab

2216 3257 2501 3315 omnibus
2550 3273 2687 3329 quae
2717 3270 2956 3325 agonen
2998 3253 3341 3326 impediunt
3369 3251 3640 3325 praecipit
3691 3251 3887 3308 absti-

2214 3363 2376 3415 nere,
2400 3346 2548 3420 quid
2580 3361 2719 3401 cum
2748 3344 2863 3400 illis
2879 3344 3021 3414 agit,
3036 3342 3151 3399 nisi
3176 3340 3486 3416 quomodo
3501 3357 3610 3414 per
3637 3344 3885 3413 portam

2215 3436 2469 3492 ferream
2502 3433 2762 3490 debeant
2791 3432 3009 3488 intrare
3039 3429 3343 3487 ostendit?
3373 3428 3695 3486 Videamus
3715 3443 3890 3485 nunc

2217 3525 2265 3580 si
2292 3530 2349 3580 et
2377 3525 2505 3598 ipse
2536 3524 2663 3578 haec
2688 3526 2845 3591 agat,
2880 3520 2955 3577 ad
2982 3536 3119 3592 qua:
3152 3518 3457 3588 agendum
3490 3534 3634 3573 suos
3665 3534 3890 3590 sequa-

2217 3632 2315 3672 ces
2345 3615 2648 3670 informat.
2699 3611 2826 3667 Ait:
2881 3612 3011 3682 Ego
3060 3611 3146 3666 sic
3185 3624 3387 3675 curro,
3436 3623 3556 3664 non
3596 3608 3778 3679 quasi
3820 3609 3885 3663 in

2217 3708 2550 3776 incertum;
2573 3705 2657 3759 sic
2680 3717 2912 3772 pugno,
2942 3716 3064 3756 non
3084 3700 3261 3770 quasi
3289 3713 3484 3754 aerem
3513 3696 3840 3754 verberans
3868 3713 3883 3750 :

2215 3796 2319 3851 sed
2348 3794 2574 3863 castigo
2605 3806 2822 3859 corpus
2853 3805 3067 3855 meum,
3100 3793 3156 3843 et
3181 3789 3244 3842 in
3274 3788 3616 3843 servitutem
3647 3786 3882 3856 redigo,

2218 3902 2292 3942 ne
2318 3886 2499 3955 forte,
2551 3882 2689 3938 aliis
2731 3878 3097 3950 praedicans,
3131 3879 3256 3947 ipse
3302 3876 3592 3946 reprobus
3617 3877 3881 3945 efﬁciar.

2219 3977 2366 4033 Cum
2415 3972 2614 4045 itaque
2662 3973 2719 4025 et
2766 3968 3034 4041 seipsum
3091 3981 3327 4022 currere
3353 3968 3411 4021 et
3439 3980 3711 4037 pugnare
3742 3964 3888 4020 insi-

2218 4066 2385 4129 nuat,
2418 4059 2565 4134 quid
2591 4058 2707 4114 nisi
2733 4074 2794 4113 se
2817 4072 3061 4129 quoque
3092 4055 3170 4111 ad
3194 4058 3431 4127 portam
3461 4052 3715 4109 ferream
3744 4068 3888 4125 pro-

2218 4167 2429 4226 perare
2501 4149 2879 4204 demonstrat
2906 4146 2934 4201 ?
2984 4148 3136 4202 Bene
3191 4159 3334 4215 ergo
3400 4143 3475 4199 de
3530 4143 3645 4199 hac
3703 4147 3885 4216 porta

2221 4241 2456 4308 dicitur,
2484 4254 2616 4310 quae
2643 4238 2803 4293 ultro
2834 4241 3047 4306 aperta
3077 4240 3161 4291 est
3191 4235 3315 4305 eis;
3343 4232 3489 4305 quia
3517 4232 3705 4289 sancti
3725 4248 3885 4304 prte-

2221 4332 2516 4389 dicatores
2569 4326 2775 4396 nostri,
2821 4325 2928 4399 qui
2956 4340 3067 4381 nos
3095 4324 3171 4379 de
3216 4338 3452 4379 carcere
3494 4326 3883 4396 peccatorum

2226 4419 2509 4485 educunt,
2543 4415 2863 4472 nobiscum
2906 4418 3145 4487 portam
3183 4412 3439 4467 ferream
3468 4410 3709 4477 intrant,
3743 4427 3879 4466 cum

2223 4509 2338 4584 ipsi
2366 4522 2630 4581 quoque,
2663 4509 2729 4561 ut
2756 4503 2932 4561 nobis
2959 4501 3306 4575 exemplum
3334 4499 3697 4573 poenitentiae
3727 4516 3880 4572 prte-

2224 4600 2426 4666 beant,
2452 4611 2695 4652 carnem
2722 4609 2898 4651 suam
2924 4610 3064 4651 cum
3092 4591 3245 4648 vitiis
3295 4595 3354 4647 et
3379 4590 3534 4647 dura
3563 4588 3883 4646 aﬂlictione

2226 4688 2537 4759 castigant.
2989 4730 3001 4747 ,

2435 4776 2747 4851 Sequitur:
2792 4775 2873 4830 Et
2915 4778 3194 4830 exeuntes
3234 4774 3653 4841 processerunt
3687 4770 3881 4825 vicum

2227 4884 2436 4938 unum,
2455 4873 2511 4924 et
2537 4867 2819 4924 continuo
2835 4864 3097 4920 discessit
3121 4863 3373 4932 angelus
3403 4860 3480 4917 ab
3510 4857 3759 4925 eo.Quid
3780 4873 3884 4930 per

2225 4958 2429 5015 vicum
2460 4954 2795 5025 unum,nisi
2815 4969 2980 5010 mors
2997 4952 3193 5009 carnis
3214 4950 3531 5023 accipitur?
3557 4950 3700 5014 Quae
3724 4946 3884 5003 vide-

2225 5050 2363 5106 licet
2380 5063 2544 5104 mors
2567 5044 2943 5115 carnis,bene
2958 5058 3082 5099 non
3097 5041 3266 5098 vicus
3295 5040 3565 5114 quidem,
3583 5037 3689 5094 sed
3713 5037 3880 5093 vicus

2228 5156 2385 5195 unus
2407 5135 2790 5208 dicitur,quia
2805 5151 2912 5207 per
2927 5134 3122 5205 ipsam
3140 5131 3301 5187 viam
3313 5128 3670 5186 universitas
3693 5127 3883 5183 carnis

2230 5226 2481 5285 transire
2511 5223 2908 5297 compellitur.
2967 5222 3131 5278 Unde
3163 5224 3220 5276 et
3266 5219 3328 5274 in
3378 5216 3694 5291 Scripturis
3725 5232 3883 5272 mors

2229 5314 2571 5381 eadem,via
2597 5313 2889 5387 universae
2911 5310 3107 5368 carnis
3127 5306 3669 5378 vocatur.Angelus
3688 5306 3884 5378 itaque

2229 5404 2332 5477 qui
2364 5406 2601 5457 Petrum
2658 5400 2733 5455 de
2778 5415 3013 5455 carcere
3052 5397 3271 5465 educit,
3315 5409 3637 5468 quousque
3692 5393 3884 5449 vicum

2230 5507 2419 5548 unum
2446 5489 2753 5563 procedat,
2767 5505 2907 5544 cum
2938 5503 3059 5543 non
3080 5485 3317 5547 deserit;
3349 5484 3495 5557 quia
3513 5497 3713 5537 sermo
3739 5481 3882 5537 divi-

2230 5598 2370 5647 nus,
2402 5578 2505 5650 qui
2536 5578 2710 5634 nobis
2738 5595 2846 5650 per
2867 5594 2975 5634 ora
3023 5575 3475 5649 prredicantium
3508 5572 3669 5629 viam
3724 5586 3881 5641 egre-

2231 5667 2435 5724 diendi
2467 5666 2540 5721 de
2567 5671 2813 5739 peccato
2840 5666 3118 5729 ostendit,
3140 5664 3351 5719 tandiu
3371 5661 3548 5718 nobis
3577 5659 3881 5715 individuo

2233 5756 2522 5815 comitatu
2534 5755 3157 5827 adhaeret,quousque,
3166 5757 3356 5811 morte
3380 5749 3579 5809 carnis
3592 5752 3882 5823 pertrans-
