3952 6392
103 281 204 335 305
1277 277 1664 334 TRACTATUE

1979 283 2010 334 Α
2046 282 2354 340 ΙΠΟᾸΞΟΞ.
3439 299 3540 351 306

101 404 200 469 ita,
233 419 372 458 eum
403 401 579 458 nobis
594 418 778 475 quem
803 401 1162 475 promiserat
1187 405 1587 474 repraesentet.
1617 404 1764 456 Nam
1803 406 1849 457 A
1878 405 2240 471 spectatione
2265 406 2455 475 plebis
2480 408 2836 465 Judaeorum
2875 411 3204 484 eripimur,‘
3246 417 3391 487 quia
3421 418 3544 474 sive

103 508 367 565 eousque
384 508 624 548 necesse
642 496 730 547 est
747 496 811 547 ut
826 491 1145 547 nobiscum
1168 496 1380 564 pergat
1399 510 1412 560 ;
1431 491 1575 564 quia
1592 489 1771 546 etiam

101 582 320 652 egressi
350 582 424 636 de
457 597 690 638 carcere
719 581 888 636 citius
910 595 1270 648 erraremus,
1297 581 1409 637 nisi
1439 596 1546 654 per
1600 579 1769 635 illum

100 671 278 726 nobis
312 671 421 726 iter
462 687 585 744 quo
619 670 978 726 deberemus
1032 669 1266 740 ingredi
1311 673 1765 726 monstraretur.

101 763 251 816 Cum
279 764 482 816 autem
506 760 706 815 vicum
728 775 920 815 unum
941 759 1345 831 procedimus,
1364 758 1649 815 continuo
1667 774 1771 814 an-

99 849 271 918 gelus
303 867 338 906 a
365 849 541 905 nobis
571 849 857 917 discedit;
889 848 1035 922 quia
1061 864 1199 904 cum
1229 850 1361 922 ipso
1394 850 1493 919 [an
1519 848 1765 920 ipsum),

96 940 201 1012 qui
233 939 354 1008 via,
381 939 618 1006 veritas,
649 945 704 995 et
729 939 846 994 vita
892 943 1001 1007 est,
1038 937 1320 1006 vidimus,
1343 939 1473 1010 jam
1522 938 1768 994 ductore

98 1029 344 1085 ulterius
369 1045 492 1085 non
513 1045 780 1098 egemus.

171 1122 300 1174 XXI.
337 1119 615 1192 Sequitur
649 1137 661 1174 :
689 1120 767 1174 Et
797 1120 1016 1176 Petrus
1042 1121 1124 1177 ad
1151 1135 1212 1175 se
1264 1133 1534 1174 reversus
1559 1118 1715 1172 dixit
1749 1134 1762 1172 :

97 1210 279 1264 Nunc
307 1210 426 1264 scio
451 1224 586 1265 vere
611 1211 753 1280 quia
771 1211 929 1265 misit
950 1211 1239 1265 Dominus
1260 1209 1543 1278 angelum
1568 1223 1764 1278 suum,

97 1304 152 1354 et
184 1299 406 1368 eripuit
438 1314 530 1354 me
555 1299 628 1354 de
648 1313 834 1354 manu
864 1300 1144 1366 Herodis,
1179 1305 1234 1354 et
1280 1299 1351 1354 de
1375 1299 1538 1353 omni
1561 1313 1765 1366 exspe-

99 1388 360 1442 ctatione
407 1388 596 1456 plebis
650 1388 1020 1443 Juda’orum.
1073 1391 1248 1443 Juxta
1294 1385 1548 1442 litteram
1606 1389 1770 1458 patet

100 1492 316 1530 sensus
345 1475 490 1548 quia
510 1479 714 1532 Petrus
736 1477 815 1532 ab
840 1477 940 1532 illo
961 1477 1176 1532 mentis
1199 1493 1451 1532 excessu
1493 1477 1554 1530 in
1584 1492 1766 1548 quem

98 1581 221 1637 prin
252 1565 477 1635 gaudio
504 1582 686 1638 super
718 1582 781 1621 se
834 1571 1041 1640 raptus
1089 1566 1300 1633 fuerat,
1337 1566 1414 1622 ad
1464 1567 1578 1621 hoc
1616 1565 1770 1620 redit

99 1655 266 1727 quod
322 1655 622 1712 intellectu
686 1657 993 1712 communi
1047 1661 1104 1712 et
1133 1656 1298 1728 prius
1355 1655 1482 1711 fuit.
1536 1655 1651 1711 Sed
1697 1654 1765 1721 si,

1878 491 2126 562 maligni
2153 494 2411 565 spiritus,
2445 496 2567 551 sive
2597 498 2861 569 perversi
2887 499 3186 571 homines,
3218 505 3320 576 qui
3351 506 3546 563 bono-

1877 596 2013 636 rum
2044 581 2429 639 aﬂlictionem
2463 584 2760 641 inhianter
2791 594 3159 660 exspectant,
3202 595 3420 650 nostris
3451 613 3549 652 ca-

1879 669 2046 725 sibus
2061 671 2190 741 jam
2214 673 2502 746 deinceps
2533 690 2658 730 non
2689 675 2995 733 insultant.
3030 683 3145 735 Nec
3171 699 3313 738 sane
3368 685 3552 756 negli-

1879 764 2086 828 genter
2114 764 2624 833 przetereumdum
2678 764 2916 821 videtur
2974 769 3142 840 quod
3198 788 3320 827 non
3351 774 3432 829 ait
3479 777 3551 832 de

1879 853 2336 918 exspectatione,
2373 852 2479 906 sed
2525 853 2598 908 de
2623 855 2790 909 omni
2844 861 3302 926 exspectatione.
3333 863 3552 919 Adver-

1879 938 2048 994 sariis
2075 940 2235 995 enim
2258 942 2478 996 nostris
2500 942 2674 997 toties
2705 942 2782 999 ad
2818 948 3229 1017 spectaculum
3263 950 3551 1008 irridendi

1878 1028 2290 1100 producimur,
2343 1031 2581 1103 quoties
2606 1031 2690 1087 eis
2747 1032 2936 1088 risum
2965 1035 3040 1090 de
3100 1038 3300 1109 nobis,
3341 1057 3551 1114 perpe-

1879 1120 2030 1173 trato
2053 1117 2322 1189 quolibet
2352 1119 2622 1189 crimine,
2657 1121 3014 1178 exhibemus
3041 1143 3053 1191 ;
3082 1126 3226 1198 quia
3257 1127 3420 1184 aliud
3463 1134 3552 1184 est

1879 1207 2288 1278 spectaculum
2345 1208 2693 1276 iracundias,
2728 1209 2893 1265 aliud
2924 1214 3210 1283 avaritiae,
3253 1217 3416 1273 aliud
3448 1233 3550 1288 gu-

1876 1296 1970 1363 lae,
2003 1296 2167 1352 aliud
2192 1297 2463 1363 luxuriae,
2495 1298 2659 1354 aliud
2689 1315 2858 1355 vanae
2891 1301 3114 1371 gloriae,
3149 1305 3314 1361 aliud
3346 1324 3552 1381 super-

1876 1385 2012 1440 biae.
2049 1389 2252 1441 Hostes
2285 1391 2486 1442 autem
2517 1388 2620 1460 qui
2657 1394 2928 1445 nostram
2952 1390 3285 1450 irrisionem
3312 1395 3548 1452 inhian-

1879 1481 1964 1532 ter
1995 1481 2363 1548 exspectant,
2393 1482 2624 1549 quanto
2655 1495 2767 1533 nos
2784 1480 3146 1550 profundius
3171 1483 3376 1556 lapsos
3394 1486 3549 1558 aspi-

1879 1566 2061 1634 ciunt,
2097 1571 2279 1634 tanto,
2337 1567 2574 1622 sibimet
2633 1568 3092 1640 applaudentes,
3146 1573 3546 1630 insultationis

1879 1658 2209 1712 cachinnos
2261 1657 2438 1713 altius
2484 1657 2778 1714 attollunt.
2811 1661 3089 1725 Quandiu
3143 1679 3284 1718 vero
3316 1665 3375 1720 in
3433 1666 3547 1722 hac

99 1744 619 1816 quemadmodum
663 1745 978 1818 coepimus,
1009 1746 1137 1801 haec
1186 1761 1431 1817 quoque
1460 1745 1647 1800 verba
1689 1743 1769 1799 ad
1808 1759 1848 1812 Β
1879 1743 2018 1814 vita,
2053 1763 2188 1819 qua?
2221 1751 2342 1802 tota
2372 1747 2616 1803 tentatio
2644 1752 2751 1819 est,
2786 1750 3193 1821 consistimus,
3222 1753 3327 1808 etsi
3379 1770 3545 1826 quae-

99 1832 398 1889 internam
428 1833 882 1904 intelligentiam
898 1834 1232 1902 referimus,
1260 1849 1550 1904 magnam
1592 1833 1653 1888 in
1685 1833 1768 1889 eis

99 1921 314 1978 futurae
340 1927 557 1978 nostra:
585 1923 906 1995 ereptionis
961 1923 1290 1992 imaginem
1342 1922 1765 1995 prtevidemus,

99 2028 389 2083 magnam
421 2017 476 2069 et
507 2013 567 2068 in
594 2014 876 2086 praesenti
901 2014 1114 2069 futura:
1157 2018 1375 2069 nostra;
1430 2012 1769 2068 exsultatio-

98 2102 188 2157 nis
218 2102 602 2159 dulcedinem
630 2108 1094 2176 prtegustamus.
1155 2106 1269 2159 Nos
1302 2102 1542 2172 etenim,
1575 2118 1766 2174 quan-

97 2191 196 2246 diu
228 2192 289 2248 in
319 2193 500 2263 hujus
531 2192 719 2248 exsilii
776 2193 1125 2263 religatione
1174 2192 1534 2261 detinemur,
1567 2191 1767 2247 nobis-

98 2298 232 2337 cum
266 2299 401 2338 esse
429 2283 686 2355 perfecte
716 2299 839 2338 non
870 2299 1195 2356 possumus
1221 2300 1232 2349 ;
1265 2283 1410 2354 quia
1435 2281 1764 2351 imaginem

97 2371 258 2428 illam
287 2377 346 2428 et
371 2373 820 2428 similitudinem
879 2389 1066 2445 quam
1098 2389 1133 2429 a
1173 2373 1479 2428 conditore
1539 2371 1766 2443 accepi-

98 2477 250 2528 mus,
284 2463 622 2518 immunem
653 2467 957 2535 apeccato
1006 2478 1264 2530 servare,
1316 2461 1467 2516 sicut
1521 2461 1765 2517 condita

101 2557 203 2616 est,
236 2567 362 2607 non
394 2552 686 2608 valemus.
721 2557 870 2608 Nam
901 2553 1135 2625 quoties
1193 2568 1538 2625 peccamus,
1569 2556 1626 2607 et
1652 2567 1763 2606 nos

100 2658 331 2708 sumus,
367 2646 422 2698 et
447 2641 764 2698 nobiscum
794 2659 1038 2711 sumus;
1093 2643 1238 2715 quia
1283 2658 1392 2715 per
1442 2645 1762 2713 peccatum

97 2730 300 2786 subter
329 2747 440 2786 nos
470 2731 646 2803 lapsi,
676 2731 755 2786 ab
800 2731 956 2786 illius
989 2731 1375 2787 similitudine
1425 2731 1527 2803 qui
1583 2747 1764 2804 super

94 2835 201 2875 nos
244 2825 338 2875 est
405 2821 864 2890 degeneramus.
923 2821 1035 2877 Sed
1097 2837 1256 2885 cum,
1315 2820 1428 2875 illis
1489 2820 1762 2892 superius

93 2909 260 2966 dictis
287 2910 572 2982 periculis
599 2911 882 2967 omnibus
909 2911 1160 2980 evitatis,
1191 2911 1266 2965 ad
1331 2927 1470 2966 eum
1500 2910 1604 2982 Qui
1650 2926 1761 2966 nos

91 2997 221 3054 fecit
241 2999 610 3067 venerimus,
633 3005 773 3055 tunc
799 3000 977 3056 etiam
1005 3000 1082 3055 ad
1127 3016 1240 3056 nos
1290 3000 1457 3073 ipsos
1505 3000 1761 3071 perfecte

1877 1837 2024 1891 dam
2050 1835 2337 1892 irrisionis
2369 1852 2579 1891 eorum
2626 1838 2968 1908 spectacula
2997 1839 3355 1914 devitamus,
3389 1843 3544 1898 diffi-

1879 1925 1985 1980 cile
2009 1930 2210 1980 tamen
2241 1931 2328 1981 est
2359 1931 2424 1981 ut
2450 1942 2574 1981 non
2603 1926 2665 1981 in
2691 1926 2938 1999 aliquod
2990 1928 3352 1999 incidamus,
3385 1933 3545 1990 unde

1877 2019 2100 2080 tamen,
2135 2031 2242 2086 per
2272 2015 2372 2070 Dei
2404 2015 2658 2084 gratiam
2691 2016 2770 2071 ad
2820 2017 3180 2089 paenitentiae
3210 2021 3544 2077 remedium

1876 2107 2265 2170 recurrentes,
2315 2104 2582 2176 quotidie
2632 2104 2977 2162 liberamur.
3010 2110 3158 2164 Cum
3197 2125 3339 2165 vero
3370 2110 3449 2165 ad
3474 2110 3542 2165 il-

1874 2193 1997 2249 lam
2023 2194 2402 2249 securitatem
2436 2194 2800 2265 venerimus,
2834 2200 2976 2251 tunc
3030 2199 3118 2253 De
3148 2200 3312 2253 omni
3340 2214 3543 2268 exspe-

1875 2285 2135 2339 ctatione
2156 2283 2350 2352 plebis
2377 2284 2724 2339 Judavorum
2743 2288 3012 2354 perfecte
3028 2287 3358 2359 eripimur;
3375 2289 3538 2360 quia,

1874 2378 2064 2429 morte
2093 2373 2153 2428 in
2186 2373 2430 2428 victoria
2457 2374 2907 2430 resurrectionis
2934 2376 3243 2448 absorpta,
3265 2392 3375 2432 nec
3402 2394 3541 2434 caro

1873 2467 2083 2519 nostra
2138 2462 2241 2517 ulli
2290 2463 2658 2536 corruptioni
2702 2464 2959 2519 exterius
3027 2465 3384 2536 subjacebit,
3429 2484 3539 2523 nec

1872 2558 2133 2608 mentem
2167 2556 2437 2607 nostram
2463 2552 2709 2608 interius
2734 2553 2856 2608 ulla
2887 2554 3373 2627 concupiscentia
3403 2556 3536 2611 titil-

1872 2642 2035 2698 labit.
2058 2644 2220 2697 Tunc
2235 2641 2414 2713 plane
2440 2641 2728 2697 veraciter
2747 2641 2943 2698 dicere
2965 2643 3295 2714 poterimus
3321 2662 3333 2698 :
3361 2646 3539 2701 Nunc

1871 2732 1989 2785 scio
2020 2745 2157 2785 vere
2184 2731 2326 2800 quia
2355 2730 2516 2785 misit
2567 2724 2858 2785 Dominus
2889 2733 3172 2801 angelum
3202 2748 3397 2800 suum,
3421 2739 3532 2789 etc.

1871 2819 2177 2890 Magniﬁce
2209 2817 2368 2873 enim
2391 2817 2618 2873 dictum
2647 2823 2739 2874 est
2765 2820 2944 2874 Nunc
2972 2821 3092 2874 scio
3120 2836 3274 2888 vere,
3300 2837 3374 2876 ne
3396 2823 3534 2894 quis

1870 2909 2145 2964 videlicet
2158 2924 2296 2963 vere
2324 2924 2384 2963 se
2403 2912 2710 2979 receptum
2737 2913 3084 2980 praesumat,
3118 2925 3434 2983 quousque
3457 2911 3536 2968 ad

1871 2997 2037 3053 illam
2086 2997 2420 3052 libertatem
2477 2995 2679 3067 gloria:
2727 2994 2988 3052 ﬁliorum
3032 2997 3131 3052 Dei
3184 3000 3532 3070 perveniat;

92 3089 462 3157 revertimur,
490 3090 655 3161 quia,
679 3095 994 3162 peccatum
1012 3089 1247 3145 nullum
1268 3090 1578 3159 habentes,
1608 3105 1758 3162 qua-
1797 3115 1837 3170 ρ
1870 3089 2032 3160 quia,
2063 3088 2168 3142 etsi
2194 3088 2322 3158 jam
2353 3102 2460 3160 per
2491 3086 2674 3141 tidem
2703 3102 2814 3142 nos
2845 3086 3128 3143 liberatos
3151 3088 3398 3156 scimus,
3431 3091 3536 3145 ad-

95 3176 176 3232 les
206 3194 319 3234 nos
353 3179 637 3244 condidit,
672 3179 817 3235 tales
852 3196 1083 3235 sumus.
1114 3183 1274 3236 Tunc
1289 3181 1419 3250 jam
1450 3179 1524 3234 de
1554 3184 1762 3236 nostra

95 3268 396 3339 ereptione
424 3268 638 3334 securi,
671 3269 732 3323 in
758 3285 966 3324 vocem
1022 3268 1434 3326 exsultationis
1486 3285 1760 3341 erumpe-

93 3371 249 3425 mus,
282 3357 548 3414 dicentes
580 3377 591 3413 :

159 3449 311 3502 XXII.
346 3448 525 3503 Nunc
554 3449 674 3502 scio
712 3463 846 3503 vere
875 3448 1020 3519 quia
1053 3448 1210 3503 misit
1270 3449 1427 3503 Deus
1476 3449 1756 3518 angelum

91 3549 280 3603 suum,
310 3541 366 3591 et
393 3537 611 3605 eripuit
645 3551 735 3590 me
759 3535 832 3590 de
873 3551 1058 3591 manu
1088 3535 1365 3602 Herodis,
1391 3541 1444 3589 et
1469 3535 1542 3588 de
1597 3534 1759 3588 omni

93 3626 532 3692 exspectatione
539 3624 733 3693 plebis
767 3625 1133 3679 Judworum.
1158 3625 1246 3679 De
1264 3637 1447 3678 manu
1479 3622 1756 3690 Herodis,

92 3709 145 3764 id
171 3717 276 3784 est,
306 3712 383 3768 de
411 3717 704 3784 potestate
731 3712 956 3768 diaboli
1002 3717 1143 3768 tunc
1172 3711 1231 3766 in
1292 3711 1532 3766 veritate
1580 3709 1756 3782 eripi-

93 3817 242 3870 mur,
273 3804 546 3877 quando,
575 3805 649 3859 de
680 3805 813 3860 loco
838 3803 1176 3860 tentationis
1193 3801 1514 3875 assumpti,
1529 3801 1658 3872 ejus
1674 3801 1758 3855 in-

95 3891 274 3949 sidias
299 3910 426 3950 non
453 3894 698 3950 ulterius
756 3895 1056 3951 timemus.
1089 3896 1176 3950 De
1201 3893 1367 3949 omni
1399 3907 1629 3966 quoque
1659 3906 1758 3947 ex-

1870 3178 1988 3233 huc
2021 3182 2220 3232 tamen
2252 3192 2358 3249 per
2389 3175 2650 3248 speciem
2682 3191 2818 3230 vere
2857 3175 3141 3231 liberatos
3170 3192 3284 3232 nos
3343 3179 3534 3233 nesci-

1871 3283 2027 3333 mus,
2061 3266 2252 3321 donec
2280 3264 2393 3337 ipsi
2449 3264 2735 3319 libertatis
2784 3269 3003 3320 nostra:
3057 3266 3284 3322 auctori
3314 3271 3537 3323 acterna

1871 3355 2151 3411 societate
2208 3355 2558 3425 jungamur.
2615 3353 2706 3408 Ad
2754 3370 2940 3427 quam
2996 3371 3152 3409 verae
3214 3356 3535 3428 ereptionis

1871 3445 2182 3500 scientiam
2221 3459 2334 3499 nos
2359 3443 2686 3516 perducere
2715 3443 2994 3512 dignetur
3035 3443 3129 3498 ille
3153 3445 3361 3514 magni
3390 3461 3534 3501 con-

1870 3534 1980 3588 silii
2010 3532 2290 3602 Angelus,
2315 3532 2419 3604 qui
2448 3548 2560 3587 nos
2585 3536 2641 3586 et
2664 3531 2832 3603 prius
2864 3547 2971 3603 per
2993 3532 3261 3604 seipsum
3274 3533 3348 3588 de
3377 3537 3538 3590 tene-

1871 3623 1989 3678 bris
2016 3627 2072 3677 et
2100 3621 2318 3676 umbra
2349 3620 2557 3675 mortis
2588 3620 2821 3690 eripuit,
2856 3625 2912 3675 et
2936 3620 3202 3692 quotidie
3231 3639 3340 3694 per
3392 3639 3533 3679 suos

1870 3711 2119 3780 angelos
2166 3709 2360 3781 eripit,
2391 3712 2559 3764 Jesus
2619 3709 2885 3765 Christus
2936 3712 3089 3764 Deus
3145 3715 3202 3765 et
3245 3710 3532 3766 Dominus

1869 3805 2090 3870 noster,
2119 3798 2213 3854 cui
2244 3803 2332 3853 est
2355 3814 2494 3853 cum
2523 3800 2690 3854 Patre
2711 3802 2770 3854 et
2786 3797 3006 3870 Spiritu
3027 3803 3236 3856 sancto
3260 3799 3455 3855 honor
3476 3805 3531 3856 et

1867 3890 2056 3962 gloria
2084 3890 2144 3944 in
2175 3887 2396 3944 saecula
2421 3887 2803 3944 saeculorum.
2832 3892 3042 3944 Amen.

979 4200 1654 4320 SANGTI
1727 4197 2625 4318 PULBEBTI

1395 4385 1874 4442 CARNOTENSIS
1914 4384 2225 4439 EPISCOPI

699 4511 1550 4632 TRAC'HTUS
1611 4507 2191 4630 CONTRA
2279 4505 2904 4627 JUD/EOS.

171 4727 358 4790 Jacob
382 4725 751 4811 patriarchae
773 4725 1154 4806 prophetiam
1188 4726 1478 4811 insignem
1511 4724 1709 4811 .'_NON
1739 4741 2142 4811 AUFl’ERE'l‘UR
2168 4738 2524 4811 scnpa'aum
2579 4739 2662 4780 DE
2689 4739 2880 4794 JUDA,
2906 4724 3052 4791 etc.,
3089 4721 3152 4779 in
3205 4718 3446 4781 Christo

1171 4803 1318 4866 Jesu’
1363 4805 1713 4886 completam
1747 4803 2124 4886 probandum
2168 4803 2439 4883 suscipit.

203 5013 416 5082 (Edidit
437 5013 680 5072 Carolus
711 5011 784 5067 de
811 5011 1054 5078 Villiers,
1088 5010 1404 5085 theologus
1426 5008 1792 5085 Parisiensis,
1811 5006 2214 5085 Bibliotheca.0
2245 5007 2503 5085 Patrum
2539 5007 2894 5085 tom:_XVl_ll,
2913 5019 3054 5077 pag.
3083 5007 3174 5085 .42,
3193 5002 3306 5058 sub
3328 5001 3527 5059 titulo:

274 5088 563 5142 SERMONES
596 5101 803 5139 coxriu
833 5076 1076 5139 ulmos.
1107 5115 1174 5122 —
1205 5076 1345 5137 Vide
1405 5080 1681 5138 Notitiam
1734 5076 2081 5137 litterariam
2140 5077 2434 5151 Operibus
2467 5079 2522 5134 S.
2588 5076 2842 5134 Fulberti
2890 5076 3293 5149 praemissam,
3325 5090 3530 5146 supra,

272 5157 383 5212 col.
422 5161 567 5229 167.)

168 5405 208 5458 ι.
373 5405 716 5461 Judaaorum
733 5405 977 5461 dicunt:
1013 5409 1138 5460 Non
1163 5409 1250 5460 est
1267 5405 1486 5460 mirum
1505 5404 1552 5459 si
1571 5403 1754 5460 modo
1794 5387 1838 5441 D
1871 5401 2198 5458 habuimus
2231 5416 2401 5471 reges
2431 5403 2488 5456 et
2515 5397 2838 5471 principes.
2893 5399 3027 5452 Hinc
3057 5401 3148 5453 est
3202 5412 3344 5468 ergo
3397 5413 3536 5470 spes

97 5493 316 5565 captivi
347 5511 581 5564 sumus,
623 5495 671 5550 si
694 5494 1019 5551 Jerusalem
1069 5511 1193 5551 non
1248 5499 1512 5551 tenentes
1556 5510 1760 5564 regem

100 5582 411 5653 proprium
435 5600 556 5639 non
587 5583 886 5639 habemus
907 5603 919 5649 ;
940 5583 1164 5639 fuimus
1189 5584 1348 5639 enim
1371 5583 1635 5639 similiter
1650 5599 1759 5656 pro

99 5672 358 5741 peccatis
403 5674 620 5728 nostris
639 5674 701 5728 in
764 5673 1068 5746 Babylone
1097 5674 1333 5747 captivi,
1394 5689 1596 5743 regem
1627 5689 1762 5746 pro-

100 5759 300 5828 prium
326 5777 450 5817 non
478 5762 788 5829 habentes,
817 5767 874 5818 et
901 5767 1112 5834 postea
1158 5762 1375 5819 reversi
1404 5762 1465 5818 in
1503 5763 1761 5834 patriam

1868 5495 2093 5562 nostra,
2118 5496 2183 5547 ut
2213 5491 2412 5548 adhuc
2443 5489 2618 5544 nobis
2646 5487 2916 5544 similiter
2944 5488 3181 5545 eveniat
3221 5505 3360 5544 cum
3413 5487 3538 5561 pla-

1870 5582 2057 5637 cuerit
2090 5585 2226 5637 Deo.
2262 5580 2371 5636 Alii
2399 5579 2605 5635 dicunt
2638 5597 2649 5634 :
2705 5579 2972 5636 Forsitan
3000 5579 3063 5635 in
3115 5578 3319 5652 aliqua
3369 5583 3537 5651 parte

1871 5671 2083 5726 mundi
2105 5670 2278 5727 nobis
2299 5669 2604 5740 incognita
2629 5674 2824 5742 potest
2843 5686 2970 5725 esse
2997 5673 3363 5742 congregata
3389 5667 3540 5724 mul-

1873 5761 2063 5818 titudo
2107 5761 2474 5829 indecorum,
2503 5777 2639 5833 quae
2668 5759 2890 5824 habeat
2941 5760 3256 5834 proprium
3310 5773 3535 5827 regem.
