  <div class='ocr_page' id='page_1' title='image "/cluster/home/n/w/nwhite01/storage/ocr_20150623/140-141/uc1.31175018559917/729.png"; bbox 0 0 3904 6388; ppageno 0'>
   <div class='ocr_carea' id='block_1_1' title="bbox 404 266 505 319">
    <p class='ocr_par' dir='ltr' id='par_1_1' title="bbox 404 266 505 319">
     <span class='ocr_line' id='line_1_1' title="bbox 404 266 505 319; baseline -0.01 0"><span class='ocrx_word' id='word_1_1' title='bbox 404 266 505 319; x_wconf 83' lang='grc'><strong>307</strong></span> 
     </span>
    </p>
   </div>
   <div class='ocr_carea' id='block_1_2' title="bbox 1448 264 2767 325">
    <p class='ocr_par' dir='ltr' id='par_1_2' title="bbox 1448 264 2767 325">
     <span class='ocr_line' id='line_1_2' title="bbox 1448 264 2767 325; baseline -0.001 -4"><span class='ocrx_word' id='word_1_2' title='bbox 1448 266 1503 321; x_wconf 91' lang='lat' dir='ltr'><strong>S.</strong></span> <span class='ocrx_word' id='word_1_3' title='bbox 1547 265 1879 322; x_wconf 76' lang='lat' dir='ltr'><strong>FULBERTI</strong></span> <span class='ocrx_word' id='word_1_4' title='bbox 1921 264 2399 324; x_wconf 74' lang='lat' dir='ltr'><strong>CARNOTENSIS</strong></span> <span class='ocrx_word' id='word_1_5' title='bbox 2438 264 2767 325; x_wconf 75' lang='lat' dir='ltr'><strong>EPISOOPI.</strong></span> 
     </span>
    </p>
   </div>
   <div class='ocr_carea' id='block_1_3' title="bbox 400 386 3807 466">
    <p class='ocr_par' dir='ltr' id='par_1_3' title="bbox 400 386 3807 466">
     <span class='ocr_line' id='line_1_3' title="bbox 400 386 3807 466; baseline 0.003 -25"><span class='ocrx_word' id='word_1_6' title='bbox 400 386 656 458; x_wconf 89' lang='lat' dir='ltr'><strong>ideoque</strong></span> <span class='ocrx_word' id='word_1_7' title='bbox 686 401 809 442; x_wconf 89' lang='lat' dir='ltr'><strong>non</strong></span> <span class='ocrx_word' id='word_1_8' title='bbox 831 386 1098 443; x_wconf 89' lang='lat' dir='ltr'><strong>ablatum</strong></span> <span class='ocrx_word' id='word_1_9' title='bbox 1120 388 1320 445; x_wconf 88' lang='lat' dir='ltr'><strong>adhuc</strong></span> <span class='ocrx_word' id='word_1_10' title='bbox 1341 393 1429 444; x_wconf 90' lang='lat' dir='ltr'><strong>est</strong></span> <span class='ocrx_word' id='word_1_11' title='bbox 1454 393 1755 462; x_wconf 82' lang='lat' dir='ltr'><strong>sceptrum</strong></span> <span class='ocrx_word' id='word_1_12' title='bbox 1776 390 1850 445; x_wconf 88' lang='lat' dir='ltr'><strong>de</strong></span> <span class='ocrx_word' id='word_1_13' title='bbox 1878 388 2051 444; x_wconf 86' lang='lat' dir='ltr'><strong>Iuda.</strong></span> <span class='ocrx_word' id='word_1_14' title='bbox 2087 393 2133 446; x_wconf 86' lang='lat' dir='ltr'><strong>A</strong></span> <span class='ocrx_word' id='word_1_15' title='bbox 2166 394 2405 461; x_wconf 89' lang='lat' dir='ltr'><strong>tectum,</strong></span> <span class='ocrx_word' id='word_1_16' title='bbox 2436 392 2518 448; x_wconf 89' lang='lat' dir='ltr'><strong>ita</strong></span> <span class='ocrx_word' id='word_1_17' title='bbox 2547 407 2672 447; x_wconf 90' lang='lat' dir='ltr'><strong>non</strong></span> <span class='ocrx_word' id='word_1_18' title='bbox 2700 396 2787 448; x_wconf 90' lang='lat' dir='ltr'><strong>est</strong></span> <span class='ocrx_word' id='word_1_19' title='bbox 2813 407 3069 462; x_wconf 77' lang='lat' dir='ltr'><strong>regnum</strong></span> <span class='ocrx_word' id='word_1_20' title='bbox 3101 392 3148 448; x_wconf 87' lang='lat' dir='ltr'><strong>si</strong></span> <span class='ocrx_word' id='word_1_21' title='bbox 3174 392 3325 450; x_wconf 89' lang='lat' dir='ltr'><strong>desit</strong></span> <span class='ocrx_word' id='word_1_22' title='bbox 3353 397 3533 459; x_wconf 82' lang='lat' dir='ltr'><strong>terra,</strong></span> <span class='ocrx_word' id='word_1_23' title='bbox 3553 396 3661 450; x_wconf 86' lang='lat' dir='ltr'><strong>aut</strong></span> <span class='ocrx_word' id='word_1_24' title='bbox 3715 409 3807 466; x_wconf 89' lang='lat' dir='ltr'><strong>po-</strong></span> 
     </span>
    </p>
   </div>
   <div class='ocr_carea' id='block_1_4' title="bbox 402 472 2054 550">
    <p class='ocr_par' dir='ltr' id='par_1_4' title="bbox 402 472 2054 550">
     <span class='ocr_line' id='line_1_4' title="bbox 402 472 2054 550; baseline 0.002 -21"><span class='ocrx_word' id='word_1_25' title='bbox 402 473 511 529; x_wconf 82' lang='lat' dir='ltr'><strong>Alii</strong></span> <span class='ocrx_word' id='word_1_26' title='bbox 537 472 744 531; x_wconf 89' lang='lat' dir='ltr'><strong>dicunt</strong></span> <span class='ocrx_word' id='word_1_27' title='bbox 773 492 904 531; x_wconf 89' lang='lat' dir='ltr'><strong>esse</strong></span> <span class='ocrx_word' id='word_1_28' title='bbox 934 475 995 532; x_wconf 91' lang='lat' dir='ltr'><strong>in</strong></span> <span class='ocrx_word' id='word_1_29' title='bbox 1037 477 1381 547; x_wconf 77' lang='lat' dir='ltr'><strong>regionibus</strong></span> <span class='ocrx_word' id='word_1_30' title='bbox 1439 478 1675 533; x_wconf 85' lang='lat' dir='ltr'><strong>Iudaeos</strong></span> <span class='ocrx_word' id='word_1_31' title='bbox 1730 478 2054 550; x_wconf 80' lang='lat' dir='ltr'><strong>prudentes</strong></span> 
     </span>
    </p>
   </div>
   <div class='ocr_carea' id='block_1_5' title="bbox 382 566 2055 641">
    <p class='ocr_par' dir='ltr' id='par_1_5' title="bbox 382 566 2055 641">
     <span class='ocr_line' id='line_1_5' title="bbox 382 566 2055 641; baseline 0.004 -25"><span class='ocrx_word' id='word_1_32' title='bbox 382 567 584 635; x_wconf 83' lang='lat' dir='ltr'><strong>.atque</strong></span> <span class='ocrx_word' id='word_1_33' title='bbox 613 568 905 637; x_wconf 90' lang='lat' dir='ltr'><strong>potentes,</strong></span> <span class='ocrx_word' id='word_1_34' title='bbox 933 566 1035 637; x_wconf 88' lang='lat' dir='ltr'><strong>qui</strong></span> <span class='ocrx_word' id='word_1_35' title='bbox 1060 566 1227 635; x_wconf 88' lang='lat' dir='ltr'><strong>virga</strong></span> <span class='ocrx_word' id='word_1_36' title='bbox 1282 566 1622 623; x_wconf 88' lang='lat' dir='ltr'><strong>directionis</strong></span> <span class='ocrx_word' id='word_1_37' title='bbox 1667 568 1890 641; x_wconf 79' lang='lat' dir='ltr'><strong>Optime</strong></span> <span class='ocrx_word' id='word_1_38' title='bbox 1946 584 2055 638; x_wconf 86' lang='lat' dir='ltr'><strong>gu-</strong></span> 
     </span>
    </p>
   </div>
   <div class='ocr_carea' id='block_1_6' title="bbox 405 651 2057 730">
    <p class='ocr_par' dir='ltr' id='par_1_6' title="bbox 405 651 2057 730">
     <span class='ocr_line' id='line_1_6' title="bbox 405 651 2057 730; baseline 0.004 -23"><span class='ocrx_word' id='word_1_39' title='bbox 405 651 665 709; x_wconf 89' lang='lat' dir='ltr'><strong>bernant</strong></span> <span class='ocrx_word' id='word_1_40' title='bbox 685 653 902 710; x_wconf 91' lang='lat' dir='ltr'><strong>domos</strong></span> <span class='ocrx_word' id='word_1_41' title='bbox 929 659 984 711; x_wconf 92' lang='lat' dir='ltr'><strong>et</strong></span> <span class='ocrx_word' id='word_1_42' title='bbox 1011 654 1266 711; x_wconf 84' lang='lat' dir='ltr'><strong>familias</strong></span> <span class='ocrx_word' id='word_1_43' title='bbox 1297 672 1462 723; x_wconf 89' lang='lat' dir='ltr'><strong>suas,</strong></span> <span class='ocrx_word' id='word_1_44' title='bbox 1493 657 1746 730; x_wconf 88' lang='lat' dir='ltr'><strong>ideoque</strong></span> <span class='ocrx_word' id='word_1_45' title='bbox 1776 673 1898 713; x_wconf 91' lang='lat' dir='ltr'><strong>non</strong></span> <span class='ocrx_word' id='word_1_46' title='bbox 1928 672 2057 713; x_wconf 86' lang='lat' dir='ltr'><strong>esse</strong></span> 
     </span>
    </p>
   </div>
   <div class='ocr_carea' id='block_1_7' title="bbox 408 740 2055 820">
    <p class='ocr_par' dir='ltr' id='par_1_7' title="bbox 408 740 2055 820">
     <span class='ocr_line' id='line_1_7' title="bbox 408 740 2055 820; baseline 0.002 -23"><span class='ocrx_word' id='word_1_47' title='bbox 408 740 679 799; x_wconf 83' lang='lat' dir='ltr'><strong>ablatum</strong></span> <span class='ocrx_word' id='word_1_48' title='bbox 710 749 1010 816; x_wconf 86' lang='lat' dir='ltr'><strong>sceptrum</strong></span> <span class='ocrx_word' id='word_1_49' title='bbox 1040 744 1115 801; x_wconf 92' lang='lat' dir='ltr'><strong>de</strong></span> <span class='ocrx_word' id='word_1_50' title='bbox 1144 745 1315 802; x_wconf 88' lang='lat' dir='ltr'><strong>Iuda.</strong></span> <span class='ocrx_word' id='word_1_51' title='bbox 1345 745 1571 811; x_wconf 84' lang='lat' dir='ltr'><strong>Quibus</strong></span> <span class='ocrx_word' id='word_1_52' title='bbox 1601 763 1711 802; x_wconf 89' lang='lat' dir='ltr'><strong>nos</strong></span> <span class='ocrx_word' id='word_1_53' title='bbox 1740 746 1935 820; x_wconf 91' lang='lat' dir='ltr'><strong>primo</strong></span> <span class='ocrx_word' id='word_1_54' title='bbox 1964 762 2055 802; x_wconf 85' lang='lat' dir='ltr'><strong>re-</strong></span> 
     </span>
    </p>
   </div>
   <div class='ocr_carea' id='block_1_8' title="bbox 407 831 2056 909">
    <p class='ocr_par' dir='ltr' id='par_1_8' title="bbox 407 831 2056 909">
     <span class='ocr_line' id='line_1_8' title="bbox 407 831 2056 909; baseline 0.004 -24"><span class='ocrx_word' id='word_1_55' title='bbox 407 831 798 903; x_wconf 81' lang='lat' dir='ltr'><strong>spondemus,</strong></span> <span class='ocrx_word' id='word_1_56' title='bbox 822 833 1112 906; x_wconf 90' lang='lat' dir='ltr'><strong>quoniam</strong></span> <span class='ocrx_word' id='word_1_57' title='bbox 1144 834 1193 889; x_wconf 89' lang='lat' dir='ltr'>si</span> <span class='ocrx_word' id='word_1_58' title='bbox 1217 835 1298 891; x_wconf 90' lang='lat' dir='ltr'><strong>ita</strong></span> <span class='ocrx_word' id='word_1_59' title='bbox 1323 835 1669 909; x_wconf 86' lang='lat' dir='ltr'><strong>accipienda</strong></span> <span class='ocrx_word' id='word_1_60' title='bbox 1697 842 1785 891; x_wconf 89' lang='lat' dir='ltr'><strong>est</strong></span> <span class='ocrx_word' id='word_1_61' title='bbox 1802 837 2056 909; x_wconf 81' lang='lat' dir='ltr'><strong>prophe-</strong></span> 
     </span>
    </p>
   </div>
   <div class='ocr_carea' id='block_1_9' title="bbox 407 919 2057 998">
    <p class='ocr_par' dir='ltr' id='par_1_9' title="bbox 407 919 2057 998">
     <span class='ocr_line' id='line_1_9' title="bbox 407 919 2057 998; baseline 0.004 -23"><span class='ocrx_word' id='word_1_62' title='bbox 407 919 489 975; x_wconf 91' lang='lat' dir='ltr'><strong>tia</strong></span> <span class='ocrx_word' id='word_1_63' title='bbox 514 920 635 987; x_wconf 89' lang='lat' dir='ltr'><strong>illa,</strong></span> <span class='ocrx_word' id='word_1_64' title='bbox 666 922 817 979; x_wconf 85' lang='lat' dir='ltr'><strong>sicut</strong></span> <span class='ocrx_word' id='word_1_65' title='bbox 842 922 926 979; x_wconf 90' lang='lat' dir='ltr'>illi</span> <span class='ocrx_word' id='word_1_66' title='bbox 954 923 1179 991; x_wconf 89' lang='lat' dir='ltr'><strong>dicunt,</strong></span> <span class='ocrx_word' id='word_1_67' title='bbox 1197 940 1391 997; x_wconf 86' lang='lat' dir='ltr'><strong>neque</strong></span> <span class='ocrx_word' id='word_1_68' title='bbox 1418 925 1578 981; x_wconf 90' lang='lat' dir='ltr'><strong>venit</strong></span> <span class='ocrx_word' id='word_1_69' title='bbox 1609 926 1842 981; x_wconf 84' lang='lat' dir='ltr'><strong>Messias</strong></span> <span class='ocrx_word' id='word_1_70' title='bbox 1862 942 2057 998; x_wconf 91' lang='lat' dir='ltr'><strong>neque</strong></span> 
     </span>
    </p>
   </div>
   <div class='ocr_carea' id='block_1_10' title="bbox 404 1012 2059 1088">
    <p class='ocr_par' dir='ltr' id='par_1_10' title="bbox 404 1012 2059 1088">
     <span class='ocr_line' id='line_1_10' title="bbox 404 1012 2059 1088; baseline 0.005 -24"><span class='ocrx_word' id='word_1_71' title='bbox 404 1014 694 1067; x_wconf 91' lang='lat' dir='ltr'><strong>venturus</strong></span> <span class='ocrx_word' id='word_1_72' title='bbox 716 1017 822 1079; x_wconf 87' lang='lat' dir='ltr'><strong>est,</strong></span> <span class='ocrx_word' id='word_1_73' title='bbox 843 1012 1036 1069; x_wconf 91' lang='lat' dir='ltr'><strong>donec</strong></span> <span class='ocrx_word' id='word_1_74' title='bbox 1059 1030 1270 1070; x_wconf 90' lang='lat' dir='ltr'><strong>omnes</strong></span> <span class='ocrx_word' id='word_1_75' title='bbox 1283 1015 1472 1070; x_wconf 74' lang='lat' dir='ltr'><strong>Iudrei</strong></span> <span class='ocrx_word' id='word_1_76' title='bbox 1483 1020 1679 1088; x_wconf 87' lang='lat' dir='ltr'><strong>patres</strong></span> <span class='ocrx_word' id='word_1_77' title='bbox 1694 1016 1946 1072; x_wconf 81' lang='lat' dir='ltr'><strong>familias</strong></span> <span class='ocrx_word' id='word_1_78' title='bbox 1966 1017 2059 1073; x_wconf 91' lang='lat' dir='ltr'><strong>vel</strong></span> 
     </span>
    </p>
   </div>
   <div class='ocr_carea' id='block_1_11' title="bbox 406 1101 2063 1176">
    <p class='ocr_par' dir='ltr' id='par_1_11' title="bbox 406 1101 2063 1176">
     <span class='ocr_line' id='line_1_11' title="bbox 406 1101 2063 1176; baseline 0.005 -22"><span class='ocrx_word' id='word_1_79' title='bbox 406 1101 625 1156; x_wconf 83' lang='lat' dir='ltr'><strong>mortui</strong></span> <span class='ocrx_word' id='word_1_80' title='bbox 653 1101 789 1169; x_wconf 91' lang='lat' dir='ltr'><strong>sint,</strong></span> <span class='ocrx_word' id='word_1_81' title='bbox 813 1103 905 1159; x_wconf 89' lang='lat' dir='ltr'><strong>vel</strong></span> <span class='ocrx_word' id='word_1_82' title='bbox 934 1102 1405 1176; x_wconf 88' lang='lat' dir='ltr'><strong>itaimpotentes,</strong></span> <span class='ocrx_word' id='word_1_83' title='bbox 1426 1109 1492 1161; x_wconf 92' lang='lat' dir='ltr'><strong>ut</strong></span> <span class='ocrx_word' id='word_1_84' title='bbox 1519 1105 1718 1160; x_wconf 90' lang='lat' dir='ltr'><strong>nullus</strong></span> <span class='ocrx_word' id='word_1_85' title='bbox 1747 1122 1952 1161; x_wconf 90' lang='lat' dir='ltr'><strong>eorum</strong></span> <span class='ocrx_word' id='word_1_86' title='bbox 1987 1107 2063 1163; x_wconf 91' lang='lat' dir='ltr'><strong>sit</strong></span> 
     </span>
    </p>
   </div>
   <div class='ocr_carea' id='block_1_12' title="bbox 403 1187 2057 1265">
    <p class='ocr_par' dir='ltr' id='par_1_12' title="bbox 403 1187 2057 1265">
     <span class='ocr_line' id='line_1_12' title="bbox 403 1187 2057 1265; baseline 0.005 -22"><span class='ocrx_word' id='word_1_87' title='bbox 403 1187 469 1244; x_wconf 91' lang='lat' dir='ltr'><strong>in</strong></span> <span class='ocrx_word' id='word_1_88' title='bbox 489 1190 738 1256; x_wconf 91' lang='lat' dir='ltr'><strong>mundo,</strong></span> <span class='ocrx_word' id='word_1_89' title='bbox 758 1192 862 1264; x_wconf 90' lang='lat' dir='ltr'><strong>qui</strong></span> <span class='ocrx_word' id='word_1_90' title='bbox 883 1191 1029 1248; x_wconf 84' lang='lat' dir='ltr'><strong>sciat</strong></span> <span class='ocrx_word' id='word_1_91' title='bbox 1043 1192 1136 1247; x_wconf 92' lang='lat' dir='ltr'><strong>vel</strong></span> <span class='ocrx_word' id='word_1_92' title='bbox 1156 1193 1345 1265; x_wconf 85' lang='lat' dir='ltr'><strong>possit</strong></span> <span class='ocrx_word' id='word_1_93' title='bbox 1365 1209 1568 1263; x_wconf 90' lang='lat' dir='ltr'><strong>regere</strong></span> <span class='ocrx_word' id='word_1_94' title='bbox 1589 1194 1839 1250; x_wconf 83' lang='lat' dir='ltr'><strong>domum</strong></span> <span class='ocrx_word' id='word_1_95' title='bbox 1859 1212 2057 1264; x_wconf 90' lang='lat' dir='ltr'><strong>suam,</strong></span> 
     </span>
    </p>
   </div>
   <div class='ocr_carea' id='block_1_13' title="bbox 408 1279 2061 1355">
    <p class='ocr_par' dir='ltr' id='par_1_13' title="bbox 408 1279 2061 1355">
     <span class='ocr_line' id='line_1_13' title="bbox 408 1279 2061 1355; baseline 0.005 -22"><span class='ocrx_word' id='word_1_96' title='bbox 408 1279 574 1351; x_wconf 91' lang='lat' dir='ltr'><strong>quod</strong></span> <span class='ocrx_word' id='word_1_97' title='bbox 600 1280 745 1352; x_wconf 91' lang='lat' dir='ltr'><strong>quia</strong></span> <span class='ocrx_word' id='word_1_98' title='bbox 767 1281 1034 1337; x_wconf 83' lang='lat' dir='ltr'><strong>futurum</strong></span> <span class='ocrx_word' id='word_1_99' title='bbox 1066 1297 1189 1337; x_wconf 92' lang='lat' dir='ltr'><strong>non</strong></span> <span class='ocrx_word' id='word_1_100' title='bbox 1216 1287 1324 1350; x_wconf 89' lang='lat' dir='ltr'><strong>est,</strong></span> <span class='ocrx_word' id='word_1_101' title='bbox 1346 1299 1539 1355; x_wconf 85' lang='lat' dir='ltr'><strong>usque</strong></span> <span class='ocrx_word' id='word_1_102' title='bbox 1573 1284 1651 1341; x_wconf 83' lang='lat' dir='ltr'><strong>ad</strong></span> <span class='ocrx_word' id='word_1_103' title='bbox 1679 1284 1847 1339; x_wconf 90' lang='lat' dir='ltr'><strong>illum</strong></span> <span class='ocrx_word' id='word_1_104' title='bbox 1898 1285 2061 1341; x_wconf 92' lang='lat' dir='ltr'><strong>diem</strong></span> 
     </span>
    </p>
   </div>
   <div class='ocr_carea' id='block_1_14' title="bbox 409 1368 2062 1440">
    <p class='ocr_par' dir='ltr' id='par_1_14' title="bbox 409 1368 2062 1440">
     <span class='ocr_line' id='line_1_14' title="bbox 409 1368 2062 1440; baseline 0.005 -17"><span class='ocrx_word' id='word_1_105' title='bbox 409 1368 517 1440; x_wconf 89' lang='lat' dir='ltr'><strong>qui</strong></span> <span class='ocrx_word' id='word_1_106' title='bbox 545 1374 633 1425; x_wconf 90' lang='lat' dir='ltr'><strong>est</strong></span> <span class='ocrx_word' id='word_1_107' title='bbox 652 1369 786 1425; x_wconf 88' lang='lat' dir='ltr'><strong>ﬁnis</strong></span> <span class='ocrx_word' id='word_1_108' title='bbox 814 1371 1086 1427; x_wconf 89' lang='lat' dir='ltr'><strong>omnium</strong></span> <span class='ocrx_word' id='word_1_109' title='bbox 1112 1373 1473 1437; x_wconf 82' lang='lat' dir='ltr'><strong>mortalium,</strong></span> <span class='ocrx_word' id='word_1_110' title='bbox 1503 1389 1612 1429; x_wconf 90' lang='lat' dir='ltr'><strong>nec</strong></span> <span class='ocrx_word' id='word_1_111' title='bbox 1642 1374 1881 1431; x_wconf 80' lang='lat' dir='ltr'><strong>Messias</strong></span> <span class='ocrx_word' id='word_1_112' title='bbox 1925 1381 2062 1432; x_wconf 83' lang='lat' dir='ltr'><strong>ante</strong></span> 
     </span>
    </p>
   </div>
   <div class='ocr_carea' id='block_1_15' title="bbox 408 1455 2064 1533">
    <p class='ocr_par' dir='ltr' id='par_1_15' title="bbox 408 1455 2064 1533">
     <span class='ocr_line' id='line_1_15' title="bbox 408 1455 2064 1533; baseline 0.004 -22"><span class='ocrx_word' id='word_1_113' title='bbox 408 1458 625 1513; x_wconf 84' lang='lat' dir='ltr'><strong>veniet.</strong></span> <span class='ocrx_word' id='word_1_114' title='bbox 658 1458 829 1523; x_wconf 85' lang='lat' dir='ltr'><strong>Quod</strong></span> <span class='ocrx_word' id='word_1_115' title='bbox 858 1458 906 1514; x_wconf 90' lang='lat' dir='ltr'><strong>si</strong></span> <span class='ocrx_word' id='word_1_116' title='bbox 935 1459 1015 1515; x_wconf 92' lang='lat' dir='ltr'><strong>ita</strong></span> <span class='ocrx_word' id='word_1_117' title='bbox 1035 1464 1141 1517; x_wconf 91' lang='lat' dir='ltr'><strong>est.</strong></span> <span class='ocrx_word' id='word_1_118' title='bbox 1174 1459 1253 1515; x_wconf 91' lang='lat' dir='ltr'><strong>ad</strong></span> <span class='ocrx_word' id='word_1_119' title='bbox 1295 1460 1441 1532; x_wconf 88' lang='lat' dir='ltr'><strong>quid</strong></span> <span class='ocrx_word' id='word_1_120' title='bbox 1489 1455 1774 1533; x_wconf 80' lang='lat' dir='ltr'><strong>putamus</strong></span> <span class='ocrx_word' id='word_1_121' title='bbox 1828 1464 2064 1520; x_wconf 74' lang='lat' dir='ltr'><strong>Messias</strong></span> 
     </span>
    </p>
   </div>
   <div class='ocr_carea' id='block_1_16' title="bbox 412 1544 2066 1625">
    <p class='ocr_par' dir='ltr' id='par_1_16' title="bbox 412 1544 2066 1625">
     <span class='ocr_line' id='line_1_16' title="bbox 412 1544 2066 1625; baseline 0.005 -25"><span class='ocrx_word' id='word_1_122' title='bbox 412 1544 620 1601; x_wconf 89' lang='lat' dir='ltr'><strong>ultimo</strong></span> <span class='ocrx_word' id='word_1_123' title='bbox 650 1546 747 1602; x_wconf 88' lang='lat' dir='ltr'><strong>die</strong></span> <span class='ocrx_word' id='word_1_124' title='bbox 777 1551 841 1603; x_wconf 92' lang='lat' dir='ltr'><strong>ut</strong></span> <span class='ocrx_word' id='word_1_125' title='bbox 868 1548 1088 1614; x_wconf 85' lang='lat' dir='ltr'><strong>veniat,</strong></span> <span class='ocrx_word' id='word_1_126' title='bbox 1119 1565 1305 1621; x_wconf 89' lang='lat' dir='ltr'><strong>quam</strong></span> <span class='ocrx_word' id='word_1_127' title='bbox 1336 1554 1400 1605; x_wconf 90' lang='lat' dir='ltr'><strong>ut</strong></span> <span class='ocrx_word' id='word_1_128' title='bbox 1450 1566 1553 1605; x_wconf 89' lang='lat' dir='ltr'><strong>eos</strong></span> <span class='ocrx_word' id='word_1_129' title='bbox 1581 1568 1791 1608; x_wconf 91' lang='lat' dir='ltr'><strong>omnes</strong></span> <span class='ocrx_word' id='word_1_130' title='bbox 1818 1553 2066 1625; x_wconf 77' lang='lat' dir='ltr'><strong>sepeliet</strong></span> 
     </span>
    </p>
   </div>
   <div class='ocr_carea' id='block_1_17' title="bbox 411 1639 2066 1712">
    <p class='ocr_par' dir='ltr' id='par_1_17' title="bbox 411 1639 2066 1712">
     <span class='ocr_line' id='line_1_17' title="bbox 411 1639 2066 1712; baseline 0.005 -23"><span class='ocrx_word' id='word_1_131' title='bbox 411 1639 701 1705; x_wconf 90' lang='lat' dir='ltr'><strong>mortuos,</strong></span> <span class='ocrx_word' id='word_1_132' title='bbox 754 1652 908 1709; x_wconf 91' lang='lat' dir='ltr'><strong>quos</strong></span> <span class='ocrx_word' id='word_1_133' title='bbox 976 1643 1295 1695; x_wconf 81' lang='lat' dir='ltr'><strong>sanaturus</strong></span> <span class='ocrx_word' id='word_1_134' title='bbox 1343 1640 1695 1712; x_wconf 83' lang='lat' dir='ltr'><strong>sperabatur</strong></span> <span class='ocrx_word' id='word_1_135' title='bbox 1749 1641 2066 1697; x_wconf 81' lang='lat' dir='ltr'><strong>inﬁmos?</strong></span> 
     </span>
    </p>
   </div>
   <div class='ocr_carea' id='block_1_18' title="bbox 2163 480 3807 555">
    <p class='ocr_par' dir='ltr' id='par_1_18' title="bbox 2163 480 3807 555">
     <span class='ocr_line' id='line_1_18' title="bbox 2163 480 3807 555; baseline 0.001 -20"><span class='ocrx_word' id='word_1_136' title='bbox 2163 480 2360 553; x_wconf 89' lang='lat' dir='ltr'><strong>pulus,</strong></span> <span class='ocrx_word' id='word_1_137' title='bbox 2393 486 2497 538; x_wconf 87' lang='lat' dir='ltr'><strong>aut</strong></span> <span class='ocrx_word' id='word_1_138' title='bbox 2522 498 2647 537; x_wconf 91' lang='lat' dir='ltr'><strong>rex.</strong></span> <span class='ocrx_word' id='word_1_139' title='bbox 2681 481 2789 537; x_wconf 88' lang='lat' dir='ltr'><strong>Ubi</strong></span> <span class='ocrx_word' id='word_1_140' title='bbox 2820 481 2980 538; x_wconf 88' lang='lat' dir='ltr'><strong>enim</strong></span> <span class='ocrx_word' id='word_1_141' title='bbox 3031 498 3171 555; x_wconf 85' lang='lat' dir='ltr'><strong>pars</strong></span> <span class='ocrx_word' id='word_1_142' title='bbox 3201 481 3386 549; x_wconf 86' lang='lat' dir='ltr'><strong>deest,</strong></span> <span class='ocrx_word' id='word_1_143' title='bbox 3444 485 3641 541; x_wconf 85' lang='lat' dir='ltr'><strong>totum</strong></span> <span class='ocrx_word' id='word_1_144' title='bbox 3687 498 3807 539; x_wconf 85' lang='lat' dir='ltr'><strong>esse</strong></span> 
     </span>
    </p>
   </div>
   <div class='ocr_carea' id='block_1_19' title="bbox 2163 568 3808 643">
    <p class='ocr_par' dir='ltr' id='par_1_19' title="bbox 2163 568 3808 643">
     <span class='ocr_line' id='line_1_19' title="bbox 2163 568 3808 643; baseline 0.004 -20"><span class='ocrx_word' id='word_1_145' title='bbox 2163 583 2287 623; x_wconf 90' lang='lat' dir='ltr'><strong>non</strong></span> <span class='ocrx_word' id='word_1_146' title='bbox 2314 573 2528 641; x_wconf 89' lang='lat' dir='ltr'><strong>potest.</strong></span> <span class='ocrx_word' id='word_1_147' title='bbox 2555 573 2623 625; x_wconf 86' lang='lat' dir='ltr'><strong>Et</strong></span> <span class='ocrx_word' id='word_1_148' title='bbox 2637 568 2743 626; x_wconf 88' lang='lat' dir='ltr'><strong>ubi</strong></span> <span class='ocrx_word' id='word_1_149' title='bbox 2758 573 2947 627; x_wconf 88' lang='lat' dir='ltr'><strong>totum</strong></span> <span class='ocrx_word' id='word_1_150' title='bbox 2970 575 3078 640; x_wconf 88' lang='lat' dir='ltr'><strong>est,</strong></span> <span class='ocrx_word' id='word_1_151' title='bbox 3109 575 3307 643; x_wconf 88' lang='lat' dir='ltr'><strong>partes</strong></span> <span class='ocrx_word' id='word_1_152' title='bbox 3335 586 3582 643; x_wconf 83' lang='lat' dir='ltr'><strong>quoque</strong></span> <span class='ocrx_word' id='word_1_153' title='bbox 3606 586 3808 629; x_wconf 85' lang='lat' dir='ltr'><strong>omnes</strong></span> 
     </span>
    </p>
   </div>
   <div class='ocr_carea' id='block_1_20' title="bbox 2164 658 3806 732">
    <p class='ocr_par' dir='ltr' id='par_1_20' title="bbox 2164 658 3806 732">
     <span class='ocr_line' id='line_1_20' title="bbox 2164 658 3806 732; baseline 0.003 -19"><span class='ocrx_word' id='word_1_154' title='bbox 2164 674 2292 713; x_wconf 91' lang='lat' dir='ltr'><strong>esse</strong></span> <span class='ocrx_word' id='word_1_155' title='bbox 2316 672 2555 715; x_wconf 89' lang='lat' dir='ltr'><strong>necesse</strong></span> <span class='ocrx_word' id='word_1_156' title='bbox 2583 662 2691 715; x_wconf 91' lang='lat' dir='ltr'><strong>est.</strong></span> <span class='ocrx_word' id='word_1_157' title='bbox 2733 658 2790 715; x_wconf 84' lang='lat' dir='ltr'><strong>Si</strong></span> <span class='ocrx_word' id='word_1_158' title='bbox 2816 674 2956 729; x_wconf 87' lang='lat' dir='ltr'><strong>ergo</strong></span> <span class='ocrx_word' id='word_1_159' title='bbox 2985 659 3217 732; x_wconf 85' lang='lat' dir='ltr'><strong>perdita</strong></span> <span class='ocrx_word' id='word_1_160' title='bbox 3245 674 3368 716; x_wconf 91' lang='lat' dir='ltr'><strong>una</strong></span> <span class='ocrx_word' id='word_1_161' title='bbox 3404 664 3598 732; x_wconf 83' lang='lat' dir='ltr'><strong>parte,</strong></span> <span class='ocrx_word' id='word_1_162' title='bbox 3628 663 3806 718; x_wconf 84' lang='lat' dir='ltr'><strong>totum</strong></span> 
     </span>
    </p>
   </div>
   <div class='ocr_carea' id='block_1_21' title="bbox 2165 748 3809 824">
    <p class='ocr_par' dir='ltr' id='par_1_21' title="bbox 2165 748 3809 824">
     <span class='ocr_line' id='line_1_21' title="bbox 2165 748 3809 824; baseline 0.002 -21"><span class='ocrx_word' id='word_1_163' title='bbox 2165 762 2287 803; x_wconf 89' lang='lat' dir='ltr'><strong>non</strong></span> <span class='ocrx_word' id='word_1_164' title='bbox 2318 752 2429 818; x_wconf 87' lang='lat' dir='ltr'><strong>est,</strong></span> <span class='ocrx_word' id='word_1_165' title='bbox 2455 751 2687 821; x_wconf 88' lang='lat' dir='ltr'><strong>quanto</strong></span> <span class='ocrx_word' id='word_1_166' title='bbox 2712 748 2906 818; x_wconf 85' lang='lat' dir='ltr'><strong>magis</strong></span> <span class='ocrx_word' id='word_1_167' title='bbox 2932 748 3213 806; x_wconf 88' lang='lat' dir='ltr'><strong>omnibus</strong></span> <span class='ocrx_word' id='word_1_168' title='bbox 3241 749 3511 822; x_wconf 81' lang='lat' dir='ltr'><strong>perditis,</strong></span> <span class='ocrx_word' id='word_1_169' title='bbox 3539 751 3709 824; x_wconf 88' lang='lat' dir='ltr'><strong>quod</strong></span> <span class='ocrx_word' id='word_1_170' title='bbox 3739 749 3809 807; x_wconf 90' lang='lat' dir='ltr'><strong>ad</strong></span> 
     </span>
    </p>
   </div>
   <div class='ocr_carea' id='block_1_22' title="bbox 2164 836 3812 910">
    <p class='ocr_par' dir='ltr' id='par_1_22' title="bbox 2164 836 3812 910">
     <span class='ocr_line' id='line_1_22' title="bbox 2164 836 3812 910; baseline 0.002 -18"><span class='ocrx_word' id='word_1_171' title='bbox 2164 836 2418 892; x_wconf 89' lang='lat' dir='ltr'><strong>nihilum</strong></span> <span class='ocrx_word' id='word_1_172' title='bbox 2446 837 2760 893; x_wconf 88' lang='lat' dir='ltr'><strong>redactum</strong></span> <span class='ocrx_word' id='word_1_173' title='bbox 2785 841 2893 895; x_wconf 89' lang='lat' dir='ltr'><strong>est.</strong></span> <span class='ocrx_word' id='word_1_174' title='bbox 2926 841 3197 910; x_wconf 78' lang='lat' dir='ltr'><strong>Regnum</strong></span> <span class='ocrx_word' id='word_1_175' title='bbox 3227 841 3428 896; x_wconf 88' lang='lat' dir='ltr'><strong>autem</strong></span> <span class='ocrx_word' id='word_1_176' title='bbox 3455 839 3612 896; x_wconf 86' lang='lat' dir='ltr'><strong>Iuda</strong></span> <span class='ocrx_word' id='word_1_177' title='bbox 3666 844 3812 896; x_wconf 86' lang='lat' dir='ltr'><strong>terra</strong></span> 
     </span>
    </p>
   </div>
   <div class='ocr_carea' id='block_1_23' title="bbox 2166 926 3813 999">
    <p class='ocr_par' dir='ltr' id='par_1_23' title="bbox 2166 926 3813 999">
     <span class='ocr_line' id='line_1_23' title="bbox 2166 926 3813 999; baseline 0.003 -19"><span class='ocrx_word' id='word_1_178' title='bbox 2166 941 2277 981; x_wconf 87' lang='lat' dir='ltr'><strong>sua</strong></span> <span class='ocrx_word' id='word_1_179' title='bbox 2307 926 2518 995; x_wconf 82' lang='lat' dir='ltr'><strong>caruit,</strong></span> <span class='ocrx_word' id='word_1_180' title='bbox 2546 942 2618 982; x_wconf 92' lang='lat' dir='ltr'><strong>ex</strong></span> <span class='ocrx_word' id='word_1_181' title='bbox 2649 942 2774 998; x_wconf 87' lang='lat' dir='ltr'><strong>quo</strong></span> <span class='ocrx_word' id='word_1_182' title='bbox 2791 926 2921 999; x_wconf 87' lang='lat' dir='ltr'><strong>ipsa</strong></span> <span class='ocrx_word' id='word_1_183' title='bbox 2950 930 3105 983; x_wconf 89' lang='lat' dir='ltr'><strong>terra</strong></span> <span class='ocrx_word' id='word_1_184' title='bbox 3124 926 3184 983; x_wconf 90' lang='lat' dir='ltr'><strong>in</strong></span> <span class='ocrx_word' id='word_1_185' title='bbox 3214 943 3435 984; x_wconf 89' lang='lat' dir='ltr'><strong>manus</strong></span> <span class='ocrx_word' id='word_1_186' title='bbox 3455 928 3813 999; x_wconf 85' lang='lat' dir='ltr'><strong>alienigena-</strong></span> 
     </span>
    </p>
   </div>
   <div class='ocr_carea' id='block_1_24' title="bbox 2163 1013 3813 1089">
    <p class='ocr_par' dir='ltr' id='par_1_24' title="bbox 2163 1013 3813 1089">
     <span class='ocr_line' id='line_1_24' title="bbox 2163 1013 3813 1089; baseline 0.002 -21"><span class='ocrx_word' id='word_1_187' title='bbox 2163 1030 2299 1069; x_wconf 89' lang='lat' dir='ltr'><strong>rum</strong></span> <span class='ocrx_word' id='word_1_188' title='bbox 2323 1013 2501 1069; x_wconf 84' lang='lat' dir='ltr'><strong>venit.</strong></span> <span class='ocrx_word' id='word_1_189' title='bbox 2528 1014 2752 1087; x_wconf 89' lang='lat' dir='ltr'><strong>Populo</strong></span> <span class='ocrx_word' id='word_1_190' title='bbox 2783 1015 2990 1084; x_wconf 89' lang='lat' dir='ltr'><strong>caruit,</strong></span> <span class='ocrx_word' id='word_1_191' title='bbox 3016 1020 3345 1089; x_wconf 86' lang='lat' dir='ltr'><strong>postquam</strong></span> <span class='ocrx_word' id='word_1_192' title='bbox 3372 1016 3566 1073; x_wconf 89' lang='lat' dir='ltr'><strong>tribus</strong></span> <span class='ocrx_word' id='word_1_193' title='bbox 3586 1016 3740 1074; x_wconf 85' lang='lat' dir='ltr'><strong>Iuda</strong></span> <span class='ocrx_word' id='word_1_194' title='bbox 3756 1017 3813 1073; x_wconf 93' lang='lat' dir='ltr'><strong>in</strong></span> 
     </span>
    </p>
   </div>
   <div class='ocr_carea' id='block_1_25' title="bbox 2164 1103 3814 1175">
    <p class='ocr_par' dir='ltr' id='par_1_25' title="bbox 2164 1103 3814 1175">
     <span class='ocr_line' id='line_1_25' title="bbox 2164 1103 3814 1175; baseline 0.001 -16"><span class='ocrx_word' id='word_1_195' title='bbox 2164 1118 2376 1159; x_wconf 88' lang='lat' dir='ltr'><strong>omnes</strong></span> <span class='ocrx_word' id='word_1_196' title='bbox 2403 1103 2675 1159; x_wconf 83' lang='lat' dir='ltr'><strong>nationes</strong></span> <span class='ocrx_word' id='word_1_197' title='bbox 2722 1103 3001 1175; x_wconf 86' lang='lat' dir='ltr'><strong>dispersa</strong></span> <span class='ocrx_word' id='word_1_198' title='bbox 3029 1109 3135 1162; x_wconf 85' lang='lat' dir='ltr'><strong>est.</strong></span> <span class='ocrx_word' id='word_1_199' title='bbox 3167 1108 3321 1174; x_wconf 87' lang='lat' dir='ltr'><strong>Rege</strong></span> <span class='ocrx_word' id='word_1_200' title='bbox 3349 1121 3492 1163; x_wconf 87' lang='lat' dir='ltr'><strong>vero</strong></span> <span class='ocrx_word' id='word_1_201' title='bbox 3520 1107 3628 1163; x_wconf 84' lang='lat' dir='ltr'><strong>diu</strong></span> <span class='ocrx_word' id='word_1_202' title='bbox 3685 1110 3814 1163; x_wconf 82' lang='lat' dir='ltr'><strong>ante</strong></span> 
     </span>
    </p>
   </div>
   <div class='ocr_carea' id='block_1_26' title="bbox 2165 1190 3814 1267">
    <p class='ocr_par' dir='ltr' id='par_1_26' title="bbox 2165 1190 3814 1267">
     <span class='ocr_line' id='line_1_26' title="bbox 2165 1190 3814 1267; baseline 0.002 -21"><span class='ocrx_word' id='word_1_203' title='bbox 2165 1195 2457 1247; x_wconf 84' lang='lat' dir='ltr'><strong>caruerat.</strong></span> <span class='ocrx_word' id='word_1_204' title='bbox 2482 1190 2575 1247; x_wconf 85' lang='lat' dir='ltr'><strong>Sic</strong></span> <span class='ocrx_word' id='word_1_205' title='bbox 2596 1207 2853 1260; x_wconf 81' lang='lat' dir='ltr'><strong>regnum</strong></span> <span class='ocrx_word' id='word_1_206' title='bbox 2886 1191 3038 1249; x_wconf 91' lang='lat' dir='ltr'><strong>Iuda</strong></span> <span class='ocrx_word' id='word_1_207' title='bbox 3064 1193 3346 1250; x_wconf 84' lang='lat' dir='ltr'><strong>omnibus</strong></span> <span class='ocrx_word' id='word_1_208' title='bbox 3377 1194 3648 1267; x_wconf 88' lang='lat' dir='ltr'><strong>partibus</strong></span> <span class='ocrx_word' id='word_1_209' title='bbox 3697 1193 3814 1250; x_wconf 82' lang='lat' dir='ltr'><strong>suis</strong></span> 
     </span>
    </p>
   </div>
   <div class='ocr_carea' id='block_1_27' title="bbox 2166 1280 3819 1353">
    <p class='ocr_par' dir='ltr' id='par_1_27' title="bbox 2166 1280 3819 1353">
     <span class='ocr_line' id='line_1_27' title="bbox 2166 1280 3819 1353; baseline 0.002 -17"><span class='ocrx_word' id='word_1_210' title='bbox 2166 1280 2427 1336; x_wconf 83' lang='lat' dir='ltr'><strong>dimissis</strong></span> <span class='ocrx_word' id='word_1_211' title='bbox 2458 1296 2711 1350; x_wconf 80' lang='lat' dir='ltr'><strong>regnum</strong></span> <span class='ocrx_word' id='word_1_212' title='bbox 2763 1296 2893 1336; x_wconf 89' lang='lat' dir='ltr'><strong>esse</strong></span> <span class='ocrx_word' id='word_1_213' title='bbox 2945 1281 3139 1338; x_wconf 84' lang='lat' dir='ltr'><strong>desiit.</strong></span> <span class='ocrx_word' id='word_1_214' title='bbox 3177 1284 3276 1340; x_wconf 85' lang='lat' dir='ltr'><strong>Est</strong></span> <span class='ocrx_word' id='word_1_215' title='bbox 3320 1282 3500 1353; x_wconf 80' lang='lat' dir='ltr'><strong>igitur</strong></span> <span class='ocrx_word' id='word_1_216' title='bbox 3550 1299 3625 1341; x_wconf 86' lang='lat' dir='ltr'><strong>ex</strong></span> <span class='ocrx_word' id='word_1_217' title='bbox 3683 1288 3819 1339; x_wconf 89' lang='lat' dir='ltr'><strong>tunc</strong></span> 
     </span>
    </p>
   </div>
   <div class='ocr_carea' id='block_1_28' title="bbox 2169 1368 3817 1442">
    <p class='ocr_par' dir='ltr' id='par_1_28' title="bbox 2169 1368 3817 1442">
     <span class='ocr_line' id='line_1_28' title="bbox 2169 1368 3817 1442; baseline 0.003 -18"><span class='ocrx_word' id='word_1_218' title='bbox 2169 1368 2437 1424; x_wconf 87' lang='lat' dir='ltr'><strong>ablatum</strong></span> <span class='ocrx_word' id='word_1_219' title='bbox 2468 1368 2646 1440; x_wconf 90' lang='lat' dir='ltr'><strong>plane</strong></span> <span class='ocrx_word' id='word_1_220' title='bbox 2677 1373 2979 1442; x_wconf 87' lang='lat' dir='ltr'><strong>sceptrum</strong></span> <span class='ocrx_word' id='word_1_221' title='bbox 3009 1370 3085 1427; x_wconf 89' lang='lat' dir='ltr'><strong>de</strong></span> <span class='ocrx_word' id='word_1_222' title='bbox 3131 1371 3305 1439; x_wconf 88' lang='lat' dir='ltr'><strong>Iuda,</strong></span> <span class='ocrx_word' id='word_1_223' title='bbox 3336 1376 3394 1428; x_wconf 92' lang='lat' dir='ltr'><strong>et</strong></span> <span class='ocrx_word' id='word_1_224' title='bbox 3447 1371 3817 1429; x_wconf 81' lang='lat' dir='ltr'><strong>declaratum</strong></span> 
     </span>
    </p>
   </div>
   <div class='ocr_carea' id='block_1_29' title="bbox 2169 1456 3823 1529">
    <p class='ocr_par' dir='ltr' id='par_1_29' title="bbox 2169 1456 3823 1529">
     <span class='ocr_line' id='line_1_29' title="bbox 2169 1456 3823 1529; baseline 0.003 -17"><span class='ocrx_word' id='word_1_225' title='bbox 2169 1457 2312 1529; x_wconf 89' lang='lat' dir='ltr'><strong>quia</strong></span> <span class='ocrx_word' id='word_1_226' title='bbox 2339 1456 2600 1513; x_wconf 87' lang='lat' dir='ltr'><strong>Christus</strong></span> <span class='ocrx_word' id='word_1_227' title='bbox 2631 1458 2807 1514; x_wconf 87' lang='lat' dir='ltr'><strong>venit.</strong></span> <span class='ocrx_word' id='word_1_228' title='bbox 2856 1459 2914 1515; x_wconf 88' lang='lat' dir='ltr'><strong>Si</strong></span> <span class='ocrx_word' id='word_1_229' title='bbox 2958 1474 3101 1528; x_wconf 89' lang='lat' dir='ltr'><strong>ergo</strong></span> <span class='ocrx_word' id='word_1_230' title='bbox 3131 1460 3482 1528; x_wconf 86' lang='lat' dir='ltr'><strong>constituas,</strong></span> <span class='ocrx_word' id='word_1_231' title='bbox 3530 1461 3625 1518; x_wconf 88' lang='lat' dir='ltr'><strong>vel</strong></span> <span class='ocrx_word' id='word_1_232' title='bbox 3656 1476 3823 1518; x_wconf 86' lang='lat' dir='ltr'><strong>men-</strong></span> 
     </span>
    </p>
   </div>
   <div class='ocr_carea' id='block_1_30' title="bbox 2170 1545 3827 1620">
    <p class='ocr_par' dir='ltr' id='par_1_30' title="bbox 2170 1545 3827 1620">
     <span class='ocr_line' id='line_1_30' title="bbox 2170 1545 3827 1620; baseline 0.003 -20"><span class='ocrx_word' id='word_1_233' title='bbox 2170 1546 2314 1601; x_wconf 88' lang='lat' dir='ltr'><strong>dose</strong></span> <span class='ocrx_word' id='word_1_234' title='bbox 2344 1545 2561 1616; x_wconf 90' lang='lat' dir='ltr'><strong>ﬁngas,</strong></span> <span class='ocrx_word' id='word_1_235' title='bbox 2590 1562 2783 1603; x_wconf 88' lang='lat' dir='ltr'><strong>unum</strong></span> <span class='ocrx_word' id='word_1_236' title='bbox 2810 1548 3107 1616; x_wconf 76' lang='lat' dir='ltr'><strong>Iudaeum,</strong></span> <span class='ocrx_word' id='word_1_237' title='bbox 3140 1549 3308 1605; x_wconf 87' lang='lat' dir='ltr'><strong>verbi</strong></span> <span class='ocrx_word' id='word_1_238' title='bbox 3359 1550 3569 1620; x_wconf 88' lang='lat' dir='ltr'><strong>gratia,</strong></span> <span class='ocrx_word' id='word_1_239' title='bbox 3595 1550 3827 1609; x_wconf 78' lang='lat' dir='ltr'><strong>Mardo-</strong></span> 
     </span>
    </p>
   </div>
   <div class='ocr_carea' id='block_1_31' title="bbox 2172 1635 3829 1707">
    <p class='ocr_par' dir='ltr' id='par_1_31' title="bbox 2172 1635 3829 1707">
     <span class='ocr_line' id='line_1_31' title="bbox 2172 1635 3829 1707; baseline 0.002 -16"><span class='ocrx_word' id='word_1_240' title='bbox 2172 1636 2410 1704; x_wconf 89' lang='lat' dir='ltr'><strong>cheum,</strong></span> <span class='ocrx_word' id='word_1_241' title='bbox 2432 1635 2495 1691; x_wconf 91' lang='lat' dir='ltr'><strong>in</strong></span> <span class='ocrx_word' id='word_1_242' title='bbox 2514 1635 2849 1707; x_wconf 88' lang='lat' dir='ltr'><strong>Babylonia</strong></span> <span class='ocrx_word' id='word_1_243' title='bbox 2884 1653 3089 1707; x_wconf 83' lang='lat' dir='ltr'><strong>regem</strong></span> <span class='ocrx_word' id='word_1_244' title='bbox 3117 1638 3207 1693; x_wconf 85' lang='lat' dir='ltr'><strong>vel</strong></span> <span class='ocrx_word' id='word_1_245' title='bbox 3238 1643 3395 1696; x_wconf 88' lang='lat' dir='ltr'><strong>certe</strong></span> <span class='ocrx_word' id='word_1_246' title='bbox 3421 1639 3485 1696; x_wconf 88' lang='lat' dir='ltr'><strong>in</strong></span> <span class='ocrx_word' id='word_1_247' title='bbox 3534 1638 3829 1706; x_wconf 83' lang='lat' dir='ltr'><strong>Samaria,</strong></span> 
     </span>
    </p>
   </div>
   <div class='ocr_carea' id='block_1_32' title="bbox 415 1722 3828 1802">
    <p class='ocr_par' dir='ltr' id='par_1_32' title="bbox 415 1722 3828 1802">
     <span class='ocr_line' id='line_1_32' title="bbox 415 1722 3828 1802; baseline 0.003 -24"><span class='ocrx_word' id='word_1_248' title='bbox 415 1724 679 1780; x_wconf 79' lang='lat' dir='ltr'><strong>Haeccine</strong></span> <span class='ocrx_word' id='word_1_249' title='bbox 702 1728 1198 1800; x_wconf 86' lang='lat' dir='ltr'><strong>eratexspectatio</strong></span> <span class='ocrx_word' id='word_1_250' title='bbox 1216 1728 1481 1795; x_wconf 88' lang='lat' dir='ltr'><strong>gentium</strong></span> <span class='ocrx_word' id='word_1_251' title='bbox 1501 1730 1514 1784; x_wconf 89' lang='lat'><strong>!</strong></span> <span class='ocrx_word' id='word_1_252' title='bbox 1534 1730 1831 1802; x_wconf 88' lang='lat' dir='ltr'><strong>quodnon</strong></span> <span class='ocrx_word' id='word_1_253' title='bbox 1847 1731 2068 1787; x_wconf 90' lang='lat' dir='ltr'><strong>debent</strong></span> <span class='ocrx_word' id='word_1_254' title='bbox 2098 1743 2140 1798; x_wconf 77' lang='grc' dir='ltr'>Β</span> <span class='ocrx_word' id='word_1_255' title='bbox 2172 1722 2275 1777; x_wconf 78' lang='lat' dir='ltr'><strong>ubi</strong></span> <span class='ocrx_word' id='word_1_256' title='bbox 2307 1722 2515 1778; x_wconf 77' lang='lat' dir='ltr'><strong>decem</strong></span> <span class='ocrx_word' id='word_1_257' title='bbox 2547 1722 2735 1778; x_wconf 71' lang='lat' dir='ltr'><strong>tribus</strong></span> <span class='ocrx_word' id='word_1_258' title='bbox 2762 1723 3109 1780; x_wconf 71' lang='lat' dir='ltr'><strong>«Iudaeorum</strong></span> <span class='ocrx_word' id='word_1_259' title='bbox 3128 1724 3504 1793; x_wconf 75' lang='lat' dir='ltr'><strong>habitabant,</strong></span> <span class='ocrx_word' id='word_1_260' title='bbox 3532 1726 3828 1784; x_wconf 70' lang='lat' dir='ltr'><strong>habentes</strong></span> 
     </span>
    </p>
   </div>
   <div class='ocr_carea' id='block_1_33' title="bbox 416 1814 2067 1888">
    <p class='ocr_par' dir='ltr' id='par_1_33' title="bbox 416 1814 2067 1888">
     <span class='ocr_line' id='line_1_33' title="bbox 416 1814 2067 1888; baseline 0.004 -21"><span class='ocrx_word' id='word_1_261' title='bbox 416 1818 715 1885; x_wconf 83' lang='lat' dir='ltr'><strong>sceptrum</strong></span> <span class='ocrx_word' id='word_1_262' title='bbox 745 1814 1039 1872; x_wconf 83' lang='lat' dir='ltr'><strong>Judatam</strong></span> <span class='ocrx_word' id='word_1_263' title='bbox 1069 1833 1389 1873; x_wconf 88' lang='lat' dir='ltr'><strong>commune</strong></span> <span class='ocrx_word' id='word_1_264' title='bbox 1419 1818 1633 1885; x_wconf 85' lang='lat' dir='ltr'><strong>facere,</strong></span> <span class='ocrx_word' id='word_1_265' title='bbox 1664 1835 1775 1875; x_wconf 90' lang='lat' dir='ltr'><strong>nec</strong></span> <span class='ocrx_word' id='word_1_266' title='bbox 1798 1824 1880 1875; x_wconf 91' lang='lat' dir='ltr'><strong>tot</strong></span> <span class='ocrx_word' id='word_1_267' title='bbox 1898 1834 2067 1888; x_wconf 87' lang='lat' dir='ltr'><strong>reges</strong></span> 
     </span>
    </p>
   </div>
   <div class='ocr_carea' id='block_1_34' title="bbox 414 1904 2067 1977">
    <p class='ocr_par' dir='ltr' id='par_1_34' title="bbox 414 1904 2067 1977">
     <span class='ocr_line' id='line_1_34' title="bbox 414 1904 2067 1977; baseline 0.004 -20"><span class='ocrx_word' id='word_1_268' title='bbox 414 1906 560 1974; x_wconf 89' lang='lat' dir='ltr'><strong>quot</strong></span> <span class='ocrx_word' id='word_1_269' title='bbox 590 1904 1046 1974; x_wconf 84' lang='lat' dir='ltr'><strong>patresfamilias</strong></span> <span class='ocrx_word' id='word_1_270' title='bbox 1074 1905 1135 1962; x_wconf 90' lang='lat' dir='ltr'><strong>in</strong></span> <span class='ocrx_word' id='word_1_271' title='bbox 1194 1922 1305 1963; x_wconf 89' lang='lat' dir='ltr'><strong>sua</strong></span> <span class='ocrx_word' id='word_1_272' title='bbox 1341 1911 1514 1975; x_wconf 90' lang='lat' dir='ltr'><strong>gente</strong></span> <span class='ocrx_word' id='word_1_273' title='bbox 1566 1922 1902 1977; x_wconf 75' lang='lat' dir='ltr'><strong>numerem,</strong></span> <span class='ocrx_word' id='word_1_274' title='bbox 1954 1924 2067 1963; x_wconf 91' lang='lat' dir='ltr'><strong>nu-</strong></span> 
     </span>
    </p>
   </div>
   <div class='ocr_carea' id='block_1_35' title="bbox 417 1992 2067 2067">
    <p class='ocr_par' dir='ltr' id='par_1_35' title="bbox 417 1992 2067 2067">
     <span class='ocr_line' id='line_1_35' title="bbox 417 1992 2067 2067; baseline 0.004 -24"><span class='ocrx_word' id='word_1_275' title='bbox 417 2004 636 2061; x_wconf 84' lang='lat' dir='ltr'><strong>squam</strong></span> <span class='ocrx_word' id='word_1_276' title='bbox 652 1995 789 2047; x_wconf 89' lang='lat' dir='ltr'><strong>ante</strong></span> <span class='ocrx_word' id='word_1_277' title='bbox 837 1992 1293 2067; x_wconf 87' lang='lat' dir='ltr'><strong>factum,neque</strong></span> <span class='ocrx_word' id='word_1_278' title='bbox 1339 1996 1736 2067; x_wconf 87' lang='lat' dir='ltr'><strong>patriarcham</strong></span> <span class='ocrx_word' id='word_1_279' title='bbox 1764 2012 1942 2051; x_wconf 90' lang='lat' dir='ltr'><strong>suum</strong></span> <span class='ocrx_word' id='word_1_280' title='bbox 1985 1994 2067 2050; x_wconf 89' lang='lat' dir='ltr'><strong>ita</strong></span> 
     </span>
    </p>
   </div>
   <div class='ocr_carea' id='block_1_36' title="bbox 415 2077 2067 2153">
    <p class='ocr_par' dir='ltr' id='par_1_36' title="bbox 415 2077 2067 2153">
     <span class='ocr_line' id='line_1_36' title="bbox 415 2077 2067 2153; baseline 0.002 -19"><span class='ocrx_word' id='word_1_281' title='bbox 415 2077 668 2135; x_wconf 86' lang='lat' dir='ltr'><strong>delirum</strong></span> <span class='ocrx_word' id='word_1_282' title='bbox 694 2080 943 2152; x_wconf 87' lang='lat' dir='ltr'><strong>ﬁngere,</strong></span> <span class='ocrx_word' id='word_1_283' title='bbox 974 2088 1040 2139; x_wconf 89' lang='lat' dir='ltr'><strong>ut</strong></span> <span class='ocrx_word' id='word_1_284' title='bbox 1067 2084 1427 2153; x_wconf 62' lang='lat' dir='ltr'><strong>grandaevus</strong></span> <span class='ocrx_word' id='word_1_285' title='bbox 1454 2100 1635 2139; x_wconf 81' lang='lat' dir='ltr'><strong>senex</strong></span> <span class='ocrx_word' id='word_1_286' title='bbox 1660 2100 1805 2139; x_wconf 90' lang='lat' dir='ltr'><strong>mox</strong></span> <span class='ocrx_word' id='word_1_287' title='bbox 1824 2083 2067 2139; x_wconf 90' lang='lat' dir='ltr'><strong>moritu-</strong></span> 
     </span>
    </p>
   </div>
   <div class='ocr_carea' id='block_1_37' title="bbox 418 2170 2067 2242">
    <p class='ocr_par' dir='ltr' id='par_1_37' title="bbox 418 2170 2067 2242">
     <span class='ocr_line' id='line_1_37' title="bbox 418 2170 2067 2242; baseline 0.002 -21"><span class='ocrx_word' id='word_1_288' title='bbox 418 2182 520 2221; x_wconf 86' lang='lat' dir='ltr'><strong>rus</strong></span> <span class='ocrx_word' id='word_1_289' title='bbox 549 2184 808 2239; x_wconf 88' lang='lat' dir='ltr'><strong>magnas</strong></span> <span class='ocrx_word' id='word_1_290' title='bbox 828 2187 1024 2242; x_wconf 86' lang='lat' dir='ltr'><strong>nugas</strong></span> <span class='ocrx_word' id='word_1_291' title='bbox 1053 2188 1191 2228; x_wconf 91' lang='lat' dir='ltr'><strong>cum</strong></span> <span class='ocrx_word' id='word_1_292' title='bbox 1223 2186 1449 2241; x_wconf 86' lang='lat' dir='ltr'><strong>magno</strong></span> <span class='ocrx_word' id='word_1_293' title='bbox 1478 2176 1699 2227; x_wconf 89' lang='lat' dir='ltr'><strong>conatu</strong></span> <span class='ocrx_word' id='word_1_294' title='bbox 1725 2170 2067 2242; x_wconf 85' lang='lat' dir='ltr'><strong>prolaturus</strong></span> 
     </span>
    </p>
   </div>
   <div class='ocr_carea' id='block_1_38' title="bbox 417 2254 2071 2335">
    <p class='ocr_par' dir='ltr' id='par_1_38' title="bbox 417 2254 2071 2335">
     <span class='ocr_line' id='line_1_38' title="bbox 417 2254 2071 2335; baseline 0.003 -26"><span class='ocrx_word' id='word_1_295' title='bbox 417 2254 639 2313; x_wconf 88' lang='lat' dir='ltr'><strong>diceret</strong></span> <span class='ocrx_word' id='word_1_296' title='bbox 671 2277 683 2314; x_wconf 91' lang='lat'><strong>:</strong></span> <span class='ocrx_word' id='word_1_297' title='bbox 713 2261 1195 2335; x_wconf 80' lang='lat' dir='ltr'><strong>Congregamini,</strong></span> <span class='ocrx_word' id='word_1_298' title='bbox 1224 2262 1361 2327; x_wconf 72' lang='lat' dir='ltr'><strong>ﬁlii,</strong></span> <span class='ocrx_word' id='word_1_299' title='bbox 1380 2264 1437 2315; x_wconf 90' lang='lat' dir='ltr'><strong>et</strong></span> <span class='ocrx_word' id='word_1_300' title='bbox 1456 2263 1686 2315; x_wconf 77' lang='lat' dir='ltr'><strong>caetera.</strong></span> <span class='ocrx_word' id='word_1_301' title='bbox 1708 2262 1849 2314; x_wconf 89' lang='lat' dir='ltr'><strong>Item</strong></span> <span class='ocrx_word' id='word_1_302' title='bbox 1867 2259 1915 2314; x_wconf 91' lang='lat' dir='ltr'><strong>si</strong></span> <span class='ocrx_word' id='word_1_303' title='bbox 1935 2274 2071 2331; x_wconf 84' lang='lat' dir='ltr'><strong>pro-</strong></span> 
     </span>
    </p>
   </div>
   <div class='ocr_carea' id='block_1_39' title="bbox 416 2344 2069 2420">
    <p class='ocr_par' dir='ltr' id='par_1_39' title="bbox 416 2344 2069 2420">
     <span class='ocr_line' id='line_1_39' title="bbox 416 2344 2069 2420; baseline 0.002 -19"><span class='ocrx_word' id='word_1_304' title='bbox 416 2344 618 2417; x_wconf 87' lang='lat' dir='ltr'><strong>phetia</strong></span> <span class='ocrx_word' id='word_1_305' title='bbox 638 2347 740 2405; x_wconf 91' lang='lat' dir='ltr'><strong>illa</strong></span> <span class='ocrx_word' id='word_1_306' title='bbox 772 2350 858 2406; x_wconf 90' lang='lat' dir='ltr'><strong>sic</strong></span> <span class='ocrx_word' id='word_1_307' title='bbox 882 2348 1267 2418; x_wconf 88' lang='lat' dir='ltr'><strong>intelligenda</strong></span> <span class='ocrx_word' id='word_1_308' title='bbox 1280 2352 1392 2415; x_wconf 89' lang='lat' dir='ltr'><strong>est,</strong></span> <span class='ocrx_word' id='word_1_309' title='bbox 1410 2347 1556 2420; x_wconf 87' lang='lat' dir='ltr'><strong>quid</strong></span> <span class='ocrx_word' id='word_1_310' title='bbox 1582 2347 1957 2419; x_wconf 86' lang='lat' dir='ltr'><strong>prophetavit</strong></span> <span class='ocrx_word' id='word_1_311' title='bbox 1974 2348 2069 2405; x_wconf 89' lang='lat' dir='ltr'><strong>ille</strong></span> 
     </span>
    </p>
   </div>
   <div class='ocr_carea' id='block_1_40' title="bbox 417 2434 2069 2509">
    <p class='ocr_par' dir='ltr' id='par_1_40' title="bbox 417 2434 2069 2509">
     <span class='ocr_line' id='line_1_40' title="bbox 417 2434 2069 2509; baseline 0.001 -19"><span class='ocrx_word' id='word_1_312' title='bbox 417 2435 756 2506; x_wconf 86' lang='lat' dir='ltr'><strong>patriarcha</strong></span> <span class='ocrx_word' id='word_1_313' title='bbox 783 2439 906 2495; x_wconf 84' lang='lat' dir='ltr'><strong>suis</strong></span> <span class='ocrx_word' id='word_1_314' title='bbox 928 2437 1205 2503; x_wconf 64' lang='lat' dir='ltr'><strong>Hebrteis,</strong></span> <span class='ocrx_word' id='word_1_315' title='bbox 1227 2434 1393 2507; x_wconf 90' lang='lat' dir='ltr'><strong>quod</strong></span> <span class='ocrx_word' id='word_1_316' title='bbox 1424 2434 1781 2507; x_wconf 85' lang='lat' dir='ltr'><strong>prophetare</strong></span> <span class='ocrx_word' id='word_1_317' title='bbox 1796 2451 1917 2491; x_wconf 90' lang='lat' dir='ltr'><strong>non</strong></span> <span class='ocrx_word' id='word_1_318' title='bbox 1929 2451 2069 2509; x_wconf 86' lang='lat' dir='ltr'><strong>pos-</strong></span> 
     </span>
    </p>
   </div>
   <div class='ocr_carea' id='block_1_41' title="bbox 418 2522 2069 2598">
    <p class='ocr_par' dir='ltr' id='par_1_41' title="bbox 418 2522 2069 2598">
     <span class='ocr_line' id='line_1_41' title="bbox 418 2522 2069 2598; baseline 0.002 -21"><span class='ocrx_word' id='word_1_319' title='bbox 418 2527 506 2579; x_wconf 89' lang='lat' dir='ltr'><strong>set</strong></span> <span class='ocrx_word' id='word_1_320' title='bbox 531 2525 782 2597; x_wconf 88' lang='lat' dir='ltr'><strong>quilibet</strong></span> <span class='ocrx_word' id='word_1_321' title='bbox 809 2525 1039 2598; x_wconf 79' lang='lat' dir='ltr'><strong>gentilis</strong></span> <span class='ocrx_word' id='word_1_322' title='bbox 1082 2522 1310 2579; x_wconf 72' lang='lat' dir='ltr'><strong>caeteris</strong></span> <span class='ocrx_word' id='word_1_323' title='bbox 1354 2522 1656 2593; x_wconf 86' lang='lat' dir='ltr'><strong>paganis?</strong></span> <span class='ocrx_word' id='word_1_324' title='bbox 1683 2538 1880 2596; x_wconf 90' lang='lat' dir='ltr'><strong>neque</strong></span> <span class='ocrx_word' id='word_1_325' title='bbox 1909 2524 2069 2581; x_wconf 90' lang='lat' dir='ltr'><strong>enim</strong></span> 
     </span>
    </p>
   </div>
   <div class='ocr_carea' id='block_1_42' title="bbox 420 2610 2067 2685">
    <p class='ocr_par' dir='ltr' id='par_1_42' title="bbox 420 2610 2067 2685">
     <span class='ocr_line' id='line_1_42' title="bbox 420 2610 2067 2685; baseline 0.002 -18"><span class='ocrx_word' id='word_1_326' title='bbox 420 2611 680 2671; x_wconf 85' lang='lat' dir='ltr'><strong>defuturi</strong></span> <span class='ocrx_word' id='word_1_327' title='bbox 705 2619 878 2673; x_wconf 78' lang='lat' dir='ltr'><strong>erant</strong></span> <span class='ocrx_word' id='word_1_328' title='bbox 905 2614 988 2670; x_wconf 79' lang='lat' dir='ltr'><strong>eis</strong></span> <span class='ocrx_word' id='word_1_329' title='bbox 1013 2610 1477 2685; x_wconf 85' lang='lat' dir='ltr'><strong>patresfamilias</strong></span> <span class='ocrx_word' id='word_1_330' title='bbox 1508 2628 1699 2683; x_wconf 91' lang='lat' dir='ltr'><strong>usque</strong></span> <span class='ocrx_word' id='word_1_331' title='bbox 1746 2612 1824 2668; x_wconf 90' lang='lat' dir='ltr'><strong>ad</strong></span> <span class='ocrx_word' id='word_1_332' title='bbox 1862 2612 2067 2670; x_wconf 88' lang='lat' dir='ltr'><strong>ﬁnem.</strong></span> 
     </span>
    </p>
   </div>
   <div class='ocr_carea' id='block_1_43' title="bbox 422 2698 2071 2776">
    <p class='ocr_par' dir='ltr' id='par_1_43' title="bbox 422 2698 2071 2776">
     <span class='ocr_line' id='line_1_43' title="bbox 422 2698 2071 2776; baseline 0.001 -20"><span class='ocrx_word' id='word_1_333' title='bbox 422 2704 564 2759; x_wconf 88' lang='lat' dir='ltr'><strong>Item</strong></span> <span class='ocrx_word' id='word_1_334' title='bbox 581 2704 686 2776; x_wconf 91' lang='lat' dir='ltr'><strong>qui</strong></span> <span class='ocrx_word' id='word_1_335' title='bbox 709 2704 792 2761; x_wconf 88' lang='lat' dir='ltr'><strong>sic</strong></span> <span class='ocrx_word' id='word_1_336' title='bbox 810 2700 1073 2775; x_wconf 81' lang='lat' dir='ltr'><strong>exponit,</strong></span> <span class='ocrx_word' id='word_1_337' title='bbox 1099 2698 1268 2769; x_wconf 88' lang='lat' dir='ltr'><strong>regni</strong></span> <span class='ocrx_word' id='word_1_338' title='bbox 1283 2699 1658 2769; x_wconf 88' lang='lat' dir='ltr'><strong>majestatem</strong></span> <span class='ocrx_word' id='word_1_339' title='bbox 1685 2700 1919 2767; x_wconf 90' lang='lat' dir='ltr'><strong>minuit,</strong></span> <span class='ocrx_word' id='word_1_340' title='bbox 1936 2718 2071 2774; x_wconf 87' lang='lat' dir='ltr'><strong>pro-</strong></span> 
     </span>
    </p>
   </div>
   <div class='ocr_carea' id='block_1_44' title="bbox 419 2787 2068 2863">
    <p class='ocr_par' dir='ltr' id='par_1_44' title="bbox 419 2787 2068 2863">
     <span class='ocr_line' id='line_1_44' title="bbox 419 2787 2068 2863; baseline 0.001 -16"><span class='ocrx_word' id='word_1_341' title='bbox 419 2790 633 2863; x_wconf 74' lang='lat' dir='ltr'><strong>phetire</strong></span> <span class='ocrx_word' id='word_1_342' title='bbox 661 2793 928 2861; x_wconf 87' lang='lat' dir='ltr'><strong>derogat,</strong></span> <span class='ocrx_word' id='word_1_343' title='bbox 961 2791 1187 2845; x_wconf 90' lang='lat' dir='ltr'><strong>certum</strong></span> <span class='ocrx_word' id='word_1_344' title='bbox 1215 2787 1290 2843; x_wconf 92' lang='lat' dir='ltr'><strong>de</strong></span> <span class='ocrx_word' id='word_1_345' title='bbox 1314 2787 1575 2844; x_wconf 89' lang='lat' dir='ltr'><strong>adventu</strong></span> <span class='ocrx_word' id='word_1_346' title='bbox 1597 2789 1808 2845; x_wconf 90' lang='lat' dir='ltr'><strong>Christi</strong></span> <span class='ocrx_word' id='word_1_347' title='bbox 1831 2791 2068 2861; x_wconf 88' lang='lat' dir='ltr'><strong>signum</strong></span> 
     </span>
    </p>
   </div>
   <div class='ocr_carea' id='block_1_45' title="bbox 421 2877 2071 2949">
    <p class='ocr_par' dir='ltr' id='par_1_45' title="bbox 421 2877 2071 2949">
     <span class='ocr_line' id='line_1_45' title="bbox 421 2877 2071 2949; baseline 0.001 -14"><span class='ocrx_word' id='word_1_348' title='bbox 421 2893 546 2938; x_wconf 87' lang='lat' dir='ltr'><strong>non</strong></span> <span class='ocrx_word' id='word_1_349' title='bbox 574 2882 696 2949; x_wconf 90' lang='lat' dir='ltr'><strong>dat,</strong></span> <span class='ocrx_word' id='word_1_350' title='bbox 726 2879 840 2936; x_wconf 84' lang='lat' dir='ltr'><strong>nisi</strong></span> <span class='ocrx_word' id='word_1_351' title='bbox 892 2878 1191 2933; x_wconf 90' lang='lat' dir='ltr'><strong>bonorum</strong></span> <span class='ocrx_word' id='word_1_352' title='bbox 1222 2877 1493 2933; x_wconf 91' lang='lat' dir='ltr'><strong>omnium</strong></span> <span class='ocrx_word' id='word_1_353' title='bbox 1532 2878 1854 2936; x_wconf 89' lang='lat' dir='ltr'><strong>interitum.</strong></span> <span class='ocrx_word' id='word_1_354' title='bbox 1893 2880 2071 2937; x_wconf 81' lang='lat' dir='ltr'><strong>Aliter</strong></span> 
     </span>
    </p>
   </div>
   <div class='ocr_carea' id='block_1_46' title="bbox 418 2965 2070 3040">
    <p class='ocr_par' dir='ltr' id='par_1_46' title="bbox 418 2965 2070 3040">
     <span class='ocr_line' id='line_1_46' title="bbox 418 2965 2070 3040; baseline 0.002 -18"><span class='ocrx_word' id='word_1_355' title='bbox 418 2983 530 3023; x_wconf 89' lang='lat' dir='ltr'><strong>nos</strong></span> <span class='ocrx_word' id='word_1_356' title='bbox 556 2968 753 3039; x_wconf 77' lang='lat' dir='ltr'><strong>primo</strong></span> <span class='ocrx_word' id='word_1_357' title='bbox 782 2966 1236 3039; x_wconf 88' lang='lat' dir='ltr'><strong>respondemus,</strong></span> <span class='ocrx_word' id='word_1_358' title='bbox 1262 2965 1402 3037; x_wconf 87' lang='lat' dir='ltr'><strong>quia</strong></span> <span class='ocrx_word' id='word_1_359' title='bbox 1431 2966 1588 3022; x_wconf 90' lang='lat' dir='ltr'><strong>male</strong></span> <span class='ocrx_word' id='word_1_360' title='bbox 1608 2966 2070 3040; x_wconf 88' lang='lat' dir='ltr'><strong>interpretantur</strong></span> 
     </span>
    </p>
   </div>
   <div class='ocr_carea' id='block_1_47' title="bbox 421 3052 2069 3126">
    <p class='ocr_par' dir='ltr' id='par_1_47' title="bbox 421 3052 2069 3126">
     <span class='ocr_line' id='line_1_47' title="bbox 421 3052 2069 3126; baseline 0.003 -18"><span class='ocrx_word' id='word_1_361' title='bbox 421 3054 803 3126; x_wconf 87' lang='lat' dir='ltr'><strong>prophetiam</strong></span> <span class='ocrx_word' id='word_1_362' title='bbox 850 3054 1029 3121; x_wconf 84' lang='lat' dir='ltr'><strong>hanc,</strong></span> <span class='ocrx_word' id='word_1_363' title='bbox 1080 3052 1454 3122; x_wconf 85' lang='lat' dir='ltr'><strong>singulariter</strong></span> <span class='ocrx_word' id='word_1_364' title='bbox 1492 3054 1653 3109; x_wconf 92' lang='lat' dir='ltr'><strong>enim</strong></span> <span class='ocrx_word' id='word_1_365' title='bbox 1696 3056 2069 3113; x_wconf 88' lang='lat' dir='ltr'><strong>enuntiatum</strong></span> 
     </span>
    </p>
   </div>
   <div class='ocr_carea' id='block_1_48' title="bbox 420 3140 2070 3215">
    <p class='ocr_par' dir='ltr' id='par_1_48' title="bbox 420 3140 2070 3215">
     <span class='ocr_line' id='line_1_48' title="bbox 420 3140 2070 3215; baseline 0.004 -19"><span class='ocrx_word' id='word_1_366' title='bbox 420 3146 721 3212; x_wconf 88' lang='lat' dir='ltr'><strong>sceptrum</strong></span> <span class='ocrx_word' id='word_1_367' title='bbox 742 3141 931 3212; x_wconf 89' lang='lat' dir='ltr'><strong>regni,</strong></span> <span class='ocrx_word' id='word_1_368' title='bbox 964 3140 1270 3214; x_wconf 87' lang='lat' dir='ltr'><strong>pluraliter</strong></span> <span class='ocrx_word' id='word_1_369' title='bbox 1320 3143 1697 3215; x_wconf 90' lang='lat' dir='ltr'><strong>exponendo,</strong></span> <span class='ocrx_word' id='word_1_370' title='bbox 1732 3143 1794 3199; x_wconf 90' lang='lat' dir='ltr'><strong>in</strong></span> <span class='ocrx_word' id='word_1_371' title='bbox 1820 3144 2070 3201; x_wconf 89' lang='lat' dir='ltr'><strong>baculos</strong></span> 
     </span>
    </p>
   </div>
   <div class='ocr_carea' id='block_1_49' title="bbox 418 3230 2072 3306">
    <p class='ocr_par' dir='ltr' id='par_1_49' title="bbox 418 3230 2072 3306">
     <span class='ocr_line' id='line_1_49' title="bbox 418 3230 2072 3306; baseline 0.003 -20"><span class='ocrx_word' id='word_1_372' title='bbox 418 3230 793 3303; x_wconf 86' lang='lat' dir='ltr'><strong>privatorum</strong></span> <span class='ocrx_word' id='word_1_373' title='bbox 816 3230 1127 3304; x_wconf 87' lang='lat' dir='ltr'><strong>dissipant.</strong></span> <span class='ocrx_word' id='word_1_374' title='bbox 1160 3232 1371 3304; x_wconf 91' lang='lat' dir='ltr'><strong>Sicque</strong></span> <span class='ocrx_word' id='word_1_375' title='bbox 1396 3231 1665 3287; x_wconf 87' lang='lat' dir='ltr'><strong>adultera</strong></span> <span class='ocrx_word' id='word_1_376' title='bbox 1687 3238 1918 3306; x_wconf 88' lang='lat' dir='ltr'><strong>sceptra</strong></span> <span class='ocrx_word' id='word_1_377' title='bbox 1940 3250 2072 3291; x_wconf 84' lang='lat' dir='ltr'><strong>san-</strong></span> 
     </span>
    </p>
   </div>
   <div class='ocr_carea' id='block_1_50' title="bbox 418 3319 2071 3394">
    <p class='ocr_par' dir='ltr' id='par_1_50' title="bbox 418 3319 2071 3394">
     <span class='ocr_line' id='line_1_50' title="bbox 418 3319 2071 3394; baseline 0.002 -19"><span class='ocrx_word' id='word_1_378' title='bbox 418 3322 579 3375; x_wconf 87' lang='lat' dir='ltr'><strong>ctum</strong></span> <span class='ocrx_word' id='word_1_379' title='bbox 605 3323 663 3375; x_wconf 87' lang='lat' dir='ltr'><strong>et</strong></span> <span class='ocrx_word' id='word_1_380' title='bbox 689 3319 936 3393; x_wconf 90' lang='lat' dir='ltr'><strong>plenum</strong></span> <span class='ocrx_word' id='word_1_381' title='bbox 969 3324 1086 3377; x_wconf 92' lang='lat' dir='ltr'><strong>Deo</strong></span> <span class='ocrx_word' id='word_1_382' title='bbox 1113 3322 1473 3394; x_wconf 87' lang='lat' dir='ltr'><strong>prophetam</strong></span> <span class='ocrx_word' id='word_1_383' title='bbox 1504 3326 1568 3377; x_wconf 89' lang='lat' dir='ltr'><strong>ut</strong></span> <span class='ocrx_word' id='word_1_384' title='bbox 1591 3321 1823 3378; x_wconf 88' lang='lat' dir='ltr'><strong>fatuum</strong></span> <span class='ocrx_word' id='word_1_385' title='bbox 1854 3327 1909 3379; x_wconf 89' lang='lat' dir='ltr'><strong>et</strong></span> <span class='ocrx_word' id='word_1_386' title='bbox 1929 3324 2071 3380; x_wconf 85' lang='lat' dir='ltr'><strong>deli-</strong></span> 
     </span>
    </p>
   </div>
   <div class='ocr_carea' id='block_1_51' title="bbox 416 3410 2071 3484">
    <p class='ocr_par' dir='ltr' id='par_1_51' title="bbox 416 3410 2071 3484">
     <span class='ocr_line' id='line_1_51' title="bbox 416 3410 2071 3484; baseline 0.004 -21"><span class='ocrx_word' id='word_1_387' title='bbox 416 3424 552 3464; x_wconf 88' lang='lat' dir='ltr'><strong>rum</strong></span> <span class='ocrx_word' id='word_1_388' title='bbox 584 3425 788 3467; x_wconf 89' lang='lat' dir='ltr'><strong>senem</strong></span> <span class='ocrx_word' id='word_1_389' title='bbox 818 3411 1081 3484; x_wconf 87' lang='lat' dir='ltr'><strong>reputari</strong></span> <span class='ocrx_word' id='word_1_390' title='bbox 1111 3410 1495 3483; x_wconf 90' lang='lat' dir='ltr'><strong>compellunt.</strong></span> <span class='ocrx_word' id='word_1_391' title='bbox 1531 3411 1683 3477; x_wconf 86' lang='lat' dir='ltr'><strong>Quid</strong></span> <span class='ocrx_word' id='word_1_392' title='bbox 1712 3411 1872 3468; x_wconf 90' lang='lat' dir='ltr'><strong>enim</strong></span> <span class='ocrx_word' id='word_1_393' title='bbox 1893 3414 2071 3470; x_wconf 90' lang='lat' dir='ltr'><strong>Israel</strong></span> 
     </span>
    </p>
   </div>
   <div class='ocr_carea' id='block_1_52' title="bbox 418 3499 2069 3575">
    <p class='ocr_par' dir='ltr' id='par_1_52' title="bbox 418 3499 2069 3575">
     <span class='ocr_line' id='line_1_52' title="bbox 418 3499 2069 3575; baseline 0.004 -21"><span class='ocrx_word' id='word_1_394' title='bbox 418 3500 813 3572; x_wconf 86' lang='lat' dir='ltr'><strong>prophetasse</strong></span> <span class='ocrx_word' id='word_1_395' title='bbox 842 3501 1140 3557; x_wconf 87' lang='lat' dir='ltr'><strong>videretur</strong></span> <span class='ocrx_word' id='word_1_396' title='bbox 1171 3501 1294 3555; x_wconf 88' lang='lat' dir='ltr'><strong>suis</strong></span> <span class='ocrx_word' id='word_1_397' title='bbox 1321 3499 1599 3570; x_wconf 85' lang='lat' dir='ltr'><strong>Hebraeis,</strong></span> <span class='ocrx_word' id='word_1_398' title='bbox 1624 3502 1791 3575; x_wconf 91' lang='lat' dir='ltr'><strong>quod</strong></span> <span class='ocrx_word' id='word_1_399' title='bbox 1808 3504 2069 3575; x_wconf 86' lang='lat' dir='ltr'><strong>prophe-</strong></span> 
     </span>
    </p>
   </div>
   <div class='ocr_carea' id='block_1_53' title="bbox 415 3589 2068 3663">
    <p class='ocr_par' dir='ltr' id='par_1_53' title="bbox 415 3589 2068 3663">
     <span class='ocr_line' id='line_1_53' title="bbox 415 3589 2068 3663; baseline 0.002 -19"><span class='ocrx_word' id='word_1_400' title='bbox 415 3592 540 3645; x_wconf 85' lang='lat' dir='ltr'><strong>tare</strong></span> <span class='ocrx_word' id='word_1_401' title='bbox 571 3605 693 3646; x_wconf 90' lang='lat' dir='ltr'><strong>non</strong></span> <span class='ocrx_word' id='word_1_402' title='bbox 724 3593 927 3663; x_wconf 86' lang='lat' dir='ltr'><strong>posset</strong></span> <span class='ocrx_word' id='word_1_403' title='bbox 950 3589 1201 3663; x_wconf 89' lang='lat' dir='ltr'><strong>quilibet</strong></span> <span class='ocrx_word' id='word_1_404' title='bbox 1226 3591 1484 3657; x_wconf 70' lang='lat' dir='ltr'><strong>Gnaeus,</strong></span> <span class='ocrx_word' id='word_1_405' title='bbox 1512 3590 1775 3657; x_wconf 89' lang='lat' dir='ltr'><strong>Latinus,</strong></span> <span class='ocrx_word' id='word_1_406' title='bbox 1810 3596 1911 3647; x_wconf 88' lang='lat' dir='ltr'><strong>aut</strong></span> <span class='ocrx_word' id='word_1_407' title='bbox 1929 3591 2068 3648; x_wconf 83' lang='lat' dir='ltr'><strong>bar-</strong></span> 
     </span>
    </p>
   </div>
   <div class='ocr_carea' id='block_1_54' title="bbox 415 3678 2071 3753">
    <p class='ocr_par' dir='ltr' id='par_1_54' title="bbox 415 3678 2071 3753">
     <span class='ocr_line' id='line_1_54' title="bbox 415 3678 2071 3753; baseline 0.002 -19"><span class='ocrx_word' id='word_1_408' title='bbox 415 3678 601 3735; x_wconf 89' lang='lat' dir='ltr'><strong>barus</strong></span> <span class='ocrx_word' id='word_1_409' title='bbox 622 3679 782 3749; x_wconf 88' lang='lat' dir='ltr'><strong>genti</strong></span> <span class='ocrx_word' id='word_1_410' title='bbox 832 3679 1000 3735; x_wconf 65' lang='lat' dir='ltr'><strong>sua)?</strong></span> <span class='ocrx_word' id='word_1_411' title='bbox 1030 3681 1297 3752; x_wconf 89' lang='lat' dir='ltr'><strong>Sequens</strong></span> <span class='ocrx_word' id='word_1_412' title='bbox 1322 3679 1588 3751; x_wconf 89' lang='lat' dir='ltr'><strong>profecto</strong></span> <span class='ocrx_word' id='word_1_413' title='bbox 1646 3679 1797 3735; x_wconf 87' lang='lat' dir='ltr'><strong>sicut</strong></span> <span class='ocrx_word' id='word_1_414' title='bbox 1840 3680 2071 3753; x_wconf 91' lang='lat' dir='ltr'><strong>primus</strong></span> 
     </span>
    </p>
   </div>
   <div class='ocr_carea' id='block_1_55' title="bbox 413 3768 2070 3843">
    <p class='ocr_par' dir='ltr' id='par_1_55' title="bbox 413 3768 2070 3843">
     <span class='ocr_line' id='line_1_55' title="bbox 413 3768 2070 3843; baseline 0.001 -17"><span class='ocrx_word' id='word_1_415' title='bbox 413 3769 594 3843; x_wconf 86' lang='lat' dir='ltr'><strong>plane</strong></span> <span class='ocrx_word' id='word_1_416' title='bbox 623 3770 855 3841; x_wconf 89' lang='lat' dir='ltr'><strong>satagit,</strong></span> <span class='ocrx_word' id='word_1_417' title='bbox 905 3773 972 3825; x_wconf 91' lang='lat' dir='ltr'><strong>ut</strong></span> <span class='ocrx_word' id='word_1_418' title='bbox 1013 3769 1268 3826; x_wconf 89' lang='lat' dir='ltr'><strong>salutem</strong></span> <span class='ocrx_word' id='word_1_419' title='bbox 1311 3768 1733 3841; x_wconf 89' lang='lat' dir='ltr'><strong>perpetualiter</strong></span> <span class='ocrx_word' id='word_1_420' title='bbox 1779 3770 2070 3828; x_wconf 88' lang='lat' dir='ltr'><strong>adventus</strong></span> 
     </span>
    </p>
   </div>
   <div class='ocr_carea' id='block_1_56' title="bbox 416 3857 2070 3930">
    <p class='ocr_par' dir='ltr' id='par_1_56' title="bbox 416 3857 2070 3930">
     <span class='ocr_line' id='line_1_56' title="bbox 416 3857 2070 3930; baseline 0.001 -14"><span class='ocrx_word' id='word_1_421' title='bbox 416 3860 624 3916; x_wconf 89' lang='lat' dir='ltr'><strong>Christi</strong></span> <span class='ocrx_word' id='word_1_422' title='bbox 653 3859 913 3928; x_wconf 76' lang='lat' dir='ltr'><strong>effugere</strong></span> <span class='ocrx_word' id='word_1_423' title='bbox 937 3858 1143 3930; x_wconf 90' lang='lat' dir='ltr'><strong>possit.</strong></span> <span class='ocrx_word' id='word_1_424' title='bbox 1176 3857 1235 3915; x_wconf 89' lang='lat' dir='ltr'><strong>Si</strong></span> <span class='ocrx_word' id='word_1_425' title='bbox 1260 3858 1434 3914; x_wconf 87' lang='lat' dir='ltr'><strong>sciret</strong></span> <span class='ocrx_word' id='word_1_426' title='bbox 1455 3859 1693 3930; x_wconf 90' lang='lat' dir='ltr'><strong>uspiam</strong></span> <span class='ocrx_word' id='word_1_427' title='bbox 1708 3874 1837 3915; x_wconf 88' lang='lat' dir='ltr'><strong>esse</strong></span> <span class='ocrx_word' id='word_1_428' title='bbox 1867 3875 2070 3929; x_wconf 88' lang='lat' dir='ltr'><strong>regem</strong></span> 
     </span>
    </p>
   </div>
   <div class='ocr_carea' id='block_1_57' title="bbox 416 3945 2067 4021">
    <p class='ocr_par' dir='ltr' id='par_1_57' title="bbox 416 3945 2067 4021">
     <span class='ocr_line' id='line_1_57' title="bbox 416 3945 2067 4021; baseline 0 -18"><span class='ocrx_word' id='word_1_429' title='bbox 416 3964 489 4003; x_wconf 84' lang='lat' dir='ltr'><strong>ex</strong></span> <span class='ocrx_word' id='word_1_430' title='bbox 516 3947 756 4013; x_wconf 77' lang='lat' dir='ltr'><strong>Iudaeis,</strong></span> <span class='ocrx_word' id='word_1_431' title='bbox 785 3946 1031 4014; x_wconf 89' lang='lat' dir='ltr'><strong>negabit</strong></span> <span class='ocrx_word' id='word_1_432' title='bbox 1058 3945 1293 4001; x_wconf 89' lang='lat' dir='ltr'><strong>venisse</strong></span> <span class='ocrx_word' id='word_1_433' title='bbox 1324 3948 1615 4002; x_wconf 89' lang='lat' dir='ltr'><strong>Christum</strong></span> <span class='ocrx_word' id='word_1_434' title='bbox 1634 3947 1779 4019; x_wconf 90' lang='lat' dir='ltr'><strong>quia</strong></span> <span class='ocrx_word' id='word_1_435' title='bbox 1802 3963 1924 4002; x_wconf 89' lang='lat' dir='ltr'><strong>non</strong></span> <span class='ocrx_word' id='word_1_436' title='bbox 1953 3965 2067 4021; x_wconf 90' lang='lat' dir='ltr'><strong>pu-</strong></span> 
     </span>
    </p>
   </div>
   <div class='ocr_carea' id='block_1_58' title="bbox 418 4033 2074 4107">
    <p class='ocr_par' dir='ltr' id='par_1_58' title="bbox 418 4033 2074 4107">
     <span class='ocr_line' id='line_1_58' title="bbox 418 4033 2074 4107; baseline 0.001 -16"><span class='ocrx_word' id='word_1_437' title='bbox 418 4033 564 4091; x_wconf 89' lang='lat' dir='ltr'><strong>tabit</strong></span> <span class='ocrx_word' id='word_1_438' title='bbox 592 4033 862 4090; x_wconf 88' lang='lat' dir='ltr'><strong>ablatum</strong></span> <span class='ocrx_word' id='word_1_439' title='bbox 887 4050 1015 4090; x_wconf 90' lang='lat' dir='ltr'><strong>esse</strong></span> <span class='ocrx_word' id='word_1_440' title='bbox 1056 4034 1356 4107; x_wconf 87' lang='lat' dir='ltr'><strong>sceptrum</strong></span> <span class='ocrx_word' id='word_1_441' title='bbox 1386 4035 1459 4089; x_wconf 93' lang='lat' dir='ltr'><strong>de</strong></span> <span class='ocrx_word' id='word_1_442' title='bbox 1490 4035 1673 4102; x_wconf 84' lang='lat' dir='ltr'><strong>Iuda;</strong></span> <span class='ocrx_word' id='word_1_443' title='bbox 1707 4035 1755 4090; x_wconf 92' lang='lat' dir='ltr'><strong>si</strong></span> <span class='ocrx_word' id='word_1_444' title='bbox 1798 4036 2074 4092; x_wconf 89' lang='lat' dir='ltr'><strong>nescierit</strong></span> 
     </span>
    </p>
   </div>
   <div class='ocr_carea' id='block_1_59' title="bbox 416 4121 2073 4194">
    <p class='ocr_par' dir='ltr' id='par_1_59' title="bbox 416 4121 2073 4194">
     <span class='ocr_line' id='line_1_59' title="bbox 416 4121 2073 4194; baseline 0.001 -15"><span class='ocrx_word' id='word_1_445' title='bbox 416 4122 791 4179; x_wconf 90' lang='lat' dir='ltr'><strong>tantumdem</strong></span> <span class='ocrx_word' id='word_1_446' title='bbox 820 4121 1059 4191; x_wconf 88' lang='lat' dir='ltr'><strong>valebit,</strong></span> <span class='ocrx_word' id='word_1_447' title='bbox 1088 4122 1231 4194; x_wconf 91' lang='lat' dir='ltr'><strong>quia</strong></span> <span class='ocrx_word' id='word_1_448' title='bbox 1274 4121 1410 4179; x_wconf 92' lang='lat' dir='ltr'><strong>licet</strong></span> <span class='ocrx_word' id='word_1_449' title='bbox 1436 4123 1681 4193; x_wconf 91' lang='lat' dir='ltr'><strong>nesciat,</strong></span> <span class='ocrx_word' id='word_1_450' title='bbox 1714 4122 1819 4179; x_wconf 91' lang='lat' dir='ltr'><strong>ubi</strong></span> <span class='ocrx_word' id='word_1_451' title='bbox 1871 4127 2073 4180; x_wconf 88' lang='lat' dir='ltr'><strong>tamen</strong></span> 
     </span>
    </p>
   </div>
   <div class='ocr_carea' id='block_1_60' title="bbox 418 4209 2075 4279">
    <p class='ocr_par' dir='ltr' id='par_1_60' title="bbox 418 4209 2075 4279">
     <span class='ocr_line' id='line_1_60' title="bbox 418 4209 2075 4279; baseline 0.001 -11"><span class='ocrx_word' id='word_1_452' title='bbox 418 4212 616 4268; x_wconf 90' lang='lat' dir='ltr'><strong>credet</strong></span> <span class='ocrx_word' id='word_1_453' title='bbox 647 4226 779 4267; x_wconf 90' lang='lat' dir='ltr'><strong>esse</strong></span> <span class='ocrx_word' id='word_1_454' title='bbox 809 4210 1048 4279; x_wconf 90' lang='lat' dir='ltr'><strong>alicubi,</strong></span> <span class='ocrx_word' id='word_1_455' title='bbox 1066 4211 1203 4268; x_wconf 92' lang='lat' dir='ltr'><strong>ideo</strong></span> <span class='ocrx_word' id='word_1_456' title='bbox 1234 4209 1531 4269; x_wconf 88' lang='lat' dir='ltr'><strong>Christum</strong></span> <span class='ocrx_word' id='word_1_457' title='bbox 1551 4226 1675 4267; x_wconf 91' lang='lat' dir='ltr'><strong>non</strong></span> <span class='ocrx_word' id='word_1_458' title='bbox 1695 4211 1933 4268; x_wconf 86' lang='lat' dir='ltr'><strong>venisse</strong></span> <span class='ocrx_word' id='word_1_459' title='bbox 1954 4226 2075 4269; x_wconf 89' lang='lat' dir='ltr'><strong>cre-</strong></span> 
     </span>
    </p>
   </div>
   <div class='ocr_carea' id='block_1_61' title="bbox 417 4299 2072 4373">
    <p class='ocr_par' dir='ltr' id='par_1_61' title="bbox 417 4299 2072 4373">
     <span class='ocr_line' id='line_1_61' title="bbox 417 4299 2072 4373; baseline 0.001 -17"><span class='ocrx_word' id='word_1_460' title='bbox 417 4301 534 4356; x_wconf 91' lang='lat' dir='ltr'><strong>det.</strong></span> <span class='ocrx_word' id='word_1_461' title='bbox 564 4304 679 4357; x_wconf 91' lang='lat' dir='ltr'><strong>Nos</strong></span> <span class='ocrx_word' id='word_1_462' title='bbox 690 4315 831 4355; x_wconf 89' lang='lat' dir='ltr'><strong>vero</strong></span> <span class='ocrx_word' id='word_1_463' title='bbox 851 4299 934 4355; x_wconf 92' lang='lat' dir='ltr'><strong>ita</strong></span> <span class='ocrx_word' id='word_1_464' title='bbox 947 4300 1309 4373; x_wconf 90' lang='lat' dir='ltr'><strong>respondere</strong></span> <span class='ocrx_word' id='word_1_465' title='bbox 1324 4300 1607 4356; x_wconf 90' lang='lat' dir='ltr'><strong>volumus</strong></span> <span class='ocrx_word' id='word_1_466' title='bbox 1626 4304 1692 4355; x_wconf 91' lang='lat' dir='ltr'><strong>ut</strong></span> <span class='ocrx_word' id='word_1_467' title='bbox 1706 4299 2072 4357; x_wconf 87' lang='lat' dir='ltr'><strong>demonstre-</strong></span> 
     </span>
    </p>
   </div>
   <div class='ocr_carea' id='block_1_62' title="bbox 417 4388 2068 4463">
    <p class='ocr_par' dir='ltr' id='par_1_62' title="bbox 417 4388 2068 4463">
     <span class='ocr_line' id='line_1_62' title="bbox 417 4388 2068 4463; baseline 0.001 -18"><span class='ocrx_word' id='word_1_468' title='bbox 417 4406 553 4445; x_wconf 91' lang='lat' dir='ltr'><strong>mus</strong></span> <span class='ocrx_word' id='word_1_469' title='bbox 593 4388 759 4462; x_wconf 91' lang='lat' dir='ltr'><strong>quod</strong></span> <span class='ocrx_word' id='word_1_470' title='bbox 780 4389 828 4444; x_wconf 93' lang='lat' dir='ltr'><strong>ei</strong></span> <span class='ocrx_word' id='word_1_471' title='bbox 847 4388 931 4445; x_wconf 91' lang='lat' dir='ltr'><strong>nil</strong></span> <span class='ocrx_word' id='word_1_472' title='bbox 977 4389 1182 4463; x_wconf 91' lang='lat' dir='ltr'><strong>prosit,</strong></span> <span class='ocrx_word' id='word_1_473' title='bbox 1233 4389 1311 4446; x_wconf 89' lang='lat' dir='ltr'><strong>ad</strong></span> <span class='ocrx_word' id='word_1_474' title='bbox 1355 4389 1703 4459; x_wconf 90' lang='lat' dir='ltr'><strong>negandum</strong></span> <span class='ocrx_word' id='word_1_475' title='bbox 1744 4388 2068 4446; x_wconf 87' lang='lat' dir='ltr'><strong>adventum</strong></span> 
     </span>
    </p>
   </div>
   <div class='ocr_carea' id='block_1_63' title="bbox 420 4479 2071 4555">
    <p class='ocr_par' dir='ltr' id='par_1_63' title="bbox 420 4479 2071 4555">
     <span class='ocr_line' id='line_1_63' title="bbox 420 4479 2071 4555; baseline -0.001 -18"><span class='ocrx_word' id='word_1_476' title='bbox 420 4479 647 4546; x_wconf 88' lang='lat' dir='ltr'><strong>Christi,</strong></span> <span class='ocrx_word' id='word_1_477' title='bbox 665 4479 786 4535; x_wconf 88' lang='lat' dir='ltr'><strong>sive</strong></span> <span class='ocrx_word' id='word_1_478' title='bbox 798 4495 989 4536; x_wconf 91' lang='lat' dir='ltr'><strong>unum</strong></span> <span class='ocrx_word' id='word_1_479' title='bbox 1010 4494 1234 4551; x_wconf 87' lang='lat' dir='ltr'><strong>regem,</strong></span> <span class='ocrx_word' id='word_1_480' title='bbox 1250 4479 1368 4537; x_wconf 89' lang='lat' dir='ltr'><strong>sive</strong></span> <span class='ocrx_word' id='word_1_481' title='bbox 1384 4479 1585 4555; x_wconf 82' lang='lat' dir='ltr'><strong>plures</strong></span> <span class='ocrx_word' id='word_1_482' title='bbox 1606 4479 1966 4536; x_wconf 88' lang='lat' dir='ltr'><strong>ostendatde</strong></span> <span class='ocrx_word' id='word_1_483' title='bbox 1980 4496 2071 4552; x_wconf 84' lang='lat' dir='ltr'><strong>ge—</strong></span> 
     </span>
    </p>
   </div>
   <div class='ocr_carea' id='block_1_64' title="bbox 418 4564 2071 4642">
    <p class='ocr_par' dir='ltr' id='par_1_64' title="bbox 418 4564 2071 4642">
     <span class='ocr_line' id='line_1_64' title="bbox 418 4564 2071 4642; baseline 0.001 -18"><span class='ocrx_word' id='word_1_484' title='bbox 418 4584 557 4624; x_wconf 92' lang='lat' dir='ltr'><strong>nere</strong></span> <span class='ocrx_word' id='word_1_485' title='bbox 574 4568 917 4625; x_wconf 83' lang='lat' dir='ltr'><strong>Iudaeorum</strong></span> <span class='ocrx_word' id='word_1_486' title='bbox 935 4570 1039 4642; x_wconf 89' lang='lat' dir='ltr'><strong>qui</strong></span> <span class='ocrx_word' id='word_1_487' title='bbox 1055 4584 1179 4625; x_wconf 90' lang='lat' dir='ltr'><strong>non</strong></span> <span class='ocrx_word' id='word_1_488' title='bbox 1205 4572 1343 4625; x_wconf 89' lang='lat' dir='ltr'><strong>sunt</strong></span> <span class='ocrx_word' id='word_1_489' title='bbox 1356 4582 1526 4638; x_wconf 87' lang='lat' dir='ltr'><strong>reges</strong></span> <span class='ocrx_word' id='word_1_490' title='bbox 1549 4564 1723 4623; x_wconf 84' lang='lat' dir='ltr'><strong>Iuda.</strong></span> <span class='ocrx_word' id='word_1_491' title='bbox 1744 4568 1915 4634; x_wconf 87' lang='lat' dir='ltr'><strong>Quod</strong></span> <span class='ocrx_word' id='word_1_492' title='bbox 1932 4585 2071 4625; x_wconf 92' lang='lat' dir='ltr'><strong>cum</strong></span> 
     </span>
    </p>
   </div>
   <div class='ocr_carea' id='block_1_65' title="bbox 419 4654 2073 4730">
    <p class='ocr_par' dir='ltr' id='par_1_65' title="bbox 419 4654 2073 4730">
     <span class='ocr_line' id='line_1_65' title="bbox 419 4654 2073 4730; baseline 0.001 -17"><span class='ocrx_word' id='word_1_493' title='bbox 419 4658 894 4715; x_wconf 89' lang='lat' dir='ltr'><strong>demonstratum</strong></span> <span class='ocrx_word' id='word_1_494' title='bbox 914 4658 1107 4727; x_wconf 85' lang='lat' dir='ltr'><strong>fuerit,</strong></span> <span class='ocrx_word' id='word_1_495' title='bbox 1129 4657 1204 4715; x_wconf 91' lang='lat' dir='ltr'><strong>de</strong></span> <span class='ocrx_word' id='word_1_496' title='bbox 1219 4657 1313 4713; x_wconf 91' lang='lat' dir='ltr'><strong>his</strong></span> <span class='ocrx_word' id='word_1_497' title='bbox 1341 4657 1444 4730; x_wconf 90' lang='lat' dir='ltr'><strong>qui</strong></span> <span class='ocrx_word' id='word_1_498' title='bbox 1464 4654 1684 4712; x_wconf 90' lang='lat' dir='ltr'><strong>alicubi</strong></span> <span class='ocrx_word' id='word_1_499' title='bbox 1702 4661 1840 4713; x_wconf 89' lang='lat' dir='ltr'><strong>sunt</strong></span> <span class='ocrx_word' id='word_1_500' title='bbox 1855 4657 1906 4713; x_wconf 90' lang='lat' dir='ltr'><strong>si</strong></span> <span class='ocrx_word' id='word_1_501' title='bbox 1926 4657 2073 4714; x_wconf 87' lang='lat' dir='ltr'><strong>forte</strong></span> 
     </span>
    </p>
   </div>
   <div class='ocr_carea' id='block_1_66' title="bbox 419 4743 2075 4820">
    <p class='ocr_par' dir='ltr' id='par_1_66' title="bbox 419 4743 2075 4820">
     <span class='ocr_line' id='line_1_66' title="bbox 419 4743 2075 4820; baseline 0.001 -18"><span class='ocrx_word' id='word_1_502' title='bbox 419 4751 1371 4820; x_wconf 87' lang='lat' dir='ltr'><strong>monstrentur,supervacaneum</strong></span> <span class='ocrx_word' id='word_1_503' title='bbox 1400 4743 1698 4801; x_wconf 89' lang='lat' dir='ltr'><strong>videbitur</strong></span> <span class='ocrx_word' id='word_1_504' title='bbox 1725 4761 1920 4815; x_wconf 89' lang='lat' dir='ltr'><strong>agere.</strong></span> <span class='ocrx_word' id='word_1_505' title='bbox 1945 4745 2075 4804; x_wconf 88' lang='lat' dir='ltr'><strong>Tria</strong></span> 
     </span>
    </p>
   </div>
   <div class='ocr_carea' id='block_1_67' title="bbox 419 4836 2074 4909">
    <p class='ocr_par' dir='ltr' id='par_1_67' title="bbox 419 4836 2074 4909">
     <span class='ocr_line' id='line_1_67' title="bbox 419 4836 2074 4909; baseline 0.001 -18"><span class='ocrx_word' id='word_1_506' title='bbox 419 4851 561 4906; x_wconf 91' lang='lat' dir='ltr'><strong>ergo</strong></span> <span class='ocrx_word' id='word_1_507' title='bbox 578 4840 717 4891; x_wconf 91' lang='lat' dir='ltr'><strong>sunt</strong></span> <span class='ocrx_word' id='word_1_508' title='bbox 740 4836 866 4892; x_wconf 89' lang='lat' dir='ltr'><strong>sine</strong></span> <span class='ocrx_word' id='word_1_509' title='bbox 884 4836 1106 4909; x_wconf 89' lang='lat' dir='ltr'><strong>quibus</strong></span> <span class='ocrx_word' id='word_1_510' title='bbox 1126 4850 1381 4905; x_wconf 90' lang='lat' dir='ltr'><strong>regnum</strong></span> <span class='ocrx_word' id='word_1_511' title='bbox 1397 4850 1528 4889; x_wconf 89' lang='lat' dir='ltr'><strong>esse</strong></span> <span class='ocrx_word' id='word_1_512' title='bbox 1547 4848 1670 4888; x_wconf 91' lang='lat' dir='ltr'><strong>non</strong></span> <span class='ocrx_word' id='word_1_513' title='bbox 1689 4838 1901 4905; x_wconf 88' lang='lat' dir='ltr'><strong>potest,</strong></span> <span class='ocrx_word' id='word_1_514' title='bbox 1920 4840 2074 4892; x_wconf 87' lang='lat' dir='ltr'><strong>terra</strong></span> 
     </span>
    </p>
   </div>
   <div class='ocr_carea' id='block_1_68' title="bbox 419 4921 2073 4999">
    <p class='ocr_par' dir='ltr' id='par_1_68' title="bbox 419 4921 2073 4999">
     <span class='ocr_line' id='line_1_68' title="bbox 419 4921 2073 4999; baseline 0.002 -21"><span class='ocrx_word' id='word_1_515' title='bbox 419 4923 775 4992; x_wconf 90' lang='lat' dir='ltr'><strong>videlicet,in</strong></span> <span class='ocrx_word' id='word_1_516' title='bbox 795 4940 917 4998; x_wconf 91' lang='lat' dir='ltr'><strong>qua</strong></span> <span class='ocrx_word' id='word_1_517' title='bbox 930 4938 1187 4994; x_wconf 88' lang='lat' dir='ltr'><strong>regnum</strong></span> <span class='ocrx_word' id='word_1_518' title='bbox 1204 4922 1278 4978; x_wconf 92' lang='lat' dir='ltr'><strong>sit</strong></span> <span class='ocrx_word' id='word_1_519' title='bbox 1296 4940 1309 4987; x_wconf 89' lang='lat'><strong>;</strong></span> <span class='ocrx_word' id='word_1_520' title='bbox 1334 4921 1616 4995; x_wconf 91' lang='lat' dir='ltr'><strong>populus,</strong></span> <span class='ocrx_word' id='word_1_521' title='bbox 1639 4922 1743 4995; x_wconf 91' lang='lat' dir='ltr'><strong>qui</strong></span> <span class='ocrx_word' id='word_1_522' title='bbox 1760 4928 1973 4980; x_wconf 88' lang='lat' dir='ltr'><strong>terram</strong></span> <span class='ocrx_word' id='word_1_523' title='bbox 1990 4925 2073 4999; x_wconf 91' lang='lat' dir='ltr'><strong>ip-</strong></span> 
     </span>
    </p>
   </div>
   <div class='ocr_carea' id='block_1_69' title="bbox 422 5008 2073 5084">
    <p class='ocr_par' dir='ltr' id='par_1_69' title="bbox 422 5008 2073 5084">
     <span class='ocr_line' id='line_1_69' title="bbox 422 5008 2073 5084; baseline 0.002 -17"><span class='ocrx_word' id='word_1_524' title='bbox 422 5028 553 5068; x_wconf 91' lang='lat' dir='ltr'><strong>sam</strong></span> <span class='ocrx_word' id='word_1_525' title='bbox 572 5010 900 5082; x_wconf 87' lang='lat' dir='ltr'><strong>inhabitet;</strong></span> <span class='ocrx_word' id='word_1_526' title='bbox 942 5015 997 5068; x_wconf 91' lang='lat' dir='ltr'><strong>et</strong></span> <span class='ocrx_word' id='word_1_527' title='bbox 1014 5022 1276 5084; x_wconf 87' lang='lat' dir='ltr'><strong>persona</strong></span> <span class='ocrx_word' id='word_1_528' title='bbox 1322 5008 1480 5080; x_wconf 89' lang='lat' dir='ltr'><strong>regis</strong></span> <span class='ocrx_word' id='word_1_529' title='bbox 1505 5008 1690 5078; x_wconf 88' lang='lat' dir='ltr'><strong>electi,</strong></span> <span class='ocrx_word' id='word_1_530' title='bbox 1723 5009 1825 5083; x_wconf 82' lang='lat' dir='ltr'><strong>qui</strong></span> <span class='ocrx_word' id='word_1_531' title='bbox 1854 5015 2073 5069; x_wconf 87' lang='lat' dir='ltr'><strong>terram</strong></span> 
     </span>
    </p>
   </div>
   <div class='ocr_carea' id='block_1_70' title="bbox 420 5096 2074 5171">
    <p class='ocr_par' dir='ltr' id='par_1_70' title="bbox 420 5096 2074 5171">
     <span class='ocr_line' id='line_1_70' title="bbox 420 5096 2074 5171; baseline 0.002 -18"><span class='ocrx_word' id='word_1_532' title='bbox 420 5098 699 5166; x_wconf 90' lang='lat' dir='ltr'><strong>vindicet,</strong></span> <span class='ocrx_word' id='word_1_533' title='bbox 732 5103 789 5154; x_wconf 89' lang='lat' dir='ltr'><strong>et</strong></span> <span class='ocrx_word' id='word_1_534' title='bbox 816 5096 1111 5171; x_wconf 90' lang='lat' dir='ltr'><strong>populum</strong></span> <span class='ocrx_word' id='word_1_535' title='bbox 1128 5100 1315 5167; x_wconf 90' lang='lat' dir='ltr'><strong>regat.</strong></span> <span class='ocrx_word' id='word_1_536' title='bbox 1344 5098 1518 5152; x_wconf 89' lang='lat' dir='ltr'><strong>Terra</strong></span> <span class='ocrx_word' id='word_1_537' title='bbox 1552 5102 1751 5153; x_wconf 87' lang='lat' dir='ltr'><strong>autem</strong></span> <span class='ocrx_word' id='word_1_538' title='bbox 1777 5099 1943 5169; x_wconf 88' lang='lat' dir='ltr'><strong>regni</strong></span> <span class='ocrx_word' id='word_1_539' title='bbox 1998 5098 2074 5156; x_wconf 93' lang='lat' dir='ltr'><strong>de</strong></span> 
     </span>
    </p>
   </div>
   <div class='ocr_carea' id='block_1_71' title="bbox 423 5184 2072 5260">
    <p class='ocr_par' dir='ltr' id='par_1_71' title="bbox 423 5184 2072 5260">
     <span class='ocr_line' id='line_1_71' title="bbox 423 5184 2072 5260; baseline 0.002 -19"><span class='ocrx_word' id='word_1_540' title='bbox 423 5201 546 5258; x_wconf 89' lang='lat' dir='ltr'><strong>quo</strong></span> <span class='ocrx_word' id='word_1_541' title='bbox 568 5185 804 5255; x_wconf 90' lang='lat' dir='ltr'><strong>agimus</strong></span> <span class='ocrx_word' id='word_1_542' title='bbox 826 5191 913 5242; x_wconf 92' lang='lat' dir='ltr'><strong>est</strong></span> <span class='ocrx_word' id='word_1_543' title='bbox 932 5184 1239 5258; x_wconf 90' lang='lat' dir='ltr'><strong>provincia</strong></span> <span class='ocrx_word' id='word_1_544' title='bbox 1254 5185 1809 5259; x_wconf 83' lang='lat' dir='ltr'><strong>Hierosolymitana,</strong></span> <span class='ocrx_word' id='word_1_545' title='bbox 1827 5204 1961 5260; x_wconf 83' lang='lat' dir='ltr'><strong>quae</strong></span> <span class='ocrx_word' id='word_1_546' title='bbox 1983 5189 2072 5244; x_wconf 92' lang='lat' dir='ltr'><strong>di-</strong></span> 
     </span>
    </p>
   </div>
   <div class='ocr_carea' id='block_1_72' title="bbox 424 5272 2076 5345">
    <p class='ocr_par' dir='ltr' id='par_1_72' title="bbox 424 5272 2076 5345">
     <span class='ocr_line' id='line_1_72' title="bbox 424 5272 2076 5345; baseline 0.003 -17"><span class='ocrx_word' id='word_1_547' title='bbox 424 5274 572 5329; x_wconf 90' lang='lat' dir='ltr'><strong>citur</strong></span> <span class='ocrx_word' id='word_1_548' title='bbox 601 5276 757 5328; x_wconf 89' lang='lat' dir='ltr'><strong>terra</strong></span> <span class='ocrx_word' id='word_1_549' title='bbox 775 5276 800 5327; x_wconf 86' lang='lat' dir='ltr'><strong>I</strong></span> <span class='ocrx_word' id='word_1_550' title='bbox 808 5273 946 5329; x_wconf 90' lang='lat' dir='ltr'><strong>uda.</strong></span> <span class='ocrx_word' id='word_1_551' title='bbox 970 5272 1230 5344; x_wconf 92' lang='lat' dir='ltr'><strong>Populus</strong></span> <span class='ocrx_word' id='word_1_552' title='bbox 1249 5273 1431 5345; x_wconf 90' lang='lat' dir='ltr'><strong>hujus</strong></span> <span class='ocrx_word' id='word_1_553' title='bbox 1452 5278 1616 5330; x_wconf 61' lang='lat' dir='ltr'><strong>terra:</strong></span> <span class='ocrx_word' id='word_1_554' title='bbox 1644 5275 1753 5331; x_wconf 89' lang='lat' dir='ltr'><strong>fuit</strong></span> <span class='ocrx_word' id='word_1_555' title='bbox 1776 5276 1963 5332; x_wconf 89' lang='lat' dir='ltr'><strong>tribus</strong></span> <span class='ocrx_word' id='word_1_556' title='bbox 1982 5281 2076 5333; x_wconf 88' lang='lat' dir='ltr'><strong>Iu-</strong></span> 
     </span>
    </p>
   </div>
   <div class='ocr_carea' id='block_1_73' title="bbox 423 5358 2075 5430">
    <p class='ocr_par' dir='ltr' id='par_1_73' title="bbox 423 5358 2075 5430">
     <span class='ocr_line' id='line_1_73' title="bbox 423 5358 2075 5430; baseline 0.003 -17"><span class='ocrx_word' id='word_1_557' title='bbox 423 5359 522 5414; x_wconf 84' lang='lat' dir='ltr'><strong>da.</strong></span> <span class='ocrx_word' id='word_1_558' title='bbox 551 5360 740 5427; x_wconf 79' lang='lat' dir='ltr'><strong>Reges</strong></span> <span class='ocrx_word' id='word_1_559' title='bbox 771 5358 900 5429; x_wconf 81' lang='lat' dir='ltr'><strong>ejus</strong></span> <span class='ocrx_word' id='word_1_560' title='bbox 931 5372 1123 5430; x_wconf 89' lang='lat' dir='ltr'><strong>usque</strong></span> <span class='ocrx_word' id='word_1_561' title='bbox 1144 5358 1223 5415; x_wconf 90' lang='lat' dir='ltr'><strong>ad</strong></span> <span class='ocrx_word' id='word_1_562' title='bbox 1253 5359 1547 5417; x_wconf 85' lang='lat' dir='ltr'><strong>Christum</strong></span> <span class='ocrx_word' id='word_1_563' title='bbox 1574 5375 1787 5416; x_wconf 90' lang='lat' dir='ltr'><strong>omnes</strong></span> <span class='ocrx_word' id='word_1_564' title='bbox 1813 5361 1887 5416; x_wconf 90' lang='lat' dir='ltr'><strong>de</strong></span> <span class='ocrx_word' id='word_1_565' title='bbox 1917 5361 2075 5418; x_wconf 87' lang='lat' dir='ltr'><strong>tribu</strong></span> 
     </span>
    </p>
   </div>
   <div class='ocr_carea' id='block_1_74' title="bbox 422 5446 2071 5521">
    <p class='ocr_par' dir='ltr' id='par_1_74' title="bbox 422 5446 2071 5521">
     <span class='ocr_line' id='line_1_74' title="bbox 422 5446 2071 5521; baseline 0.004 -21"><span class='ocrx_word' id='word_1_566' title='bbox 422 5447 597 5503; x_wconf 63' lang='lat' dir='ltr'><strong>Iuda.</strong></span> <span class='ocrx_word' id='word_1_567' title='bbox 628 5446 788 5503; x_wconf 89' lang='lat' dir='ltr'><strong>Sicut</strong></span> <span class='ocrx_word' id='word_1_568' title='bbox 798 5463 943 5517; x_wconf 86' lang='lat' dir='ltr'><strong>ergo</strong></span> <span class='ocrx_word' id='word_1_569' title='bbox 964 5448 1181 5503; x_wconf 86' lang='lat' dir='ltr'><strong>domus</strong></span> <span class='ocrx_word' id='word_1_570' title='bbox 1204 5452 1437 5505; x_wconf 88' lang='lat' dir='ltr'><strong>constat</strong></span> <span class='ocrx_word' id='word_1_571' title='bbox 1457 5449 1728 5521; x_wconf 88' lang='lat' dir='ltr'><strong>partibus</strong></span> <span class='ocrx_word' id='word_1_572' title='bbox 1750 5449 1938 5505; x_wconf 89' lang='lat' dir='ltr'><strong>suis...</strong></span> <span class='ocrx_word' id='word_1_573' title='bbox 1958 5451 2071 5521; x_wconf 80' lang='grc'><strong>(53)</strong></span> 
     </span>
    </p>
   </div>
   <div class='ocr_carea' id='block_1_75' title="bbox 426 5537 2073 5607">
    <p class='ocr_par' dir='ltr' id='par_1_75' title="bbox 426 5537 2073 5607">
     <span class='ocr_line' id='line_1_75' title="bbox 426 5537 2073 5607; baseline 0.001 -16"><span class='ocrx_word' id='word_1_574' title='bbox 426 5537 489 5592; x_wconf 89' lang='lat' dir='ltr'><strong>Id</strong></span> <span class='ocrx_word' id='word_1_575' title='bbox 508 5540 600 5592; x_wconf 86' lang='lat' dir='ltr'><strong>est</strong></span> <span class='ocrx_word' id='word_1_576' title='bbox 629 5540 783 5592; x_wconf 77' lang='lat' dir='ltr'><strong>terra</strong></span> <span class='ocrx_word' id='word_1_577' title='bbox 800 5537 973 5603; x_wconf 86' lang='lat' dir='ltr'><strong>Iuda,</strong></span> <span class='ocrx_word' id='word_1_578' title='bbox 995 5540 1052 5591; x_wconf 93' lang='lat' dir='ltr'><strong>et</strong></span> <span class='ocrx_word' id='word_1_579' title='bbox 1075 5552 1212 5605; x_wconf 86' lang='lat' dir='ltr'><strong>rege</strong></span> <span class='ocrx_word' id='word_1_580' title='bbox 1239 5537 1313 5593; x_wconf 92' lang='lat' dir='ltr'><strong>de</strong></span> <span class='ocrx_word' id='word_1_581' title='bbox 1336 5538 1490 5593; x_wconf 86' lang='lat' dir='ltr'><strong>tribu</strong></span> <span class='ocrx_word' id='word_1_582' title='bbox 1507 5538 1680 5607; x_wconf 89' lang='lat' dir='ltr'><strong>Iuda,</strong></span> <span class='ocrx_word' id='word_1_583' title='bbox 1712 5541 1770 5593; x_wconf 91' lang='lat' dir='ltr'><strong>et</strong></span> <span class='ocrx_word' id='word_1_584' title='bbox 1785 5539 1937 5593; x_wconf 90' lang='lat' dir='ltr'><strong>sicut</strong></span> <span class='ocrx_word' id='word_1_585' title='bbox 1950 5553 2073 5594; x_wconf 87' lang='lat' dir='ltr'><strong>non</strong></span> 
     </span>
    </p>
   </div>
   <div class='ocr_carea' id='block_1_76' title="bbox 422 5626 2074 5699">
    <p class='ocr_par' dir='ltr' id='par_1_76' title="bbox 422 5626 2074 5699">
     <span class='ocr_line' id='line_1_76' title="bbox 422 5626 2074 5699; baseline 0 -17"><span class='ocrx_word' id='word_1_586' title='bbox 422 5631 512 5683; x_wconf 79' lang='lat' dir='ltr'><strong>est</strong></span> <span class='ocrx_word' id='word_1_587' title='bbox 537 5626 757 5683; x_wconf 88' lang='lat' dir='ltr'><strong>domus</strong></span> <span class='ocrx_word' id='word_1_588' title='bbox 774 5626 994 5683; x_wconf 83' lang='lat' dir='ltr'><strong>sidesit</strong></span> <span class='ocrx_word' id='word_1_589' title='bbox 1008 5626 1491 5698; x_wconf 80' lang='lat' dir='ltr'><strong>fundamentum,</strong></span> <span class='ocrx_word' id='word_1_590' title='bbox 1518 5633 1623 5684; x_wconf 89' lang='lat' dir='ltr'><strong>aut</strong></span> <span class='ocrx_word' id='word_1_591' title='bbox 1669 5626 1941 5699; x_wconf 84' lang='lat' dir='ltr'><strong>parietes,</strong></span> <span class='ocrx_word' id='word_1_592' title='bbox 1968 5629 2074 5683; x_wconf 86' lang='lat' dir='ltr'><strong>aut</strong></span> 
     </span>
    </p>
   </div>
   <div class='ocr_carea' id='block_1_77' title="bbox 496 5716 1126 5790">
    <p class='ocr_par' dir='ltr' id='par_1_77' title="bbox 496 5716 1126 5790">
     <span class='ocr_line' id='line_1_77' title="bbox 496 5716 1126 5790; baseline -0.003 -17"><span class='ocrx_word' id='word_1_593' title='bbox 496 5717 610 5790; x_wconf 78' lang='lat'><strong>(53)</strong></span> <span class='ocrx_word' id='word_1_594' title='bbox 649 5719 837 5774; x_wconf 79' lang='lat' dir='ltr'><strong>Locus</strong></span> <span class='ocrx_word' id='word_1_595' title='bbox 862 5716 1126 5775; x_wconf 82' lang='lat' dir='ltr'><strong>mutilus.</strong></span> 
     </span>
    </p>
   </div>
   <div class='ocr_carea' id='block_1_78' title="bbox 2174 1809 3833 1882">
    <p class='ocr_par' dir='ltr' id='par_1_78' title="bbox 2174 1809 3833 1882">
     <span class='ocr_line' id='line_1_78' title="bbox 2174 1809 3833 1882; baseline 0.004 -18"><span class='ocrx_word' id='word_1_596' title='bbox 2174 1809 2488 1882; x_wconf 88' lang='lat' dir='ltr'><strong>proprium</strong></span> <span class='ocrx_word' id='word_1_597' title='bbox 2515 1826 2741 1879; x_wconf 85' lang='lat' dir='ltr'><strong>regem,</strong></span> <span class='ocrx_word' id='word_1_598' title='bbox 2762 1810 2866 1882; x_wconf 90' lang='lat' dir='ltr'><strong>qui</strong></span> <span class='ocrx_word' id='word_1_599' title='bbox 2881 1810 3193 1868; x_wconf 86' lang='lat' dir='ltr'><strong>dicebatur</strong></span> <span class='ocrx_word' id='word_1_600' title='bbox 3218 1828 3321 1869; x_wconf 90' lang='lat' dir='ltr'><strong>rex</strong></span> <span class='ocrx_word' id='word_1_601' title='bbox 3352 1814 3551 1880; x_wconf 87' lang='lat' dir='ltr'><strong>Israel,</strong></span> <span class='ocrx_word' id='word_1_602' title='bbox 3579 1830 3713 1870; x_wconf 90' lang='lat' dir='ltr'><strong>non</strong></span> <span class='ocrx_word' id='word_1_603' title='bbox 3729 1814 3833 1871; x_wconf 79' lang='lat' dir='ltr'><strong>erit</strong></span> 
     </span>
    </p>
   </div>
   <div class='ocr_carea' id='block_1_79' title="bbox 2178 1897 3831 1971">
    <p class='ocr_par' dir='ltr' id='par_1_79' title="bbox 2178 1897 3831 1971">
     <span class='ocr_line' id='line_1_79' title="bbox 2178 1897 3831 1971; baseline 0.004 -17"><span class='ocrx_word' id='word_1_604' title='bbox 2178 1903 2379 1954; x_wconf 89' lang='lat' dir='ltr'><strong>tamen</strong></span> <span class='ocrx_word' id='word_1_605' title='bbox 2409 1913 2513 1954; x_wconf 89' lang='lat' dir='ltr'><strong>rex</strong></span> <span class='ocrx_word' id='word_1_606' title='bbox 2531 1897 2705 1965; x_wconf 88' lang='lat' dir='ltr'><strong>Iuda,</strong></span> <span class='ocrx_word' id='word_1_607' title='bbox 2728 1897 2834 1953; x_wconf 87' lang='lat' dir='ltr'><strong>sed</strong></span> <span class='ocrx_word' id='word_1_608' title='bbox 2855 1914 2960 1955; x_wconf 86' lang='lat' dir='ltr'><strong>rex</strong></span> <span class='ocrx_word' id='word_1_609' title='bbox 2990 1899 3186 1965; x_wconf 87' lang='lat' dir='ltr'><strong>Israel,</strong></span> <span class='ocrx_word' id='word_1_610' title='bbox 3212 1898 3310 1955; x_wconf 89' lang='lat' dir='ltr'><strong>vel</strong></span> <span class='ocrx_word' id='word_1_611' title='bbox 3354 1899 3729 1971; x_wconf 60' lang='lat' dir='ltr'><strong>Babylonia),</strong></span> <span class='ocrx_word' id='word_1_612' title='bbox 3759 1902 3831 1961; x_wconf 69' lang='lat' dir='ltr'><strong>ad</strong></span> 
     </span>
    </p>
   </div>
   <div class='ocr_carea' id='block_1_80' title="bbox 2173 1985 3832 2060">
    <p class='ocr_par' dir='ltr' id='par_1_80' title="bbox 2173 1985 3832 2060">
     <span class='ocr_line' id='line_1_80' title="bbox 2173 1985 3832 2060; baseline 0.004 -20"><span class='ocrx_word' id='word_1_613' title='bbox 2173 2002 2326 2057; x_wconf 90' lang='lat' dir='ltr'><strong>quos</strong></span> <span class='ocrx_word' id='word_1_614' title='bbox 2356 1985 2592 2041; x_wconf 89' lang='lat' dir='ltr'><strong>nullum</strong></span> <span class='ocrx_word' id='word_1_615' title='bbox 2612 1991 2947 2057; x_wconf 87' lang='lat' dir='ltr'><strong>respectum</strong></span> <span class='ocrx_word' id='word_1_616' title='bbox 2978 1986 3161 2043; x_wconf 89' lang='lat' dir='ltr'><strong>habet</strong></span> <span class='ocrx_word' id='word_1_617' title='bbox 3183 1988 3535 2060; x_wconf 62' lang='lat' dir='ltr'><strong>prophmtia,</strong></span> <span class='ocrx_word' id='word_1_618' title='bbox 3568 2004 3716 2060; x_wconf 72' lang='lat' dir='ltr'><strong>qum</strong></span> <span class='ocrx_word' id='word_1_619' title='bbox 3746 1990 3832 2047; x_wconf 88' lang='lat' dir='ltr'><strong>di-</strong></span> 
     </span>
    </p>
   </div>
   <div class='ocr_carea' id='block_1_81' title="bbox 2173 2075 3832 2145">
    <p class='ocr_par' dir='ltr' id='par_1_81' title="bbox 2173 2075 3832 2145">
     <span class='ocr_line' id='line_1_81' title="bbox 2173 2075 3832 2145; baseline 0.004 -15"><span class='ocrx_word' id='word_1_620' title='bbox 2173 2077 2272 2143; x_wconf 88' lang='lat' dir='ltr'><strong>cit,</strong></span> <span class='ocrx_word' id='word_1_621' title='bbox 2296 2076 2431 2130; x_wconf 86' lang='lat' dir='ltr'><strong>Non</strong></span> <span class='ocrx_word' id='word_1_622' title='bbox 2459 2075 2774 2143; x_wconf 79' lang='lat' dir='ltr'><strong>auferetur</strong></span> <span class='ocrx_word' id='word_1_623' title='bbox 2799 2080 3097 2145; x_wconf 78' lang='lat' dir='ltr'><strong>sceptrum</strong></span> <span class='ocrx_word' id='word_1_624' title='bbox 3152 2077 3225 2133; x_wconf 84' lang='lat' dir='ltr'><strong>de</strong></span> <span class='ocrx_word' id='word_1_625' title='bbox 3250 2077 3434 2133; x_wconf 84' lang='lat' dir='ltr'><strong>Juda.</strong></span> <span class='ocrx_word' id='word_1_626' title='bbox 3467 2079 3701 2134; x_wconf 82' lang='lat' dir='ltr'><strong>Rursus</strong></span> <span class='ocrx_word' id='word_1_627' title='bbox 3746 2095 3832 2136; x_wconf 84' lang='lat' dir='ltr'><strong>re-</strong></span> 
     </span>
    </p>
   </div>
   <div class='ocr_carea' id='block_1_82' title="bbox 2175 2163 3833 2239">
    <p class='ocr_par' dir='ltr' id='par_1_82' title="bbox 2175 2163 3833 2239">
     <span class='ocr_line' id='line_1_82' title="bbox 2175 2163 3833 2239; baseline 0.004 -20"><span class='ocrx_word' id='word_1_628' title='bbox 2175 2163 2717 2233; x_wconf 85' lang='lat' dir='ltr'><strong>gnuqudacausa</strong></span> <span class='ocrx_word' id='word_1_629' title='bbox 2744 2164 3012 2221; x_wconf 79' lang='lat' dir='ltr'><strong>eﬂ&#39;ectiva</strong></span> <span class='ocrx_word' id='word_1_630' title='bbox 3043 2169 3210 2222; x_wconf 88' lang='lat' dir='ltr'><strong>erant</strong></span> <span class='ocrx_word' id='word_1_631' title='bbox 3230 2164 3568 2221; x_wconf 87' lang='lat' dir='ltr'><strong>sacerdotes</strong></span> <span class='ocrx_word' id='word_1_632' title='bbox 3596 2166 3710 2239; x_wconf 88' lang='lat' dir='ltr'><strong>qui</strong></span> <span class='ocrx_word' id='word_1_633' title='bbox 3730 2184 3833 2225; x_wconf 89' lang='lat' dir='ltr'><strong>un-</strong></span> 
     </span>
    </p>
   </div>
   <div class='ocr_carea' id='block_1_83' title="bbox 2175 2252 3833 2326">
    <p class='ocr_par' dir='ltr' id='par_1_83' title="bbox 2175 2252 3833 2326">
     <span class='ocr_line' id='line_1_83' title="bbox 2175 2252 3833 2326; baseline 0.005 -19"><span class='ocrx_word' id='word_1_634' title='bbox 2175 2252 2400 2323; x_wconf 87' lang='lat' dir='ltr'><strong>gebant</strong></span> <span class='ocrx_word' id='word_1_635' title='bbox 2420 2268 2521 2308; x_wconf 90' lang='lat' dir='ltr'><strong>eos</strong></span> <span class='ocrx_word' id='word_1_636' title='bbox 2542 2252 2603 2309; x_wconf 88' lang='lat' dir='ltr'><strong>in</strong></span> <span class='ocrx_word' id='word_1_637' title='bbox 2633 2268 2827 2322; x_wconf 89' lang='lat' dir='ltr'><strong>reges.</strong></span> <span class='ocrx_word' id='word_1_638' title='bbox 2844 2252 3106 2326; x_wconf 87' lang='lat' dir='ltr'><strong>Populus</strong></span> <span class='ocrx_word' id='word_1_639' title='bbox 3133 2258 3338 2311; x_wconf 88' lang='lat' dir='ltr'><strong>autem</strong></span> <span class='ocrx_word' id='word_1_640' title='bbox 3364 2253 3721 2315; x_wconf 66' lang='lat' dir='ltr'><strong>Iudaeorum</strong></span> <span class='ocrx_word' id='word_1_641' title='bbox 3746 2273 3833 2315; x_wconf 87' lang='lat' dir='ltr'><strong>sa-</strong></span> 
     </span>
    </p>
   </div>
   <div class='ocr_carea' id='block_1_84' title="bbox 2175 2339 3828 2414">
    <p class='ocr_par' dir='ltr' id='par_1_84' title="bbox 2175 2339 3828 2414">
     <span class='ocr_line' id='line_1_84' title="bbox 2175 2339 3828 2414; baseline 0.002 -18"><span class='ocrx_word' id='word_1_642' title='bbox 2175 2340 2444 2397; x_wconf 90' lang='lat' dir='ltr'><strong>cerdotes</strong></span> <span class='ocrx_word' id='word_1_643' title='bbox 2476 2357 2617 2397; x_wconf 91' lang='lat' dir='ltr'><strong>cum</strong></span> <span class='ocrx_word' id='word_1_644' title='bbox 2653 2339 2786 2397; x_wconf 91' lang='lat' dir='ltr'><strong>loco</strong></span> <span class='ocrx_word' id='word_1_645' title='bbox 2812 2341 3190 2397; x_wconf 82' lang='lat' dir='ltr'><strong>sacriﬁcandi</strong></span> <span class='ocrx_word' id='word_1_646' title='bbox 3245 2341 3542 2413; x_wconf 87' lang='lat' dir='ltr'><strong>perdidit;</strong></span> <span class='ocrx_word' id='word_1_647' title='bbox 3570 2358 3828 2414; x_wconf 85' lang='lat' dir='ltr'><strong>regnum</strong></span> 
     </span>
    </p>
   </div>
   <div class='ocr_carea' id='block_1_85' title="bbox 2172 2429 3829 2502">
    <p class='ocr_par' dir='ltr' id='par_1_85' title="bbox 2172 2429 3829 2502">
     <span class='ocr_line' id='line_1_85' title="bbox 2172 2429 3829 2502; baseline 0.001 -16"><span class='ocrx_word' id='word_1_648' title='bbox 2172 2429 2350 2499; x_wconf 84' lang='lat' dir='ltr'><strong>igitur</strong></span> <span class='ocrx_word' id='word_1_649' title='bbox 2370 2445 2439 2485; x_wconf 90' lang='lat' dir='ltr'><strong>ac</strong></span> <span class='ocrx_word' id='word_1_650' title='bbox 2478 2434 2778 2502; x_wconf 90' lang='lat' dir='ltr'><strong>sceptrum</strong></span> <span class='ocrx_word' id='word_1_651' title='bbox 2807 2429 3212 2487; x_wconf 89' lang='lat' dir='ltr'><strong>indubitanter</strong></span> <span class='ocrx_word' id='word_1_652' title='bbox 3250 2430 3469 2488; x_wconf 88' lang='lat' dir='ltr'><strong>amisit.</strong></span> <span class='ocrx_word' id='word_1_653' title='bbox 3506 2431 3618 2488; x_wconf 89' lang='lat' dir='ltr'><strong>Ubi</strong></span> <span class='ocrx_word' id='word_1_654' title='bbox 3675 2432 3829 2491; x_wconf 86' lang='lat' dir='ltr'><strong>enim</strong></span> 
     </span>
    </p>
   </div>
   <div class='ocr_carea' id='block_1_86' title="bbox 2175 2518 3830 2592">
    <p class='ocr_par' dir='ltr' id='par_1_86' title="bbox 2175 2518 3830 2592">
     <span class='ocr_line' id='line_1_86' title="bbox 2175 2518 3830 2592; baseline 0.002 -17"><span class='ocrx_word' id='word_1_655' title='bbox 2175 2518 2445 2576; x_wconf 73' lang='lat' dir='ltr'><strong>effectiva</strong></span> <span class='ocrx_word' id='word_1_656' title='bbox 2473 2535 2659 2575; x_wconf 88' lang='lat' dir='ltr'><strong>causa</strong></span> <span class='ocrx_word' id='word_1_657' title='bbox 2681 2535 2803 2575; x_wconf 89' lang='lat' dir='ltr'><strong>non</strong></span> <span class='ocrx_word' id='word_1_658' title='bbox 2826 2523 2933 2587; x_wconf 88' lang='lat' dir='ltr'><strong>est,</strong></span> <span class='ocrx_word' id='word_1_659' title='bbox 2956 2518 3201 2577; x_wconf 75' lang='lat' dir='ltr'><strong>effectus</strong></span> <span class='ocrx_word' id='word_1_660' title='bbox 3216 2520 3321 2592; x_wconf 88' lang='lat' dir='ltr'><strong>qui</strong></span> <span class='ocrx_word' id='word_1_661' title='bbox 3350 2535 3425 2576; x_wconf 91' lang='lat' dir='ltr'><strong>ex</strong></span> <span class='ocrx_word' id='word_1_662' title='bbox 3452 2536 3527 2578; x_wconf 90' lang='lat' dir='ltr'><strong>ea</strong></span> <span class='ocrx_word' id='word_1_663' title='bbox 3549 2526 3830 2579; x_wconf 86' lang='lat' dir='ltr'><strong>nascatur</strong></span> 
     </span>
    </p>
   </div>
   <div class='ocr_carea' id='block_1_87' title="bbox 2174 2608 2899 2680">
    <p class='ocr_par' dir='ltr' id='par_1_87' title="bbox 2174 2608 2899 2680">
     <span class='ocr_line' id='line_1_87' title="bbox 2174 2608 2899 2680; baseline -0.003 -15"><span class='ocrx_word' id='word_1_664' title='bbox 2174 2624 2304 2665; x_wconf 85' lang='lat' dir='ltr'><strong>esse</strong></span> <span class='ocrx_word' id='word_1_665' title='bbox 2324 2608 2665 2665; x_wconf 86' lang='lat' dir='ltr'><strong>nullatenus</strong></span> <span class='ocrx_word' id='word_1_666' title='bbox 2686 2612 2899 2680; x_wconf 90' lang='lat' dir='ltr'><strong>potest.</strong></span> 
     </span>
    </p>
   </div>
   <div class='ocr_carea' id='block_1_88' title="bbox 2247 2696 3833 2770">
    <p class='ocr_par' dir='ltr' id='par_1_88' title="bbox 2247 2696 3833 2770">
     <span class='ocr_line' id='line_1_88' title="bbox 2247 2696 3833 2770; baseline 0.001 -17"><span class='ocrx_word' id='word_1_667' title='bbox 2247 2701 2311 2753; x_wconf 90' lang='lat' dir='ltr'><strong>II.</strong></span> <span class='ocrx_word' id='word_1_668' title='bbox 2333 2700 2548 2754; x_wconf 89' lang='lat' dir='ltr'><strong>Contra</strong></span> <span class='ocrx_word' id='word_1_669' title='bbox 2564 2712 2791 2753; x_wconf 90' lang='lat' dir='ltr'><strong>errores</strong></span> <span class='ocrx_word' id='word_1_670' title='bbox 2810 2696 3142 2753; x_wconf 84' lang='lat' dir='ltr'><strong>inﬁdelium</strong></span> <span class='ocrx_word' id='word_1_671' title='bbox 3171 2696 3375 2770; x_wconf 87' lang='lat' dir='ltr'><strong>aliqua</strong></span> <span class='ocrx_word' id='word_1_672' title='bbox 3384 2698 3739 2756; x_wconf 86' lang='lat' dir='ltr'><strong>necessaria</strong></span> <span class='ocrx_word' id='word_1_673' title='bbox 3755 2698 3833 2755; x_wconf 89' lang='lat' dir='ltr'><strong>di-</strong></span> 
     </span>
    </p>
   </div>
   <div class='ocr_carea' id='block_1_89' title="bbox 2177 2786 3832 2860">
    <p class='ocr_par' dir='ltr' id='par_1_89' title="bbox 2177 2786 3832 2860">
     <span class='ocr_line' id='line_1_89' title="bbox 2177 2786 3832 2860; baseline 0.002 -18"><span class='ocrx_word' id='word_1_674' title='bbox 2177 2803 2310 2842; x_wconf 89' lang='lat' dir='ltr'><strong>cere</strong></span> <span class='ocrx_word' id='word_1_675' title='bbox 2322 2786 2606 2853; x_wconf 90' lang='lat' dir='ltr'><strong>volentes,</strong></span> <span class='ocrx_word' id='word_1_676' title='bbox 2632 2802 2776 2842; x_wconf 86' lang='lat' dir='ltr'><strong>mox</strong></span> <span class='ocrx_word' id='word_1_677' title='bbox 2792 2787 3058 2841; x_wconf 82' lang='lat' dir='ltr'><strong>aJudaeis</strong></span> <span class='ocrx_word' id='word_1_678' title='bbox 3071 2786 3408 2859; x_wconf 89' lang='lat' dir='ltr'><strong>incipimus.</strong></span> <span class='ocrx_word' id='word_1_679' title='bbox 3434 2788 3551 2860; x_wconf 92' lang='lat' dir='ltr'><strong>Ipsi</strong></span> <span class='ocrx_word' id='word_1_680' title='bbox 3573 2804 3722 2859; x_wconf 90' lang='lat' dir='ltr'><strong>ergo</strong></span> <span class='ocrx_word' id='word_1_681' title='bbox 3736 2804 3832 2847; x_wconf 89' lang='lat' dir='ltr'><strong>no-</strong></span> 
     </span>
    </p>
   </div>
   <div class='ocr_carea' id='block_1_90' title="bbox 2172 2875 3831 2950">
    <p class='ocr_par' dir='ltr' id='par_1_90' title="bbox 2172 2875 3831 2950">
     <span class='ocr_line' id='line_1_90' title="bbox 2172 2875 3831 2950; baseline 0.002 -19"><span class='ocrx_word' id='word_1_682' title='bbox 2172 2876 2265 2932; x_wconf 89' lang='lat' dir='ltr'><strong>bis</strong></span> <span class='ocrx_word' id='word_1_683' title='bbox 2278 2875 2580 2932; x_wconf 87' lang='lat' dir='ltr'><strong>catholicis</strong></span> <span class='ocrx_word' id='word_1_684' title='bbox 2600 2875 2659 2930; x_wconf 91' lang='lat' dir='ltr'><strong>in</strong></span> <span class='ocrx_word' id='word_1_685' title='bbox 2672 2891 2742 2931; x_wconf 92' lang='lat' dir='ltr'><strong>eo</strong></span> <span class='ocrx_word' id='word_1_686' title='bbox 2769 2891 2832 2931; x_wconf 91' lang='lat' dir='ltr'><strong>se</strong></span> <span class='ocrx_word' id='word_1_687' title='bbox 2857 2876 3189 2932; x_wconf 89' lang='lat' dir='ltr'><strong>consentire</strong></span> <span class='ocrx_word' id='word_1_688' title='bbox 3205 2876 3430 2944; x_wconf 91' lang='lat' dir='ltr'><strong>dicunt,</strong></span> <span class='ocrx_word' id='word_1_689' title='bbox 3452 2877 3627 2950; x_wconf 92' lang='lat' dir='ltr'><strong>quod</strong></span> <span class='ocrx_word' id='word_1_690' title='bbox 3650 2894 3831 2937; x_wconf 87' lang='lat' dir='ltr'><strong>unum</strong></span> 
     </span>
    </p>
   </div>
   <div class='ocr_carea' id='block_1_91' title="bbox 2176 2964 3829 3025">
    <p class='ocr_par' dir='ltr' id='par_1_91' title="bbox 2176 2964 3829 3025">
     <span class='ocr_line' id='line_1_91' title="bbox 2176 2964 3829 3025; baseline 0.001 -4"><span class='ocrx_word' id='word_1_691' title='bbox 2176 2966 2496 3021; x_wconf 89' lang='lat' dir='ltr'><strong>Dominum</strong></span> <span class='ocrx_word' id='word_1_692' title='bbox 2522 2964 2773 3022; x_wconf 90' lang='lat' dir='ltr'><strong>colimus</strong></span> <span class='ocrx_word' id='word_1_693' title='bbox 2794 2965 3064 3021; x_wconf 91' lang='lat' dir='ltr'><strong>omnium</strong></span> <span class='ocrx_word' id='word_1_694' title='bbox 3087 2970 3433 3022; x_wconf 88' lang='lat' dir='ltr'><strong>creatorem.</strong></span> <span class='ocrx_word' id='word_1_695' title='bbox 3461 2966 3829 3025; x_wconf 85' lang='lat' dir='ltr'><strong>Dissentith</strong></span> 
     </span>
    </p>
   </div>
   <div class='ocr_carea' id='block_1_92' title="bbox 2124 3053 3827 3144">
    <p class='ocr_par' dir='ltr' id='par_1_92' title="bbox 2124 3053 3827 3144">
     <span class='ocr_line' id='line_1_92' title="bbox 2124 3053 3827 3144; baseline 0.002 -34"><span class='ocrx_word' id='word_1_696' title='bbox 2124 3089 2144 3144; x_wconf 46' lang='lat' dir='ltr'><strong>J</strong></span> <span class='ocrx_word' id='word_1_697' title='bbox 2176 3059 2375 3111; x_wconf 88' lang='lat' dir='ltr'><strong>autem</strong></span> <span class='ocrx_word' id='word_1_698' title='bbox 2395 3055 2455 3111; x_wconf 91' lang='lat' dir='ltr'><strong>in</strong></span> <span class='ocrx_word' id='word_1_699' title='bbox 2484 3055 2597 3122; x_wconf 89' lang='lat' dir='ltr'><strong>his,</strong></span> <span class='ocrx_word' id='word_1_700' title='bbox 2627 3053 2793 3126; x_wconf 92' lang='lat' dir='ltr'><strong>quod</strong></span> <span class='ocrx_word' id='word_1_701' title='bbox 2823 3054 3161 3111; x_wconf 88' lang='lat' dir='ltr'><strong>Trinitatem</strong></span> <span class='ocrx_word' id='word_1_702' title='bbox 3186 3070 3589 3127; x_wconf 89' lang='lat' dir='ltr'><strong>personarum</strong></span> <span class='ocrx_word' id='word_1_703' title='bbox 3615 3056 3680 3114; x_wconf 91' lang='lat' dir='ltr'><strong>in</strong></span> <span class='ocrx_word' id='word_1_704' title='bbox 3708 3056 3827 3113; x_wconf 83' lang='lat' dir='ltr'><strong>uni-</strong></span> 
     </span>
    </p>
   </div>
   <div class='ocr_carea' id='block_1_93' title="bbox 2174 3143 3831 3216">
    <p class='ocr_par' dir='ltr' id='par_1_93' title="bbox 2174 3143 3831 3216">
     <span class='ocr_line' id='line_1_93' title="bbox 2174 3143 3831 3216; baseline 0 -15"><span class='ocrx_word' id='word_1_705' title='bbox 2174 3148 2292 3201; x_wconf 86' lang='lat' dir='ltr'><strong>tate</strong></span> <span class='ocrx_word' id='word_1_706' title='bbox 2321 3143 2558 3200; x_wconf 89' lang='lat' dir='ltr'><strong>Deitatis</strong></span> <span class='ocrx_word' id='word_1_707' title='bbox 2584 3159 2707 3199; x_wconf 90' lang='lat' dir='ltr'><strong>non</strong></span> <span class='ocrx_word' id='word_1_708' title='bbox 2737 3147 3093 3213; x_wconf 90' lang='lat' dir='ltr'><strong>agnoscunt,</strong></span> <span class='ocrx_word' id='word_1_709' title='bbox 3127 3148 3184 3201; x_wconf 90' lang='lat' dir='ltr'><strong>et</strong></span> <span class='ocrx_word' id='word_1_710' title='bbox 3208 3144 3373 3216; x_wconf 89' lang='lat' dir='ltr'><strong>quod</strong></span> <span class='ocrx_word' id='word_1_711' title='bbox 3406 3145 3718 3203; x_wconf 87' lang='lat' dir='ltr'><strong>Christum</strong></span> <span class='ocrx_word' id='word_1_712' title='bbox 3743 3162 3831 3203; x_wconf 86' lang='lat' dir='ltr'><strong>ne-</strong></span> 
     </span>
    </p>
   </div>
   <div class='ocr_carea' id='block_1_94' title="bbox 2176 3233 3829 3305">
    <p class='ocr_par' dir='ltr' id='par_1_94' title="bbox 2176 3233 3829 3305">
     <span class='ocr_line' id='line_1_94' title="bbox 2176 3233 3829 3305; baseline 0.002 -16"><span class='ocrx_word' id='word_1_713' title='bbox 2176 3237 2320 3305; x_wconf 88' lang='lat' dir='ltr'><strong>gant</strong></span> <span class='ocrx_word' id='word_1_714' title='bbox 2346 3235 2533 3289; x_wconf 83' lang='lat' dir='ltr'><strong>Deum</strong></span> <span class='ocrx_word' id='word_1_715' title='bbox 2564 3248 2713 3303; x_wconf 91' lang='lat' dir='ltr'><strong>esse,</strong></span> <span class='ocrx_word' id='word_1_716' title='bbox 2735 3237 2792 3288; x_wconf 92' lang='lat' dir='ltr'><strong>et</strong></span> <span class='ocrx_word' id='word_1_717' title='bbox 2818 3233 2984 3305; x_wconf 92' lang='lat' dir='ltr'><strong>quod</strong></span> <span class='ocrx_word' id='word_1_718' title='bbox 3010 3248 3149 3290; x_wconf 91' lang='lat' dir='ltr'><strong>eum</strong></span> <span class='ocrx_word' id='word_1_719' title='bbox 3168 3234 3443 3292; x_wconf 90' lang='lat' dir='ltr'><strong>nondum</strong></span> <span class='ocrx_word' id='word_1_720' title='bbox 3473 3235 3722 3293; x_wconf 88' lang='lat' dir='ltr'><strong>venisse</strong></span> <span class='ocrx_word' id='word_1_721' title='bbox 3748 3236 3829 3292; x_wconf 85' lang='lat' dir='ltr'><strong>di-</strong></span> 
     </span>
    </p>
   </div>
   <div class='ocr_carea' id='block_1_95' title="bbox 2176 3322 3830 3395">
    <p class='ocr_par' dir='ltr' id='par_1_95' title="bbox 2176 3322 3830 3395">
     <span class='ocr_line' id='line_1_95' title="bbox 2176 3322 3830 3395; baseline 0.002 -17"><span class='ocrx_word' id='word_1_722' title='bbox 2176 3326 2336 3378; x_wconf 90' lang='lat' dir='ltr'><strong>cunt.</strong></span> <span class='ocrx_word' id='word_1_723' title='bbox 2371 3326 2485 3378; x_wconf 82' lang='lat' dir='ltr'><strong>Nos</strong></span> <span class='ocrx_word' id='word_1_724' title='bbox 2516 3327 2714 3378; x_wconf 88' lang='lat' dir='ltr'><strong>autem</strong></span> <span class='ocrx_word' id='word_1_725' title='bbox 2739 3322 2817 3377; x_wconf 89' lang='lat' dir='ltr'><strong>ab</strong></span> <span class='ocrx_word' id='word_1_726' title='bbox 2843 3322 2957 3377; x_wconf 89' lang='lat' dir='ltr'><strong>hac</strong></span> <span class='ocrx_word' id='word_1_727' title='bbox 2987 3322 3195 3378; x_wconf 90' lang='lat' dir='ltr'><strong>ultima</strong></span> <span class='ocrx_word' id='word_1_728' title='bbox 3227 3328 3394 3395; x_wconf 89' lang='lat' dir='ltr'><strong>parte</strong></span> <span class='ocrx_word' id='word_1_729' title='bbox 3423 3326 3830 3382; x_wconf 90' lang='lat' dir='ltr'><strong>contradicere</strong></span> 
     </span>
    </p>
   </div>
   <div class='ocr_carea' id='block_1_96' title="bbox 2175 3411 3831 3481">
    <p class='ocr_par' dir='ltr' id='par_1_96' title="bbox 2175 3411 3831 3481">
     <span class='ocr_line' id='line_1_96' title="bbox 2175 3411 3831 3481; baseline 0.001 -14"><span class='ocrx_word' id='word_1_730' title='bbox 2175 3411 2526 3468; x_wconf 89' lang='lat' dir='ltr'><strong>inchoantes</strong></span> <span class='ocrx_word' id='word_1_731' title='bbox 2555 3411 2854 3481; x_wconf 87' lang='lat' dir='ltr'><strong>gradatim</strong></span> <span class='ocrx_word' id='word_1_732' title='bbox 2879 3411 3192 3468; x_wconf 87' lang='lat' dir='ltr'><strong>veniamus</strong></span> <span class='ocrx_word' id='word_1_733' title='bbox 3217 3412 3295 3468; x_wconf 90' lang='lat' dir='ltr'><strong>ad</strong></span> <span class='ocrx_word' id='word_1_734' title='bbox 3326 3429 3661 3473; x_wconf 84' lang='lat' dir='ltr'><strong>summam.</strong></span> <span class='ocrx_word' id='word_1_735' title='bbox 3682 3413 3831 3473; x_wconf 90' lang='lat' dir='ltr'><strong>Chri-</strong></span> 
     </span>
    </p>
   </div>
   <div class='ocr_carea' id='block_1_97' title="bbox 2178 3499 3829 3577">
    <p class='ocr_par' dir='ltr' id='par_1_97' title="bbox 2178 3499 3829 3577">
     <span class='ocr_line' id='line_1_97' title="bbox 2178 3499 3829 3577; baseline 0 -21"><span class='ocrx_word' id='word_1_736' title='bbox 2178 3504 2336 3556; x_wconf 88' lang='lat' dir='ltr'><strong>stum</strong></span> <span class='ocrx_word' id='word_1_737' title='bbox 2385 3501 2622 3557; x_wconf 89' lang='lat' dir='ltr'><strong>venisse</strong></span> <span class='ocrx_word' id='word_1_738' title='bbox 2662 3499 2924 3573; x_wconf 88' lang='lat' dir='ltr'><strong>probant</strong></span> <span class='ocrx_word' id='word_1_739' title='bbox 2950 3499 3433 3558; x_wconf 87' lang='lat' dir='ltr'><strong>innumerabilia.</strong></span> <span class='ocrx_word' id='word_1_740' title='bbox 3484 3504 3570 3560; x_wconf 89' lang='lat' dir='ltr'><strong>De</strong></span> <span class='ocrx_word' id='word_1_741' title='bbox 3613 3503 3829 3577; x_wconf 84' lang='lat' dir='ltr'><strong>quibus</strong></span> 
     </span>
    </p>
   </div>
   <div class='ocr_carea' id='block_1_98' title="bbox 2175 3587 3829 3660">
    <p class='ocr_par' dir='ltr' id='par_1_98' title="bbox 2175 3587 3829 3660">
     <span class='ocr_line' id='line_1_98' title="bbox 2175 3587 3829 3660; baseline 0.003 -17"><span class='ocrx_word' id='word_1_742' title='bbox 2175 3604 2366 3644; x_wconf 90' lang='lat' dir='ltr'><strong>unum</strong></span> <span class='ocrx_word' id='word_1_743' title='bbox 2389 3591 2479 3643; x_wconf 88' lang='lat' dir='ltr'><strong>est</strong></span> <span class='ocrx_word' id='word_1_744' title='bbox 2497 3587 2845 3645; x_wconf 90' lang='lat' dir='ltr'><strong>vaticinium</strong></span> <span class='ocrx_word' id='word_1_745' title='bbox 2865 3588 3217 3660; x_wconf 73' lang='lat' dir='ltr'><strong>patriarchae</strong></span> <span class='ocrx_word' id='word_1_746' title='bbox 3246 3588 3430 3647; x_wconf 84' lang='lat' dir='ltr'><strong>Iacob</strong></span> <span class='ocrx_word' id='word_1_747' title='bbox 3459 3594 3519 3647; x_wconf 85' lang='lat' dir='ltr'><strong>et</strong></span> <span class='ocrx_word' id='word_1_748' title='bbox 3536 3590 3829 3660; x_wconf 86' lang='lat' dir='ltr'><strong>legislato-</strong></span> 
     </span>
    </p>
   </div>
   <div class='ocr_carea' id='block_1_99' title="bbox 2175 3676 3830 3749">
    <p class='ocr_par' dir='ltr' id='par_1_99' title="bbox 2175 3676 3830 3749">
     <span class='ocr_line' id='line_1_99' title="bbox 2175 3676 3830 3749; baseline 0.002 -18"><span class='ocrx_word' id='word_1_749' title='bbox 2175 3676 2255 3732; x_wconf 85' lang='lat' dir='ltr'><strong>ris</strong></span> <span class='ocrx_word' id='word_1_750' title='bbox 2277 3676 2510 3748; x_wconf 83' lang='lat' dir='ltr'><strong>Moysis,</strong></span> <span class='ocrx_word' id='word_1_751' title='bbox 2532 3676 2637 3749; x_wconf 91' lang='lat' dir='ltr'><strong>qui</strong></span> <span class='ocrx_word' id='word_1_752' title='bbox 2666 3679 2895 3732; x_wconf 92' lang='lat' dir='ltr'><strong>certum</strong></span> <span class='ocrx_word' id='word_1_753' title='bbox 2952 3676 3193 3745; x_wconf 90' lang='lat' dir='ltr'><strong>signum</strong></span> <span class='ocrx_word' id='word_1_754' title='bbox 3241 3677 3538 3735; x_wconf 88' lang='lat' dir='ltr'><strong>adventus</strong></span> <span class='ocrx_word' id='word_1_755' title='bbox 3569 3677 3830 3739; x_wconf 87' lang='lat' dir='ltr'><strong>ostende-</strong></span> 
     </span>
    </p>
   </div>
   <div class='ocr_carea' id='block_1_100' title="bbox 2175 3763 3829 3840">
    <p class='ocr_par' dir='ltr' id='par_1_100' title="bbox 2175 3763 3829 3840">
     <span class='ocr_line' id='line_1_100' title="bbox 2175 3763 3829 3840; baseline 0.002 -20"><span class='ocrx_word' id='word_1_756' title='bbox 2175 3768 2316 3821; x_wconf 91' lang='lat' dir='ltr'><strong>runt</strong></span> <span class='ocrx_word' id='word_1_757' title='bbox 2337 3765 2400 3820; x_wconf 91' lang='lat' dir='ltr'><strong>in</strong></span> <span class='ocrx_word' id='word_1_758' title='bbox 2428 3769 2662 3837; x_wconf 91' lang='lat' dir='ltr'><strong>sceptro</strong></span> <span class='ocrx_word' id='word_1_759' title='bbox 2689 3763 2859 3833; x_wconf 90' lang='lat' dir='ltr'><strong>regni</strong></span> <span class='ocrx_word' id='word_1_760' title='bbox 2885 3764 3062 3835; x_wconf 88' lang='lat' dir='ltr'><strong>Iuda,</strong></span> <span class='ocrx_word' id='word_1_761' title='bbox 3094 3764 3357 3822; x_wconf 88' lang='lat' dir='ltr'><strong>dicentes</strong></span> <span class='ocrx_word' id='word_1_762' title='bbox 3390 3784 3403 3822; x_wconf 89' lang='lat'>:</span> <span class='ocrx_word' id='word_1_763' title='bbox 3435 3767 3576 3825; x_wconf 84' lang='lat' dir='ltr'><strong>Non</strong></span> <span class='ocrx_word' id='word_1_764' title='bbox 3608 3770 3829 3840; x_wconf 82' lang='lat' dir='ltr'><strong>aufere-</strong></span> 
     </span>
    </p>
   </div>
   <div class='ocr_carea' id='block_1_101' title="bbox 2178 3853 3825 3928">
    <p class='ocr_par' dir='ltr' id='par_1_101' title="bbox 2178 3853 3825 3928">
     <span class='ocr_line' id='line_1_101' title="bbox 2178 3853 3825 3928; baseline 0.002 -20"><span class='ocrx_word' id='word_1_765' title='bbox 2178 3859 2277 3909; x_wconf 81' lang='lat' dir='ltr'><strong>tur</strong></span> <span class='ocrx_word' id='word_1_766' title='bbox 2296 3860 2593 3923; x_wconf 86' lang='lat' dir='ltr'><strong>sceptrum</strong></span> <span class='ocrx_word' id='word_1_767' title='bbox 2620 3853 2870 3910; x_wconf 84' lang='lat' dir='ltr'><strong>deJuda</strong></span> <span class='ocrx_word' id='word_1_768' title='bbox 2896 3858 2949 3909; x_wconf 84' lang='lat' dir='ltr'><strong>et</strong></span> <span class='ocrx_word' id='word_1_769' title='bbox 2967 3854 3095 3911; x_wconf 76' lang='lat' dir='ltr'><strong>dux</strong></span> <span class='ocrx_word' id='word_1_770' title='bbox 3110 3854 3182 3911; x_wconf 89' lang='lat' dir='ltr'><strong>de</strong></span> <span class='ocrx_word' id='word_1_771' title='bbox 3206 3855 3437 3923; x_wconf 85' lang='lat' dir='ltr'><strong>femore</strong></span> <span class='ocrx_word' id='word_1_772' title='bbox 3464 3858 3623 3928; x_wconf 85' lang='lat' dir='ltr'><strong>ejus,</strong></span> <span class='ocrx_word' id='word_1_773' title='bbox 3655 3858 3825 3913; x_wconf 83' lang='lat' dir='ltr'><strong>donec</strong></span> 
     </span>
    </p>
   </div>
   <div class='ocr_carea' id='block_1_102' title="bbox 2179 3942 3825 4015">
    <p class='ocr_par' dir='ltr' id='par_1_102' title="bbox 2179 3942 3825 4015">
     <span class='ocr_line' id='line_1_102' title="bbox 2179 3942 3825 4015; baseline 0.001 -18"><span class='ocrx_word' id='word_1_774' title='bbox 2179 3943 2379 3998; x_wconf 83' lang='lat' dir='ltr'><strong>veniat</strong></span> <span class='ocrx_word' id='word_1_775' title='bbox 2399 3944 2505 4012; x_wconf 86' lang='lat' dir='ltr'><strong>qui</strong></span> <span class='ocrx_word' id='word_1_776' title='bbox 2546 3942 2868 3998; x_wconf 78' lang='lat' dir='ltr'><strong>mittendus</strong></span> <span class='ocrx_word' id='word_1_777' title='bbox 2899 3948 3004 4012; x_wconf 86' lang='lat' dir='ltr'><strong>est,</strong></span> <span class='ocrx_word' id='word_1_778' title='bbox 3066 3948 3123 3998; x_wconf 85' lang='lat' dir='ltr'><strong>et</strong></span> <span class='ocrx_word' id='word_1_779' title='bbox 3150 3944 3276 4012; x_wconf 82' lang='lat' dir='ltr'><strong>ipse</strong></span> <span class='ocrx_word' id='word_1_780' title='bbox 3319 3945 3433 3999; x_wconf 81' lang='lat' dir='ltr'><strong>erit</strong></span> <span class='ocrx_word' id='word_1_781' title='bbox 3472 3945 3825 4015; x_wconf 67' lang='lat' dir='ltr'><strong>exspectatio</strong></span> 
     </span>
    </p>
   </div>
   <div class='ocr_carea' id='block_1_103' title="bbox 2176 4030 3825 4107">
    <p class='ocr_par' dir='ltr' id='par_1_103' title="bbox 2176 4030 3825 4107">
     <span class='ocr_line' id='line_1_103' title="bbox 2176 4030 3825 4107; baseline 0.002 -23"><span class='ocrx_word' id='word_1_782' title='bbox 2176 4031 2437 4100; x_wconf 80' lang='lat' dir='ltr'><strong>gentium</strong></span> <span class='ocrx_word' id='word_1_783' title='bbox 2472 4030 2634 4100; x_wconf 87' lang='lat' dir='ltr'><strong>(Gen.</strong></span> <span class='ocrx_word' id='word_1_784' title='bbox 2665 4046 2817 4100; x_wconf 79' lang='lat' dir='ltr'><strong>XLIX,</strong></span> <span class='ocrx_word' id='word_1_785' title='bbox 2845 4031 2948 4101; x_wconf 81' lang='grc'><strong>10).</strong></span> <span class='ocrx_word' id='word_1_786' title='bbox 2998 4032 3159 4087; x_wconf 87' lang='lat' dir='ltr'><strong>Hanc</strong></span> <span class='ocrx_word' id='word_1_787' title='bbox 3203 4035 3402 4087; x_wconf 91' lang='lat' dir='ltr'><strong>autem</strong></span> <span class='ocrx_word' id='word_1_788' title='bbox 3451 4033 3825 4107; x_wconf 87' lang='lat' dir='ltr'><strong>prophetiam</strong></span> 
     </span>
    </p>
   </div>
   <div class='ocr_carea' id='block_1_104' title="bbox 2178 4115 3825 4194">
    <p class='ocr_par' dir='ltr' id='par_1_104' title="bbox 2178 4115 3825 4194">
     <span class='ocr_line' id='line_1_104' title="bbox 2178 4115 3825 4194; baseline 0.001 -23"><span class='ocrx_word' id='word_1_789' title='bbox 2178 4115 2399 4172; x_wconf 91' lang='lat' dir='ltr'><strong>idcirco</strong></span> <span class='ocrx_word' id='word_1_790' title='bbox 2424 4117 2662 4173; x_wconf 91' lang='lat' dir='ltr'><strong>duobus</strong></span> <span class='ocrx_word' id='word_1_791' title='bbox 2686 4117 2828 4173; x_wconf 91' lang='lat' dir='ltr'><strong>viris</strong></span> <span class='ocrx_word' id='word_1_792' title='bbox 2862 4117 3041 4174; x_wconf 88' lang='lat' dir='ltr'><strong>simul</strong></span> <span class='ocrx_word' id='word_1_793' title='bbox 3074 4118 3453 4191; x_wconf 89' lang='lat' dir='ltr'><strong>ascribimus,</strong></span> <span class='ocrx_word' id='word_1_794' title='bbox 3504 4121 3655 4194; x_wconf 88' lang='lat' dir='ltr'><strong>quia</strong></span> <span class='ocrx_word' id='word_1_795' title='bbox 3681 4135 3825 4177; x_wconf 91' lang='lat' dir='ltr'><strong>unus</strong></span> 
     </span>
    </p>
   </div>
   <div class='ocr_carea' id='block_1_105' title="bbox 2178 4203 3825 4278">
    <p class='ocr_par' dir='ltr' id='par_1_105' title="bbox 2178 4203 3825 4278">
     <span class='ocr_line' id='line_1_105' title="bbox 2178 4203 3825 4278; baseline 0.001 -16"><span class='ocrx_word' id='word_1_796' title='bbox 2178 4203 2417 4262; x_wconf 90' lang='lat' dir='ltr'><strong>illorum</strong></span> <span class='ocrx_word' id='word_1_797' title='bbox 2445 4206 2704 4278; x_wconf 90' lang='lat' dir='ltr'><strong>protulit,</strong></span> <span class='ocrx_word' id='word_1_798' title='bbox 2725 4221 2860 4263; x_wconf 90' lang='lat' dir='ltr'><strong>eam</strong></span> <span class='ocrx_word' id='word_1_799' title='bbox 2882 4204 3029 4264; x_wconf 85' lang='lat' dir='ltr'><strong>alter</strong></span> <span class='ocrx_word' id='word_1_800' title='bbox 3053 4206 3248 4263; x_wconf 90' lang='lat' dir='ltr'><strong>retulit</strong></span> <span class='ocrx_word' id='word_1_801' title='bbox 3274 4224 3344 4264; x_wconf 91' lang='lat' dir='ltr'><strong>ac</strong></span> <span class='ocrx_word' id='word_1_802' title='bbox 3372 4209 3698 4267; x_wconf 90' lang='lat' dir='ltr'><strong>scribendo</strong></span> <span class='ocrx_word' id='word_1_803' title='bbox 3712 4224 3825 4266; x_wconf 88' lang='lat' dir='ltr'><strong>cor-</strong></span> 
     </span>
    </p>
   </div>
   <div class='ocr_carea' id='block_1_106' title="bbox 2180 4293 3821 4367">
    <p class='ocr_par' dir='ltr' id='par_1_106' title="bbox 2180 4293 3821 4367">
     <span class='ocr_line' id='line_1_106' title="bbox 2180 4293 3821 4367; baseline 0 -18"><span class='ocrx_word' id='word_1_804' title='bbox 2180 4293 2501 4351; x_wconf 88' lang='lat' dir='ltr'><strong>roboravit.</strong></span> <span class='ocrx_word' id='word_1_805' title='bbox 2533 4299 2603 4350; x_wconf 86' lang='lat' dir='ltr'><strong>At</strong></span> <span class='ocrx_word' id='word_1_806' title='bbox 2631 4294 2725 4350; x_wconf 92' lang='lat' dir='ltr'><strong>ille</strong></span> <span class='ocrx_word' id='word_1_807' title='bbox 2755 4295 2857 4367; x_wconf 86' lang='lat' dir='ltr'><strong>qui</strong></span> <span class='ocrx_word' id='word_1_808' title='bbox 2886 4295 3128 4367; x_wconf 90' lang='lat' dir='ltr'><strong>protulit</strong></span> <span class='ocrx_word' id='word_1_809' title='bbox 3149 4312 3303 4364; x_wconf 89' lang='lat' dir='ltr'><strong>eam,</strong></span> <span class='ocrx_word' id='word_1_810' title='bbox 3350 4296 3414 4352; x_wconf 93' lang='lat' dir='ltr'><strong>id</strong></span> <span class='ocrx_word' id='word_1_811' title='bbox 3442 4303 3534 4354; x_wconf 91' lang='lat' dir='ltr'><strong>est</strong></span> <span class='ocrx_word' id='word_1_812' title='bbox 3591 4303 3821 4355; x_wconf 89' lang='lat' dir='ltr'><strong>sanctus</strong></span> 
     </span>
    </p>
   </div>
   <div class='ocr_carea' id='block_1_107' title="bbox 2181 4382 3823 4460">
    <p class='ocr_par' dir='ltr' id='par_1_107' title="bbox 2181 4382 3823 4460">
     <span class='ocr_line' id='line_1_107' title="bbox 2181 4382 3823 4460; baseline 0.001 -23"><span class='ocrx_word' id='word_1_813' title='bbox 2181 4382 2521 4455; x_wconf 80' lang='lat' dir='ltr'><strong>patriarcha</strong></span> <span class='ocrx_word' id='word_1_814' title='bbox 2544 4384 2750 4451; x_wconf 89' lang='lat' dir='ltr'><strong>Jacob,</strong></span> <span class='ocrx_word' id='word_1_815' title='bbox 2780 4388 2907 4439; x_wconf 89' lang='lat' dir='ltr'><strong>erat</strong></span> <span class='ocrx_word' id='word_1_816' title='bbox 2929 4388 3071 4441; x_wconf 91' lang='lat' dir='ltr'><strong>tunc</strong></span> <span class='ocrx_word' id='word_1_817' title='bbox 3110 4384 3347 4442; x_wconf 84' lang='lat' dir='ltr'><strong>advena</strong></span> <span class='ocrx_word' id='word_1_818' title='bbox 3376 4390 3434 4442; x_wconf 90' lang='lat' dir='ltr'><strong>et</strong></span> <span class='ocrx_word' id='word_1_819' title='bbox 3484 4387 3823 4460; x_wconf 79' lang='lat' dir='ltr'><strong>peregrinus</strong></span> 
     </span>
    </p>
   </div>
   <div class='ocr_carea' id='block_1_108' title="bbox 2180 4470 3821 4548">
    <p class='ocr_par' dir='ltr' id='par_1_108' title="bbox 2180 4470 3821 4548">
     <span class='ocr_line' id='line_1_108' title="bbox 2180 4470 3821 4548; baseline 0.002 -22"><span class='ocrx_word' id='word_1_820' title='bbox 2180 4470 2243 4527; x_wconf 90' lang='lat' dir='ltr'><strong>in</strong></span> <span class='ocrx_word' id='word_1_821' title='bbox 2270 4474 2523 4544; x_wconf 71' lang='lat' dir='ltr'><strong>Egypto</strong></span> <span class='ocrx_word' id='word_1_822' title='bbox 2543 4487 2683 4528; x_wconf 87' lang='lat' dir='ltr'><strong>cum</strong></span> <span class='ocrx_word' id='word_1_823' title='bbox 2713 4471 2847 4527; x_wconf 87' lang='lat' dir='ltr'><strong>ﬁliis</strong></span> <span class='ocrx_word' id='word_1_824' title='bbox 2904 4472 3056 4543; x_wconf 90' lang='lat' dir='ltr'><strong>suis,</strong></span> <span class='ocrx_word' id='word_1_825' title='bbox 3084 4472 3350 4546; x_wconf 86' lang='lat' dir='ltr'><strong>nihilque</strong></span> <span class='ocrx_word' id='word_1_826' title='bbox 3380 4476 3549 4545; x_wconf 90' lang='lat' dir='ltr'><strong>regia</strong></span> <span class='ocrx_word' id='word_1_827' title='bbox 3578 4476 3821 4548; x_wconf 87' lang='lat' dir='ltr'><strong>dignitas</strong></span> 
     </span>
    </p>
   </div>
   <div class='ocr_carea' id='block_1_109' title="bbox 2182 4559 3822 4634">
    <p class='ocr_par' dir='ltr' id='par_1_109' title="bbox 2182 4559 3822 4634">
     <span class='ocr_line' id='line_1_109' title="bbox 2182 4559 3822 4634; baseline 0.002 -20"><span class='ocrx_word' id='word_1_828' title='bbox 2182 4559 2471 4632; x_wconf 90' lang='lat' dir='ltr'><strong>pertinere</strong></span> <span class='ocrx_word' id='word_1_829' title='bbox 2500 4559 2817 4616; x_wconf 82' lang='lat' dir='ltr'><strong>videbatur</strong></span> <span class='ocrx_word' id='word_1_830' title='bbox 2841 4559 2919 4617; x_wconf 87' lang='lat' dir='ltr'><strong>ad</strong></span> <span class='ocrx_word' id='word_1_831' title='bbox 2940 4576 3065 4632; x_wconf 91' lang='lat' dir='ltr'><strong>eos,</strong></span> <span class='ocrx_word' id='word_1_832' title='bbox 3096 4561 3209 4617; x_wconf 84' lang='lat' dir='ltr'><strong>nisi</strong></span> <span class='ocrx_word' id='word_1_833' title='bbox 3235 4563 3562 4634; x_wconf 90' lang='lat' dir='ltr'><strong>promissio</strong></span> <span class='ocrx_word' id='word_1_834' title='bbox 3608 4569 3822 4620; x_wconf 89' lang='lat' dir='ltr'><strong>tantum</strong></span> 
     </span>
    </p>
   </div>
   <div class='ocr_carea' id='block_1_110' title="bbox 2179 4646 3824 4723">
    <p class='ocr_par' dir='ltr' id='par_1_110' title="bbox 2179 4646 3824 4723">
     <span class='ocr_line' id='line_1_110' title="bbox 2179 4646 3824 4723; baseline 0.001 -21"><span class='ocrx_word' id='word_1_835' title='bbox 2179 4646 2543 4720; x_wconf 89' lang='lat' dir='ltr'><strong>perﬁcienda</strong></span> <span class='ocrx_word' id='word_1_836' title='bbox 2571 4647 2823 4720; x_wconf 87' lang='lat' dir='ltr'><strong>posteris</strong></span> <span class='ocrx_word' id='word_1_837' title='bbox 2878 4647 3148 4723; x_wconf 90' lang='lat' dir='ltr'><strong>ipsorum</strong></span> <span class='ocrx_word' id='word_1_838' title='bbox 3176 4648 3255 4705; x_wconf 92' lang='lat' dir='ltr'><strong>ad</strong></span> <span class='ocrx_word' id='word_1_839' title='bbox 3303 4665 3438 4707; x_wconf 90' lang='lat' dir='ltr'><strong>nos.</strong></span> <span class='ocrx_word' id='word_1_840' title='bbox 3472 4650 3824 4708; x_wconf 67' lang='lat' dir='ltr'><strong>Prmvidebat</strong></span> 
     </span>
    </p>
   </div>
   <div class='ocr_carea' id='block_1_111' title="bbox 2179 4735 3820 4812">
    <p class='ocr_par' dir='ltr' id='par_1_111' title="bbox 2179 4735 3820 4812">
     <span class='ocr_line' id='line_1_111' title="bbox 2179 4735 3820 4812; baseline 0.002 -22"><span class='ocrx_word' id='word_1_841' title='bbox 2179 4739 2383 4791; x_wconf 89' lang='lat' dir='ltr'><strong>tamen</strong></span> <span class='ocrx_word' id='word_1_842' title='bbox 2412 4735 2505 4791; x_wconf 93' lang='lat' dir='ltr'><strong>ille</strong></span> <span class='ocrx_word' id='word_1_843' title='bbox 2516 4736 2607 4791; x_wconf 92' lang='lat' dir='ltr'><strong>vir</strong></span> <span class='ocrx_word' id='word_1_844' title='bbox 2633 4735 2951 4811; x_wconf 87' lang='lat' dir='ltr'><strong>spiritualis</strong></span> <span class='ocrx_word' id='word_1_845' title='bbox 2981 4737 3091 4794; x_wconf 91' lang='lat' dir='ltr'><strong>tale</strong></span> <span class='ocrx_word' id='word_1_846' title='bbox 3104 4737 3688 4812; x_wconf 88' lang='lat' dir='ltr'><strong>quoddamregnum</strong></span> <span class='ocrx_word' id='word_1_847' title='bbox 3708 4753 3820 4796; x_wconf 89' lang='lat' dir='ltr'><strong>esse</strong></span> 
     </span>
    </p>
   </div>
   <div class='ocr_carea' id='block_1_112' title="bbox 2178 4824 3819 4901">
    <p class='ocr_par' dir='ltr' id='par_1_112' title="bbox 2178 4824 3819 4901">
     <span class='ocr_line' id='line_1_112' title="bbox 2178 4824 3819 4901; baseline 0.002 -21"><span class='ocrx_word' id='word_1_848' title='bbox 2178 4824 2445 4881; x_wconf 88' lang='lat' dir='ltr'><strong>futurum</strong></span> <span class='ocrx_word' id='word_1_849' title='bbox 2474 4824 2547 4881; x_wconf 93' lang='lat' dir='ltr'><strong>de</strong></span> <span class='ocrx_word' id='word_1_850' title='bbox 2594 4840 2808 4895; x_wconf 88' lang='lat' dir='ltr'><strong>genere</strong></span> <span class='ocrx_word' id='word_1_851' title='bbox 2840 4842 2970 4897; x_wconf 92' lang='lat' dir='ltr'><strong>suo,</strong></span> <span class='ocrx_word' id='word_1_852' title='bbox 3001 4827 3178 4899; x_wconf 89' lang='lat' dir='ltr'><strong>quale</strong></span> <span class='ocrx_word' id='word_1_853' title='bbox 3226 4827 3287 4882; x_wconf 92' lang='lat' dir='ltr'><strong>in</strong></span> <span class='ocrx_word' id='word_1_854' title='bbox 3319 4830 3528 4886; x_wconf 86' lang='lat' dir='ltr'><strong>Exodo</strong></span> <span class='ocrx_word' id='word_1_855' title='bbox 3584 4830 3819 4901; x_wconf 87' lang='lat' dir='ltr'><strong>legimus</strong></span> 
     </span>
    </p>
   </div>
   <div class='ocr_carea' id='block_1_113' title="bbox 2180 4914 3817 4991">
    <p class='ocr_par' dir='ltr' id='par_1_113' title="bbox 2180 4914 3817 4991">
     <span class='ocr_line' id='line_1_113' title="bbox 2180 4914 3817 4991; baseline 0.002 -20"><span class='ocrx_word' id='word_1_856' title='bbox 2180 4914 2686 4971; x_wconf 76' lang='lat' dir='ltr'><strong>dicente‘Domino</strong></span> <span class='ocrx_word' id='word_1_857' title='bbox 2703 4914 2781 4971; x_wconf 91' lang='lat' dir='ltr'><strong>ad</strong></span> <span class='ocrx_word' id='word_1_858' title='bbox 2800 4915 2954 4972; x_wconf 91' lang='lat' dir='ltr'><strong>ﬁlios</strong></span> <span class='ocrx_word' id='word_1_859' title='bbox 2968 4916 3155 4991; x_wconf 90' lang='lat' dir='ltr'><strong>ipsius</strong></span> <span class='ocrx_word' id='word_1_860' title='bbox 3183 4935 3195 4973; x_wconf 92' lang='lat'><strong>:</strong></span> <span class='ocrx_word' id='word_1_861' title='bbox 3219 4917 3287 4973; x_wconf 86' lang='lat' dir='ltr'><strong>Si</strong></span> <span class='ocrx_word' id='word_1_862' title='bbox 3302 4920 3623 4977; x_wconf 79' lang='lat' dir='ltr'><strong>audieritis</strong></span> <span class='ocrx_word' id='word_1_863' title='bbox 3644 4933 3817 4977; x_wconf 86' lang='lat' dir='ltr'><strong>vocem</strong></span> 
     </span>
    </p>
   </div>
   <div class='ocr_carea' id='block_1_114' title="bbox 2177 5004 3818 5078">
    <p class='ocr_par' dir='ltr' id='par_1_114' title="bbox 2177 5004 3818 5078">
     <span class='ocr_line' id='line_1_114' title="bbox 2177 5004 3818 5078; baseline -0.001 -18"><span class='ocrx_word' id='word_1_864' title='bbox 2177 5019 2391 5076; x_wconf 87' lang='lat' dir='ltr'><strong>meam,</strong></span> <span class='ocrx_word' id='word_1_865' title='bbox 2413 5010 2467 5061; x_wconf 85' lang='lat' dir='ltr'><strong>et</strong></span> <span class='ocrx_word' id='word_1_866' title='bbox 2488 5004 2885 5061; x_wconf 81' lang='lat' dir='ltr'><strong>custodieritis</strong></span> <span class='ocrx_word' id='word_1_867' title='bbox 2904 5011 3149 5075; x_wconf 80' lang='lat' dir='ltr'><strong>paetum</strong></span> <span class='ocrx_word' id='word_1_868' title='bbox 3178 5011 3580 5078; x_wconf 83' lang='lat' dir='ltr'><strong>meum,eritis</strong></span> <span class='ocrx_word' id='word_1_869' title='bbox 3609 5008 3752 5066; x_wconf 85' lang='lat' dir='ltr'><strong>mihi</strong></span> <span class='ocrx_word' id='word_1_870' title='bbox 3766 5008 3818 5062; x_wconf 84' lang='lat' dir='ltr'><strong>in</strong></span> 
     </span>
    </p>
   </div>
   <div class='ocr_carea' id='block_1_115' title="bbox 2176 5093 3820 5163">
    <p class='ocr_par' dir='ltr' id='par_1_115' title="bbox 2176 5093 3820 5163">
     <span class='ocr_line' id='line_1_115' title="bbox 2176 5093 3820 5163; baseline 0.001 -15"><span class='ocrx_word' id='word_1_871' title='bbox 2176 5093 2478 5163; x_wconf 79' lang='lat' dir='ltr'><strong>peculium</strong></span> <span class='ocrx_word' id='word_1_872' title='bbox 2495 5094 2568 5148; x_wconf 86' lang='lat' dir='ltr'><strong>de</strong></span> <span class='ocrx_word' id='word_1_873' title='bbox 2588 5094 2816 5149; x_wconf 80' lang='lat' dir='ltr'><strong>cunctis</strong></span> <span class='ocrx_word' id='word_1_874' title='bbox 2859 5095 3116 5163; x_wconf 75' lang='lat' dir='ltr'><strong>populis.</strong></span> <span class='ocrx_word' id='word_1_875' title='bbox 3148 5093 3284 5151; x_wconf 83' lang='lat' dir='ltr'><strong>Mea</strong></span> <span class='ocrx_word' id='word_1_876' title='bbox 3309 5100 3396 5151; x_wconf 86' lang='lat' dir='ltr'><strong>est</strong></span> <span class='ocrx_word' id='word_1_877' title='bbox 3444 5100 3605 5156; x_wconf 84' lang='lat' dir='ltr'><strong>enim</strong></span> <span class='ocrx_word' id='word_1_878' title='bbox 3652 5096 3820 5154; x_wconf 80' lang='lat' dir='ltr'><strong>omnis</strong></span> 
     </span>
    </p>
   </div>
   <div class='ocr_carea' id='block_1_116' title="bbox 2179 5179 3821 5253">
    <p class='ocr_par' dir='ltr' id='par_1_116' title="bbox 2179 5179 3821 5253">
     <span class='ocr_line' id='line_1_116' title="bbox 2179 5179 3821 5253; baseline 0.001 -17"><span class='ocrx_word' id='word_1_879' title='bbox 2179 5186 2365 5251; x_wconf 80' lang='lat' dir='ltr'><strong>terra,</strong></span> <span class='ocrx_word' id='word_1_880' title='bbox 2414 5186 2469 5236; x_wconf 84' lang='lat' dir='ltr'><strong>et</strong></span> <span class='ocrx_word' id='word_1_881' title='bbox 2510 5195 2608 5236; x_wconf 88' lang='lat' dir='ltr'><strong>vos</strong></span> <span class='ocrx_word' id='word_1_882' title='bbox 2654 5179 2804 5235; x_wconf 82' lang='lat' dir='ltr'><strong>mihi</strong></span> <span class='ocrx_word' id='word_1_883' title='bbox 2848 5183 3014 5237; x_wconf 77' lang='lat' dir='ltr'><strong>eritis</strong></span> <span class='ocrx_word' id='word_1_884' title='bbox 3063 5185 3125 5237; x_wconf 84' lang='lat' dir='ltr'><strong>in</strong></span> <span class='ocrx_word' id='word_1_885' title='bbox 3170 5198 3421 5253; x_wconf 83' lang='lat' dir='ltr'><strong>regnum</strong></span> <span class='ocrx_word' id='word_1_886' title='bbox 3466 5183 3821 5243; x_wconf 78' lang='lat' dir='ltr'><strong>sacerdotale</strong></span> 
     </span>
    </p>
   </div>
   <div class='ocr_carea' id='block_1_117' title="bbox 2181 5269 3820 5347">
    <p class='ocr_par' dir='ltr' id='par_1_117' title="bbox 2181 5269 3820 5347">
     <span class='ocr_line' id='line_1_117' title="bbox 2181 5269 3820 5347; baseline 0.001 -22"><span class='ocrx_word' id='word_1_887' title='bbox 2181 5270 2399 5333; x_wconf 68' lang='lat' dir='ltr'><strong>(Exod.</strong></span> <span class='ocrx_word' id='word_1_888' title='bbox 2427 5285 2547 5340; x_wconf 78' lang='lat' dir='ltr'><strong>xix,</strong></span> <span class='ocrx_word' id='word_1_889' title='bbox 2566 5270 2641 5339; x_wconf 75' lang='lat'><strong>5).</strong></span> <span class='ocrx_word' id='word_1_890' title='bbox 2678 5269 3051 5326; x_wconf 87' lang='lat' dir='ltr'><strong>Sacerdotale</strong></span> <span class='ocrx_word' id='word_1_891' title='bbox 3072 5270 3251 5341; x_wconf 90' lang='lat' dir='ltr'><strong>igitur</strong></span> <span class='ocrx_word' id='word_1_892' title='bbox 3273 5287 3533 5342; x_wconf 90' lang='lat' dir='ltr'><strong>regnum</strong></span> <span class='ocrx_word' id='word_1_893' title='bbox 3558 5272 3820 5347; x_wconf 61' lang='lat' dir='ltr'><strong>praevide-</strong></span> 
     </span>
    </p>
   </div>
   <div class='ocr_carea' id='block_1_118' title="bbox 2178 5356 3817 5436">
    <p class='ocr_par' dir='ltr' id='par_1_118' title="bbox 2178 5356 3817 5436">
     <span class='ocr_line' id='line_1_118' title="bbox 2178 5356 3817 5436; baseline -0.001 -21"><span class='ocrx_word' id='word_1_894' title='bbox 2178 5358 2303 5425; x_wconf 86' lang='lat' dir='ltr'><strong>bat,</strong></span> <span class='ocrx_word' id='word_1_895' title='bbox 2334 5358 2394 5413; x_wconf 92' lang='lat' dir='ltr'><strong>in</strong></span> <span class='ocrx_word' id='word_1_896' title='bbox 2424 5373 2548 5429; x_wconf 91' lang='lat' dir='ltr'><strong>quo</strong></span> <span class='ocrx_word' id='word_1_897' title='bbox 2567 5356 2694 5413; x_wconf 90' lang='lat' dir='ltr'><strong>solo</strong></span> <span class='ocrx_word' id='word_1_898' title='bbox 2716 5358 3149 5415; x_wconf 88' lang='lat' dir='ltr'><strong>sacriﬁcaretur</strong></span> <span class='ocrx_word' id='word_1_899' title='bbox 3171 5362 3375 5427; x_wconf 90' lang='lat' dir='ltr'><strong>Deo,et</strong></span> <span class='ocrx_word' id='word_1_900' title='bbox 3395 5362 3513 5421; x_wconf 83' lang='lat' dir='ltr'><strong>tale</strong></span> <span class='ocrx_word' id='word_1_901' title='bbox 3534 5362 3698 5436; x_wconf 90' lang='lat' dir='ltr'><strong>quod</strong></span> <span class='ocrx_word' id='word_1_902' title='bbox 3711 5362 3817 5423; x_wconf 89' lang='lat' dir='ltr'><strong>sine</strong></span> 
     </span>
    </p>
   </div>
   <div class='ocr_carea' id='block_1_119' title="bbox 2179 5445 3818 5521">
    <p class='ocr_par' dir='ltr' id='par_1_119' title="bbox 2179 5445 3818 5521">
     <span class='ocr_line' id='line_1_119' title="bbox 2179 5445 3818 5521; baseline 0.002 -19"><span class='ocrx_word' id='word_1_903' title='bbox 2179 5446 2511 5502; x_wconf 83' lang='lat' dir='ltr'><strong>sacerdotio</strong></span> <span class='ocrx_word' id='word_1_904' title='bbox 2532 5445 2851 5502; x_wconf 85' lang='lat' dir='ltr'><strong>subsistere</strong></span> <span class='ocrx_word' id='word_1_905' title='bbox 2867 5463 2988 5504; x_wconf 90' lang='lat' dir='ltr'><strong>non</strong></span> <span class='ocrx_word' id='word_1_906' title='bbox 3005 5453 3226 5521; x_wconf 86' lang='lat' dir='ltr'><strong>posset.</strong></span> <span class='ocrx_word' id='word_1_907' title='bbox 3250 5449 3432 5521; x_wconf 91' lang='lat' dir='ltr'><strong>Cujus</strong></span> <span class='ocrx_word' id='word_1_908' title='bbox 3445 5452 3623 5521; x_wconf 86' lang='lat' dir='ltr'><strong>regni</strong></span> <span class='ocrx_word' id='word_1_909' title='bbox 3638 5452 3818 5509; x_wconf 86' lang='lat' dir='ltr'><strong>locum</strong></span> 
     </span>
    </p>
   </div>
   <div class='ocr_carea' id='block_1_120' title="bbox 2178 5535 3817 5606">
    <p class='ocr_par' dir='ltr' id='par_1_120' title="bbox 2178 5535 3817 5606">
     <span class='ocr_line' id='line_1_120' title="bbox 2178 5535 3817 5606; baseline 0.001 -14"><span class='ocrx_word' id='word_1_910' title='bbox 2178 5535 2565 5592; x_wconf 88' lang='lat' dir='ltr'><strong>commendat</strong></span> <span class='ocrx_word' id='word_1_911' title='bbox 2572 5537 2800 5606; x_wconf 81' lang='lat' dir='ltr'><strong>Moyses</strong></span> <span class='ocrx_word' id='word_1_912' title='bbox 2813 5536 2874 5592; x_wconf 92' lang='lat' dir='ltr'><strong>in</strong></span> <span class='ocrx_word' id='word_1_913' title='bbox 2887 5538 3345 5594; x_wconf 89' lang='lat' dir='ltr'><strong>Deuteronomio</strong></span> <span class='ocrx_word' id='word_1_914' title='bbox 3356 5537 3591 5596; x_wconf 89' lang='lat' dir='ltr'><strong>dicens:</strong></span> <span class='ocrx_word' id='word_1_915' title='bbox 3600 5542 3750 5599; x_wconf 85' lang='lat' dir='ltr'><strong>Cave</strong></span> <span class='ocrx_word' id='word_1_916' title='bbox 3760 5550 3817 5593; x_wconf 83' lang='lat' dir='ltr'><strong>ne</strong></span> 
     </span>
    </p>
   </div>
   <div class='ocr_carea' id='block_1_121' title="bbox 2177 5625 3818 5703">
    <p class='ocr_par' dir='ltr' id='par_1_121' title="bbox 2177 5625 3818 5703">
     <span class='ocr_line' id='line_1_121' title="bbox 2177 5625 3818 5703; baseline 0.004 -22"><span class='ocrx_word' id='word_1_917' title='bbox 2177 5625 2392 5695; x_wconf 78' lang='lat' dir='ltr'><strong>o/feras</strong></span> <span class='ocrx_word' id='word_1_918' title='bbox 2408 5625 2661 5681; x_wconf 80' lang='lat' dir='ltr'><strong>hostiam</strong></span> <span class='ocrx_word' id='word_1_919' title='bbox 2683 5631 2848 5683; x_wconf 80' lang='lat' dir='ltr'><strong>tuam</strong></span> <span class='ocrx_word' id='word_1_920' title='bbox 2864 5628 3102 5684; x_wconf 81' lang='lat' dir='ltr'><strong>inomni</strong></span> <span class='ocrx_word' id='word_1_921' title='bbox 3118 5628 3245 5684; x_wconf 77' lang='lat' dir='ltr'><strong>loco</strong></span> <span class='ocrx_word' id='word_1_922' title='bbox 3269 5641 3445 5698; x_wconf 84' lang='lat' dir='ltr'><strong>quem</strong></span> <span class='ocrx_word' id='word_1_923' title='bbox 3472 5625 3818 5703; x_wconf 77' lang='lat' dir='ltr'><strong>videris,sed</strong></span> 
     </span>
    </p>
   </div>
  </div>
