3952 6390
94 248 203 305 309

1295 236 1700 297 TRACTATUS
1739 234 2021 293 CONTRA
2057 239 2360 295 JUD/EOS.

3444 242 3547 293 3l0

90 359 159 425 2n
192 385 256 426 eo
285 385 457 442 quem
485 368 726 439 elegerit
756 367 1044 422 Dominus
1076 366 1138 421 in
1172 379 1295 422 una
1326 363 1587 420 tribuum
1635 364 1761 414 tua-
1789 361 1837 414 Λ
1884 357 2032 429 legis
2055 360 2353 416 Christum
2408 361 2638 417 venisse
2668 362 3064 433 demonstrat,
3107 379 3237 435 quae
3261 362 3414 418 facta
3463 367 3551 418 est

91 476 233 517 rum
260 461 456 530 (Deut.
486 459 704 530 xu,l3),
737 461 793 513 et
817 457 892 513 dc
907 457 1037 529 jam
1068 456 1226 513 facta
1259 454 1544 511 electione
1576 450 1764 508 tribus

91 552 153 604 et
181 548 295 605 loci
326 547 487 604 canit
508 562 613 603 rex
643 546 744 603 Dei
770 544 992 623 psaltes
1023 544 1228 600 dicens
1254 561 1266 598 :
1300 544 1541 614 Repulit
1569 541 1765 597 taber-

90 639 385 694 naculum
410 635 633 707 Joseph
658 640 711 692 et
744 635 963 691 tribum
984 634 1281 705 Ephraim
1312 649 1432 690 non
1463 629 1768 704 elcgit,sed

88 730 273 799 elegit
319 728 543 786 tribum
592 725 777 793 Juda,
834 728 1089 781 montem
1132 723 1278 780 Sion
1327 738 1499 796 quem
1552 720 1766 777 dilexit

90 818 285 889 (Psal.
312 816 641 889 Lxxvn,67).
676 816 756 870 De
784 815 898 870 hoc
926 813 1128 887 itaque
1155 812 1489 869 vaticinans
1520 810 1766 886 patriar-

88 908 208 967 cha
229 913 286 965 et
310 925 419 982 pro
448 906 565 963 ﬁne
596 907 726 979 ejus
752 905 1079 962 adventum
1123 904 1345 962 Messias
1395 902 1761 973 Signiﬁcans,

84 996 353 1055 breviter
380 996 743 1071 loquebatur
773 994 978 1051 dicens
1013 1011 1025 1049 :
1058 995 1195 1050 Non
1252 994 1566 1064 auferetur
1602 1007 1762 1063 scep-

86 1092 256 1142 trum
287 1087 359 1144 de
380 1086 542 1143 Juda
568 1091 623 1143 et
650 1086 780 1142 dua:
805 1084 879 1155 de
902 1085 1130 1155 femore
1155 1086 1304 1155 ejus,
1346 1083 1530 1140 donec
1564 1083 1761 1140 veniat

84 1177 199 1246 qui
226 1176 552 1233 mittendus
583 1180 688 1243 est,
719 1180 773 1231 et
798 1176 923 1245 ipse
951 1174 1065 1230 erit
1094 1173 1455 1243 exspectatio
1470 1172 1760 1241 gentium,

84 1265 198 1321 sed
230 1281 442 1322 sensus
472 1264 639 1322 istius
661 1263 988 1339 prophetiae
1015 1262 1099 1320 sic
1147 1261 1532 1335 accipiendus
1552 1264 1658 1327 est,
1691 1275 1761 1315 ac

83 1354 133 1409 si
168 1354 353 1427 paulo
374 1354 649 1428 pluribus
673 1352 869 1410 verbis
927 1351 1321 1426 explicaretur
1372 1350 1487 1406 hoc
1533 1347 1755 1404 modo:

84 1445 319 1499 Domus
348 1443 522 1516 Juda,
555 1458 691 1518 quae
732 1458 893 1501 nunc
921 1441 1163 1501 modica
1205 1444 1293 1497 est
1321 1443 1377 1495 et
1421 1438 1759 1513 peregrina,

82 1535 316 1587 crescet
344 1530 487 1589 olim
519 1530 578 1587 in
610 1532 907 1605 populum
957 1546 1271 1601 magnum,
1318 1532 1375 1584 et
1430 1526 1675 1584 habebit
1698 1526 1757 1582 in

83 1624 247 1676 terra
266 1619 683 1693 promissionis
709 1618 1032 1676 Dominicze
1061 1618 1319 1694 patriam
1374 1633 1545 1673 suam
1578 1619 1634 1672 et
1674 1632 1762 1673 re-

1878 448 2012 522 ipso
2042 450 2335 518 veniente,
2389 450 2539 507 sicut
2589 468 2773 524 supra
2806 452 3039 509 dixerat
3070 452 3310 508 divinus
3368 452 3547 507 Isaias

1876 537 1969 592 his
1999 538 2197 594 verbis
2231 557 2243 593 :
2275 540 2413 595 Erit
2465 542 2525 596 in
2582 542 2914 597 novissimis
2946 542 3150 599 diebus
3195 543 3550 611 manifestus

1876 644 2041 685 mons
2054 630 2263 685 domus
2285 632 2527 686 Domini
2537 637 2928 700 pra’paratus
2960 634 3021 688 in
3051 634 3362 687 cacumine
3389 648 3549 688 mon-

1877 719 2044 790 tium,
2078 726 2132 778 et
2154 721 2528 778 exaltabitur
2557 723 2944 793 supercolles,
2971 728 3022 778 et
3056 724 3287 778 venient
3311 722 3392 779 ad
3415 738 3547 778 eum

1876 809 2168 865 universa:
2196 817 2397 881 gentes
2428 816 2480 866 et
2513 812 2711 867 (licent
2742 827 2762 866 .·
2806 813 3023 880 Venite,
3054 813 3447 868 ascendamus
3468 812 3549 867 ad

1875 904 2127 954 montem
2160 901 2404 955 Domini
2432 905 2485 956 et
2513 900 2594 955 ad
2609 900 2847 956 domum
2873 902 2981 956 Dei
2996 902 3205 967 Jacob,
3226 908 3277 955 et
3309 917 3544 957 annun-

1875 988 2046 1043 tiabit
2077 988 2245 1044 nobis
2278 990 2433 1045 viam
2457 990 2763 1051 salutis,et
2795 990 3203 1060 ingrediemur
3234 991 3290 1044 in
3325 1006 3413 1045 ea.
3447 991 3547 1045 Ex

1871 1075 2014 1132 Sion
2044 1071 2195 1133 enim
2225 1079 2459 1147 prodiet
2494 1080 2682 1147 lex,et
2714 1078 2955 1135 verbum
2979 1080 3221 1135 Domini
3237 1080 3309 1135 de
3330 1081 3546 1135 Hieru-

1871 1166 2056 1221 salem
2107 1165 2247 1237 (Isa.
2280 1183 2338 1236 ιι,
2371 1166 2446 1239 2).
2505 1166 2647 1233 Quis
2676 1171 2875 1222 autem
2909 1167 3062 1224 adeo
3113 1168 3304 1239 rudis,
3326 1173 3392 1224 ut
3418 1185 3539 1224 non

1871 1253 2158 1325 intelligat
2208 1254 2269 1311 in
2317 1255 2411 1311 his
2466 1254 2665 1312 verbis
2710 1260 2981 1312 montem
3039 1257 3335 1313 elevatum
3362 1274 3543 1330 super

1870 1347 2125 1411 montes,
2158 1344 2459 1409 Christum
2486 1361 2614 1401 esse
2648 1362 2849 1416 regem
2880 1363 3060 1420 super
3087 1346 3388 1419 principes
3417 1349 3444 1402 ?
3476 1352 3539 1402 ln

1870 1433 2053 1505 hujus
2085 1450 2227 1506 ergo
2256 1434 2412 1504 regis
2464 1434 2725 1491 adventu
2756 1435 2999 1492 videbat
3027 1436 3319 1509 propheta
3345 1437 3539 1505 legem

1871 1521 2164 1578 exituram
2194 1538 2345 1593 esse,
2376 1539 2499 1579 non
2527 1522 2601 1579 de
2624 1528 2827 1580 monte
2862 1524 3021 1594 Sina,
3047 1525 3124 1579 ad
3146 1524 3537 1580 erudiendum

1869 1628 2055 1668 unam
2087 1616 2326 1682 gentem
2357 1612 2509 1669 sicut
2551 1613 2736 1687 prius,
2773 1614 2881 1670 sed
2928 1614 3004 1670 de
3037 1618 3239 1670 monte
3274 1614 3413 1671 Sion
3460 1614 3538 1670 ad

82 1724 191 1779 ges
227 1707 350 1765 sive
377 1707 562 1764 duces
594 1724 669 1764 ex
699 1724 913 1779 genere
956 1724 1065 1764 suo
1091 1727 1103 1764 :
1131 1724 1241 1764 nec
1273 1705 1507 1763 tolletur
1548 1708 1759 1779 postea
1790 1726 1831 1780 Β
1868 1700 2175 1757 docendas
2211 1708 2416 1772 gentes
2440 1701 2589 1759 sicut
2618 1719 2778 1759 nunc
2810 1704 3036 1760 factum
3066 1720 3194 1759 csse
3239 1704 3533 1761 videmus.

81 1791 363 1865 regimen
395 1792 518 1849 sive
549 1792 849 1848 ducamen
879 1792 1067 1867 ipsius
1092 1790 1323 1869 populi,
1351 1790 1425 1846 de
1457 1805 1646 1846 manu
1668 1787 1759 1845 sui

80 1881 345 1951 generis,
376 1882 457 1938 ita
488 1885 551 1937 ut
576 1886 1005 1938 transmutetur
1032 1882 1093 1938 in
1123 1897 1374 1939 manum
1421 1878 1599 1936 alieni
1629 1895 1757 1935 rec-

80 1970 253 2043 toris,
294 1970 488 2028 donec
515 1970 717 2027 veniat
744 1971 1032 2027 Christus.
1068 1971 1217 2026 Cum
1271 1984 1413 2040 ergo
1468 1967 1754 2036 videritis,

80 2076 119 2116 o
151 2060 370 2130 Judaei,
405 2065 707 2137 sceptrum
736 2060 890 2118 Juda
918 2062 980 2117 in
1009 2077 1199 2117 manu
1224 2060 1380 2130 regis
1407 2059 1755 2130 alienigenae

78 2152 580 2217 transmutatum,
608 2150 723 2207 hoc
751 2154 910 2207 certo
967 2148 1142 2221 signo
1190 2148 1489 2205 Christum
1518 2147 1756 2205 venisse

78 2239 449 2309 cognoscite.
483 2243 597 2296 Nec
627 2240 979 2316 exspectetis
1024 2238 1269 2296 ulterius
1312 2236 1640 2312 temporale
1670 2252 1757 2293 re-

77 2343 276 2398 gnum
307 2328 473 2404 quod
498 2329 749 2400 transiit,
778 2328 882 2384 sed
909 2329 1161 2401 gaudete
1178 2327 1599 2404 perpetualiter
1616 2343 1755 2383 con-

76 2433 338 2489 regnare
366 2419 599 2476 Christo
624 2419 729 2495 qui
748 2418 927 2476 venit.
963 2418 1148 2491 Hujus
1193 2418 1394 2491 itaque
1424 2416 1751 2491 prophetiae

74 2507 390 2564 veritatem
420 2507 667 2565 effectus
697 2525 900 2564 rerum
925 2507 1229 2565 evidenter
1253 2512 1341 2563 est
1369 2511 1748 2565 consecutus.

76 2597 406 2668 Postquam
438 2595 599 2652 enim
625 2598 779 2653 Deus
808 2595 868 2652 in
922 2600 1079 2652 terra
1129 2594 1548 2668 promissionis
1578 2594 1753 2665 elegit

78 2682 197 2738 sibi
228 2682 431 2739 locum
456 2684 625 2757 regni
651 2683 1057 2756 sacerdotalis,
1114 2685 1265 2740 sicut
1300 2683 1752 2757 praescripserat

74 2775 330 2847 Moyses,
354 2776 410 2828 et
434 2774 517 2829 sic
548 2774 735 2830 David
754 2778 965 2848 postea
984 2774 1210 2830 factum
1237 2789 1365 2828 esse
1388 2772 1747 2844 cecinit,non

72 2862 185 2919 fuit
210 2862 274 2921 in
305 2866 461 2919 sorte
490 2863 679 2919 tribus
717 2863 869 2919 Juda
897 2868 1089 2919 rector
1119 2864 1232 2920 nisi
1260 2863 1335 2919 de
1366 2878 1580 2933 genere
1608 2862 1748 2933 legi-

68 2949 223 3009 timo
254 2966 450 3027 usque
473 2950 552 3008 ad
580 2956 818 3027 tempus
837 2952 1082 3009 Herodis
1107 2951 1453 3024 alienigenae
1478 2952 1582 3026 qui
1608 2956 1747 3025 post

1866 1792 2043 1846 Vetus
2074 1795 2275 1847 autem
2300 1790 2395 1847 lex
2439 1792 2949 1865 quinquagesimo
2975 1793 3070 1849 die
3102 1798 3239 1866 post
3267 1793 3539 1850 immola-

1868 1879 2091 1937 tionem
2123 1881 2425 1953 paschalis
2455 1881 2597 1952 agni
2637 1881 2779 1939 data
2832 1888 2920 1940 est
2967 1883 3174 1956 Moysi,
3225 1899 3387 1940 nova
3443 1883 3537 1939 lex

1866 1968 2377 2042 quinquagesimo
2408 1968 2503 2026 die
2527 1974 2663 2043 post
2691 1968 3053 2028 occisionem
3078 1977 3134 2028 et
3157 1972 3536 2029 resurrectio-

1864 2073 2007 2114 nem
2035 2057 2159 2113 veri
2192 2058 2367 2129 Agni,
2402 2060 2624 2117 sanctis
2653 2060 2940 2132 apostolis
2989 2061 3277 2134 inspirata
3307 2067 3416 2131 est,
3463 2062 3537 2118 de

1865 2163 1987 2221 qua
2015 2146 2145 2219 lege
2183 2148 2325 2205 dicit
2355 2147 2536 2206 etiam
2566 2153 2808 2206 sanctus
2838 2150 3128 2208 Jeremias
3165 2168 3177 2207 :
3214 2153 3367 2208 Ecce
3415 2153 3537 2209 dies

1867 2238 2132 2306 veniunt,
2176 2238 2321 2295 dicit
2352 2239 2664 2307 Dominus,
2697 2246 2752 2297 et
2810 2241 3176 2310 confirmabo
3197 2257 3379 2310 super
3441 2243 3539 2299 do-

1863 2343 2025 2383 mum
2050 2328 2235 2384 Jacob
2287 2334 2701 2386 testamentum
2746 2346 2991 2402 novum,
3042 2348 3161 2387 non
3211 2333 3534 2389 secundum

1865 2422 2281 2473 testamentum
2314 2416 2475 2489 quod
2503 2419 2788 2474 constitui
2816 2419 3121 2490 patribus,
3153 2420 3213 2475 in
3256 2421 3352 2477 die
3409 2437 3529 2492 qua

1864 2505 2241 2576 apprehendi
2262 2522 2506 2563 manum
2533 2523 2737 2564 eorum
2770 2514 2832 2564 ut
2862 2509 3169 2566 educerem
3202 2525 3295 2566 eos
3318 2511 3392 2566 de
3422 2517 3538 2567 ter-

1862 2610 1933 2649 ra
1962 2595 2248 2665 zEgypti,
2283 2598 2392 2651 etc.
2430 2599 2575 2662 (Jer.
2602 2612 2698 2666 vn,
2750 2598 2858 2668 32).
2914 2598 3209 2663 Quoniam
3240 2598 3420 2667 igitur
3473 2599 3535 2656 in

1860 2683 2186 2739 adventum
2218 2684 2428 2740 Christi
2456 2700 2683 2741 novam
2711 2684 2907 2756 legem
2935 2686 3014 2743 ab
3058 2686 3191 2760 ipso
3221 2685 3533 2745 ferendam

1860 2788 1992 2830 esse
2013 2773 2321 2848 prophetae
2371 2773 2793 2847 praedixerant,
2826 2779 2883 2832 et
2919 2776 3118 2848 ipsam
3163 2776 3531 2848 jamdudum

1857 2861 2091 2934 prolata
2120 2866 2226 2933 est,
2254 2862 2658 2933 legislatorem
2702 2881 2947 2939 quoque
3006 2866 3302 2943 Christum
3362 2866 3529 2939 prius

1855 2952 2088 3008 venisse
2111 2952 2497 3008 manifestum
2525 2956 2630 3009 est.
2694 2954 3115 3011 Sanctissimus
3146 2972 3391 3029 quoque
3421 2958 3529 3012 Da-

67 3039 397 3096 Hircanum
427 3042 697 3113 regnavit
725 3043 1152 3118 Hierosolymis
1206 3042 1319 3098 sub
1351 3044 1582 3099 Caesare
1630 3044 1746 3099 Au-
1771 3084 1817 3140 ο
1852 3040 1972 3096 niel
2000 3056 2121 3097 non
2155 3040 2355 3097 solum
2411 3041 2653 3097 venisse
2714 3042 3035 3115 Christum,
3096 3060 3306 3100 verum
3349 3045 3527 3102 etiam

66 3133 267 3198 gusto.
299 3132 426 3196 Quo
458 3135 726 3207 tempore
764 3137 941 3188 natus
998 3136 1089 3189 est
1141 3130 1431 3189 Dominus
1479 3134 1650 3188 Jesus
1682 3132 1742 3189 in

61 3217 413 3301 Bethlehem
442 3219 628 3276 Iudae.
677 3220 789 3277 Sed
821 3236 894 3276 ex
922 3220 1022 3277 illo
1053 3224 1321 3295 tempore
1351 3220 1621 3278 ablatum
1653 3225 1744 3278 est

62 3312 373 3382 sceptrum
412 3309 486 3365 de
542 3309 697 3366 Juda
748 3310 1099 3384 temporale,
1153 3314 1210 3367 et
1238 3311 1363 3366 dux
1410 3309 1486 3366 de
1515 3310 1741 3371 femore

60 3398 216 3469 ejus.
250 3399 334 3453 Ex
364 3401 506 3454 tunc
557 3398 737 3470 igitur
783 3399 1135 3472 prophetica
1189 3399 1434 3456 veritate
1486 3405 1737 3469 constat,

58 3485 303 3542 venisse
331 3487 633 3544 Christum
658 3488 764 3563 qui
788 3493 1148 3559 regnaturus
1179 3493 1305 3545 erat
1332 3488 1393 3544 in
1424 3493 1733 3547 aaternum.

62 3575 366 3632 Christum
400 3577 581 3633 etiam
610 3576 985 3635 demonstrat
1003 3578 1237 3634 venisse
1254 3578 1506 3635 cessatio
1529 3579 1736 3635 veteris

62 3665 341 3722 sacriﬁcii
368 3665 523 3723 facta
548 3667 611 3722 in
637 3668 900 3724 adventu
932 3669 1082 3739 ejus,
1102 3668 1254 3724 sicut
1276 3669 1737 3741 prophetaverat

60 3756 381 3813 Malachias
410 3757 504 3813 his
528 3758 724 3815 verbis
757 3777 770 3815 :
804 3760 938 3814 Non
970 3764 1053 3815 est
1076 3758 1226 3814 mihi
1253 3760 1533 3815 voluntas
1554 3760 1618 3814 in
1641 3775 1735 3816 vo-

61 3847 167 3915 bis,
203 3847 352 3903 dicit
379 3849 668 3905 Dominus
701 3850 1090 3921 omnipotens,
1123 3853 1178 3905 et
1221 3849 1583 3915 sacriﬁcium
1613 3866 1732 3906 non

56 3939 356 4008 accipiam
381 3939 455 3996 de
484 3940 760 3996 manibus
793 3940 1024 4010 vestris,
1047 3940 1188 4012 quia
1221 3939 1295 3995 ab
1331 3940 1558 3997 oriente
1586 3941 1727 4008 sole,

56 4044 247 4101 usque
274 4030 358 4085 ad
385 4030 766 4096 occidentem,
788 4045 999 4086 nomen
1024 4045 1214 4085 meum
1232 4030 1467 4086 clarum
1494 4030 1728 4100 factum

54 4124 139 4174 est
173 4120 237 4174 in
259 4118 625 4191 gentibus,in
650 4121 815 4175 omni
827 4121 953 4175 loco
968 4120 1222 4191 offertur
1241 4121 1473 4176 nomini
1493 4137 1619 4178 meo
1641 4137 1731 4178 sa-

52 4204 352 4273 criﬁcium
372 4204 971 4277 mundum,quoniam
988 4220 1274 4276 magnum
1290 4221 1503 4261 nomen
1535 4222 1725 4263 meum

53 4294 113 4348 in
125 4293 577 4365 gentibus,dicit
588 4295 877 4351 Dominus
890 4295 1260 4365 omnipotens
1275 4295 1700 4369 (Malach.x,lO)
1714 4341 1729 4355 .

124 4382 274 4439 Huic
304 4384 633 4459 prophetia:
664 4383 918 4440 aliorum
969 4383 1211 4439 abunde
1260 4386 1559 4459 praesagia
1591 4401 1729 4441 con-

50 4472 378 4530 sonabant.
428 4473 543 4531 Sed
573 4489 712 4531 cum
740 4473 928 4530 Judaei
956 4473 1297 4530 nullatenus
1346 4474 1430 4530 eis
1461 4475 1727 4549 acquies-

51 4578 184 4618 cere
210 4562 450 4634 vellent,
473 4563 578 4619 sed
610 4578 847 4637 semper
892 4562 1191 4620 inhiarent
1231 4563 1509 4636 jugulare
1565 4564 1726 4622 victi-

50 4668 210 4722 mas,
243 4656 301 4707 et
320 4652 635 4709 comedere
652 4668 886 4722 carnes,
915 4653 1289 4729 compescuit
1312 4652 1603 4710 Dominus
1631 4671 1726 4710 su-

48 4741 465 4815 perstitionem
490 4742 763 4815 ipsorum
792 4759 1018 4816 magna
1056 4742 1138 4817 vi,
1165 4743 1488 4799 extrudens
1518 4759 1621 4799 eos
1645 4744 1721 4799 de

48 4831 186 4887 loco
214 4830 405 4903 regni,
428 4831 489 4887 in
519 4848 642 4906 quo
665 4832 813 4900 solo,
877 4837 933 4889 et
983 4848 1300 4906 nunquam
1330 4831 1469 4891 alibi
1503 4832 1723 4888 sacriﬁ-

49 4937 187 4977 care
215 4924 597 4978 concesserat
621 4921 707 4979 eis
736 4921 849 4979 lex.
884 4922 1095 4995 Sicque
1126 4921 1372 4977 tandem
1413 4937 1719 4996 persense-

47 5014 191 5067 runt
208 5010 378 5067 inviti
401 5026 615 5067 verum
641 5026 769 5067 esse
800 5011 1165 5086 praesagium
1225 5010 1489 5069 defuncti
1519 5027 1718 5068 sacer-

47 5099 198 5157 dotii
232 5100 345 5172 sui,
391 5116 531 5161 cum
580 5116 779 5174 neque
807 5106 973 5158 extra
1017 5100 1313 5158 haberent
1340 5100 1720 5158 sacriﬁcandi

45 5190 373 5260 licentiam,
405 5205 515 5247 nec
539 5189 695 5248 intra
728 5207 843 5249 sua
881 5190 1195 5269 quondam
1224 5189 1449 5247 moenia
1473 5189 1719 5249 faculta-

48 5284 190 5338 tem.
225 5282 553 5337 Transacto
578 5280 782 5356 itaque
807 5282 990 5338 veteri
1039 5280 1393 5351 sacerdotio,
1425 5280 1593 5355 quod
1640 5281 1719 5339 ad

45 5374 291 5446 tempus
322 5369 517 5427 fuerat
544 5370 901 5441 institutum,
949 5370 1237 5427 successit
1277 5386 1508 5427 novum
1540 5374 1719 5444 atque

47 5462 489 5536 sempiternum
513 5462 727 5518 Christi
785 5461 1213 5533 sacerdotium,
1267 5460 1342 5518 de
1373 5478 1496 5534 quo
1549 5462 1718 5518 Psal-

47 5552 231 5607 mista
254 5551 616 5624 praedixerat
645 5569 658 5607 :
690 5552 935 5608 Juravit
950 5552 1239 5607 Dominus
1256 5555 1311 5607 et
1332 5567 1449 5608 non
1470 5554 1722 5622 poenite-

50 5641 134 5697 bit
164 5657 319 5707 eum,
349 5643 435 5697 Tu
459 5656 517 5698 es
546 5641 821 5697 sacerdos
841 5642 903 5697 in
926 5647 1236 5709 aeternum,
1269 5641 1594 5697 secundum
1626 5657 1719 5697 or-

47 5734 251 5789 dinem
280 5730 719 5790 Melchisedech
742 5729 931 5802 (Psal.
964 5747 1076 5804 cxx,
1107 5733 1183 5805 4).
1212 5730 1448 5788 Mutatio
1473 5746 1717 5806 quoque

1852 3134 2089 3207 tempus
2120 3130 2417 3187 unctionis
2447 3135 2504 3187 et
2531 3130 2831 3205 passionis
2862 3133 2912 3204 ej
2925 3151 3011 3224 qs,
3036 3138 3091 3190 et
3120 3133 3303 3190 tinem
3337 3151 3526 3191 sacer-

1851 3220 1995 3277 dotii
2024 3226 2500 3296 perpetuamque
2525 3220 2967 3279 desolationem
2987 3223 3338 3280 Judaaorum
3361 3241 3522 3281 com-

1848 3312 2144 3383 putando,
2169 3310 2547 3368 demonstrat
2576 3311 2638 3368 in
2664 3328 2925 3386 persona
2954 3312 3238 3370 Gabrielis
3270 3315 3520 3371 archan-

1847 3400 1981 3470 geli,
2016 3401 2094 3457 ad
2123 3418 2186 3459 se
2219 3400 2519 3475 loquentis
2549 3400 2642 3457 his
2672 3400 2867 3457 verbis
2903 3418 2916 3457 :
2971 3402 3372 3475 Septuaginta
3389 3404 3522 3461 heb-

1845 3491 2114 3547 domada’
2144 3491 2506 3548 abbreviattc
2534 3497 2674 3547 sunt
2706 3506 2889 3561 super
2904 3494 3197 3562 populum
3244 3509 3435 3549 meum
3462 3499 3517 3551 et

1842 3594 2023 3649 super
2050 3579 2254 3635 urbem
2280 3584 2549 3635 sanctam
2579 3584 2837 3646 tuam,ut
2860 3585 3249 3636 consumatur
3270 3597 3514 3651 prteva-

1842 3668 2077 3734 ricatio,
2111 3672 2165 3723 et
2192 3667 2373 3736 ﬁnem
2395 3666 2653 3736 accipiat
2677 3673 3075 3737 peccatum,et
3103 3668 3378 3725 deleatur
3404 3670 3513 3726 ini-

1842 3758 2061 3829 quitas,
2084 3760 2139 3812 et
2161 3756 2507 3813 adducatur
2518 3757 2764 3826 justitia
2790 3759 3172 3827 sempiterna,
3196 3764 3248 3815 et
3268 3760 3512 3829 implea-

1844 3854 1945 3903 tur
1973 3848 2119 3903 visio
2147 3851 2201 3903 et
2220 3846 2565 3917 prophetia,
2605 3852 2658 3903 et
2710 3853 2981 3916 ungatur
3004 3854 3247 3905 sanctus
3272 3856 3510 3907 sancto-

1841 3954 1975 3993 rum
2001 3937 2175 4011 (Dan.
2210 3939 2404 4008 111,24).
2425 3938 2491 3993 Et
2511 3933 2695 4010 paulo
2722 3940 2898 4010 post:
2934 3938 3270 4011 Occidetur,
3289 3938 3508 4012 inquit,

1844 4029 2140 4099 Christus,
2172 4033 2227 4084 et
2259 4043 2376 4084 non
2414 4026 2524 4083 erit
2548 4028 2676 4097 ejus
2689 4029 2958 4098 populus
2983 4030 3087 4102 qui
3108 4045 3240 4085 eum
3262 4037 3509 4101 negatu-

1839 4134 1941 4173 rus
1971 4123 2055 4174 est
2085 4118 2281 4191 (Ibid.,
2305 4117 2392 4190 26)
2432 4136 2446 4187 ;
2479 4114 2619 4173 item
2641 4116 2826 4191 paulo
2852 4122 2989 4192 post
3023 4135 3035 4173 :
3064 4120 3143 4174 Et
3170 4120 3231 4175 in
3260 4120 3507 4177 dimidio

1838 4207 2220 4265 hebdomadis
2250 4207 2478 4277 deficiet
2510 4207 2703 4264 hostia
2735 4214 2787 4263 et
2811 4210 3257 4280 sacriﬁcium,et
3276 4211 3335 4265 in
3361 4216 3504 4267 tem-

1829 4299 1937 4367 plo
1959 4299 2071 4354 erit
2098 4297 2461 4354 abominatio
2490 4296 2895 4365 desolationis,
2945 4303 2998 4354 et
3031 4314 3214 4369 usque
3261 4298 3342 4355 ad
3370 4314 3505 4355 con-

1834 4388 2289 4443 summationem
2302 4391 2357 4441 et
2376 4385 2555 4455 ﬁnem
2577 4387 2979 4456 perseverabit
2997 4387 3283 4443 desolatio
3301 4388 3357 4456 (Ι
3358 4386 3475 4443 bid.
3482 4429 3503 4459 ,

1759 4445 1804 4499 Β
1833 4476 1945 4546 27).
1982 4474 2167 4546 Hujus
2197 4489 2340 4546 ergo
2371 4445 2699 4549 prophetia:
2722 4474 3151 4547 compendium
3176 4445 3503 4547 est,‘quan:

1836 4568 1960 4621 tum
2022 4563 2101 4619 ad
2140 4565 2496 4637 praesentem
2558 4559 2855 4625 rationem
2906 4561 3180 4636 pertinet,
3222 4563 3389 4635 quod
3435 4563 3501 4623 in

1829 4651 2221 4711 hebdomada
2243 4650 2689 4725 septuagesima
2704 4651 3025 4720 ungendus
3046 4656 3104 4708 et
3128 4651 3498 4710 occidendus

1832 4749 1987 4800 esset
2009 4742 2298 4809 Christus,
2330 4745 2589 4798 etvetus
2650 4739 3056 4799 sacerdotium
3100 4740 3493 4800 defecturum.

1831 4836 1963 4889 Haec
1995 4836 2198 4888 autem
2226 4829 2617 4888 hebdomada
2668 4828 3058 4887 evolvebatur
3086 4836 3496 4905 perpetuaque

1828 4920 2117 4978 desolatio
2140 4925 2417 4977 secutura
2446 4925 2592 4989 erat,
2624 4920 2954 4993 imperante
3002 4919 3230 4977 Tiberio
3260 4937 3495 4977 succes-

1828 5027 1960 5067 sore
1994 5012 2170 5083 Aug,
2216 5011 2463 5085 quando
2498 5010 2837 5085 baptizatus
2878 5014 2934 5066 et
2952 5009 3125 5066 fuerit
3172 5009 3494 5068 cruciﬁxus

1825 5103 1995 5157 Jesus
2029 5100 2337 5157 Dominus.
2368 5102 2449 5156 Ex
2492 5103 2634 5157 tunc
2661 5098 2840 5169 igitur
2868 5099 3219 5173 prophetica
3248 5100 3495 5159 veritate

1826 5207 1952 5249 non
1984 5191 2181 5249 solum
2210 5190 2445 5247 venisse
2477 5190 2799 5262 Christum,
2855 5189 2959 5245 sed
3005 5188 3183 5247 etiam
3242 5196 3490 5249 unctum

1829 5297 1958 5338 esse
1980 5284 2234 5350 constat,
2268 5284 2327 5336 et
2350 5295 2625 5354 passum,
2672 5282 2966 5353 vetusque
2995 5279 3358 5337 sacriﬁcium
3387 5281 3492 5339 de-

1826 5371 2033 5427 fecisse
2055 5369 2425 5427 desolatione
2456 5372 2677 5424 secuta.
2738 5371 2881 5424 ltem
2909 5368 3205 5425 Christum
3232 5369 3491 5440 venisse,

1826 5460 2037 5534 etquis
2067 5463 2228 5515 esset
2252 5459 2517 5515 Christus
2547 5456 2833 5514 indicavit
2862 5457 3005 5514 olim
3038 5458 3237 5516 forma
3252 5461 3491 5518 humili-

1826 5550 1960 5607 tatis
1991 5550 2121 5621 cjus
2153 5566 2221 5605 ac
2253 5547 2555 5621 passionis
2580 5564 2615 5604 a
2657 5546 2861 5605 multis
2902 5548 3141 5606 vatibus
3173 5550 3489 5622 particula-

1830 5640 1931 5696 tim
1961 5639 2279 5712 descripta,
2312 5641 2368 5693 et
2395 5637 2456 5692 in
2503 5636 2629 5694 solo
2676 5639 2819 5694 Jesu
2852 5637 3103 5697 Domino
3143 5644 3347 5696 nostro
3371 5644 3495 5698 tota

1828 5727 2284 5786 simulirwenta.
2311 5731 2429 5785 Nos
2460 5732 2665 5786 autem
2686 5729 2855 5788 verbi
2884 5730 3074 5803 gratia
3098 5734 3333 5805 partem
3360 5729 3492 5786 des-
