3952 6422
349 284 447 338 3H

1418 284 1475 341 S.
1518 283 1857 340 FULBERTI
1896 282 2378 345 CARNOTENSIS
2418 287 2732 345 EPISCOPI

3689 284 3835 339 312

352 403 657 478 criptionis
685 401 843 459 illius
863 403 1238 474 subjicimus,
1295 406 1448 463 sicut
1492 410 1579 463 est
1606 406 1772 481 quod
1821 406 1885 463 in
1912 408 2015 464 Be-
2049 412 2098 467 Α
2128 426 2341 468 omnes
2380 410 2570 469 tribus
2600 416 2768 469 terrae
2816 410 3002 483 (Psal.
3061 425 3215 477 Lxx1,
3252 408 3359 480 17),
3391 411 3447 464 et
3471 406 3589 464 alia
3616 406 3833 463 innu-

350 494 616 551 thlehem
659 493 828 549 nasci
857 492 1139 564 dignatus
1167 499 1274 567 est,
1302 495 1474 567 juxta
1509 496 1889 570 prophetiam
1917 496 2019 555 Mi-

353 584 515 640 cheae
541 602 554 641 :
588 582 757 657 quod
783 599 963 656 super
992 584 1231 640 asinum
1258 585 1476 642 sedens
1502 585 1665 643 venit
1693 586 2023 660 Hierosoly-

353 690 541 744 mam,
564 672 707 730 etin
735 677 1002 747 tempore
1031 674 1334 748 passionis
1358 679 1521 733 veste
1551 676 1741 733 rubea
1773 676 2021 735 indutus

353 768 460 820 est.
484 764 565 819 Et
591 765 746 819 sicut
774 764 898 820 ovis
928 764 1010 820 ad
1036 766 1384 823 occisionem
1411 766 1627 823 ductus
1657 772 1760 835 est,
1803 772 1858 824 et
1888 783 2022 824 cum

355 854 575 925 iniquis
596 858 911 922 reputatus
943 860 1028 910 est
1061 854 1198 925 (Isa.
1232 871 1348 923 Lm,
1385 860 1465 926 7),
1492 856 1646 912 sicut
1669 853 2024 929 deplorave-

354 947 448 999 rat
470 942 677 999 Isaias.
708 942 881 1008 Quod
919 942 1160 1014 triginta
1190 945 1490 1016 argenteis
1520 946 1903 1003 venundatus
1942 951 2028 1003 est

360 1033 600 1100 (Matth.
634 1049 791 1101 xxvr,
819 1034 906 1105 15)
929 1050 999 1090 ac
1019 1034 1207 1107 spinis
1228 1040 1550 1092 coronatus
1577 1037 1820 1105 (Matth.
1844 1053 2026 1108 xxvu,

357 1126 450 1191 29)
485 1126 542 1179 et
560 1122 762 1195 lapide
787 1123 1066 1180 occlusus
1087 1129 1176 1181 est
1202 1126 1452 1197 (Thren.
1482 1142 1561 1194 ιιι,
1595 1130 1685 1196 53,
1718 1126 2027 1183 utlamen-

360 1216 519 1268 tatus
544 1211 738 1268 fuerat
766 1212 1052 1269 Jeremias
1088 1231 1102 1282 ;
1158 1214 1327 1287 quod
1355 1214 1659 1271 transﬁxis
1688 1216 1910 1289 palmis
1959 1232 2029 1273 ac

360 1302 638 1376 pedibus,
671 1301 805 1358 felle
831 1307 888 1359 et
912 1307 1082 1360 aceto
1112 1308 1358 1378 potatus
1388 1309 1496 1374 est,
1537 1310 1594 1362 et
1645 1306 1835 1363 divisa
1892 1311 2034 1363 sunt

359 1391 715 1448 vestimenta
744 1393 896 1464 ejus,
925 1397 982 1450 et
1012 1410 1194 1468 super
1239 1395 1507 1452 tunicam
1560 1396 1691 1468 ejus
1728 1396 1918 1454 missa
1945 1400 2035 1454 est

362 1496 492 1537 sors
523 1480 758 1552 (Matth.
810 1498 990 1552 xxvu,
1043 1488 1133 1552 23,
1190 1486 1303 1557 24),
1335 1489 1393 1541 et
1428 1485 1558 1558 ipse
1595 1484 1921 1543 collocatus
1971 1486 2035 1542 in

362 1568 655 1637 obscuris,
690 1569 845 1626 sicut
873 1571 1097 1628 mortui
1123 1572 1325 1629 saeculi
1367 1574 1556 1646 (Psal.
1602 1591 1770 1642 (xm,
1799 1578 1875 1644 3),
1936 1574 2037 1631 de-

364 1657 542 1714 ﬂente
573 1658 762 1714 David
795 1678 809 1725 ;
841 1660 1007 1733 quod
1038 1678 1232 1718 caesus
1264 1660 1623 1735 est'(Matth.
1654 1679 1817 1737 XXVI,
1860 1665 1951 1736 67)
1981 1667 2038 1720 et

2129 501 2442 559 merahilia
2493 505 2704 575 sponte
2742 498 3140 574 praeterimus,
3183 497 3328 571 quia
3384 496 3525 553 satis
3556 496 3834 570 copiose

2129 589 2297 661 quod
2326 590 2708 664 propositum
2738 588 2932 645 fuerat
2986 585 3565 652 demonstravimus,
3597 584 3659 640 id
3688 588 3829 651 est,

2133 679 2437 737 Christum
2454 685 2730 754 tempore
2769 695 2879 735 suo
2900 678 3155 735 venisse.

2204 772 2319 825 Nec
2346 768 2530 826 habet
2554 767 2797 825 Iudaeus
2838 765 2988 841 quid
3029 765 3226 822 dicere
3269 768 3496 821 contra.
3552 767 3699 819 Nam
3760 759 3833 816 si

2134 856 2349 914 dixerit
2374 862 2679 932 sceptrum
2707 857 2782 913 de
2811 855 2966 912 Juda
2979 870 3104 911 non
3124 869 3253 910 esse
3275 849 3837 925 ablatum,perspi-

2136 963 2245 1003 cue
2265 947 2452 1004 falsus
2483 946 2744 1022 est,quia
2764 945 2992 1003 circiter
3019 960 3212 1001 annos
3241 943 3401 1000 mille
3422 943 3697 1016 dispersa
3720 945 3839 998 est

2136 1035 2325 1092 tribus
2347 1038 2377 1091 J
2385 1036 2505 1093 uda
2531 1036 2595 1092 in
2619 1051 2832 1092 omnes
2868 1040 3093 1102 ventos,
3126 1038 3184 1090 et
3201 1032 3401 1090 locum
3423 1031 3589 1103 regni
3605 1045 3840 1087 sacer-

2137 1125 2353 1182 dotalis
2375 1126 2551 1183 alieni
2562 1123 3070 1199 possident.Quod
3093 1123 3145 1178 si
3166 1122 3382 1179 dixerit
3405 1119 3843 1178 sacerdotium

2140 1215 2269 1286 ejus
2295 1231 2418 1272 non
2450 1231 2579 1272 esse
2610 1212 3275 1280 defunctum,mentitur
3300 1212 3503 1286 plane,
3530 1209 3676 1283 quia
3694 1223 3840 1264 nec

2141 1307 2307 1362 extra
2337 1304 2707 1362 Hierusalem
2736 1304 2920 1361 habet
2950 1301 3329 1359 sacriﬁcandi
3348 1299 3672 1369 licentiam,
3700 1312 3842 1353 nec

2141 1393 2297 1449 intra
2325 1394 2691 1451 facultatem.
2746 1397 2821 1449 At
2858 1392 2907 1449 si
2937 1391 3151 1449 dixerit
3206 1394 3633 1448 testamentum
3688 1401 3843 1443 non

2143 1497 2273 1538 esse
2316 1483 2576 1553 ﬁnitum,
2616 1488 2674 1540 et
2716 1482 2833 1539 hoc
2881 1481 3182 1556 praecipue
3232 1480 3453 1537 falsum
3506 1483 3613 1547 est,
3668 1475 3848 1550 quia

2145 1570 2273 1627 sine
2306 1572 2601 1642 sanguine
2632 1571 2906 1629 sacriﬁcii
2932 1586 3055 1628 non
3088 1575 3203 1627 stat
3223 1570 3322 1642 jus
3367 1566 3592 1625 Veteris
3619 1569 3849 1622 Testa-

2148 1661 2354 1718 menti.
2392 1661 2450 1720 Si
2478 1661 2691 1718 dixerit
2718 1677 3043 1718 numerum
3077 1660 3267 1717 sancti
3294 1657 3550 1715 Danielis
3580 1657 3644 1712 in
3674 1660 3851 1711 tem-

367 1752 765 1821 consputatus
800 1750 1019 1821 (Marc.
1049 1768 1147 1821 xv,
1182 1757 1293 1821 19),
1328 1756 1386 1809 et
1427 1752 1640 1810 lancea
1685 1752 2037 1810 vulneratus
2066 1766 2107 1820 Β
2145 1766 2292 1823 pore
2334 1750 2679 1824 supradicto
2708 1767 2832 1807 non
2863 1750 3047 1806 fuisse
3094 1748 3482 1822 completum,
3525 1748 3642 1803 hoc
3670 1759 3849 1818 quo-

370 1839 565 1909 (Joan.
594 1855 715 1909 xrx,
747 1840 859 1911 34),
885 1838 1125 1895 dolente
1149 1840 1280 1897 Job.

439 1925 594 1987 Talis
618 1927 821 2000 itaque
859 1927 1180 2002 descriptio
1228 1929 1662 2003 prophetarum
1691 1930 1767 1987 de
1796 1930 2039 1988 humili-

370 2019 490 2072 tate
545 2020 603 2073 et
638 2016 922 2090 passione
976 2018 1209 2087 Christi,
1264 2019 1560 2092 quoniam
1609 2018 1672 2076 in
1724 2021 1851 2077 solo
1902 2021 2044 2077 Jesu

371 2107 604 2163 Cnristo
633 2106 889 2163 Domino
916 2113 1123 2164 nostro
1152 2112 1278 2165 tota
1296 2108 1536 2167 inventa
1561 2114 1669 2177 est,
1704 2126 1828 2167 non
1845 2110 2042 2167 solum

372 2196 611 2252 venisse
661 2195 979 2264 Christum,
1041 2196 1148 2253 sed
1198 2197 1403 2271 ipsum
1454 2198 1652 2255 solum
1719 2216 1858 2257 vere
1914 2217 2044 2258 esse

376 2284 675 2342 Christum
706 2284 985 2341 ostendit.
1021 2289 1164 2342 Item
1214 2287 1513 2344 Christum
1554 2288 1805 2359 venisse,
1825 2294 1883 2347 et
1910 2291 2046 2364 quis

377 2378 537 2431 esset
562 2373 827 2431 Christus
865 2373 1010 2430 olim
1066 2391 1337 2448 praesens
1374 2376 1655 2435 indicatio
1701 2384 2046 2454 contempo-

377 2464 598 2521 ralium
635 2463 748 2521 sibi
770 2467 981 2521 vatum
1018 2466 1298 2535 ostendit,
1324 2467 1488 2524 velut
1516 2469 1815 2526 Zachariae
1861 2474 1918 2526 et
1943 2468 2049 2526 Eli-

378 2554 612 2623 sabeth,
648 2553 939 2611 Simeonis
960 2558 1017 2610 et
1039 2558 1246 2626 Annae,
1277 2572 1538 2629 quorum
1563 2562 1735 2628 gesta
1761 2574 1869 2614 seu
1896 2559 2047 2615 vati-

379 2644 536 2701 cinia
565 2647 709 2699 nota
729 2646 887 2713 sunt,
912 2647 969 2700 et
991 2644 1244 2701 Joannis
1268 2646 1547 2719 Baptista:
1569 2647 1818 2704 dicentis
1852 2667 1864 2704 :
1893 2649 2048 2706 Ecce

376 2736 590 2806 Agnus
619 2736 746 2805 Dei,
774 2748 906 2791 ecce
933 2735 1039 2806 qui
1068 2736 1230 2791 tollit
1255 2743 1505 2806 peccata
1536 2739 1749 2794 mundi
1776 2739 1973 2819 (Joan.
2008 2756 2046 2808 ι,

378 2829 490 2893 29).
525 2823 780 2891 Quando
800 2823 963 2881 enim
1011 2824 1108 2881 isti
1134 2825 1457 2882 Dominum
1485 2829 1693 2884 Jesum
1722 2828 2050 2902 personali-

378 2919 466 2971 ter
494 2914 861 2984 indicarunt,
893 2929 1018 2970 non
1077 2915 1264 2972 modo
1305 2916 1544 2974 venisse
1584 2918 1902 2987 Christum,
1945 2918 2051 2975 sed

378 3002 486 3076 qui
512 3006 674 3058 esset
703 3002 990 3072 Christus,
1024 3004 1151 3059 sine
1199 3004 1386 3060 dubio
1435 3006 1846 3064 ostenderunt.
1906 3011 2051 3064 Item

2146 1855 2265 1912 que
2286 1839 2512 1897 falsum
2540 1856 2673 1897 esse
2700 1841 2961 1897 rationes
3016 1838 3437 1897 chronicarum
3477 1835 3649 1891 facile
3681 1850 3847 1908 pro-

2147 1928 2315 1986 bant.
2352 1929 2410 1987 Si
2436 1930 2650 1987 dixerit
2662 1929 2832 1986 illum
2853 1944 2977 1986 non
3006 1945 3135 1985 esse
3166 1926 3482 1994 Christum,
3517 1924 3613 1980 cui
3646 1939 3849 1996 supe-

2149 2020 2274 2075 rius
2321 2019 2509 2077 relata
2559 2019 2882 2093 descriptio
2939 2017 3233 2085 convenit,
3295 2031 3434 2073 cum
3479 2011 3849 2071 testimonio

2151 2108 2606 2181 prophetarum,
2640 2112 2769 2163 tum
2798 2106 2980 2162 etiam
3012 2122 3083 2162 eo
3113 2105 3304 2162 falsus
3337 2121 3467 2160 esse
3508 2101 3847 2176 probatur,

2152 2195 2320 2269 quod
2349 2195 2551 2252 nullus
2579 2200 2669 2252 est
2696 2195 2848 2253 alius
2870 2195 2966 2251 cui
3023 2192 3340 2252 convenire
3370 2191 3576 2266 possit.
3637 2189 3696 2248 Si
3721 2206 3849 2246 no—

2152 2285 2243 2341 vis
2272 2290 2329 2340 et
2351 2284 2657 2356 judicibus
2682 2285 2991 2358 prophetis
3014 2282 3347 2355 obgannire
3373 2280 3705 2353 teutaverit,
3738 2296 3848 2336 re-

2154 2373 2365 2430 fellunt
2391 2388 2532 2430 eum
2557 2379 2788 2431 veteres
2839 2379 2896 2431 et
2942 2371 3461 2445 circumfulgentia
3515 2371 3848 2442 signorum

2156 2461 2467 2519 miracula.
2504 2463 2562 2519 Si
2586 2468 2788 2519 autem
2809 2463 3103 2519 miracula
3155 2460 3503 2530 Nativitatis,
3528 2465 3583 2516 et
3611 2463 3845 2515 caetera

2155 2551 2312 2608 facta
2338 2551 2518 2607 fuisse
2546 2568 2672 2608 non
2723 2552 2925 2620 credit,
2987 2552 3184 2623 arguit
3236 2567 3376 2608 eum
3406 2548 3837 2607 innocentium

2157 2640 2375 2709 caedes,
2409 2645 2466 2696 et
2496 2640 2757 2697 historiae
2806 2641 3029 2698 multae.
3086 2639 3398 2712 Magniﬁca
3448 2655 3586 2696 vero
3616 2636 3846 2696 Christi

2158 2744 2344 2802 opera
2375 2728 2745 2786 obumbrare
2765 2745 2890 2787 non
2916 2730 3088 2800 valet,
3119 2731 3266 2804 quia
3303 2730 3658 2801 litterarum,
3689 2727 3847 2783 tedi-

2158 2816 2436 2874 ﬁciorum
2464 2823 2523 2874 et
2550 2817 2682 2875 aliis
2711 2818 2897 2890 signis
2926 2819 3222 2893 impressa
3240 2818 3337 2874 vel
3360 2833 3644 2891 expressa
3669 2819 3845 2885 sunt,

2160 2910 2226 2963 ut
2245 2907 2375 2963 sine
2403 2907 2580 2964 ruina
2598 2907 2811 2964 mundi
2842 2908 3149 2982 disparere
3205 2923 3328 2964 non
3358 2907 3611 2981 possint.
3643 2909 3849 2962 Tanta.

2160 2994 2339 3067 igitur
2365 2997 2596 3053 ratione
2624 2996 2951 3068 convictus,
2981 2997 3281 3071 tantisque
3303 3001 3647 3053 sanctorum
3677 2993 3849 3050 testi-

379 3091 553 3161 signa
578 3089 676 3146 vel
704 3090 1019 3161 miracula,
1059 3108 1196 3164 quae
1226 3093 1289 3148 in
1316 3093 1619 3151 nativitate
1665 3100 1722 3151 et
1748 3095 2039 3169 baptismc

2219 3085 2379 3141 .oniis
2409 3085 2752 3143 confutatus
2789 3087 3051 3156 Judaeus,
3100 3086 3147 3142 si
3176 3085 3353 3157 legali
3384 3091 3440 3142 et
3467 3083 3845 3180 propheticus

380 3185 437 3235 et
462 3179 741 3252 passione
786 3180 1022 3239 Domini
1052 3181 1240 3238 nostri
1267 3185 1405 3239 Jesu
1457 3184 1633 3256 quasi
1662 3185 2051 3257 extrinsecus,

380 3267 488 3323 sed
516 3272 723 3323 tamen
753 3267 1042 3323 divinitus
1071 3268 1228 3326 facta
1254 3273 1412 3339 sunt,
1444 3287 1569 3327 non
1594 3272 1780 3330 modo
1811 3274 2052 3332 venisse

381 3356 701 3427 Christum,
736 3357 844 3413 sed
875 3356 1077 3430 ipsum
1098 3376 1237 3416 vere
1259 3376 1389 3417 esse
1414 3361 2055 3431 declaraverunt,sicut

377 3447 645 3503 visiones
685 3446 1041 3519 angelorum
1072 3448 1406 3507 laetantium
1452 3450 1516 3508 in
1550 3453 1871 3511 .Nativitate
1896 3455 2049 3526 ejus,

380 3536 533 3593 sicut
561 3536 731 3594 stella
759 3552 922 3593 nova
952 3537 1204 3596 rutilans
1260 3539 1340 3596 ad
1369 3539 1660 3599 indicium
1689 3544 1840 3616 ejus,
1901 3544 2055 3603 sicut

377 3625 707 3695 magicum
736 3626 1091 3684 muneribus
1122 3628 1431 3686 venientes
1462 3631 1542 3688 ad
1567 3633 1873 3691 cunabula
1898 3635 2051 3706 ejus,

378 3731 515 3789 qua:
539 3714 833 3772 miracula
885 3715 968 3772 sic
1021 3716 1412 3776 turbaverunt
1439 3735 1645 3791 regem
1706 3722 2050 3794 abusivum,

378 3808 445 3860 ut
478 3804 540 3860 in
578 3803 1027 3862 aemulationem
1045 3806 1257 3863 Christi
1284 3807 1410 3865 nati
1440 3825 1780 3868 coasvorum
1812 3813 1943 3885 ejus
1966 3813 2055 3870 in-

380 3893 636 3950 fantium
666 3893 1146 3952 crudelissimam
1185 3901 1448 3968 stragem
1498 3900 1716 3959 ederet.
1764 3905 2055 3962 Praeterea

383 3983 539 4038 sicut
557 3982 891 4039 tonitruum
942 3989 1209 4058 paternas
1256 3987 1443 4058 vocis,
1494 3994 1553 4046 et
1578 3992 1829 4065 Spiritus
1863 3995 2055 4052 sancti

384 4070 735 4128 columbina
765 4072 993 4145 species
1020 4074 1083 4130 in
1107 4075 1414 4150 baptismo
1441 4080 1591 4152 ejus,
1609 4086 1666 4138 et
1689 4082 1842 4140 sicut
1862 4100 2054 4158 quan-

382 4160 464 4217 do
485 4160 575 4217 sol
603 4160 963 4219 obscuratus
1014 4168 1124 4233 est,
1179 4170 1237 4222 et
1288 4172 1442 4225 terra
1482 4171 1741 4242 tremuit,
1765 4178 1823 4230 et
1850 4174 2053 4232 velum

383 4251 592 4324 templi
624 4251 880 4308 scissum
909 4258 997 4311 est
1050 4254 1113 4311 in
1151 4256 1447 4316 occisione
1480 4260 1630 4332 ejus.
1682 4263 1873 4337 Super
1924 4267 2053 4323 haec

383 4339 591 4397 omnia
619 4342 919 4399 Christum
938 4344 1176 4403 venisse
1196 4346 1612 4408 demonstrant
1641 4368 1828 4426 opera
1853 4359 1910 4411 et
1937 4372 2055 4412 ser-

382 4444 596 4486 mones
642 4432 795 4503 ejus,
827 4432 904 4489 de
919 4433 1142 4507 quibus
1171 4434 1299 4509 ipse
1329 4439 1683 4499 confutabat
1701 4442 1845 4500 olim
1869 4444 2058 4501 incre-

384 4517 696 4577 dulitatem
725 4521 1071 4580 Iudaeorum
1095 4524 1303 4582 dicens
1335 4545 1348 4583 :
1388 4528 1460 4584 Si
1488 4545 1673 4600 opera
1728 4548 1848 4590 non
1873 4535 2055 4605 fecis-

384 4622 501 4664 sem
531 4610 595 4665 in
621 4612 722 4679 eis,
755 4627 888 4683 qua
916 4629 1086 4671 nemo
1140 4616 1302 4672 alius
1346 4618 1514 4691 fecit,
1560 4629 1878 4690 peccatum
1935 4640 2058 4681 non

385 4695 672 4755 haberent
702 4698 903 4771 (Joan.
926 4718 1023 4771 xv,
1053 4702 1163 4776 22).
1190 4706 1256 4761 Et
1280 4704 1355 4762 de
1378 4707 1603 4780 quibus
1626 4711 2061 4770 corroborabat

383 4783 538 4842 inter
561 4786 710 4844 alios
736 4789 922 4847 ﬁdem
943 4791 1379 4866 discipulorum
1398 4798 1643 4855 Joannis
1664 4800 1941 4873 Baptistie
1967 4801 2059 4858 di-

387 4892 528 4933 cens
553 4896 566 4933 :
597 4879 744 4936 Haec
769 4880 948 4939 dicite
972 4883 1204 4940 Joanni
1228 4900 1362 4956 quaa
1408 4888 1663 4945 audistis
1692 4897 1748 4946 et
1778 4892 2009 4950 vidistis
2036 4909 2061 4951 .·

390 4965 550 5023 Caci
576 4967 802 5040 vident,
834 4971 1044 5028 claudi
1061 4973 1631 5047 ambulant,leprosi
1656 4980 2058 5049 mandantur,

387 5056 562 5112 surdi
587 5058 867 5132 audiunt,
880 5063 1110 5118 mortui
1125 5070 1473 5136 resurgunt,
1491 5082 1789 5138 pauperes
1811 5085 2060 5144 evange-

391 5145 764 5204 lizantur.E’t
793 5150 998 5208 beatus
1028 5157 1112 5209 est
1127 5152 1237 5224 qui
1261 5168 1382 5209 non
1401 5155 1593 5225 fuerit
1610 5159 2060 5218 scandalizatus

389 5233 452 5289 in
480 5249 574 5290 me
607 5235 844 5306 (Matth.
871 5256 950 5310 xi,
986 5242 1058 5314 5).
1085 5241 1222 5299 Haec
1248 5242 1411 5300 enim
1437 5248 1494 5301 et
1515 5245 1634 5303 alia
1654 5247 1844 5307 multa
1865 5248 2058 5307 factu-

388 5332 528 5372 rum
544 5335 690 5408 esse
728 5324 1032 5385 Christum
1074 5331 1385 5406 prophetae
1439 5335 1861 5408 praedixerant.
1914 5341 2059 5405 Quae
2102 5314 2115 5335 ’

390 5406 598 5505 omnia
625 5415 916 5505 quoniam
946 5434 985 5476 a
1016 5421 1268 5480 Domino
1282 5406 1488 5482 nostro
1507 5428 1645 5483 Jesu
1675 5428 1903 5486 Christo
1928 5429 2059 5487 ﬁeri

390 5494 772 5592 videbantur,
805 5502 1005 5575 ipsum
1035 5526 1174 5569 vere
1203 5513 1503 5573 Christum
1528 5532 1661 5574 esse
1691 5519 2054 5592 probabant.

394 5586 619 5684 Caetera
646 5602 790 5645 vero
816 5592 1028 5652 Christi
1053 5600 1348 5662 adventus
1379 5586 1737 5677 argumenta
1767 5610 1922 5665 sicut
1946 5613 2054 5679 est,

393 5671 566 5772 quod.
588 5672 652 5727 in
673 5689 918 5772 omnem
942 5688 1162 5747 terram
1184 5694 1365 5752 exivit
1408 5712 1594 5753 sonus
1642 5699 2055 5772 apostolorum

395 5759 585 5830 (Psal.
607 5777 768 5836 xviii,
797 5767 869 5838 5),
899 5776 956 5829 et
977 5776 1146 5846 quod
1170 5777 1232 5837 in
1271 5783 1405 5856 ipso
1452 5759 1727 5844 benedici
1773 5786 2056 5845 videntur

2162 3174 2496 3232 auctoritati
2516 3190 2640 3231 non
2696 3176 3039 3249 acquiescit,
3100 3180 3266 3233 extra
3323 3190 3705 3251 synagogam
3735 3173 3846 3245 eji-

2163 3264 2412 3321 ciendus
2443 3270 2550 3322 est.
2575 3267 2871 3322 Hactenus
2893 3267 3170 3341 expedito
3195 3265 3342 3339 quia
3356 3264 3519 3321 venit
3539 3263 3842 3331 Christus,

2163 3359 2220 3412 et
2242 3354 2516 3429 quando,
2553 3359 2610 3412 et
2632 3357 2767 3429 quis
2799 3356 2891 3427 sit,
2925 3356 3004 3413 ab
3026 3356 3166 3413 hinc
3194 3355 3339 3429 quia
3364 3371 3545 3412 verus
3564 3356 3722 3413 Deus
3741 3358 3845 3411 est

2161 3444 2577 3516 ingrediamur
2603 3446 2938 3503 ostendere.

2235 3540 2354 3594 Hoc
2407 3552 2552 3608 ergo
2604 3539 2872 3611 primum
2939 3539 3291 3612 ponimuus,
3333 3538 3632 3596 Christum
3656 3554 3845 3612 super

2163 3643 2375 3684 omnes
2401 3627 2679 3685 homines
2710 3628 2859 3686 alios
2891 3629 3178 3686 excellere
3203 3648 3216 3684 :
3244 3645 3354 3685 sua
3384 3627 3672 3703 quaedam
3717 3628 3847 3698 glo-

2162 3718 2325 3775 riosa
2351 3718 2598 3792 propria
2651 3719 3063 3787 manifestam,
3112 3736 3149 3776 a
3175 3718 3486 3793 prophetis
3542 3718 3845 3793 exposita,

2162 3808 2327 3864 velut
2354 3808 2469 3864 hoc
2496 3808 2644 3882 quia
2672 3813 2763 3865 est
2818 3809 3004 3865 homo
3049 3809 3125 3866 de
3178 3808 3408 3879 virgine
3437 3812 3638 3877 natus,
3682 3808 3845 3864 lsaia

2162 3900 2312 3954 teste
2345 3898 2463 3954 :Et
2492 3898 2769 3955 Christus
2823 3905 2905 3956 est
2938 3898 3110 3955 homo
3164 3899 3291 3955 sine
3337 3898 3645 3968 adjutorio
3678 3897 3846 3953 inter

2162 3994 2427 4044 mortuos
2451 3988 2771 4057 liber,teste
2794 3988 3122 4045 David.Nec
3134 3987 3294 4044 enim
3320 3987 3505 4043 alium
3524 3986 3841 4044 hominem

2162 4078 2332 4149 virgo
2362 4082 2554 4136 mater
2579 4078 2830 4152 peperit,
2858 4094 2969 4135 nec
3010 4078 3164 4135 alius
3196 4078 3411 4135 virtute
3458 4094 3569 4134 sua
3620 4076 3773 4133 liber
3802 4093 3841 4134 a

2163 4169 2416 4226 mortuis
2436 4169 3010 4227 resurrexit.Deinde
3023 4186 3162 4226 vero
3179 4174 3317 4225 sunt
3338 4168 3455 4225 alia
3486 4167 3841 4240 Christipro-

2163 4258 2544 4334 pria,quibus
2575 4276 2820 4317 omnem
2871 4259 3274 4333 supereminet
3297 4264 3657 4327 creaturam,
3690 4258 3842 4314 sicut

2163 4348 2312 4406 illud
2337 4349 2415 4406 ab
2446 4351 2597 4406 lsaia
2625 4366 2767 4406 cum
2787 4349 3183 4407 admiratione
3204 4347 3539 4422 prolatum:
3564 4349 3835 4417 Domine,

2165 4441 2297 4512 quis
2313 4440 2569 4497 credidit
2584 4440 2830 4496 auditui
2848 4445 3051 4496 nostro
3063 4446 3117 4496 et
3140 4439 3453 4495 brachium
3476 4439 3722 4494 Domini
3741 4438 3840 4494 cui

2165 4531 2495 4587 revelatum
2513 4535 2600 4586 est
2614 4533 2643 4584 ?
2666 4529 2807 4601 (Isa.
2833 4533 2988 4601 1.111,!
3004 4532 3043 4596 .)
3060 4532 3127 4585 Et
3149 4527 3297 4585 illud
3320 4526 3700 4584 Davidicum:
3728 4529 3839 4582 Do-

2164 4619 2361 4675 minus
2390 4619 2549 4675 dixit
2566 4619 2648 4675 ad
2670 4634 2805 4675 me:
2833 4619 3030 4675 Filius
3051 4634 3213 4676 meus
3235 4634 3292 4675 es
3315 4623 3401 4687 tu,
3427 4632 3530 4688 ego
3554 4616 3729 4673 hodie
3744 4631 3839 4688 ge-

2164 4712 2275 4767 nui
2300 4716 2355 4767 te
2384 4711 2568 4782 (Psal.
2593 4710 2745 4782 u,7).
2775 4713 2975 4783 Neque
3001 4710 3164 4766 enim
3191 4707 3466 4780 angelus,
3485 4722 3682 4779 neque
3722 4705 3836 4762 alia

2166 4802 2439 4856 creatura
2472 4797 2574 4855 Dei
2610 4797 2932 4855 brachium
2963 4803 3073 4869 est,
3108 4802 3212 4854 aut
3239 4799 3300 4853 in
3345 4800 3568 4851 aeterno
3604 4794 3699 4850 die
3730 4810 3837 4849 na-

2167 4889 2373 4946 turalis
2404 4889 2505 4946 Dei
2531 4888 2691 4946 ﬁlius
2716 4894 2821 4947 est.
2857 4892 2938 4946 De
2991 4905 3115 4963 qua
3153 4886 3440 4943 ﬁliatione
3470 4883 3561 4941 vel
3590 4899 3837 4956 genera-

2167 4980 2327 5037 tione
2353 4978 2559 5036 divina
2588 4979 2732 5036 satis
2761 4983 2955 5036 exstat
2984 4978 3231 5051 copiosa
3255 4975 3673 5047 theologorum
3703 4989 3839 5030 auc-

2169 5070 2403 5138 toritas;
2430 5070 2592 5126 unde
2621 5086 2726 5127 rex
2754 5068 2902 5126 mire
2921 5068 3159 5141 sapiens
3175 5064 3630 5123 subtilissimam
3650 5079 3835 5135 quass-

2168 5159 2393 5218 tionem
2414 5159 2794 5234 proponebat
2814 5159 3018 5215 dicens
3040 5176 3052 5214 :
3088 5158 3228 5226 Quis
3257 5155 3524 5214 ascendit
3550 5155 3612 5210 in
3625 5153 3833 5210 caelum

2169 5258 2351 5323 atque
2399 5250 2746 5306 descendit?
2775 5251 2908 5322 quis
2936 5249 3233 5306 continuit
3256 5247 3535 5317 spiritum
3566 5245 3630 5300 in
3651 5245 3835 5300 mani-

2172 5342 2279 5398 bus
2294 5341 2417 5396 suis
2436 5343 2464 5394 ?
2491 5340 2623 5411 quis
2655 5339 2967 5410 colligavit
2993 5354 3182 5411 aquas
3227 5337 3401 5409 quasi
3428 5337 3491 5392 in
3537 5336 3841 5391 vestimen.

2170 5436 2229 5486 to
2258 5434 2287 5487 ἵ
2318 5431 2450 5502 quis
2496 5430 2805 5485 suscitavit
2834 5444 3032 5486 omnes
3086 5431 3368 5485 terminos
3426 5434 3604 5505 terrm
3633 5429 3661 5480 ?
3684 5421 3839 5496 quod

2167 5534 2381 5576 nomen
2408 5520 2530 5588 ﬁlii
2551 5522 2699 5589 ejus,
2727 5521 2781 5575 si
2804 5522 2961 5575 nosti
2986 5525 3014 5575 ?
3060 5520 3263 5591 (Prov.
3312 5536 3455 5588 xxx,
3486 5517 3567 5589 4.)
3612 5517 3695 5571 Ex
3747 5514 3833 5569 his

2169 5626 2312 5682 ergo
2340 5610 2601 5683 propriis
2651 5611 3011 5683 supradictis
3045 5628 3183 5684 quae
3238 5609 3535 5668 Christum
3589 5623 3626 5663 a
3675 5621 3831 5661 crea~

2168 5706 2303 5757 tura
2366 5704 2669 5772 separant,
2722 5701 2796 5756 sit
2833 5716 2945 5773 pro
2984 5701 3215 5758 ratione
3271 5696 3705 5757 demonstratio
3751 5694 3827 5751 di-

2166 5784 2433 5849 vinitatis
2461 5790 2594 5862 ejus
2612 5790 2729 5847 hoc
2770 5789 2975 5847 modo.
3010 5788 3314 5862 Quidquid
3328 5792 3417 5846 est
3442 5791 3548 5846 aut
3577 5785 3826 5854 Creator,
