3952 6450
125 384 246 438 313

126 597 249 660 est,
293 598 534 652 Creator
559 602 663 652 est.
701 601 848 654 Cum
900 616 1042 670 ergo
1098 604 1362 661 Christus
1417 608 1486 662 sit
1543 608 1638 664 Dei
1687 608 1821 664 bra-

126 681 378 750 chium,
412 687 575 758 quod
611 693 882 744 creatura
915 706 1035 746 non
1068 698 1173 760 est,
1209 695 1336 751 sine
1367 697 1552 753 dubio
1586 700 1824 754 Creator

123 777 251 828 est.
309 778 453 830 Item
478 776 636 832 ﬁlius
669 779 978 850 naturalis,
996 785 1054 836 et
1075 782 1120 837 si
1143 800 1396 842 numero
1428 787 1625 843 differt
1655 804 1688 843 a
1720 791 1821 844 Pa-

125 865 221 916 tre
260 879 376 918 suo
399 866 690 936 quoniam
720 867 864 923 alter
892 874 1000 940 est,
1026 874 1283 929 naturali
1307 880 1508 931 tamen
1531 877 1819 933 definitio-

121 965 208 1005 ne
244 952 409 1008 Patri
439 970 549 1009 suo
579 971 766 1012 unum
800 957 1079 1031 idemque
1108 967 1299 1017 est.At
1319 965 1582 1021 Christus
1609 967 1704 1021 Dei
1730 967 1818 1021 Fi-

121 1038 254 1093 lius
292 1042 581 1097 naturalis
603 1050 707 1110 est,
744 1046 1011 1101 Christus
1041 1048 1220 1118 igitur
1238 1052 1397 1108 idem
1438 1053 1603 1125 quod
1631 1057 1816 1122 Pater,

123 1126 192 1181 id
228 1133 329 1184 est
359 1132 512 1184 Deus
541 1137 644 1186 est.
681 1132 885 1205 Liquet
940 1135 1117 1204 igitur
1177 1140 1470 1196 Christum
1525 1143 1668 1214 quia
1721 1144 1817 1198 Dei

124 1215 467 1273 brachium
499 1225 585 1275 est
613 1222 932 1278 Dominum
966 1241 1113 1293 esse,
1139 1233 1194 1283 et
1224 1230 1367 1301 quia
1395 1231 1489 1286 Dei
1535 1232 1706 1287 Filius
1732 1238 1818 1288 est

127 1322 281 1361 esse
348 1311 554 1364 Deum.
607 1313 818 1366 Przeter
862 1313 989 1368 haec
1044 1315 1302 1388 denique
1355 1326 1492 1375 sunt
1540 1322 1817 1378 vaticinia

126 1396 433 1467 quaedam
463 1398 537 1453 de
569 1399 780 1456 Christi
813 1401 1118 1460 divinitate
1151 1407 1232 1462 sic
1259 1415 1484 1479 aperta,
1530 1414 1591 1466 ut
1633 1411 1693 1466 in
1720 1429 1815 1467 eo-

129 1501 278 1540 rum
317 1491 567 1544 tractatu
601 1505 722 1545 non
759 1491 833 1546 sit
865 1509 1018 1564 opus
1052 1497 1134 1550 uti
1158 1497 1626 1555 ratiocinatione.
1663 1503 1816 1566 Quo-

129 1575 307 1630 niam
345 1576 648 1632 evidenter
679 1578 846 1635 illum
879 1581 1012 1653 ipso
1045 1585 1287 1640 nomine
1337 1589 1654 1644 Dominum
1696 1591 1814 1645 cla-

127 1668 315 1720 mant
347 1682 486 1721 cum
517 1666 799 1723 laudibus
836 1673 952 1725 Deo
985 1671 1504 1747 dignis,quamvis
1537 1695 1656 1733 non
1690 1679 1814 1736 sine

131 1757 719 1812 commemoratione
752 1758 1139 1817 humanitatis
1171 1765 1458 1837 ejus,qua
1486 1768 1550 1823 fit
1572 1775 1634 1823 ut
1663 1772 1814 1824 Deus

129 1859 343 1910 verus,
371 1849 427 1900 et
461 1845 645 1902 homo
678 1849 855 1903 simul
887 1867 1014 1906 esse
1041 1854 1334 1909 credatur.
1390 1859 1467 1911 De
1499 1857 1720 1930 quibus
1751 1859 1811 1914 il-

127 1930 240 1987 lud
266 1933 623 1990 Davidicum
658 1952 670 1989 :
699 1938 875 1992 Sedes
910 1945 1034 2002 tua,
1071 1942 1246 2008 Deus,
1298 1944 1359 1997 in
1389 1948 1670 2001 sarculum
1704 1964 1812 2002 sse-

128 2024 281 2092 cuti,
302 2027 363 2078 et
393 2030 605 2080 caetera
633 2028 822 2096 (Psat.
854 2045 1008 2096 xuv,
1043 2033 1118 2100 7).
1153 2034 1217 2086 Et
1248 2033 1394 2088 illud
1428 2037 1591 2091 Isaiae
1627 2039 1815 2093 :Par—

129 2113 318 2167 vulus
351 2119 532 2170 natus
572 2122 653 2170 est
709 2119 896 2184 nobis,
944 2121 1108 2188 filius
1150 2123 1328 2178 (latus
1379 2131 1463 2180 est
1517 2127 1704 2193 nobis,
1758 2136 1812 2184 et

129 2203 457 2258 vocabitur
498 2221 711 2261 nomen
762 2210 891 2276 ejus
939 2209 1352 2280 Admirabitis,
1391 2215 1808 2287 Consiliarius,

126 2293 290 2347 Deus
321 2293 526 2362 fortis,
559 2297 746 2351 Pater
774 2298 978 2366 futuri
1003 2303 1229 2373 sazcuti,
1278 2305 1567 2374 Princeps
1586 2309 1760 2376 pacis
1791 2325 1811 2364 .'

127 2383 652 2451 multiplicabitur
677 2389 804 2455 ejus
838 2389 1150 2457 imperium
1185 2399 1237 2448 et
1263 2395 1434 2461 pacis
1465 2411 1583 2450 non
1612 2400 1722 2452 erit
1741 2400 1809 2468 ﬁ-

126 2471 219 2526 nis
253 2470 400 2541 (Isa.
437 2489 514 2541 1x,
548 2475 620 2542 6).
665 2473 770 2529 Ubi
826 2475 884 2530 in
938 2478 1029 2531 his
1075 2480 1273 2535 verbis
1325 2483 1486 2537 lsai:e
1539 2487 1810 2543 cavenda

127 2563 219 2614 est
250 2558 406 2615 falsa
437 2560 782 2617 Judzeorum
815 2563 1240 2637 interpretatio,
1289 2586 1412 2642 qua
1462 2573 1806 2630 vaticinium

129 2648 292 2703 istud
319 2649 401 2704 ad
433 2651 690 2706 Ezechia:
730 2669 951 2709 nomen
985 2655 1282 2714 inflectere
1304 2660 1600 2726 laborant,
1620 2681 1808 2736 quan-

133 2737 213 2792 do
237 2753 382 2792 cum
416 2738 763 2796 Christianis
791 2742 1162 2815 simplicibus
1214 2747 1574 2804 altercantur
1607 2767 1617 2803 :
1655 2750 1808 2806 falsa

133 2832 311 2896 certe,
346 2827 493 2899 quia
515 2844 637 2883 non
664 2830 918 2886 habetur
950 2835 1240 2906 scriptum
1290 2836 1347 2890 in
1402 2837 1707 2905 Hebraico,
1751 2844 1807 2895 et

133 2915 451 2971 vocabitur
475 2932 694 2972 nomen
725 2920 852 2989 ejus
885 2923 1179 2988 Ezechias,
1207 2926 1373 2996 quod
1392 2925 1808 3000 interpretatur

127 3007 311 3075 fortis
343 3009 606 3074 Domini,
640 3009 742 3063 sed
775 3012 1087 3066 vocabitur
1125 3030 1349 3070 nomen
1396 3017 1524 3085 ejus
1555 3017 1804 3088 Elgiber,

129 3097 295 3168 quod
323 3098 750 3171 interpretatur
801 3103 957 3157 Deus
1013 3105 1211 3173 fortis,
1264 3107 1428 3178 quod
1474 3125 1716 3180 nomen,
1746 3109 1804 3164 id

131 3190 222 3240 est
252 3188 354 3253 Et,
393 3187 505 3242 soli
538 3190 655 3244 Deo
689 3192 988 3261 convenit,
1020 3196 1076 3248 et
1102 3210 1224 3249 non
1259 3197 1536 3263 Ezechias,
1572 3199 1665 3254 cui
1697 3215 1806 3254 nec

130 3279 344 3333 caetera
372 3292 514 3348 quas
541 3285 873 3351 sequuntur
922 3283 1239 3338 convenire
1297 3293 1568 3357 possunt.
1624 3291 1803 3343 Crete-

128 3379 262 3420 rum
291 3365 355 3421 in
386 3366 652 3422 vaticino
685 3370 889 3437 David,
925 3371 1102 3426 simul
1135 3390 1274 3429 cum
1306 3375 1612 3432 divinitate
1647 3379 1806 3433 Chri-

133 3454 223 3521 sti,
258 3455 581 3525 diligenter
609 3458 974 3516 attendenda
1005 3465 1092 3516 est
1129 3462 1430 3519 distinctio
1484 3467 1690 3526 Patris.
1727 3467 1806 3522 Fi-

128 3541 186 3597 lii
217 3549 273 3599 et
302 3545 558 3616 Spiritus
589 3547 800 3602 sancti.
839 3551 983 3604 Cum
1018 3551 1177 3606 enim
1209 3552 1456 3608 dicitur:
1481 3556 1654 3612 Sedes
1677 3563 1803 3625 tua,

132 3634 306 3704 Deus,
341 3637 404 3689 in
445 3638 733 3692 saeculum
764 3641 972 3694 saeculi
1003 3657 1014 3694 :
1049 3643 1222 3712 virga
1254 3644 1600 3700 directionis
1632 3648 1803 3715 virga

133 3724 302 3792 regni
327 3725 436 3780 tui.
475 3725 758 3781 Ditexisti
787 3730 1091 3796 justitiam
1123 3737 1176 3785 et
1208 3733 1388 3786 odisti
1425 3735 1801 3804 iniquitatem

133 3811 317 3879 (Psat.
350 3830 506 3881 xuv,
535 3821 588 3880 7,
622 3817 697 3886 8),
731 3815 809 3870 ad
840 3817 1045 3872 Filium
1079 3818 1313 3874 Domini
1335 3821 1618 3894 loquitur.
1654 3828 1801 3879 Cum

134 3899 269 3956 dicit
299 3919 310 3956 :
344 3904 679 3972 Propterea
703 3908 878 3962 unxit
903 3913 958 3964 te
985 3910 1159 3975 Deus,
1218 3912 1374 3966 Deus
1424 3917 1559 3966 tuus
1600 3913 1799 3982 (Ibid.,

135 3990 205 4059 8),
236 3991 310 4046 de
339 3995 461 4048 Deo
504 3995 666 4049 Patre
720 3995 1000 4067 loquitur.
1062 4002 1209 4054 Cum
1267 4016 1410 4054 vero
1467 4002 1798 4072 subjungit,

134 4080 254 4136 oleo
286 4082 762 4156 tmtitz’m(Ibid.),
821 4087 1106 4159 Spiritum
1154 4095 1430 4146 sanctum
1483 4092 1799 4161 significat,

138 4168 526 4227 nihilominus
559 4176 768 4246 Deum,
801 4181 862 4231 ut
887 4175 1017 4232 loco
1058 4195 1167 4233 suo
1193 4180 1726 4238 demonstrabitur.

205 4258 292 4312 ΙΙΙ.
350 4263 565 4329 Magna
621 4262 918 4319 dissensio
965 4270 1052 4320 est
1102 4269 1252 4322 inter
1300 4268 1453 4323 filios
1486 4271 1803 4326 hominum

138 4359 273 4401 cum
301 4348 375 4402 de
407 4350 612 4406 multis
639 4351 788 4422 aliis,
823 4359 947 4408 tum
982 4355 1162 4411 etiam
1213 4357 1286 4411 de
1328 4357 1702 4415 confessione
1741 4360 1805 4414 fi-

139 4431 248 4488 dei.
283 4438 452 4501 Quod
489 4439 696 4496 videns
735 4444 1057 4515 Apostolus
1090 4445 1327 4502 dicebat
1357 4466 1368 4502 :
1418 4450 1539 4503 Nos
1586 4451 1804 4518 μναῖν(ίί-

139 4537 336 4581 camus
368 4527 676 4585 Christum
709 4534 1091 4603 cruciﬁxum,
1123 4536 1347 4591 Judzeis
1373 4538 1607 4607 quidem
1640 4555 1804 4594 scan-

140 4609 364 4685 dalum,
391 4619 668 4686 gentibus
698 4627 894 4676 autem
924 4625 1266 4694 stultitiam,
1311 4629 1452 4694 ipsis
1484 4633 1680 4683 autem
1713 4645 1804 4684 vo-

144 4704 286 4757 catis
311 4707 539 4762 Judwis
571 4714 749 4781 atque
785 4713 1006 4768 Graecis
1037 4715 1147 4770 Dei
1169 4716 1444 4771 virtutem
1477 4723 1531 4772 et
1562 4719 1672 4774 Dei
1707 4735 1802 4774 sa-

139 4790 420 4855 pientiam
454 4797 512 4864 (Ι
531 4797 665 4854 Cor.
702 4816 738 4866 l,
771 4805 860 4867 23,
894 4802 1003 4871 24).
1039 4806 1166 4857 Non
1189 4803 1384 4859 solum
1428 4811 1628 4861 autem
1661 4809 1806 4863 Gen-

144 4875 267 4932 tiles
298 4887 354 4938 et
382 4885 591 4953 Judaei,
625 4889 728 4943 sed
753 4893 807 4943 et
836 4889 950 4961 ipsi
993 4891 1238 4962 quidem
1270 4893 1372 4964 qui
1420 4912 1482 4949 se
1528 4896 1805 4952 Christia-

145 4979 249 5021 nos
274 4973 559 5044 appellari
589 4977 820 5048 volunt,
854 4978 1104 5034 nimiam
1137 4981 1364 5037 habent
1394 4983 1544 5038 inter
1584 5001 1645 5040 se
1699 4985 1807 5040 dif-

147 5051 468 5119 ferentiam.
504 5069 652 5130 Cum
679 5066 776 5123 alii
809 5084 1018 5124 eorum
1047 5071 1319 5125 catholici
1354 5071 1488 5140 sint,
1510 5073 1608 5128 alii
1625 5074 1808 5129 heare-

150 5142 242 5235 ﬁci
272 5151 472 5208 multis
503 5148 720 5212 modis.
777 5161 896 5228 Ego
934 5176 1076 5214 vero
1111 5159 1437 5225 Fulbertus,
1494 5162 1596 5234 qui
1644 5180 1806 5235 pono

145 5232 299 5301 talia,
334 5237 469 5297 licet
498 5250 778 5316 peccator
803 5252 859 5302 et
883 5248 1089 5317 indign
1102 5265 1168 5303 us
1198 5232 1539 5322 episcopus,
1581 5232 1802 5317 tamen,

144 5323 282 5414 quia
310 5330 403 5384 vel
421 5330 538 5388 ﬁde
569 5335 934 5392 catholicum
984 5354 1080 5394 me
1125 5355 1259 5394 esse
1311 5339 1587 5396 desidero
1627 5348 1805 5414 atque

146 5410 436 5486 proﬁteor,
467 5423 658 5489 gratia
693 5425 791 5480 Dei
823 5425 958 5481 volo
989 5426 1139 5495 aliis,
1191 5428 1412 5500 quibus
1464 5435 1692 5501 potero,
1707 5410 1805 5485 —de

149 5510 279 5589 {nea
307 5504 422 5562 ﬁde
453 5515 509 5565 et
529 5528 638 5566 suo
668 5527 866 5570 errore
895 5515 1162 5588 aliquam
1204 5517 1649 5589 portiunculam
1681 5519 1808 5575 red-

146 5583 277 5680 dere
306 5595 549 5653 rationis
581 5602 710 5671 ejus
745 5618 883 5674 quae
911 5603 970 5659 in
1005 5621 1099 5660 me
1133 5606 1274 5661 satis
1302 5613 1390 5663 est
1421 5609 1496 5662 ‘et
1543 5609 1802 5680 copiose.

236 5681 493 5769 Pflmum
525 5689 773 5761 quidem
805 5693 1048 5749 Judaeis.
1085 5695 1152 5749 Hi
1183 5712 1326 5763 ergo
1358 5697 1532 5752 nobis
1560 5674 1806 5753 consen-

145 5763 243 5859 tlre
271 5766 476 5828 dicunt
504 5776 564 5831 in
596 5778 711 5832 hoc
773 5795 785 5833 :
843 5797 1036 5838 unum
1084 5785 1270 5838 Deum
1302 5785 1657 5841 confitemur
1682 5803 1806 5840 om-

143 5863 305 5911 mum
335 5859 673 5921 Creatorem
702 5885 716 5934 ;
750 5867 1110 5931 dissentiunt
1130 5877 1332 5928 autem
1354 5875 1428 5929 de
1453 5875 1675 5942 multis,
1697 5873 1803 5929 sed

1341 390 1754 451 TRACTATUS
1794 387 2070 449 CONTRA
2107 388 2409 450 JUDEOS.

125 507 245 560 aut
281 509 595 564 creatura:
629 506 878 582 proinde
905 508 1068 584 quod
1111 520 1217 585 est,
1279 515 1327 572 si
1374 523 1642 574 creatura
1691 535 1813 575 non
1845 522 1890 574 Α
1929 517 2321 590 periculosius
2352 518 2469 574 fere
2502 519 2575 574 de
2604 519 2695 573 his
2721 515 2888 592 quod
2926 517 3266 574 Trinitatem
3310 533 3594 590 persona-

3483 395 3590 452 314

1929 623 2063 662 rum
2090 607 2149 661 in
2177 608 2398 662 unitate
2431 607 2752 663 divinitatis
2780 624 2898 662 non
2929 613 3283 677 agnoscunt,
3327 613 3383 662 et
3424 609 3590 679 quod

1931 695 2226 750 Christum
2257 699 2441 750 Deum
2473 712 2604 751 esse
2655 702 2897 765 negant,
2957 696 3050 750 vel
3098 696 3262 767 quod
3317 697 3588 751 nondum

1928 787 2160 840 venisse
2192 785 2415 841 dicunt.
2445 787 2548 850 Qui
2581 794 2778 841 tamen
2812 786 2885 840 de
2916 786 3029 841 hoc
3061 785 3268 840 ultimo
3321 787 3443 842 sive
3484 791 3592 842 ter-

1931 874 2009 929 tio
2041 891 2143 930 eos
2170 875 2598 931 rationabiliter
2628 875 3023 946 convinceret,
3077 881 3222 948 puto
3270 876 3436 948 quod
3467 893 3590 931 non

1926 963 2146 1020 habeat
2167 969 2375 1037 postea
2409 965 2660 1020 multum
2689 964 2964 1020 laborare
2995 965 3069 1019 de
3100 965 3344 1020 caeteris.
3381 965 3592 1021 Proba-

1930 1057 1986 1108 to
2009 1053 2168 1108 enim
2199 1054 2341 1126 quia
2373 1054 2531 1109 venit
2562 1053 2850 1120 Christus,
2885 1054 3012 1125 ipse
3054 1055 3266 1126 poterit
3309 1055 3590 1127 deinceps

1925 1141 2201 1197 intimare
2233 1143 2521 1214 quaerenti
2549 1143 2773 1209 Iudaeo,
2807 1142 2953 1215 quid
2986 1144 3202 1198 sentire
3242 1144 3315 1198 de
3366 1144 3590 1199 caeteris

1929 1231 2018 1285 vel
2043 1231 2186 1303 quid
2217 1233 2408 1287 facere
2434 1232 2667 1287 debeat.
2701 1235 2830 1287 Jam
2863 1248 3004 1302 ergo
3031 1233 3407 1305 incipiamus.

1999 1320 2294 1376 Christum
2353 1321 2583 1376 venisse
2643 1320 2858 1392 probat
2932 1321 3176 1392 impleta
3252 1323 3586 1394 prophetia,

1925 1425 2112 1480 quam
2145 1409 2460 1481 scripserat
2491 1413 2716 1480 Moyses
2747 1409 2805 1463 in
2839 1409 2967 1464 haec
2998 1410 3183 1465 verba
3216 1427 3227 1463 :
3259 1412 3393 1465 Non
3421 1412 3588 1480 aufe-

1927 1505 2096 1553 retur
2114 1507 2412 1568 sceptrum
2443 1501 2515 1554 de
2542 1500 2702 1554 Juda
2737 1504 2791 1553 et
2812 1499 2942 1554 dum
2965 1499 3036 1554 (te
3063 1502 3288 1568 feruore
3318 1503 3465 1570 ejus,
3490 1501 3589 1554 do-

1927 1604 2032 1643 nec
2052 1590 2253 1644 veniat
2274 1591 2380 1659 qui
2403 1589 2726 1644 mittendus
2757 1595 2860 1655 est,
2898 1595 2950 1645 et
2981 1590 3104 1658 ipse
3134 1589 3243 1643 erit
3289 1595 3589 1658 exspecta—

1926 1679 2005 1731 tio
2027 1680 2312 1747 gentium.
2346 1682 2471 1733 Non
2504 1683 2593 1733 est
2617 1678 2778 1733 enim
2808 1677 3075 1733 ablatum
3101 1677 3368 1746 regimen
3398 1677 3585 1732 tribus

1921 1766 2075 1821 Juda
2105 1767 2178 1821 de
2210 1783 2397 1822 manu
2428 1769 2514 1822 sui
2549 1767 2781 1837 generis
2810 1771 2863 1822 et
2891 1766 3319 1838 transpositum
3362 1766 3423 1820 in
3463 1782 3586 1821 ma-

1855 1880 1893 1932 Β
1923 1873 2036 1911 nus
2065 1873 2278 1926 regum
2304 1857 2775 1927 alienigenarum
2799 1873 2988 1928 usque
3021 1855 3097 1911 ad
3120 1855 3446 1911 adventum
3481 1859 3587 1911 Do-

1922 1947 2066 2002 mini
2127 1947 2311 2001 nostri
2365 1949 2501 2000 Jcsu
2558 1947 2810 2012 Christi,
2882 1963 3062 2018 quem
3119 1962 3230 2000 nos
3311 1945 3584 2001 catholici

1923 2035 2233 2090 Christiani
2267 2036 2680 2108 suscepimus;
2737 2043 2825 2091 est
2871 2041 3071 2091 autem
3111 2051 3183 2090 ex
3216 2040 3354 2090 tunc
3381 2050 3585 2090 revera

1921 2125 2191 2181 ablatum
2252 2132 2555 2197 sceptrum
2614 2127 2688 2180 de
2741 2126 2914 2192 Juda,
2962 2130 3018 2180 et
3066 2126 3490 2197 transpositum
3523 2125 3583 2180 in

1921 2232 2139 2270 manus
2191 2223 2504 2270 extraneas
2562 2216 2834 2285 ejusdem
2904 2214 3138 2270 Domini
3195 2214 3382 2269 nostri
3446 2217 3585 2268 Jesu

1922 2303 2154 2360 Christi.
2191 2307 2271 2358 Ex
2301 2308 2443 2359 tunc
2474 2304 2651 2372 igitur
2682 2304 3029 2360 auctoritate
3077 2303 3427 2376 prophetica
3485 2318 3586 2373 pa-

1925 2398 2002 2448 tet
2032 2393 2262 2447 venisse
2289 2391 2456 2448 illiilli
2487 2393 2589 2464 qui
2629 2393 2953 2448 mittendus
2983 2398 3127 2459 erat,
3183 2391 3243 2446 id
3295 2396 3382 2446 est
3429 2391 3586 2447 Chri-

1921 2488 2098 2537 stum.
2136 2485 2278 2537 Ecce
2311 2482 2783 2555 propositionem
2813 2489 3082 2537 nostram
3122 2481 3420 2536 succincte
3446 2495 3586 2534 con-

1918 2573 2241 2640 clusimus;
2277 2589 2436 2627 nunc
2464 2573 2541 2628 ad
2567 2572 3070 2644 approbationem
3113 2572 3302 2644 ipsius
3351 2570 3585 2626 histori-

1919 2680 2053 2718 cam
2085 2664 2390 2717 veritatem
2419 2663 2676 2716 breviter
2719 2661 3104 2730 attingamus.
3165 2665 3583 2716 Demonstran-

1917 2756 2004 2806 tes
2035 2752 2244 2824 quales
2274 2752 2616 2807 ludieorum
2649 2751 2911 2824 populus
2939 2752 3012 2807 de
3059 2767 3274 2817 genere
3314 2767 3424 2805 suo
3464 2767 3582 2805 rec-

1918 2847 2072 2895 tores
2118 2841 2414 2909 habuerit,
2449 2842 2698 2914 quando
2724 2841 3006 2910 amiserit,
3039 2845 3094 2896 et
3123 2839 3434 2912 quomodo
3467 2839 3580 2895 sibi

1917 2929 2137 2984 ablatio
2168 2929 2471 2998 regiminis
2501 2936 2556 2984 et
2594 2929 2886 2985 adventus
2910 2929 3129 2985 Messiaa
3175 2929 3582 2983 concurrerint

1916 3019 1972 3072 in
2007 3018 2219 3073 diebus
2252 3019 2516 3074 Herodis.
2552 3019 2730 3085 Igitur
2758 3025 2892 3090 post
2920 3022 3182 3090 Moysen,
3202 3019 3305 3090 qui
3328 3018 3583 3089 prophe-

1919 3107 2062 3162 tiam
2094 3109 2250 3163 hanc
2283 3107 2544 3180 protulit,
2604 3113 2657 3163 et
2707 3111 2907 3162 Jesum
2960 3123 3367 3163 successorem
3427 3108 3580 3176 ejus,

1917 3203 2172 3252 rectores
2202 3198 2410 3253 habuit
2437 3197 2697 3270 populus
2724 3197 3007 3252 Judaicus
3055 3197 3128 3252 de
3180 3213 3393 3268 genere
3447 3213 3580 3257 suo,

1916 3289 2272 3360 quijudices
2307 3289 2586 3360 appellati
2637 3295 2792 3355 sunt,
2831 3305 3020 3359 usque
3071 3287 3146 3342 ad
3193 3294 3430 3360 tempus
3477 3290 3581 3342 Sa-

1919 3377 2132 3432 muelis
2159 3377 2486 3449 prophetae.
2525 3377 2743 3432 Deinde
2782 3377 2885 3449 qui
2911 3393 3082 3446 reges
3109 3376 3386 3448 appellati
3421 3380 3578 3441 sunt,

1918 3466 2184 3520 similiter
2213 3466 2286 3520 de
2320 3482 2534 3534 genere
2569 3483 2696 3532 suo,
2730 3467 2988 3532 Saulem,
3049 3465 3231 3521 David
3283 3471 3337 3520 et
3380 3465 3581 3537 plures

1915 3557 2085 3625 alios,
2116 3573 2309 3628 usque
2349 3556 2427 3610 ad
2483 3556 3069 3625 transmigrationem
3124 3555 3467 3626 Babylonis.
3517 3559 3581 3610 In

1913 3646 2042 3718 ipsa
2075 3661 2317 3717 quoque
2349 3647 2870 3713 transmigratione
2902 3661 3022 3699 non
3050 3644 3368 3700 defuerunt
3398 3644 3475 3698 illi
3505 3644 3580 3698 de

1914 3751 2127 3804 genere
2159 3750 2268 3788 suo
2300 3739 2553 3788 rectores
2612 3740 2666 3788 et
2714 3734 3119 3789 consolatores
3160 3735 3278 3787 Deo
3310 3731 3490 3804 pleni,
3523 3735 3580 3787 et

1912 3822 2056 3894 ipsis
2084 3822 2326 3889 regibus
2357 3821 2819 3887 excellentiores,
2865 3821 3014 3876 sicut
3060 3821 3343 3876 Jeremias
3387 3826 3443 3875 et
3475 3824 3582 3876 Da-

1914 3911 2030 3966 niel
2061 3911 2388 3983 prophetia.
2451 3913 2583 3965 Post
2613 3910 2870 3965 reditum
2902 3911 2976 3966 de
3011 3910 3310 3982 Babylone
3342 3909 3583 3964 fuerunt

1913 4001 1993 4056 illi
2016 4001 2282 4056 similiter
2304 4001 2376 4054 de
2411 4016 2624 4070 genere
2658 4017 2766 4055 suo
2812 4001 2966 4055 bene
3013 3999 3389 4072 disciplinata
3434 3999 3581 4066 regi-

1917 4091 2082 4145 mina
2139 4090 2515 4162 pontificum,
2570 4107 2759 4162 usque
2813 4090 2889 4145 ad
2947 4089 3263 4144 Aristobuli
3321 4095 3581 4160 tempus,

1915 4181 2019 4252 qui
2070 4181 2335 4253 pontifex
2387 4179 2616 4235 Judaici
2665 4180 2874 4252 populi
2927 4179 3194 4235 similiter
3245 4179 3320 4234 de
3367 4193 3584 4248 genere

1916 4287 2026 4324 suo
2053 4277 2109 4325 et
2138 4287 2240 4324 rex
2268 4269 2514 4325 ultimus
2547 4270 2672 4324 fuit.
2731 4273 2894 4325 Hunc
2940 4275 3139 4325 autem
3171 4268 3583 4324 Aristobulum

1914 4366 2260 4432 expugnata
2291 4360 2698 4431 Hierosolyma
2740 4359 3000 4414 vinctum
3047 4375 3184 4414 cum
3231 4358 3432 4412 liberis
3476 4360 3584 4412 Ro-

1916 4465 2079 4504 mam
2126 4449 2284 4503 misit
2333 4449 2647 4520 Pompeius
2697 4451 3102 4502 Romanorum
3151 4447 3295 4511 dux,
3333 4447 3606 4501 Hircano.

1916 4537 2077 4592 fratri
2102 4538 2234 4607 ejus
2265 4537 2683 4608 pontificatum
2723 4536 3085 4608 relinquens.
3141 4538 3394 4590 Omnem
3441 4549 3581 4590 vero

1913 4626 2255 4682 Judaaorum
2282 4630 2516 4694 gentem
2546 4625 2790 4679 ultimus
2815 4624 3078 4696 pontifex
3123 4639 3225 4694 per
3250 4623 3581 4690 legitimam

1917 4714 2358 4768 successionem
2410 4712 2640 4781 generis
2695 4713 2818 4768 fuit.
2905 4712 3163 4767 Herodes
3223 4711 3451 4782 primus
3508 4726 3582 4766 ex

1918 4803 2112 4858 alieno
2157 4818 2370 4872 genere
2415 4818 2514 4856 rex
2547 4799 2890 4856 Judaeorum
2917 4801 3109 4855 factus
3153 4804 3242 4854 est
3270 4815 3377 4872 per
3407 4815 3580 4855 sena-

1916 4891 2374 4960 tusconsultum,
2403 4892 2735 4963 imperante
2776 4896 3060 4960 Augusto.
3124 4891 3251 4954 Quo
3311 4895 3581 4959 tempore

1918 4980 2181 5036 Christus
2211 4979 2546 5035 secundum
2576 4978 2905 5052 prophetiae
2932 4978 3114 5032 fidem
3137 4977 3196 5032 in
3239 4975 3582 5032 Bethlehem

1917 5076 2094 5126 natus
2124 5075 2228 5124 est.
2265 5073 2559 5125 Hactenus
2580 5083 2742 5137 ergo,
2775 5067 2836 5122 id
2864 5072 2968 5132 est,
2995 5083 3188 5139 usque
3223 5065 3299 5121 ad
3327 5081 3583 5133 regnum

1920 5158 2161 5214 llerodis
2215 5164 2419 5213 etnon
2473 5164 2700 5230 postea,
2758 5162 3014 5212 rectores
3069 5155 3279 5210 habuit
3323 5154 3582 5222 legitime

1918 5247 2178 5321 populus
2226 5249 2508 5303 Judaicus
2540 5249 2612 5302 de
2645 5263 2858 5315 genere
2899 5261 3008 5300 suo
3043 5263 3054 5299 :
3089 5261 3274 5314 regno
3317 5260 3582 5316 namque

1914 5338 2264 5392 Judaeorum
2322 5338 2598 5410 disrupto
2650 5343 2828 5408 atque
2882 5340 3132 5400 mutato,
3181 5334 3584 5390 sacerdotium

1917 5444 2158 5499 quoque
2209 5428 2547 5499 disruptum
2599 5433 2777 5498 atque
2822 5429 3119 5480 mutatum
3171 5430 3276 5480 est.
3327 5424 3585 5480 Herodes

1916 5517 2076 5572 enim
2130 5521 2450 5588 postquam
2513 5531 2767 5583 regnum
2826 5515 3175 5570 Judzeorum
3220 5532 3255 5570 a
3295 5515 3582 5570 Romanis

1917 5606 2166 5678 accepit,
2197 5606 2442 5677 antiquo
2469 5606 2622 5676 jure,
2656 5606 2769 5659 hoc
2797 5609 2902 5670 est,
2932 5621 3039 5678 per
3070 5603 3397 5672 legitimam
3452 5621 3584 5660 suc-

1919 5697 2257 5752 cessionem
2308 5695 2540 5762 generis
2594 5711 2713 5749 non
2793 5695 3189 5750 constituebat
3251 5694 3580 5766 pontiﬁces,

1920 5786 2024 5840 sed
2055 5784 2393 5858 promiscue
2443 5785 2785 5856 quibusque
2829 5785 3197 5853 ignobilibus
3252 5782 3584 5838 sacerdotia

1922 5873 2307 5946 promittebat
2330 5874 2407 5928 ad
2425 5878 2683 5944 tempus.
2713 5877 2890 5929 Sacra
2907 5888 3152 5944 quoque
3174 5877 3338 5926 veste
3361 5879 3580 5922 summ-
