3952 6382
384 234 487 299 3η

1427 237 1483 293 5.
1523 233 1867 303 FULBERTI
1907 233 2391 303 CARNOTENSIS
2430 235 2761 297 EPISCOPI.

3717 231 3825 295 316

381 353 682 428 Ronﬁﬁcis
711 354 827 417 sub
866 355 1177 428 signaculo
1233 357 1439 417 clausa
1492 373 1801 431 nusquam
1855 372 2036 419 usum
2078 359 2126 413 A
2156 357 2336 428 igitur
2362 359 2466 429 illi,
2497 360 2603 433 qui
2633 359 2838 415 dicunt
2885 358 3262 435 prophetiam
3311 356 3469 412 hanc
3526 355 3603 413 ad
3634 354 3823 410 ﬁnem

382 444 512 515 ejus
552 444 937 521 pontificibus
974 446 1374 526 permittebat.
1430 446 1598 507 Hunc
1630 462 1774 516 ergo
1799 462 2039 520 perver-

383 550 522 595 sum
550 550 781 595 morem
808 534 994 601 tenuit
1021 539 1162 609 post
1189 535 1389 616 ipsum
1444 535 1773 599 Archelaus
1806 553 2040 599 succes-

381 637 480 678 sor
495 622 643 693 ejus.
661 623 828 683 Hunc
852 621 1136 697 deinceps
1166 627 1406 683 tenuere
1436 624 1689 691 Romani
1718 622 2039 697 praepositi,

380 710 573 767 donec
627 710 873 775 tandem
923 716 1062 785 post
1109 714 1457 787 passionem
1500 714 1707 772 Christi
1739 713 2044 769 destructa

380 798 792 873 Hierosolyma
818 803 874 859 et
897 799 1174 873 dispersa
1204 806 1376 872 gente
1424 802 1793 872 Judzeorum,
1844 817 2041 876 neque

379 889 582 949 civitas
612 888 745 958 illis,
778 905 974 963 neque
1004 906 1128 960 rex,
1159 907 1355 966 neque
1394 892 1679 965 pontifex,
1710 907 1906 964 neque
1932 907 2039 967 po-

379 978 559 1052 pulus
591 978 717 1041 fuit.
750 981 816 1035 Et
839 979 957 1037 ista
980 979 1271 1038 desolatio
1303 981 1466 1061 jugis
1508 981 1667 1047 facta
1717 986 1804 1037 est
1850 996 2041 1053 usque

378 1066 441 1123 in
478 1067 840 1133 hodiernum
890 1068 1072 1129 diem.
1131 1070 1187 1127 Si
1231 1086 1372 1140 ergo
1421 1071 1549 1127 haec
1598 1071 1679 1131 ita
1727 1075 1887 1139 sunt,
1917 1070 2041 1126 imo

378 1159 523 1235 quia
551 1158 633 1216 ita
664 1163 826 1227 sunt,
859 1160 1027 1233 quod
1050 1177 1124 1216 ex
1165 1162 1484 1237 prophetia
1528 1161 2037 1229 concluseramus,

378 1262 486 1319 per
512 1247 823 1309 historiam
854 1254 1292 1322 consequenter
1318 1251 1812 1323 approbavimus,
1846 1250 1907 1306 id
1930 1254 2039 1320 est,

378 1352 452 1393 ex
481 1341 749 1410 tempore
774 1355 897 1412 quo
927 1338 1195 1409 regimen
1225 1338 1299 1395 de
1322 1340 1475 1397 Juda
1514 1340 1785 1401 ablatum
1829 1345 1937 1409 est,
1987 1349 2045 1395 et

376 1427 657 1501 princeps
685 1428 759 1483 de
791 1428 1015 1484 femore
1055 1430 1207 1501 ejus,
1256 1430 1483 1486 venisse
1532 1432 1823 1499 Messiam.
1875 1435 2040 1491 Nunc

377 1517 427 1575 si
456 1517 679 1575 habent
702 1517 889 1579 Judmi
912 1519 1059 1597 quid
1080 1523 1289 1577 contra
1307 1526 1703 1588 murmurent,
1740 1521 2038 1585 audiatur.

450 1607 552 1665 Hic
605 1607 801 1665 solent
857 1614 1061 1673 autem
1112 1609 1401 1675 trifariam
1434 1609 1615 1668 verba
1662 1611 1805 1671 dare
1836 1615 2044 1669 contra

2154 446 2362 503 talium
2390 452 2689 503 rectorum
2721 446 3030 520 respicere,
3063 445 3273 519 quales
3322 448 3549 500 certum
3602 447 3689 500 est
3726 459 3824 498 us-

2153 551 2271 609 que
2300 536 2361 592 in
2391 537 2575 595 tinem
2609 535 2809 592 saeculi
2839 534 3186 608 perdurare.

2225 625 2323 682 His
2354 625 2436 685 ita
2461 625 2748 695 refutatis,
2789 625 2864 680 de
2890 625 3003 682 hac
3048 623 3384 696 objectione
3442 621 3676 680 refutati
3722 624 3821 677 Ju-

2152 714 2266 770 daei
2299 719 2606 771 transeunt
2630 714 2707 769 ad
2736 712 3005 780 alteram,
3040 712 3303 769 dicentes
3339 730 3351 766 :
3382 734 3410 759 ‹‹
3460 714 3587 767 Non
3626 710 3820 766 credi-

2153 820 2290 861 mus
2348 805 2578 860 venisse
2634 804 2953 875 Christum,
3008 803 3155 876 quia
3193 807 3496 877 sceptrum
3539 800 3613 857 de
3665 800 3822 856 Juda

2152 911 2277 952 non
2327 900 2613 969 putamus
2665 894 2954 950 ablatum.
3014 894 3157 960 Quis
3209 894 3284 948 sit
3333 891 3494 948 enim
3527 896 3724 947 utrum
3757 890 3821 945 in

2153 986 2355 1058 aliqua
2386 989 2553 1060 parte
2584 985 2795 1041 mundi
2830 988 2906 1039 sit
2951 986 3314 1052 congregata
3367 980 3685 1036 multitudo
3721 981 3823 1036 Ju-

2153 1075 2425 1135 daaorum
2456 1093 2592 1149 quas
2620 1090 2823 1145 regem
2856 1078 3102 1130 unctum
3130 1078 3309 1146 atque
3359 1076 3665 1128 sacratum
3712 1070 3823 1125 ha-

2150 1166 2293 1222 beat
2323 1181 2505 1241 super
2529 1182 2591 1220 se
2623 1165 2696 1219 de
2729 1179 2944 1233 genere
2978 1164 3128 1219 suo?
3162 1184 3189 1212 n
3222 1161 3313 1217 Ad
3343 1161 3458 1221 hoc
3488 1159 3821 1235 responde-

2154 1272 2291 1311 mus
2319 1255 2484 1331 quod
2515 1254 2714 1310 nullus
2739 1254 3017 1326 utrinque
3049 1256 3321 1309 nostrum
3350 1250 3459 1307 scit
3494 1266 3603 1307 nec
3648 1247 3824 1305 audi-

2152 1345 2238 1401 vit
2265 1345 2325 1401 in
2356 1344 2569 1400 diebus
2596 1344 2813 1399 nostris
2828 1343 3101 1399 Judteum
3120 1357 3323 1410 regem
3346 1341 3407 1395 in
3424 1339 3547 1396 ulla
3575 1338 3823 1408 regione

2154 1433 2367 1495 mundi
2392 1449 2665 1503 regnare,
2695 1432 2801 1488 sed
2830 1436 3034 1489 tamen
3090 1431 3136 1485 si
3178 1429 3393 1505 aliquis
3441 1430 3678 1485 Judaaus
3734 1443 3826 1482 re-

2156 1528 2364 1595 gnaret
2393 1523 2453 1578 in
2478 1523 2704 1593 Iudaea,
2738 1538 2898 1577 nunc
2930 1519 3319 1577 nihilominus
3350 1518 3620 1574 ablatum
3663 1519 3826 1572 esset

2156 1614 2459 1683 sceptrum
2480 1610 2555 1667 de
2582 1611 2752 1667 Juda,
2786 1612 2890 1665 Per
2916 1626 2977 1665 se
3006 1609 3169 1664 enim
3194 1624 3448 1678 regnum
3485 1606 3638 1662 Juda
3667 1604 3825 1661 divi-

375 1695 672 1761 rationem
701 1696 881 1755 istam
907 1697 1163 1777 quidam
1209 1715 1282 1757 ex
1334 1699 1418 1759 eis
1466 1700 1673 1765 Judaei.
1722 1723 1748 1750 «
1778 1700 2043 1761 Primum
2078 1714 2117 1768 Β
2156 1716 2291 1755 sum
2330 1705 2416 1756 est
2442 1700 2520 1756 ab
2560 1699 2688 1757 aliis
2719 1699 2938 1770 regnis,
2972 1702 3253 1754 constans
3285 1697 3528 1770 propria
3552 1694 3823 1765 regione,

374 1802 501 1846 non
533 1786 852 1858 credimus,
880 1787 1180 1863 inquiunt,
1230 1790 1468 1846 venisse
1523 1790 1840 1859 Christum,
1899 1790 2045 1873 quia

374 1874 609 1944 virgam
667 1875 975 1947 regiminis
1033 1876 1188 1943 Juda
1245 1892 1370 1934 non
1417 1882 1701 1959 putamus
1747 1878 2037 1944 ablatum.

379 1961 529 2029 Sunt
553 1962 713 2029 enim
745 1963 807 2027 in
838 1962 1041 2025 multis
1088 1965 1436 2034 regionibus
1480 1967 1667 2035 Judaei
1718 1967 2041 2042 locupletes

376 2053 433 2105 et
462 2049 755 2122 ingeniosi
783 2052 886 2123 qui
912 2057 1124 2123 regant
1163 2058 1401 2111 strenue
1451 2054 1708 2114 familias
1768 2074 1927 2126 suas,
1986 2065 2041 2118 et

375 2137 522 2210 quia
550 2138 697 2207 tales
724 2145 985 2205 rectores
1015 2140 1215 2203 adhuc
1253 2159 1385 2199 esse
1431 2144 1729 2216 videmus,
1782 2147 2040 2205 dicimus

376 2226 652 2293 nondum
681 2244 813 2286 esse
842 2228 1112 2293 ablatum
1162 2236 1463 2306 sceptrum
1519 2233 1594 2290 de
1640 2235 1813 2304 Juda,
1841 2253 2037 2309 neque

374 2316 613 2373 venisse
638 2317 941 2379 Christum
964 2320 1183 2378 adhuc.
1208 2343 1235 2372 »
1269 2324 1465 2379 Potest
1493 2339 1597 2379 eos
1614 2325 1814 2399 quivis
1827 2327 2038 2398 jocosa

375 2405 712 2473 urbanitate
741 2406 1046 2487 deludere,
1099 2410 1395 2486 simulque
1446 2413 1676 2475 ratione
1728 2416 2036 2474 confutare

374 2494 491 2562 hoc
518 2494 705 2552 modo
734 2512 747 2559 ;
782 2498 825 2553 Ο
856 2497 1064 2573 Judaei,
1097 2499 1295 2557 felices
1320 2501 1646 2565 infortunio
1678 2503 1691 2559 l
1742 2505 1791 2561 si
1820 2510 1908 2560 est
1936 2524 2033 2563 ve-

374 2598 532 2655 rum,
563 2584 730 2659 quod
755 2584 969 2659 dicitis,
1019 2589 1297 2663 nunquid
1340 2607 1463 2649 non
1510 2591 1605 2651 ille
1652 2609 1760 2650 vos
1790 2595 2035 2668 copiose

373 2673 598 2743 mireve
621 2675 839 2745 beavit,
874 2678 977 2752 qui
1006 2695 1112 2741 vos
1150 2682 1540 2759 pessundedit
1568 2689 1747 2757 atque
1777 2685 2033 2760 dissipa-

372 2762 476 2833 vit,
509 2763 578 2833 si,
612 2781 750 2825 cum
776 2766 837 2825 in
862 2767 1058 2841 patria
1084 2784 1276 2827 unum
1301 2786 1505 2841 regem
1531 2773 2033 2845 amiseritis,nunc

371 2852 432 2917 in
461 2854 666 2925 exsilio
693 2860 817 2925 tam
866 2858 1056 2919 multa
1085 2875 1299 2930 regum
1346 2861 1534 2918 millia
1585 2863 1680 2919 vel
1724 2864 2032 2927 invenistis

370 2942 465 3011 vel
507 2944 903 3018 recuperastis
929 2948 957 3002 ‘I
1010 2947 1124 3007 Sed
1180 2948 1380 3006 nullus
1437 2965 1645 3017 eorum
1712 2952 2032 3013 chrismate

369 3029 546 3102 legali
600 3032 693 3097 vel
746 3033 1037 3116 spirituali
1094 3042 1309 3099 unctus
1352 3042 1459 3110 est,
1503 3040 1737 3097 nullum
1767 3043 2029 3119 pepulus

370 3121 656 3209 sequitur,
687 3138 799 3179 nec
827 3123 953 3197 ipse
990 3125 1219 3199 populo
1239 3132 1473 3207 praeest,
1504 3136 1875 3209 quapropter
1903 3133 2031 3191 nul-

367 3207 461 3271 lus
514 3224 725 3277 eorum
768 3226 966 3284 neque
1022 3229 1125 3279 rex
1173 3231 1369 3289 neque
1408 3207 1695 3290 pontifex,
1736 3220 2031 3293 propheta

367 3312 566 3371 neque
594 3299 719 3363 dux
751 3300 943 3365 tribus
970 3303 1137 3363 ludas
1165 3304 1261 3361 vel
1299 3311 1387 3362 est
1416 3306 1510 3362 vel
1539 3311 1693 3364 certe
1738 3307 2030 3381 appellari

366 3392 579 3460 potest.
634 3390 797 3455 Unde
849 3392 1010 3449 enim
1064 3410 1266 3459 causa
1320 3396 1600 3455 effectivae
1658 3398 1897 3469 desunt,
1944 3398 2029 3455 ibi

366 3476 610 3546 etfectus
634 3479 873 3549 illarum
902 3498 1030 3539 esse
1054 3484 1301 3541 minime
1331 3491 1609 3558 possunt.
1644 3488 1687 3545 Ο
1710 3487 1890 3557 igitur
1918 3488 2027 3545 do-

363 3565 454 3634 lor
482 3567 574 3636 vel
601 3569 757 3635 risus
790 3577 998 3635 contra
1028 3573 1271 3631 stultam
1318 3579 1498 3649 atque
1546 3575 1841 3635 infelicem
1900 3594 2026 3633 sor-

364 3661 484 3717 tem
512 3658 700 3731 partis
725 3660 1093 3729 Iudaeorum,
1126 3662 1252 3736 qui,
1284 3680 1425 3727 cum
1470 3664 1793 3729 insolenter
1832 3671 1889 3723 et
1932 3668 2025 3729 in-

363 3746 633 3809 confesse
657 3748 926 3821 reginam
952 3768 1131 3813 suum
1155 3758 1370 3835 putant
1410 3754 1472 3823 in
1504 3756 1743 3813 turbam
1772 3758 2024 3837 mittere,

361 3839 420 3907 et
447 3837 815 3910 applaudere
841 3840 952 3899 sibi
1000 3841 1076 3898 de
1100 3842 1479 3903 multitudine
1508 3861 1744 3921 regum,
1789 3847 2026 3907 nullum

359 3930 653 3982 rectorem
673 3928 911 3999 penitus
939 3931 1413 4003 comprobantur
1443 3934 1665 3992 habere
1696 3936 1707 3990 !
1746 3935 2024 3995 Suﬁicere

360 4012 553 4086 possit
598 4013 714 4085 ista
742 4017 893 4085 ratio
921 4034 1108 4092 quam
1133 4020 1419 4094 diximus,
1447 4022 1525 4087 ad
1554 4023 2025 4097 confutationem

359 4102 572 4177 prima:
601 4105 805 4186 partis.
842 4107 956 4167 Sed
981 4109 1126 4182 quia
1178 4110 1357 4168 bonae
1414 4129 1611 4171 causae
1669 4114 1810 4175 satis
1849 4115 2024 4181 nobis

358 4192 623 4253 rationes
676 4194 1012 4265 abundant,
1072 4214 1194 4265 non
1242 4200 1447 4272 pigeat
1498 4201 1628 4269 illos
1673 4203 1881 4261 iterato
1918 4222 2026 4281 per

358 4281 730 4355 impossibile
760 4300 1136 4358 oppugnare,
1177 4289 1291 4351 hoc
1322 4290 1506 4351 modo
1535 4309 1548 4348 :
1582 4293 1897 4366 Prophetia
1948 4295 2023 4351 de

359 4386 484 4451 qua
506 4387 670 4429 nunc
702 4373 961 4444 aginms,
1017 4382 1122 4435 aut
1170 4379 1413 4452 respicit
1442 4380 1520 4449 ad
1559 4380 1704 4447 tales
1734 4397 1928 4453 reges,
1960 4383 2024 4441 id

358 4465 450 4521 est
474 4462 731 4521 rusticos
762 4465 887 4533 sive
917 4466 1201 4538 privatos,
1235 4474 1341 4526 aut
1368 4470 1634 4537 minime.
1663 4477 1736 4530 At
1762 4473 1813 4530 si
1840 4474 2022 4547 respi-

358 4550 454 4619 cit,
486 4555 545 4609 et
572 4557 816 4629 propter
843 4554 1084 4613 illorum
1131 4564 1493 4631 praesentem
1549 4561 1929 4631 existentiam
1960 4563 2021 4620 in

356 4640 472 4711 hac
495 4640 641 4713 vita,
667 4648 907 4711 constat
933 4645 1085 4713 inter
1114 4664 1225 4706 vos
1261 4650 1537 4717 nondum
1590 4652 1824 4711 venisse
1856 4653 2020 4719 Chri-

358 4734 538 4803 stum,
591 4738 912 4811 propterea
961 4735 1124 4801 idem
1180 4740 1479 4801 constabit
1521 4756 1839 4817 nunquam
1887 4759 2019 4800 esse

355 4824 695 4890 venturum,
722 4822 916 4880 donec
941 4841 1155 4883 omnes.
1180 4826 1263 4885 ita
1308 4827 1485 4893 deleti
1529 4829 1647 4889 sint
1702 4835 1768 4895 ut
1818 4832 2020 4889 nullus

356 4923 567 4977 eorum
593 4910 667 4975 sit
688 4911 751 4971 in
779 4913 1013 4981 mundo
1043 4916 1149 4989 qui
1174 4921 1344 4987 regat
1363 4916 1655 4979 familiam
1684 4935 1878 4983 suam.
1900 4923 2018 4977 Hoc

355 5002 557 5055 autem
585 5000 834 5075 quando
862 5001 1011 5059 erit?
1028 5003 1145 5073 nisi
1162 5003 1224 5060 in
1253 5007 1774 5071 consummatione
1800 5008 2017 5081 saeculi,

357 5103 519 5158 cum,
578 5088 873 5148 defunctis
923 5092 1229 5161 omnibus,
1283 5093 1484 5153 nullus
1529 5097 1785 5167 eritjam
1824 5113 2020 5172 neque

356 5176 718 5249 prenitentiaa
744 5194 941 5254 neque
966 5181 1155 5245 veniae
1184 5182 1354 5242 locus
1375 5200 1388 5239 :
1408 5188 1466 5241 et
1494 5185 1643 5259 quid
1671 5186 2021 5259 putabimus

355 5267 425 5331 ut
474 5267 618 5331 tunc
671 5270 874 5327 veniat
920 5272 1182 5340 Messias,
1243 5272 1357 5329 nisi
1408 5279 1679 5333 mortuos
1719 5277 2019 5350 sepelire?

358 5350 631 5447 Ηιξὲοϐἰῑιθ
658 5369 800 5447 ergo
825 5358 933 5447 erit
960 5362 1323 5435 exspectatio
1342 5363 1609 5433 gentium
1630 5366 1657 5421 ?
1683 5365 1843 5422 itane
1872 5383 2022 5440 pree-

359 5444 548 5501 missa
566 5444 880 5517 prophetia
899 5448 1199 5517 redigetur
1226 5452 1304 5508 ad
1344 5452 1599 5510 nihilum
1623 5456 1651 5510 ‘I
1679 5454 1876 5519 Absit!
1911 5457 2019 5521 iui-

360 5611 523 5689 certo
548 5610 799 5677 termino
828 5621 965 5679 ante
991 5620 1175 5681 tinem
1201 5626 1400 5682 saeculi
1422 5610 1713 5685 Christum
1744 5610 1924 5689 suum
1940 5630 2021 5686 ad

360 5686 723 5763 salvandum
750 5711 941 5777 genus
993 5700 1328 5765 humanum
1382 5710 1633 5771 mittere.
1690 5686 1841 5779 Falsi
1878 5718 2019 5770 sunt

2154 1805 2291 1865 quae
2321 1789 2535 1845 dicitur
2566 1794 2721 1846 terra
2750 1788 2901 1846 Juda
2933 1793 2989 1844 et
3016 1785 3345 1860 Benjamin,
3386 1784 3631 1859 proprio
3657 1799 3825 1859 rege,

2153 1880 2258 1957 qui
2282 1880 2356 1935 de
2388 1880 2545 1936 tribu
2569 1880 2739 1938 Juda.
2777 1882 2860 1951 Et,
2896 1878 3049 1934 sicut
3078 1878 3297 1935 domus
3349 1874 3634 1947 quaelibet
3676 1890 3827 1946 pro-

2152 1969 2295 2043 priis
2325 1970 2617 2045 partibus!
2631 1972 2885 2039 constat,
2914 1968 2974 2023 id
3001 1971 3092 2023 est
3115 1965 3532 2035 fundamento,
3576 1962 3825 2035 parieti-

2152 2059 2267 2114 bus
2296 2064 2556 2129 et'tecto,
2588 2075 2850 2133 quarum
2884 2058 2931 2113 si
2962 2072 3084 2117 una
3113 2054 3383 2122 defuerit,
3431 2054 3653 2109 domus
3687 2068 3825 2107 esse

2150 2163 2275 2203 non
2305 2148 2512 2222 possit,
2544 2148 2624 2204 ita
2652 2163 2909 2217 regnum
2932 2149 2959 2202 J
2966 2145 3086 2201 uda
3115 2143 3389 2219 partibus
3429 2142 3821 2217 supradictis.

2150 2240 2299 2293 Nam
2329 2237 2452 2293 sive
2481 2237 2693 2315 patria,
2729 2237 2849 2292 sive
2881 2235 3163 2310 populus,
3197 2233 3320 2289 sive
3350 2248 3453 2287 rex
3507 2232 3678 2299 desit,
3728 2247 3823 2286 re-

2150 2340 2339 2395 gnum
2360 2342 2488 2381 esse
2518 2342 2641 2382 non
2679 2325 2887 2399 possit.
2924 2324 3031 2381 Ubi
3057 2323 3219 2379 enim
3240 2339 3381 2396 pars
3407 2320 3591 2388 deest,
3620 2324 3819 2376 totum

2148 2431 2281 2471 esse
2311 2432 2435 2471 non
2465 2420 2692 2488 potest;
2720 2419 2776 2470 et
2806 2419 3035 2482 contra,
3071 2412 3176 2468 ubi
3215 2416 3405 2468 totum
3456 2415 3564 2481 est,
3614 2416 3821 2484 partes

2146 2520 2391 2579 quoque
2423 2521 2552 2559 esse
2577 2520 2819 2560 necesse
2850 2509 2959 2560 est.
3013 2501 3187 2570 Quod
3243 2501 3292 2556 si
3342 2516 3465 2556 una
3507 2504 3674 2575 parte
3713 2515 3820 2572 pe-

2145 2598 2353 2652 reunte
2382 2610 2606 2650 nomen
2635 2594 2813 2651 totius
2840 2593 3011 2668 perit,
3062 2596 3290 2665 quanto
3339 2590 3535 2662 magis
3584 2589 3820 2646 cunctis

2145 2683 2535 2757 pereuntibus
2560 2688 2751 2740 totum
2783 2699 2904 2741 non
2938 2680 3258 2737 subsistit?
3306 2683 3577 2749 Regnum
3608 2682 3819 2735 autem

2143 2773 2297 2835 Juda
2330 2777 2547 2830 terram
2581 2788 2756 2828 suam
2784 2771 3062 2845 perdidit,
3087 2770 3335 2843 quando
3352 2770 3481 2847 ipsa
3507 2768 3567 2824 in
3594 2784 3821 2824 manus

2146 2866 2462 2921 extraneas
2494 2860 2655 2916 venit
2688 2880 2699 2930 ;
2742 2859 2968 2935 populo
2998 2858 3207 2923 caruit,
3238 2862 3563 2935 postquam
3594 2856 3654 2914 in
3686 2872 3824 2911 om-

2146 2965 2254 3005 nes
2287 2950 2558 3005 nationes
2588 2949 2895 3022 dispersus
2922 2953 3012 3005 est
3036 2946 3298 3022 populus
3327 2964 3339 3015 ;
3393 2962 3529 3016 rege
3558 2962 3700 3005 vero
3731 2944 3820 3001 le-

2077 3068 2118 3124 ρ
2148 3038 2354 3110 gitimo
2382 3038 2559 3108 longe
2590 3042 2726 3093 ante
2754 3041 3027 3094 caruerat
3060 3054 3071 3091 :
3108 3036 3311 3110 sicque
3354 3051 3611 3107 regnum
3638 3034 3820 3124 Juda,

2147 3127 2430 3185 omnibus
2457 3126 2728 3199 partibus
2757 3126 2879 3181 suis
2910 3126 3167 3194 amissis,
3200 3141 3455 3197 regnum
3483 3140 3612 3180 esse
3657 3123 3820 3180 desi-

2144 3219 2264 3285 vit;
2297 3216 2683 3273 manifestum
2711 3222 2797 3271 est
2827 3216 3024 3287 igitur,
3079 3220 3136 3273 et
3184 3216 3263 3272 ad
3311 3218 3595 3273 extranea
3627 3230 3820 3285 regna

2142 3304 2288 3364 nihil
2317 3304 2610 3381 pertinere
2660 3309 2962 3376 sceptrum
3009 3304 3083 3360 de
3139 3304 3311 3373 Juda,
3350 3309 3408 3359 et
3436 3303 3510 3360 de
3539 3319 3649 3359 suo
3675 3304 3816 3374 jure

2142 3411 2275 3449 esse
2306 3393 2596 3450 ablatum.
2627 3394 2793 3461 Quod
2839 3394 2888 3449 si
2945 3394 3083 3467 quis
3116 3393 3328 3457 stultus
3358 3397 3525 3469 putet
3548 3408 3680 3448 esse
3713 3391 3815 3448 vel

2140 3483 2257 3539 dici
2287 3499 2540 3554 regnum
2569 3484 2723 3539 Juda
2757 3482 3099 3557 ubicunque
3129 3487 3344 3553 regnat
3365 3482 3606 3538 .ludasus
3629 3497 3816 3557 super

2137 3573 2396 3640 Iudaeos,
2456 3572 2738 3629 refellitur
2793 3578 2847 3629 et
2896 3590 2958 3629 re
3007 3560 3063 3631 et
3114 3574 3437 3649 Scriptura.
3488 3576 3637 3629 Nam
3667 3588 3809 3627 cum

2138 3666 2460 3733 regnarent
2510 3662 2632 3718 duo
2689 3678 2860 3732 reges
2918 3679 3099 3736 super
3156 3667 3394 3733 gentem
3436 3661 3809 3731 Iudaeorum,

2137 3768 2299 3818 unus
2325 3751 2385 3809 in
2420 3751 2781 3807 Hierusalem
2816 3768 2995 3829 super
3025 3752 3179 3811 duas
3213 3751 3423 3819 tribus,
3475 3754 3531 3806 et
3568 3750 3715 3811 alter
3743 3749 3811 3807 in

2140 3841 2412 3898 Samaria
2436 3857 2616 3913 super
2646 3841 2855 3896 decem
2885 3841 3096 3907 tribus,
3131 3840 3224 3896 ille
3258 3846 3493 3896 tantum
3540 3838 3810 3895 vocaba-

2136 3935 2232 3987 tur
2260 3935 2318 3987 et
2349 3935 2475 3986 erat
2503 3946 2606 3985 rex
2632 3929 2806 3999 Juda,
2841 3929 2944 4007 qui
2972 3929 3265 4001 regnabat
3290 3929 3351 3987 in
3391 3928 3765 3985 Hierusalem
3795 3947 3808 3993 ;

2136 4018 2231 4074 ille
2262 4019 2521 4091 denique
2552 4034 2655 4073 rex
2688 4019 2883 4087 Israel,
2912 4019 3017 4092 qui
3056 4019 3349 4090 regnabat
3396 4018 3456 4074 in
3509 4017 3804 4075 Samaria.

2140 4109 2196 4165 Si
2221 4124 2364 4179 ergo
2395 4112 2699 4182 sceptrum
2727 4109 2880 4167 Juda
2937 4125 3060 4165 non
3102 4109 3357 4184 pertinet
3400 4108 3477 4165 ad
3504 4108 3672 4165 illum
3698 4107 3807 4181 qui

2135 4199 2345 4255 decem
2404 4198 2680 4255 tribubus
2735 4199 3084 4255 Judaeorum
3137 4203 3353 4273 praeest
3404 4199 3465 4256 in
3509 4198 3803 4269 Samaria,

2135 4288 2326 4353 multo
2355 4287 2555 4347 minus
2587 4288 2907 4361 pertinebit
2936 4289 3013 4347 ad
3040 4288 3209 4351 illum
3238 4289 3343 4362 qui
3373 4288 3663 4347 mendose
3692 4287 3805 4343 fin-

2136 4377 2291 4447 gitur
2317 4392 2419 4431 rex
2451 4392 2580 4432 esse
2610 4375 2839 4457 aliquot
2884 4376 3230 4439 Iudaeorum
3282 4378 3343 4433 in
3394 4376 3581 4441 India.
3637 4376 3803 4432 Dica-

2133 4483 2270 4522 mus
2298 4466 2514 4522 iterum
2548 4484 2560 4521 :
2594 4468 2714 4521 Rex
2754 4466 2908 4524 Juda
2959 4471 3046 4523 est
3092 4467 3178 4525 vir
3202 4466 3496 4525 oriundus
3528 4466 3603 4522 de
3641 4466 3803 4529 tribu

2130 4554 2304 4626 Juda,
2338 4554 2583 4626 electus,
2612 4560 2669 4612 et
2699 4571 2735 4611 a
2759 4556 3024 4627 legitimo
3056 4557 3366 4614 sacerdote
3417 4573 3587 4613 sacro
3642 4556 3799 4613 chri-

2134 4650 2325 4703 smate
2358 4649 2575 4700 unctus
2626 4646 2702 4701 ad
2728 4647 3063 4725 regendum
3094 4647 3391 4721 populum
3420 4647 3523 4721 qui
3566 4646 3802 4707 habitat

2128 4734 2191 4791 in
2224 4741 2378 4791 terra
2400 4736 2573 4791 Juda.
2609 4738 2814 4793 Omnis
2845 4742 3046 4794 autem
3076 4754 3179 4793 rex
3205 4742 3523 4794 extraneus
3572 4737 3650 4793 ab
3680 4736 3797 4793 hac

2130 4823 2476 4881 deﬁnitione
2518 4823 2749 4880 alienus
2777 4830 2880 4882 cst.
2933 4826 3138 4882 Nullus
3186 4826 3364 4896 igitur
3389 4825 3661 4899 ipsorum
3693 4842 3795 4881 rex

2128 4912 2283 4969 Juda
2313 4917 2417 4971 est.
2469 4917 2593 4969 Non
2625 4914 2783 4970 enim
2830 4920 3083 4988 possunt
3137 4916 3359 4972 habere
3407 4931 3795 4975 communem

2130 5003 2479 5070 essentiam,
2512 5019 2648 5076 quae
2678 5019 2800 5059 non
2834 5004 3060 5061 habent
3088 5021 3473 5060 communem
3497 5003 3795 5060 deﬁtioni-

2129 5108 2291 5148 nem.
2324 5096 2504 5149 Porro
2536 5082 2989 5151 conclusionem
3034 5096 3189 5153 hanc
3240 5094 3426 5150 altera
3472 5094 3797 5167 consequi-

2129 5186 2245 5255 tur,
2278 5182 2393 5238 hoc
2424 5183 2647 5239 modo:
2681 5186 2828 5240 Nam
2860 5183 2908 5239 si
2938 5184 3013 5239 de
3045 5183 3203 5245 tribu
3229 5183 3382 5240 Juda
3410 5182 3670 5254 legitime
3691 5200 3793 5239 rex

2129 5288 2258 5328 esse
2290 5289 2411 5329 non
2436 5277 2668 5347 poterat
2688 5273 2799 5329 nisi
2826 5290 3010 5348 quem
3041 5273 3348 5350 sacerdos,
3395 5274 3522 5347 ipse
3550 5290 3796 5349 quoque

2128 5366 2345 5417 unctus
2376 5367 2554 5435 atque
2590 5368 2878 5429 sacratus,
2913 5363 3180 5436 legitima
3208 5363 3486 5419 unctione
3509 5369 3796 5434 sacraret,

2129 5451 2410 5506 sacerdos
2440 5457 2641 5507 autem
2671 5452 2733 5507 in
2766 5458 2937 5523 gente
2964 5454 3308 5509 Judaeorum
3335 5468 3458 5509 non
3488 5452 3615 5521 fuit,
3634 5459 3797 5525 post-

2127 5555 2317 5613 quam
2364 5539 2625 5597 chrisma
2682 5542 3072 5614 perdiderunt
3100 5549 3156 5599 et
3211 5542 3661 5599 exsultaverth
3718 5544 3793 5599 de

2127 5628 2261 5684 loco
2284 5628 2343 5682 in
2369 5643 2491 5700 quo
2523 5629 2650 5686 solo
2680 5631 2764 5685 eis
2789 5630 3122 5688 sacrificare
3151 5631 3403 5699 licebat;
3464 5637 3794 5705 postquam

2133 5714 2470 5783 sacerdotes
2539 5718 2643 5791 qui
2723 5732 2893 5789 reges
2978 5724 3279 5777 unxerunt
3360 5735 3485 5778 non
3553 5721 3791 5781 exstite-
