3952 6432
125 309 233 362 317

1400 300 1770 363 SERMONES
1810 301 1909 363 AD
1947 301 2293 365 POPULUH.

3464 306 3571 360 318

122 434 288 500 runt,
337 444 446 485 nec
496 442 666 495 reges
712 425 959 498 quidem
1004 427 1253 483 existere
1296 431 1638 500 potuerunt.
1682 426 1792 483 Ubi
1828 430 1876 491 Α,
1900 426 2115 497 jamin,
2148 427 2380 489 habens
2411 442 2617 485 secum
2664 440 2870 494 regem
2902 430 2957 481 et
2988 425 3326 483 sacerdotes
3352 430 3407 482 et
3434 442 3572 507 pro-

123 520 291 576 enim
322 534 519 575 causae
561 516 844 572 effectivae
894 516 1129 580 desunt,
1164 518 1408 573 effectus
1439 532 1648 573 earum
1682 516 1791 571 mi-

121 609 291 667 nime
322 624 449 664 esse
475 610 755 680 possunt.
784 606 1174 667 Concluditur
1204 608 1405 681 itaque
1434 623 1561 663 non
1595 606 1793 662 solum

120 697 200 753 de
231 698 391 755 Juda
422 700 727 769 sceptrum
755 695 1046 763 ablatum,
1074 696 1182 753 sed
1210 712 1285 753 ne
1314 712 1518 767 regem
1547 696 1794 769 quidem

121 786 209 843 ibi
259 790 472 859 postea
520 784 648 842 fieri
687 784 973 857 potuisse.
1020 789 1187 843 Nunc
1230 786 1546 841 veniamus
1577 785 1655 841 ad
1686 790 1795 841 ter-

123 875 278 932 tium
304 893 315 929 :
359 897 387 923 ‹‹
412 865 539 930 Non
571 878 659 929 est
688 873 883 941 nobis,
914 873 1215 947 inquiunt,
1250 874 1395 932 tanti
1422 874 1594 944 signi,
1627 874 1794 947 quod

123 962 366 1019 exsules
409 979 619 1018 sumus
662 978 824 1019 nunc
861 967 917 1017 et
947 962 1072 1018 sine
1103 979 1260 1033 rege,
1293 963 1356 1018 id
1386 968 1474 1019 est
1502 964 1790 1037 principe,

127 1058 191 1109 ut
236 1056 554 1127 propterea
595 1051 915 1108 credamus
958 1052 1192 1108 venisse
1228 1053 1517 1109 Messiam.
1549 1053 1791 1109 Fuimus

123 1142 291 1199 enim
319 1141 586 1197 similiter
614 1142 675 1197 in
716 1140 1040 1213 Babylone,
1070 1157 1193 1197 non
1224 1147 1426 1198 tamen
1460 1142 1577 1197 ullo
1608 1143 1793 1198 modo

122 1231 290 1287 venit
336 1230 598 1297 Messias,
633 1230 738 1285 sed
786 1234 995 1301 postea
1046 1231 1269 1286 reversi
1316 1231 1794 1303 Hierosolymam

122 1320 455 1377 habuimus
498 1335 753 1389 regnum
784 1324 839 1375 et
890 1320 1330 1376 sacerdotium:
1377 1322 1505 1377 haec
1536 1325 1624 1376 est
1651 1337 1793 1392 ergo

123 1424 266 1481 spes
297 1412 504 1464 nostra
534 1412 617 1475 ut,
651 1408 917 1465 similiter
958 1408 1134 1465 nobis
1165 1409 1464 1477 restitutis,
1496 1426 1633 1467 cum
1662 1411 1791 1483 pla-

122 1498 315 1557 cuerit
343 1502 482 1568 Deo,
506 1514 713 1554 rursus
744 1499 873 1553 haec
900 1498 1284 1555 adveniant.»
1317 1498 1789 1571 Respondemus,

120 1588 294 1659 quod
337 1604 499 1644 nunc
529 1588 764 1644 exsules
793 1593 849 1643 et
879 1589 1004 1643 sine
1053 1588 1321 1661 principe
1349 1605 1457 1643 vos
1488 1605 1619 1643 esse
1649 1587 1795 1643 dixi-

124 1677 253 1745 stis,
284 1682 341 1733 et
370 1693 575 1733 verum
598 1681 684 1732 est
705 1696 716 1745 ;
741 1677 823 1733 ibi
852 1678 1011 1733 enim
1043 1677 1325 1734 collectus
1355 1682 1481 1735 erat
1510 1678 1571 1733 in
1602 1693 1793 1735 unum

122 1766 389 1839 populus
422 1766 866 1838 Hierolosymis,
898 1765 960 1821 id
989 1770 1097 1837 est,
1128 1767 1317 1822 tribus
1362 1767 1515 1822 Juda
1557 1771 1615 1823 et
1646 1770 1791 1821 Ben-

478 1897 574 1911 .51-

1902 516 2113 588 phetas
2154 533 2314 583 suos,
2350 520 2405 571 et
2452 514 2916 589 promissionem
2960 514 3167 579 datam
3210 531 3248 571 a
3294 515 3567 583 Domino,

1902 604 2070 676 quod
2097 609 2232 677 post
2257 607 2569 678 peractam
2598 602 3011 676 paenitentiam
3053 603 3434 677 septuaginta
3462 620 3570 663 an-

1902 709 2119 749 norum
2149 694 2394 749 redituri
2419 697 2617 750 essent
2636 692 2697 747 in
2725 696 2941 749 terram
2972 708 3169 762 suam,
3201 708 3387 765 quam
3418 709 3570 757 non-

1902 781 2050 837 dum
2080 781 2408 838 tradiderat
2463 780 2753 837 Dominus
2800 780 3148 851 alienigenis
3190 780 3269 841 ad
3299 781 3572 849 habitan-

1902 870 2072 938 dum,
2120 870 2224 926 sed
2286 871 2437 927 sicut
2482 886 2643 927 nunc
2691 870 2926 928 deserta
2972 874 3361 927 remanserat.
3404 873 3570 926 Nunc

1902 976 2044 1039 vero
2075 976 2197 1016 non
2228 964 2315 1017 est
2359 959 2530 1016 vobis
2562 958 2845 1016 collectus
2900 959 3188 1041 populus,
3223 960 3373 1017 sicut
3404 964 3565 1037 tunc,

1902 1065 2098 1123 neque
2124 1066 2248 1117 rex,
2277 1065 2473 1123 neque
2506 1048 2865 1116 sacerdotes,
2890 1064 3087 1121 neque
3116 1050 3448 1125 prophetia,
3471 1065 3573 1107 ne—

1902 1154 2020 1211 que
2051 1143 2206 1195 terra
2253 1137 2488 1194 deserta
2535 1137 2704 1195 vobis
2735 1142 3061 1207 reservata,
3093 1152 3203 1193 nec
3248 1138 3568 1211 promissio

1902 1227 2043 1285 data
2074 1244 2111 1285 a
2144 1228 2417 1295 Domino,
2446 1228 2611 1301 quod
2642 1233 2777 1300 post
2808 1227 3189 1300 septuaginta
3213 1243 3406 1285 annos
3427 1228 3566 1285 illuc

1902 1320 2176 1387 redeatis,
2213 1321 2361 1377 sicut
2389 1324 2549 1386 tunc,
2573 1319 2675 1375 sed
2702 1324 2789 1375 est
2815 1321 3013 1393 potius
3041 1320 3332 1379 sententia
3361 1321 3503 1385 data
3531 1336 3568 1385 a

1906 1410 2178 1480 Domino,
2211 1410 2376 1483 quod
2424 1414 2713 1483 perpetua
2758 1410 2830 1465 sit
2868 1409 2995 1464 haec
3027 1408 3316 1465 desolatio
3346 1414 3563 1479 vestra,

1902 1499 2067 1571 quod
2113 1500 2173 1554 in
2221 1499 2354 1555 loco
2405 1515 2514 1554 suo
2549 1498 2689 1554 satis
2732 1498 3196 1569 demonstratur,
3228 1514 3363 1571 quae.
3391 1497 3565 1553 vobis

1897 1588 2027 1658 jam
2058 1588 2285 1644 circiter
2314 1604 2506 1644 annos
2554 1587 2714 1644 mille
2757 1587 3053 1659 persolvit,
3094 1587 3179 1642 nil
3216 1586 3566 1653 fraudatura

1902 1693 2007 1733 vos
2037 1677 2112 1734 de
2144 1677 2391 1748 caeteris,
2423 1693 2615 1749 usque
2642 1677 2704 1739 in
2724 1676 2927 1733 finem.

1015 2038 1691 2156 SANGTI
1784 2036 2682 2156 PULBBRTI

1406 2231 1911 2287 'CARNOTENSIS
1952 2231 2264 2287 EPISCOPI

721 2351 1399 2477 SERMON
1452 2357 1637 2474 ES
1792 2357 2011 2472 AD
2168 2352 2962 2475 POPULUM

1129 2542 1531 2614 (Bibliotheca
1562 2543 1840 2609 Patrum,
1874 2544 2020 2596 tom.
2052 2542 2234 2610 XVIII,
2266 2555 2407 2615 pag.
2450 2541 2566 2613 37.)

687 2748 915 2805 SERMO
962 2750 1235 2805 PRIMUS.

193 2837 394 2891 Patres
420 2834 811 2903 venerabiles,
832 2836 995 2894 chari
1015 2836 1246 2905 fratres,
1277 2836 1380 2891 ﬁlii
1413 2836 1534 2902 Dei,
1559 2835 1787 2908 aliquid

128 2922 294 2978 vobis
344 2922 627 2979 volumus
660 2940 998 2980 memorare
1046 2924 1120 2979 de
1168 2925 1239 2980 iis
1286 2941 1420 2997 quae
1467 2940 1788 2997 nunquam

124 3028 230 3067 vos
263 3012 537 3069 oblivisci
586 3017 837 3085 oportet,
878 3014 1150 3069 videlicet
1185 3014 1495 3087 quomodo
1548 3013 1787 3069 credere

124 3102 393 3159 debeatis
423 3107 479 3160 et
508 3102 724 3171 vivere,
752 3108 817 3159 ut
845 3103 893 3167 si
922 3104 1058 3176 quis
1089 3105 1443 3177 peccaverit,
1477 3104 1787 3177 quomodo

125 3192 314 3265 possit
344 3208 716 3265 recuperare.
764 3193 894 3250 Tria
925 3199 1064 3250 sunt
1105 3195 1266 3250 haec:
1314 3194 1465 3251 fides
1498 3194 1789 3251 catholica

127 3282 251 3341 haec
275 3285 385 3349 est,
420 3286 475 3337 et
506 3298 697 3345 unum
730 3282 1052 3338 Dominum
1092 3283 1153 3338 in
1192 3283 1488 3351 Trinitate,
1521 3288 1577 3339 et
1604 3282 1788 3349 Trini-

124 3373 308 3426 tatem
333 3369 395 3427 in
430 3370 650 3427 unitate
686 3387 1059 3429 veneremur.
1096 3372 1260 3427 Multi
1289 3377 1427 3428 sunt
1456 3377 1656 3429 autem
1684 3372 1789 3445 qui

126 3474 245 3517 non
303 3464 563 3533 possunt
609 3461 725 3519 hoc
776 3460 1122 3531 intelligere,
1173 3462 1283 3517 nisi
1334 3478 1440 3534 per
1487 3462 1788 3535 quasdam

125 3548 294 3620 quasi
330 3548 745 3611 similitudines
784 3550 1166 3607 inducantur.
1222 3553 1596 3625 Quapropter
1628 3552 1790 3607 dica-

127 3654 257 3693 mus
288 3642 347 3694 et
377 3654 489 3694 nos
520 3639 747 3712 aliquid
777 3640 911 3696 tale.
948 3645 1009 3697 In
1042 3640 1163 3697 sole
1198 3646 1338 3697 sunt
1365 3647 1479 3697 tres
1509 3641 1791 3697 naturali-

126 3731 224 3795 ter,
251 3728 509 3805 sphaera,
542 3727 1249 3802 claritas,calor.Sphaera
1280 3730 1423 3786 solis
1445 3731 1791 3787 naturaliter

128 3821 210 3874 est
239 3818 565 3891 splendens
598 3824 653 3874 et
682 3819 902 3876 calens.
939 3822 1224 3876 Summus
1247 3823 1412 3876 Pater
1443 3820 1790 3877 naturaliter

129 3910 211 3961 est
239 3907 505 3980 sapiens,
540 3913 596 3964 et
624 3924 869 3978 amans;
914 3908 1152 3981 sphaera
1198 3908 1359 3981 solis,
1388 3914 1444 3964 et
1481 3909 1785 3983 splendor,

128 3998 180 4049 et
207 3994 389 4065 calor,
419 4010 544 4058 non
578 4001 717 4052 sunt
757 4000 873 4061 tres
905 3996 1084 4064 soles,
1118 3996 1222 4051 sed
1255 4013 1412 4052 unus
1444 3998 1531 4054 sol
1561 4016 1573 4066 ;
1628 4015 1789 4055 sum-

2022 2670 2051 2679 4

2566 2748 2794 2803 SERMO
2837 2751 2902 2803 Il.

1970 2840 2217 2906 Fratres,
2251 2836 2430 2893 credo
2461 2837 2628 2909 quod
2659 2853 2869 2893 omnes
2915 2838 3021 2910 qui
3052 2838 3330 2910 prresenti
3358 2838 3561 2905 basiliq

1896 2943 1966 2983 ca
1996 2927 2390 2994 continemur,
2419 2942 2527 2999 per
2552 2926 2736 2982 ﬁdem
2784 2927 3100 2984 Christiani
3146 2945 3377 2986 sumus.
3412 2929 3566 2991 Red—

1896 3016 2113 3071 damus
2144 3032 2287 3087 ergo
2321 3016 2381 3071 in
2410 3015 2621 3089 primis
2670 3018 2788 3071 Deo
2820 3017 3063 3085 gratias,
3098 3018 3203 3089 qui
3242 3034 3353 3073 nos
3386 3018 3465 3076 ad
3496 3017 3560 3081 ﬁ-

1896 3105 2034 3160 dem
2085 3121 2258 3161 suam
2302 3120 2519 3161 vocare
2567 3104 2848 3173 dignatus
2892 3109 2998 3173 est,
3033 3110 3089 3160 et
3134 3121 3242 3179 per
3275 3105 3563 3178 baptismi

1896 3194 2152 3264 gratiam
2185 3210 2219 3251 a
2248 3198 2495 3265 peccato
2523 3193 2840 3265 mundare,
2864 3199 2921 3250 et
2949 3211 2985 3251 a
3011 3194 3256 3253 diabolo
3282 3194 3556 3252 liberare.

1897 3282 2076 3340 Dicite
2120 3285 2239 3339 Deo
2290 3283 2531 3353 gratias,
2563 3283 2803 3339 fratres:
2852 3284 2899 3338 si
2930 3284 3473 3356 permansissemus
3502 3284 3562 3341 in

1895 3370 1996 3427 illa
2024 3371 2322 3429 munditia
2350 3388 2487 3445 quae
2540 3372 2716 3429 nobis
2746 3388 2853 3444 per
2877 3372 3254 3445 baptismum
3284 3373 3426 3439 data
3453 3378 3559 3441 est,

1896 3477 2032 3516 vere
2060 3461 2257 3516 felices
2288 3477 2583 3517 essemus.
2621 3461 2734 3517 Sed
2764 3477 2885 3517 non
2918 3462 3386 3534 permansimus,
3419 3463 3567 3517 ceci-

1897 3550 2096 3606 dimus
2140 3551 2301 3606 enim
2344 3567 2450 3624 per
2493 3554 2765 3607 nostram
2805 3550 3070 3623 culpam,
3102 3567 3225 3607 non
3257 3551 3454 3608 solum
3498 3552 3561 3608 in

1894 3644 2163 3713 peccata,
2198 3640 2305 3695 sed
2335 3640 2513 3695 etiam
2536 3640 2597 3696 in
2628 3640 2880 3695 crimina
2908 3644 3153 3713 propter
3180 3656 3318 3712 quae
3346 3655 3560 3712 pecca-

1896 3734 2053 3785 tores
2092 3729 2168 3785 ab
2202 3728 2459 3785 Ecclesia
2507 3732 2881 3800 separantur,
2914 3728 3119 3801 qualia
3146 3733 3286 3785 sunt
3313 3729 3562 3785 homici-

1896 3817 2016 3886 dia,
2064 3817 2373 3883 adulteria,
2419 3817 2860 3885 fornicationes,
2917 3816 3248 3887 sacrilegia,
3305 3817 3557 3890 rapinae,

1895 3908 2073 3981 furta,
2106 3909 2257 3964 falsa
2286 3907 2642 3975 testimonia,
2676 3908 2980 3981 superbia,
3004 3907 3250 3976 invidia,
3286 3908 3558 3977 avaritia,

1894 3999 2127 4055 diutina
2156 3997 2490 4068 iracundia,
2516 3996 2772 4053 ebrietas
2803 3997 3066 4053 assidua.
3091 3997 3250 4054 Sicut
3274 4013 3416 4069 ergo
3440 4000 3560 4057 Deo

128 4100 257 4140 mus
286 4082 457 4142 Pater
486 4090 543 4142 et
572 4086 865 4159 sapientia
886 4086 1036 4158 ejus,
1062 4089 1117 4142 et
1147 4102 1319 4143 amor
1335 4088 1465 4159 ejus
1498 4104 1621 4144 non
1649 4094 1788 4145 sunt
1827 4106 1866 4161 ρ
1897 4088 2118 4159 gratias
2148 4088 2381 4158 egimus
2409 4102 2520 4161 pro
2568 4086 2835 4143 bonitate
2867 4103 2997 4155 sua,
3031 4086 3113 4143 sic
3142 4102 3256 4145 nos
3290 4086 3560 4160 culpabi.

130 4177 240 4233 tres
281 4174 387 4242 dii,
422 4174 529 4230 sed
559 4192 716 4235 unus
765 4179 853 4231 est
893 4178 1085 4243 Deus;
1138 4176 1432 4249 sapientia
1478 4178 1656 4233 Filius
1688 4179 1787 4234 Dei

130 4266 231 4332 est,
265 4261 518 4336 Spiritus
548 4268 793 4322 sanctus
827 4280 1000 4321 amor
1026 4269 1149 4321 est:
1188 4268 1356 4321 Pater
1383 4266 1584 4340 itaque
1616 4272 1673 4324 et
1700 4268 1785 4323 Fi-

129 4350 256 4422 lius,
288 4359 344 4411 et
376 4353 627 4428 Spiritus
657 4357 899 4419 sanctus
931 4370 1089 4413 unus
1126 4358 1279 4413 Deus
1323 4360 1447 4424 est;
1501 4356 1596 4412 hic
1633 4360 1787 4413 Deus

131 4446 259 4503 ante
292 4443 510 4501 saecula
539 4446 596 4499 et
623 4458 807 4515 nunc,
842 4446 898 4505 et
926 4458 1164 4516 semper
1190 4442 1325 4500 fecit
1354 4444 1559 4510 omnia
1590 4445 1788 4503 visibi-

129 4527 206 4587 lia
230 4536 285 4588 et
312 4532 651 4591 invisibilia.

199 4622 487 4687 Quaeritur
516 4626 718 4679 autem
737 4637 846 4677 cur
877 4624 1032 4677 Deus
1058 4622 1231 4678 Pater
1258 4622 1468 4687 Filium
1499 4639 1699 4693 suum,
1725 4622 1786 4679 id

132 4713 214 4766 est
240 4711 619 4784 sapientiam,
646 4710 957 4778 hominem
986 4710 1112 4766 ﬁeri
1136 4710 1372 4767 voluit?
1396 4712 1785 4786 Respondea-

132 4814 261 4855 mus
284 4817 476 4873 quam
526 4801 878 4858 brevissime
921 4816 1270 4873 possumus,
1316 4806 1559 4874 propter
1596 4801 1785 4858 homi-

132 4902 264 4944 nem
295 4891 499 4963 utique
528 4890 970 4960 redimendum,
1002 4890 1106 4961 qui
1135 4890 1313 4961 culpa
1358 4906 1467 4951 sua
1508 4890 1781 4962 perierat,

133 4982 185 5032 et
221 4993 326 5051 per
356 4996 418 5035 se
470 4995 594 5038 non
647 4983 882 5053 poterat
920 4979 1206 5053 reparari.
1260 4982 1407 5035 Nam
1457 4984 1783 5053 antequam

133 5074 396 5138 peccaret
424 5071 630 5141 homo,
662 5074 789 5127 erat
812 5071 1082 5144 prudens
1118 5074 1175 5126 et
1200 5069 1579 5137 immortalis,
1610 5074 1667 5126 et
1692 5086 1785 5126 ar-

131 5152 297 5213 bitrio
324 5157 494 5229 liber,
525 5157 636 5223 fuit
664 5163 866 5227 tamen
900 5163 1066 5215 tanta
1114 5157 1405 5217 calliditas
1446 5157 1690 5227 diaboli,
1722 5163 1787 5217 ut

134 5243 430 5307 seduceret
452 5262 595 5302 eum
632 5252 692 5303 et
732 5247 1008 5305 redderet
1032 5246 1436 5319 insipientem,
1464 5246 1781 5303 mortalem

133 5336 185 5385 et
205 5332 471 5405 fragilem
498 5355 510 5392 :
540 5336 855 5409 quomodo
885 5351 1027 5405 ergo
1060 5340 1280 5409 posset,
1314 5335 1546 5407 stultus,
1580 5340 1636 5391 et
1661 5335 1782 5392 fra-

1893 4176 1979 4232 les
2023 4176 2421 4232 cenﬁteamur
2468 4192 2579 4249 pro
2633 4175 2860 4233 malitia
2911 4182 3139 4245 nostra,
3181 4181 3239 4231 et
3284 4176 3561 4237 dicamus

1896 4265 2115 4337 singuli
2146 4284 2158 4321 :
2194 4270 2539 4339 peccatores
2571 4282 2800 4323 sumus.
2848 4268 3095 4332 Fratres,
3124 4280 3259 4321 vere
3292 4264 3439 4320 tales
3468 4280 3563 4317 su-

1893 4372 2031 4413 mus
2075 4372 2280 4413 coram
2327 4358 2454 4429 Deo
2492 4359 2549 4412 et
2578 4355 2799 4411 sanctis
2829 4356 2978 4426 ejus,
3014 4354 3123 4438 sed
3148 4351 3559 4415 misericordia

1894 4446 2024 4517 ejus
2075 4460 2300 4514 magna
2342 4448 2451 4511 est,
2485 4445 2589 4516 qui
2641 4443 2816 4501 nobis
2864 4443 3063 4500 adhuc
3115 4443 3302 4499 donat
3354 4441 3557 4505 locum

1893 4534 2017 4591 sive
2047 4539 2285 4606 tempus
2313 4533 2770 4589 emendationis.

1965 4624 2369 4681 Emendemus
2418 4638 2561 4692 ergo
2605 4622 2667 4677 in
2696 4620 2931 4686 melius,
2958 4622 3131 4691 juxta
3163 4619 3552 4691 Scripturam,

1890 4729 2027 4785 quae
2053 4711 2389 4781 ignorando
2417 4710 2841 4783 peccavimus;
2869 4709 3035 4781 quod
3067 4708 3115 4764 si
3144 4707 3383 4764 nescitis
3408 4723 3559 4779 qua—

1889 4801 2019 4856 liter
2048 4800 2369 4856 emendare
2419 4798 2709 4867 debeatis,
2760 4797 3086 4854 dicendum
3126 4801 3217 4851 est
3264 4795 3457 4852 vobis.
3490 4800 3555 4852 In

1890 4889 2099 4962 primis
2129 4904 2378 4961 peccare
2408 4887 2671 4944 desistite
2698 4906 2711 4943 :
2764 4886 3037 4959 quandiu
3075 4885 3234 4943 enim
3265 4884 3399 4957 quis
3442 4887 3554 4939 Do-

1890 4979 2125 5035 minum
2156 4978 2458 5033 oti‘endere
2507 4994 2631 5039 non
2661 4981 2874 5046 cessat,
2904 4992 3014 5032 nec
3046 4976 3174 5045 ejus
3205 4973 3557 5047 paenitentia

1891 5067 2198 5124 fructuosa
2224 5071 2331 5138 est,
2363 5071 2420 5123 et
2447 5066 2551 5139 qui
2590 5067 2653 5131 in
2691 5068 2807 5123 hac
2832 5066 2953 5122 vita
2985 5063 3273 5120 criminali
3306 5067 3556 5135 peccato

1890 5157 2075 5215 tinem
2104 5172 2227 5212 non
2247 5156 2620 5228 imposuerit,
2652 5155 2889 5211 veniam
2920 5154 2981 5209 in
3012 5153 3197 5210 altera
3222 5167 3345 5209 non
3372 5152 3556 5209 habe-

1890 5247 1994 5309 bit.
2023 5247 2420 5319 Quapropter,
2452 5249 2516 5300 ut
2535 5244 2678 5315 dixi,
2698 5244 3105 5299 necessarium
3133 5246 3225 5298 est
3253 5241 3315 5299 in
3344 5242 3556 5315 primis

1891 5335 2126 5393 crimini
2154 5336 2337 5391 finem
2380 5335 2544 5403 dare,
2577 5334 2793 5390 deinde
2822 5349 2965 5390 vero
3006 5332 3333 5389 commissa
3357 5333 3555 5390 delere

134 5420 276 5493 gilis,
310 5429 364 5481 et
390 5425 658 5485 mortalis
698 5425 962 5494 effectus,
1010 5425 1322 5481 diabolum
1363 5425 1684 5494 revincere,
1732 5431 1789 5482 et
1820 5458 1862 5510 D
1893 5441 1999 5498 per
2038 5424 2470 5497 paenitentiam,
2518 5438 2625 5494 per
2665 5422 3138 5495 eleemosynam,
3188 5439 3295 5495 per
3343 5423 3557 5479 oratio-

132 5524 472 5584 recuperare
521 5531 627 5587 per
675 5532 736 5571 se
776 5516 944 5588 quod
992 5516 1351 5588 perdiderat,
1386 5516 1491 5588 qui
1527 5532 1784 5588 quaeque

135 5598 238 5654 sibi
264 5602 459 5659 adhuc
488 5604 726 5660 validus
753 5620 877 5660 non
904 5604 1217 5661 defendit?
1254 5603 1421 5660 nullo
1448 5604 1633 5659 modo
1659 5608 1785 5660 erat

133 5689 326 5744 tamen
386 5692 758 5767 impossibile
823 5709 948 5750 non
1011 5693 1248 5767 impleri
1311 5693 1478 5767 quod
1543 5692 1783 5750 volebat

136 5778 536 5859 Omnipotens.

1893 5529 2052 5568 nem.
2095 5513 2335 5569 Modum
2364 5510 2726 5585 poenitentiae
2761 5510 2934 5567 vobis
2966 5511 3327 5568 constituent
3365 5526 3558 5575 sacer-

1891 5601 2081 5657 dotes.
2114 5600 2319 5656 Modus
2365 5600 2760 5672 eleemosynae
2790 5606 2897 5669 est,
2932 5601 3267 5658 secundum
3311 5600 3555 5657 faculta-

1892 5694 2010 5746 tem
2036 5694 2092 5745 et
2109 5690 2337 5744 bonam
2367 5689 2739 5746 voluntatem
2761 5695 3045 5749 vestram.
3069 5690 3309 5749 Modum
3339 5691 3555 5753 oratio-

1889 5778 1981 5839 nis
2022 5776 2324 5841 constituit
2368 5777 2546 5837 nobis
2596 5778 2862 5839 Christus
2912 5781 3151 5838 diversa
3195 5778 3309 5847 sub
3348 5776 3550 5839 condi-
