3904 6380
394 288 495 340 319

1439 284 1496 340 S.
1535 282 1873 340 FULBERTI
1911 280 2390 339 CARNOTENSIS
2429 281 2758 339 EPISCOPI.

3694 276 3802 331 320

386 407 566 476 tione,
598 422 781 478 quam
814 406 1023 473 nostis,
1058 406 1327 462 videlicet
1368 411 1432 462 ut
1479 406 1736 462 dimittat
1786 406 1936 461 sicut
1978 409 2034 461 et
2062 410 2109 461 A
2139 406 2329 462 moria
2380 422 2502 461 suae
2554 402 3043 479 prmsentationis.
3103 405 3269 458 Nunc
3320 415 3464 470 ergo
3515 398 3796 466 scientes,

386 511 520 563 nos,
554 499 663 551 etc.
713 497 1026 550 Hortamur
1052 495 1271 567 itaque,
1306 495 1536 563 fratres,
1582 499 1646 551 ut
1671 495 1917 550 crimina
1943 494 2033 549 fu-

387 584 577 655 giatis,
610 584 938 654 injunctam
967 582 1138 638 vobis
1166 584 1574 656 paenitentiam
1623 583 1895 640 alacriter
1943 600 2036 637 su-

386 672 669 745 scipiatis,
703 676 937 726 strenue
967 673 1284 744 peragatis.
1324 674 1459 727 Non
1490 679 1626 727 sunt
1657 674 1809 728 enim
1840 672 2037 727 condi-

384 778 519 832 gnae
535 762 841 831 passiones
869 762 1048 830 hujus
1072 763 1349 831 temporis
1382 763 1461 818 ad
1481 763 1757 833 futuram
1779 763 2035 833 gloriam

387 866 516 922 qua:
554 851 919 906 revelabitur
945 852 1005 906 in
1036 851 1202 906 nobis
1247 853 1435 921 (Rom.
1470 868 1588 918 vm,
1622 854 1727 923 i8).
1773 851 2035 907 Eleemo-

387 955 603 1011 synam
633 955 877 1013 quoque
904 955 1012 1012 pro
1041 956 1221 1012 posse
1248 940 1494 1005 faciatis,
1524 941 1666 1012 quia
1699 940 1847 996 sicut
1877 954 2038 1012 aqua

387 1027 707 1098 exstinguit
733 1029 956 1097 ignem,
982 1027 1059 1083 ita
1085 1027 1464 1099 eleemosyna
1492 1029 1810 1098 exstinguit
1827 1044 2037 1101 pecca-

386 1120 534 1171 tum.
569 1118 816 1171 Oremus
847 1120 970 1171 tam
997 1132 1106 1188 pro
1156 1116 1411 1171 invicem
1460 1132 1643 1189 quam
1683 1133 1792 1190 pro
1838 1115 2038 1187 nobis,

385 1203 616 1260 dicente
641 1203 913 1276 apostolo
938 1221 950 1259 :
994 1204 1375 1273 Conﬁtemini
1402 1206 1765 1261 alterutrum
1792 1211 2039 1275 peccata

386 1300 602 1362 vestra,
635 1300 687 1349 et
719 1300 888 1349 orate
907 1310 1023 1363 pro
1054 1295 1300 1349 invicem
1352 1301 1414 1349 ut
1454 1296 1769 1352 salvemini
1799 1295 1946 1365 (Jac.
1980 1310 2037 1362 v,

389 1384 496 1454 16).
532 1383 814 1439 Novimus
846 1388 1045 1438 autem
1076 1400 1182 1456 per
1206 1384 1616 1457 pcenitentiam
1644 1384 1885 1454 multos,
1906 1400 2041 1440 eva-

387 1471 533 1526 sisse
564 1471 892 1543 periculum
923 1472 1155 1537 mortis,
1190 1471 1338 1527 alios
1370 1488 1476 1544 per
1520 1472 1871 1528 orationem.
1906 1472 2039 1527 Eni-

384 1564 582 1615 tamur
609 1560 808 1630 etiam,
839 1560 1069 1626 fratres,
1112 1562 1263 1616 inter
1291 1560 1437 1617 tales
1468 1561 1734 1628 inveniri,
1768 1561 1913 1633 quia
1955 1575 2041 1617 re-

384 1666 569 1719 gnum
608 1651 890 1705 cmlorum
937 1651 1054 1705 vim
1096 1652 1350 1720 patitur,
1379 1657 1434 1706 et
1463 1652 1709 1708 violenti
1746 1650 2040 1719 diripiunt

386 1739 544 1794 illud
574 1740 813 1807 (Matth.
844 1756 925 1809 x1,
956 1740 1060 1810 12).
1092 1742 1331 1795 Prtestet
1356 1739 1509 1795 vires
1531 1738 1918 1795 imbecillitati
1940 1753 2042 1793 ΠΟ·
2078 1757 2117 1810 Β

388 1832 521 1882 strie
575 1827 671 1883 ille
703 1827 807 1900 qui
855 1827 1039 1883 dixit:
1092 1829 1402 1897 Conﬁdite,
1438 1844 1543 1898 ego
1590 1830 1709 1884 vici
1751 1827 2041 1882 mundum

389 1918 586 1984 (Joan.
619 1933 738 1983 xvx,
771 1917 880 1987 23),
911 1917 1196 1972 Dominus
1222 1921 1420 1972 noster
1450 1919 1617 1973 Jesus
1647 1916 1909 1973 Christus
1938 1916 2043 1988 qui

389 2022 528 2061 cum
556 2008 719 2062 Patre
766 2010 822 2061 et
876 2006 1093 2077 Spiritu
1147 2011 1353 2062 sancto
1398 2006 1540 2063 vivit
1570 2012 1624 2062 et
1650 2012 1859 2077 regnat
1888 2009 2041 2060 Deus

390 2110 498 2167 per
527 2094 757 2150 inﬁnita
784 2094 1138 2150 saeculorum
1170 2095 1407 2151 saecula.
1442 2102 1648 2151 Amen.

1031 2184 1269 2240 SERMO
1314 2185 1399 2240 Ill.

714 2287 775 2323 DE
814 2286 1226 2326 PlTRIFICATIONE
1267 2288 1459 2326 REATE
1500 2288 1718 2327 ΜΛΙΠΑΕ.

461 2358 745 2413 Volumus
773 2359 944 2414 vobis
974 2359 1229 2415 breviter
1254 2376 1573 2433 exponere,
1616 2360 1846 2428 fratres,
1885 2360 2042 2415 unde

392 2446 569 2520 coepit
596 2446 940 2503 solemnitas
972 2448 1428 2512 Puriticationis,
1462 2465 1645 2521 quam
1684 2449 1861 2505 hodie
1893 2448 2041 2504 cele-

391 2536 600 2603 bratis,
634 2540 689 2592 et
718 2536 865 2609 quid
912 2536 1063 2592 cerei
1115 2537 1448 2607 signiﬁcent
1485 2553 1637 2609 quos
1667 2536 1907 2592 offertis.
1945 2540 2043 2594 So-

392 2625 667 2682 lemnitas
699 2642 840 2697 ergo
870 2627 980 2682 ista
1002 2626 1293 2699 proce5sit
1317 2644 1387 2681 ex
1414 2626 1560 2696 lege.
1587 2626 1865 2699 Praecepit
1885 2628 2043 2682 enim

394 2718 549 2772 Deus
585 2716 645 2771 in
692 2716 820 2785 lege
850 2720 913 2772 ut
962 2716 1173 2771 mulier
1200 2732 1335 2788 quae
1390 2716 1463 2771 de
1492 2716 1601 2771 viri
1633 2716 1724 2771 sui
1751 2721 2045 2789 conceptu

394 2804 860 2876 primogenitum
910 2808 1161 2875 pareret,
1190 2803 1655 2875 quadragesimo
1697 2804 1790 2860 die
1847 2805 2047 2860 nativi-

395 2892 528 2949 tatis
555 2896 937 2965 praesentaret
967 2908 1105 2946 eum
1138 2892 1385 2947 Domino
1418 2893 1475 2947 in
1505 2893 1745 2966 templo,
1771 2910 1909 2949 cum
1942 2894 2045 2949 ho-

396 2980 557 3036 stiis:
590 2988 645 3035 et
667 2980 762 3034 hic
792 2978 917 3033 dies
948 2978 1375 3036 Puriﬁcationis
1401 2989 1664 3037 vocatur.
1697 2982 1866 3048 Quod
1897 2999 2046 3055 pras-

395 3073 640 3140 ceptura
695 3067 1121 3123 Puriﬁcationis
1178 3074 1234 3125 et
1289 3070 1605 3127 oblationis
1649 3071 2047 3143 impleverunt
2085 3105 2126 3162 ο

306 3148 311 3153 ’
396 3156 525 3212 aliae
553 3161 770 3211 matres
801 3172 873 3211 ex
902 3159 1273 3229 necessitate,
1305 3161 1447 3232 quia
1488 3160 1727 3232 pollutae
1759 3166 1815 3216 et
1843 3177 2047 3233 pecca-

394 3245 566 3301 trices
596 3248 799 3300 erant:
851 3247 1096 3317 quando
1143 3265 1281 3303 vero
1328 3250 1589 3306 Christus
1635 3255 1808 3305 natus
1857 3256 1943 3305 est
1972 3250 2046 3305 de

393 3332 741 3389 beatissima
764 3334 995 3401 Virgine
1027 3336 1220 3399 Maria,
1256 3337 1387 3409 ipsa
1414 3353 1533 3393 non
1558 3338 1863 3405 indigebat
1892 3339 2048 3408 lega-

393 3420 434 3476 li
464 3420 899 3492 purificatione,
926 3423 1068 3495 quia
1097 3425 1325 3481 munda
1355 3432 1479 3482 erat
1510 3432 1567 3482 et
1596 3431 1819 3483 sancta.
1856 3428 2049 3483 Humi-

393 3509 572 3565 litatis
600 3514 795 3565 tamen
834 3516 889 3566 et
928 3511 1278 3568 obedientiie
1311 3531 1493 3571 causa
1532 3515 1646 3586 legi
1673 3533 1733 3572 se
1762 3516 2044 3584 subdens,

394 3597 635 3653 obedire
687 3597 834 3667 legis
884 3601 1161 3671 quamvis
1205 3618 1324 3657 non
1382 3602 1689 3672 indigeret,
1733 3604 1944 3660 obtulit
1987 3605 2046 3661 in

394 3686 615 3758 templo
638 3686 736 3741 Dei
761 3687 950 3743 filium
979 3704 1153 3744 suum
1188 3706 1325 3745 cum
1357 3691 1562 3746 hostiis
1583 3693 2047 3765 quadragesimo

391 3775 487 3831 die
516 3775 857 3842 nativitatis,
886 3776 1037 3832 sicut
1062 3783 1149 3832 est
1173 3780 1369 3836 hodie.
1404 3780 1513 3838 Sed
1548 3784 1921 3854 praesentatio
1949 3782 2048 3839 illa

390 3862 642 3933 insignis
698 3866 756 3917 et
794 3862 1053 3931 gloriosa
1096 3865 1238 3921 fuit:
1300 3873 1576 3924 movente
1624 3870 1783 3925 enim
1830 3870 2049 3943 Spiritu

394 3954 624 4019 sancto,
646 3956 1033 4007 occurrerunt
1061 3954 1113 4008 ei
1144 3959 1383 4011 sanctus
1424 3960 1717 4030 propheta
1755 3959 1961 4015 Simon
1994 3964 2050 4013 et

394 4042 567 4093 Anna
617 4043 823 4094 sancta
871 4039 1053 4096 vidua
1099 4047 1157 4098 et
1206 4046 1601 4116 prophetissa,
1635 4046 1951 4102 laudantes
1995 4051 2053 4102 et

393 4125 812 4183 benedicentes
844 4129 1160 4187 Dominum
1208 4133 1281 4189 de
1328 4135 1590 4191 adventu
1634 4134 1867 4201 Christi,
1902 4136 2051 4191 sicut

393 4213 607 4284 legitur
633 4215 693 4270 in
725 4217 1062 4286 Evangelia,
1091 4221 1381 4278 miracula
1404 4222 1756 4295 praebentes.
1788 4223 2049 4280 Christus

397 4318 658 4375 namque
688 4304 747 4359 in
790 4321 968 4362 carne
1000 4310 1261 4376 veniens,
1294 4310 1526 4379 fratres,
1558 4311 1912 4367 ostendebat
1948 4327 2041 4383 pa-

393 4391 531 4448 riter
559 4396 616 4447 et
656 4393 1001 4451 humilitatis
1046 4399 1408 4470 exemplum,
1451 4406 1507 4454 et
1548 4398 1764 4453 divina:
1812 4401 2047 4473 pietatis

392 4475 630 4533 indicia.
667 4478 824 4534 Sicut
850 4479 909 4534 in
942 4481 1243 4537 nativitate
1287 4498 1415 4548 sua,
1446 4499 1584 4537 cum
1610 4482 1832 4552 jaceret
1854 4484 2048 4540 humi-

391 4564 520 4621 liter
546 4565 606 4620 in
634 4582 949 4640 praesepio,
968 4584 1126 4625 nova
1155 4570 1342 4640 stella,
1367 4575 1423 4626 et
1450 4570 1733 4627 laudibus
1762 4573 2047 4644 angelicis

394 4652 808 4711 celebrabatur
836 4657 896 4710 in
936 4656 1082 4712 Caelo
1111 4675 1123 4711 :
1159 4658 1242 4712 sic
1268 4662 1326 4712 et
1355 4657 1538 4713 modo
1583 4674 1721 4715 cum
1760 4661 2047 4733 parvulus

392 4740 721 4798 infantulus
755 4750 1213 4816 priesentaretur
1242 4746 1300 4800 in
1349 4746 1591 4818 templo,
1626 4749 1700 4804 ad
1732 4749 2045 4806 declaran-

393 4830 535 4887 dam
575 4832 941 4889 divinitatem
986 4849 1159 4888 suam
1191 4834 1249 4889 in
1281 4851 1459 4891 carne
1487 4835 1817 4894 latitantem
1860 4840 2048 4896 corda

393 4923 822 4993 prophetarum
851 4922 1226 4978 illuminabat
1255 4924 1503 4995 Spiritus
1524 4932 1787 4983 sanctus.
1815 4932 1928 4984 Nos
1954 4946 2046 4985 er-

395 5025 470 5080 go
500 5011 598 5083 qui
633 5012 796 5067 illum
830 5029 1037 5067 verum
1072 5012 1390 5068 Dominum
1416 5019 1473 5070 et
1499 5014 1804 5072 hominem
1835 5018 2048 5075 adora-

394 5115 550 5161 mus,
583 5100 642 5154 in
675 5103 1027 5157 mermoriam
1060 5103 1533 5159 Priesentationis
1578 5106 1627 5175 ej
1640 5124 1706 5161 us
1734 5107 1794 5162 in
1823 5108 2045 5182 templo

395 5186 765 5243 celebramus
796 5190 954 5244 hunc
985 5191 1142 5246 diem
1188 5207 1323 5246 cum
1363 5191 1661 5251 oblatione
1692 5212 1998 5253 cereorum
2027 5216 2041 5253 :

395 5288 503 5347 per
546 5273 750 5330 lumen
796 5279 966 5347 cerei,
999 5278 1386 5343 divinitatem,
1421 5296 1527 5354 per
1568 5299 1763 5340 ceram
1816 5286 2047 5357 signiﬁ-

395 5367 597 5418 cantes
645 5380 886 5421 carnem
938 5366 1125 5439 ipsius
1170 5368 1537 5439 virginalem.
1590 5373 1732 5445 Apis
1778 5377 1936 5431 enim
1991 5382 2049 5433 et

394 5452 604 5519 mellis,
636 5457 694 5509 et
721 5470 868 5511 certe
898 5456 1095 5529 opifex
1145 5458 1270 5514 sine
1320 5461 1475 5516 coitu
1516 5463 1696 5518 maris
1726 5469 1781 5519 et
1810 5465 2045 5522 feminae

394 5548 759 5616 procreatur.
794 5548 952 5601 Patet
981 5563 1123 5617 ergo
1170 5550 1311 5620 quia
1340 5553 1715 5608 Prassentatio
1748 5555 1952 5610 Christi
1984 5553 2047 5609 in

396 5632 618 5706 templo
665 5636 954 5708 processit
1006 5654 1078 5692 ex
1135 5638 1475 5695 obedientia
1522 5640 1687 5709 legis,
1733 5649 1787 5697 et
1837 5648 2048 5699 nostra

397 5721 792 5792 signiﬁcativa
818 5726 1039 5783 oblatio
1070 5732 1176 5793 est,
1208 5742 1280 5782 ex
1306 5728 1465 5784 dulci
1492 5734 1549 5785 et
1568 5731 1890 5787 venerabili
1920 5745 2044 5787 me-

2140 513 2325 569 quam
2355 513 2427 552 ex
2454 496 2627 552 bonis
2675 494 2981 568 principiis
3030 492 3379 549 solemnitas
3412 490 3525 546 ista
3553 489 3794 563 prodiit,

2141 592 2194 641 et
2219 602 2403 659 quam
2437 586 2599 658 piam
2640 589 3034 657 sanctamque
3061 581 3562 653 significationem
3593 583 3799 636 nostra

2140 676 2362 733 oblatio
2384 676 2551 747 gerit,
2572 674 3011 731 solemnitatem
3035 672 3252 729 divinis
3269 671 3551 729 laudibus
3577 675 3636 727 et
3662 687 3799 744 ope-

2140 764 2308 821 ribus
2351 780 2731 834 exornemus,
2762 767 2820 819 et
2862 762 3227 818 oblationem
3276 760 3377 834 pio
3427 759 3799 815 celebremus

2142 853 2378 923 affectu,
2422 858 2701 923 rogantes
2742 850 3079 925 piissimam
3125 849 3225 905 Dei
3273 851 3513 905 Matrem
3564 852 3628 902 ut
3670 847 3803 920 ipsa

2142 958 2273 1008 nos,
2301 947 2357 997 et
2385 957 2637 997 munera
2660 944 2883 1008 nostra,
2915 938 3059 995 Filio
3092 955 3201 994 suo
3224 938 3559 1007 gratiﬁcare
3590 935 3802 1006 digne-

2144 1036 2257 1101 tur,
2306 1036 2363 1086 et
2400 1030 2479 1086 ad
2526 1028 2976 1086 similitudinem
3019 1025 3339 1083 oblationis
3382 1029 3619 1093 nostrae,
3664 1039 3805 1097 quae

2145 1119 2393 1188 munda,
2417 1119 2577 1175 clara
2609 1123 2665 1174 et
2688 1116 2916 1173 fervida
2947 1133 3078 1173 esse
3108 1115 3363 1186 videtur,
3383 1114 3677 1187 deposcat
3702 1128 3809 1168 no-

2143 1209 2236 1265 bis
2266 1209 2343 1264 ab
2372 1208 2503 1281 ipso
2535 1207 2893 1263 munditiam
2937 1205 3134 1261 cordis
3187 1210 3245 1260 et
3274 1203 3565 1277 corporis,
3595 1202 3808 1257 lumen

2148 1297 2426 1363 scientiie,
2479 1296 2774 1351 fervorem
2832 1295 2970 1351 ﬁdei
3019 1299 3076 1350 et
3122 1293 3445 1359 charitatis,
3502 1295 3811 1365 quatenus

2146 1400 2267 1441 suae
2300 1384 2501 1453 gratiae
2552 1384 2714 1439 dono
2757 1382 3011 1454 accensi,
3042 1398 3149 1454 per
3197 1380 3474 1455 Spiritum
3525 1383 3813 1435 sanctum

2122 1460 2480 1540 'illuminati,
2514 1473 2841 1545 puriﬁcatis
2890 1470 3191 1528 mentibus
3239 1470 3301 1526 in
3339 1468 3563 1542 templo
3591 1472 3814 1523 sancto

2147 1562 2346 1634 gloriae
2378 1578 2499 1617 suae
2530 1561 2837 1617 valeamus
2881 1576 3192 1634 apparere,
3240 1575 3346 1632 per
3375 1557 3663 1615 eumdem
3699 1559 3819 1612 Do-

2146 1652 2380 1708 minum
2409 1657 2683 1707 nostrum
2711 1653 2912 1705 Jesum
2948 1650 3265 1707 Christum.

2798 1791 3025 1848 SERMO
3072 1790 3156 1845 IV.

2307 1914 2369 1952 DE
2409 1913 2733 1952 NATIVITATE
2772 1912 3111 1952 BEATISSIMB
3151 1910 3335 1951 MARUB
3379 1908 3637 1949 VlRGlNlS.

2216 2003 2576 2076 Approbataa
2602 2002 3052 2059 consuetudinis
3083 2007 3174 2059 est
3217 2000 3382 2075 apud
3430 1997 3825 2054 Christianos

2146 2097 2491 2148 sanctorum
2530 2094 2768 2147 Patrum
2810 2089 2939 2146 dies
2985 2090 3282 2147 natalitios
3323 2088 3646 2145 observare
3679 2086 3828 2142 dili-

2148 2185 2370 2250 genter,
2398 2184 2455 2235 et
2477 2178 2777 2252 praecipue
2804 2178 3042 2235 virtutes
3072 2195 3280 2235 eorum
3332 2176 3673 2245 assignatas
3719 2174 3827 2230 lit;-

2148 2269 2285 2325 teris
2317 2268 2379 2323 in
2410 2267 2666 2323 Ecclesia
2695 2266 2942 2322 recitare
2972 2266 3051 2323 ad
3092 2266 3335 2322 laudem
3381 2264 3501 2334 Dei,
3530 2279 3604 2319 ex
3634 2264 3829 2334 cujus

2147 2372 2392 2413 munere
2434 2360 2590 2425 sunt,
2623 2360 2679 2410 et
2726 2354 2803 2411 ad
2840 2355 3236 2411 instrumenta
3279 2353 3604 2409 minorum.
3655 2355 3829 2408 Inter

2146 2462 2358 2501 omnes
2403 2449 2661 2511 sanctos,
2714 2443 3005 2499 memoria
3042 2443 3404 2499 beatissima;
3443 2441 3698 2512 Virginis
3742 2457 3825 2497 eo

2150 2534 2515 2607 frequentius
2572 2532 2765 2603 agitur
2833 2537 3010 2605 atque
3087 2532 3373 2599 festivius,
3434 2547 3556 2604 quo
3619 2530 3825 2601 majo-

2149 2640 2275 2680 rem
2329 2624 2581 2693 gratiam
2638 2622 2801 2694 apud
2856 2621 3173 2677 Dominum
3228 2619 3485 2676 creditur
3550 2619 3827 2675 invenis-

2152 2730 2232 2768 se.
2270 2712 2430 2769 Unde
2461 2716 2596 2784 post
2624 2710 2740 2766 alia
2768 2710 3049 2782 qutedam
3096 2709 3283 2784 ipsius
3329 2708 3671 2781 antiquiora
3723 2724 3822 2764 so-

2150 2801 2392 2872 lemnia,
2426 2817 2545 2856 non
2595 2800 2700 2856 fuit
2749 2804 3026 2855 contenta
3068 2799 3307 2855 devotio
3338 2797 3629 2867 ﬁdelium,
3663 2798 3824 2870 quin

2153 2890 2474 2947 nativitatis
2504 2889 2768 2945 solemne
2800 2889 3231 2962 superadderet
3270 2886 3655 2944 hodiernum.
3698 2890 3825 2945 Hac

2151 2981 2351 3053 itaque
2393 2979 2489 3035 die
2532 2978 2907 3051 peculiariter
2931 2978 2992 3033 in
3022 2976 3283 3033 Ecclesia
3308 2976 3652 3033 recitandus
3685 2993 3823 3032 esse

2153 3069 2387 3124 videtur
2412 3068 2508 3123 ille
2535 3067 2702 3133 liber,
2731 3068 2835 3140 qui
2864 3067 2937 3123 de
2975 3072 3111 3123 ortu
3151 3067 3280 3137 ejus
3321 3070 3378 3121 et
3404 3065 3526 3121 vita
3555 3066 3823 3138 scriptus

2154 3158 2587 3228 inveniebatur,
2620 3157 2667 3212 si
2693 3172 2815 3213 non
2841 3156 3210 3228 judicassent
3244 3171 3386 3221 eum
3415 3158 3615 3212 Patres
3664 3156 3824 3212 inter

2154 3248 2505 3321 apocrypha
2534 3246 2996 3302 numerandum.
3039 3249 3110 3301 At
3137 3244 3426 3318 quoniam
3474 3245 3721 3315 magnis
3751 3261 3824 3301 ac

2157 3336 2524 3410 sapientibus
2556 3336 2698 3390 viris
2739 3335 2821 3391 ita
2850 3335 3045 3391 visum
3073 3338 3178 3401 est,
3207 3349 3318 3390 nos
3356 3332 3474 3389 alia
3501 3333 3820 3406 quaedam,

2157 3427 2262 3481 sed
2319 3442 2439 3481 non
2485 3425 2679 3481 aliena
2732 3425 3015 3496 legentes,
3067 3423 3534 3481 ecclesiasticum
3578 3439 3822 3480 morem

2155 3515 2368 3572 debitis
2393 3514 2602 3570 ofﬁciis
2632 3530 3051 3587 exsequamur.
3073 3517 3248 3571 Beata
3268 3528 3410 3583 ergo
3434 3513 3675 3569 Domini
3702 3516 3823 3570 Ma-

2157 3611 2243 3662 ter
2270 3610 2327 3660 et
2354 3609 2642 3677 perpetua
2670 3605 2844 3673 Virgo
2865 3604 3062 3672 Maria,
3080 3603 3438 3677 priusquam
3464 3609 3823 3659 nasceretur

2156 3693 2411 3750 oraculis
2441 3693 2745 3748 enuntiata
2774 3701 2885 3764 est,
2898 3697 2954 3748 et
2982 3692 3297 3763 designata
3327 3691 3658 3760 miraculis,
3677 3696 3822 3748 nata

2156 3800 2297 3840 vero
2327 3783 2609 3856 progenie
2640 3782 2920 3837 divinitus
2950 3782 3253 3845 ordinata,
3296 3781 3611 3854 privilegio
3642 3783 3823 3838 virtu-

2158 3878 2284 3929 tum
2322 3872 2574 3942 insignis
2605 3872 2832 3942 enituit,
2870 3871 3234 3929 Salvatorem
3262 3870 3445 3927 edidit
3472 3887 3507 3926 a
3536 3887 3668 3944 quo
3696 3872 3819 3942 glo-

2157 3961 2384 4017 riticata
2431 3961 2493 4016 in
2532 3960 2703 4030 cmlo,
2749 3976 3065 4034 nunquam
3108 3960 3416 4031 terrigenis
3452 3960 3821 4033 patrocinari

2157 4049 2405 4105 desistit.
2430 4050 2897 4122 Propositionem
2923 4053 3209 4122 sequatur
3236 4048 3446 4105 ordine
3473 4064 3586 4105 sua
3615 4065 3823 4106 narra-

2157 4138 2257 4194 tio.
2285 4140 2537 4210 Jamque
2565 4138 2894 4195 referamus
2912 4155 3103 4195 unum
3131 4138 3207 4195 de
3237 4138 3582 4212 prmtaxatis
3613 4155 3823 4195 oracu-

2156 4224 2247 4293 lis,
2272 4241 2340 4281 ac
2365 4224 2581 4281 deinde
2597 4226 2805 4299 paucis
2829 4225 3241 4299 expediamus.
3278 4225 3723 4283 DixitIEternus
3745 4226 3820 4283 ad

2156 4316 2440 4384 veterem,
2470 4316 2622 4370 Deus
2671 4315 2749 4371 ad
2796 4319 3132 4389 serpentem
3161 4333 3173 4371 :
3216 4315 3573 4372 Inimicitias
3592 4331 3817 4386 ponam

2158 4404 2318 4459 inter
2347 4408 2402 4459 te
2446 4408 2501 4458 et
2548 4404 2878 4467 mulierem,
2910 4409 2964 4461 et
2991 4420 3183 4461 semen
3212 4411 3404 4475 tuum,
3435 4409 3491 4461 et
3518 4419 3720 4461 semen
3749 4406 3819 4460 it-

2163 4493 2276 4546 tz’us
2308 4490 2476 4561 (Gen.
2519 4507 2600 4563 ιιι,
2638 4492 2740 4562 15).
2788 4492 2943 4558 Quid
2988 4496 3095 4563 est,
3136 4493 3367 4560 fratres,
3418 4492 3480 4549 in
3523 4493 3642 4549 hoc
3689 4493 3818 4550 loco

2158 4580 2445 4651 serpentis
2475 4585 2653 4652 caput
2683 4585 3005 4649 conterere,
3043 4582 3154 4637 nisi
3185 4581 3584 4655 principalem
3612 4582 3821 4639 diabo-

2154 4667 2196 4723 li
2224 4669 2687 4739 suggestionem,
2729 4669 2791 4725 id
2821 4674 2909 4725 est
2936 4670 3505 4744 concupiscentiam,
3536 4671 3818 4728 resisten-

2156 4756 2236 4812 do
2267 4759 2594 4830 superare?
2645 4758 2701 4815 Si
2750 4774 2893 4829 ergo
2941 4766 3247 4832 quaeratur
3289 4776 3576 4834 quaenam
3606 4761 3820 4817 mulier

2154 4846 2503 4917 hujusmodi
2554 4847 2862 4903 victoriam
2911 4853 3159 4922 operata
3204 4850 3328 4907 sit?
3374 4849 3645 4923 profecto
3699 4864 3815 4907 non

2155 4936 2444 5008 reperitur
2494 4937 2553 4992 in
2602 4936 2760 4994 linea
2807 4939 3206 5009 generationis
3260 4941 3568 5008 humanae,
3627 4941 3817 4998 donec

2156 5026 2535 5097 perveniatur
2570 5028 2648 5082 ad
2696 5028 2856 5084 illam
2899 5028 2973 5085 de
3019 5045 3142 5102 qua
3189 5030 3427 5100 agimus
3471 5036 3815 5087 sanctarum

2157 5120 2448 5171 sanctam.
2472 5122 2541 5172 At
2562 5116 2609 5171 si
2639 5118 3050 5189 interrogetur,
3074 5119 3135 5174 in
3165 5135 3288 5193 quo
3320 5121 3616 5193 serpentis
3644 5124 3819 5195 caput

2156 5203 2249 5259 vel
2278 5204 2413 5277 ipsa
2443 5207 2829 5263 contriverit?
2876 5209 3163 5265 nimirum
3194 5209 3254 5265 in
3282 5225 3354 5266 eo
3383 5210 3554 5283 quod
3581 5211 3819 5283 virgini

2156 5296 2336 5349 tatem
2370 5292 2544 5349 simul
2571 5300 2626 5350 et
2655 5296 3050 5354 humilitatem
3081 5301 3201 5355 Deo
3230 5300 3614 5357 sacriﬁcavit.
3639 5301 3817 5372 Virgi-

2157 5382 2337 5437 nitate
2372 5397 2636 5456 namque
2668 5392 2900 5443 servata
2948 5388 3241 5460 probatur
3279 5388 3638 5446 exstinxisse
3684 5404 3816 5447 con-

2158 5470 2585 5541 cupiscentiam
2617 5474 2812 5529 carnis
2842 5494 2855 5543 ;
2885 5476 3238 5547 humilitate,
3267 5494 3404 5550 quae
3435 5477 3580 5534 facit
3600 5495 3819 5553 paupe-

2156 5573 2282 5612 rem
2314 5558 2542 5631 spiritu,
2571 5564 3117 5643 concupiscentiam
3142 5566 3378 5623 mentis.
3415 5566 3639 5640 Sicque
3670 5568 3817 5641 prin-

2156 5647 2331 5719 cipali
2376 5640 2754 5719 suggestione
2802 5652 3027 5710 diaboli
3076 5656 3254 5726 victa,
3303 5656 3592 5713 vitiosum
3646 5640 3818 5731 caput

2156 5734 2386 5792 virtutis
2417 5739 2570 5810 pede
2599 5740 2889 5798 contrivit.
2915 5746 3042 5800 Non
3072 5748 3274 5801 tamen
3301 5745 3417 5801 hoc
3447 5745 3604 5813 solo,
3631 5747 3737 5804 sed
3756 5759 3818 5802 eo
