  <div class='ocr_page' id='page_1' title='image "/cluster/home/n/w/nwhite01/storage/ocr_20150623/140-141/uc1.31175018559917/736.png"; bbox 0 0 3904 6380; ppageno 0'>
   <div class='ocr_carea' id='block_1_1' title="bbox 118 305 218 358">
    <p class='ocr_par' dir='ltr' id='par_1_1' title="bbox 118 305 218 358">
     <span class='ocr_line' id='line_1_1' title="bbox 118 305 218 358; baseline -0.02 0"><span class='ocrx_word' id='word_1_1' title='bbox 118 305 218 358; x_wconf 78' lang='grc'><strong>321</strong></span> 
     </span>
    </p>
   </div>
   <div class='ocr_carea' id='block_1_2' title="bbox 1391 298 2272 356">
    <p class='ocr_par' dir='ltr' id='par_1_2' title="bbox 1391 298 2272 356">
     <span class='ocr_line' id='line_1_2' title="bbox 1391 298 2272 356; baseline 0.001 -1"><span class='ocrx_word' id='word_1_2' title='bbox 1391 300 1753 356; x_wconf 79' lang='lat' dir='ltr'><strong>SERMONES</strong></span> <span class='ocrx_word' id='word_1_3' title='bbox 1792 298 1890 354; x_wconf 85' lang='lat' dir='ltr'><strong>AD</strong></span> <span class='ocrx_word' id='word_1_4' title='bbox 1929 299 2272 356; x_wconf 81' lang='lat' dir='ltr'><strong>POPULUM.</strong></span> 
     </span>
    </p>
   </div>
   <div class='ocr_carea' id='block_1_3' title="bbox 3425 301 3526 354">
    <p class='ocr_par' dir='ltr' id='par_1_3' title="bbox 3425 301 3526 354">
     <span class='ocr_line' id='line_1_3' title="bbox 3425 301 3526 354; baseline 0 0"><span class='ocrx_word' id='word_1_5' title='bbox 3425 301 3526 354; x_wconf 74' lang='lat'><strong>3‘22</strong></span> 
     </span>
    </p>
   </div>
   <div class='ocr_carea' id='block_1_4' title="bbox 116 422 3526 498">
    <p class='ocr_par' dir='ltr' id='par_1_4' title="bbox 116 422 3526 498">
     <span class='ocr_line' id='line_1_4' title="bbox 116 422 3526 498; baseline 0.001 -19"><span class='ocrx_word' id='word_1_6' title='bbox 116 441 307 496; x_wconf 90' lang='lat' dir='ltr'><strong>quam</strong></span> <span class='ocrx_word' id='word_1_7' title='bbox 337 422 598 480; x_wconf 80' lang='lat' dir='ltr'><strong>maxime</strong></span> <span class='ocrx_word' id='word_1_8' title='bbox 628 422 1035 495; x_wconf 83' lang='lat' dir='ltr'><strong>triumphavit,</strong></span> <span class='ocrx_word' id='word_1_9' title='bbox 1067 424 1235 494; x_wconf 92' lang='lat' dir='ltr'><strong>quod</strong></span> <span class='ocrx_word' id='word_1_10' title='bbox 1263 425 1337 480; x_wconf 91' lang='lat' dir='ltr'><strong>de</strong></span> <span class='ocrx_word' id='word_1_11' title='bbox 1363 442 1473 481; x_wconf 90' lang='lat' dir='ltr'><strong>sua</strong></span> <span class='ocrx_word' id='word_1_12' title='bbox 1501 422 1768 480; x_wconf 84' lang='lat' dir='ltr'><strong>mundis-</strong></span> <span class='ocrx_word' id='word_1_13' title='bbox 1799 425 1845 478; x_wconf 78' lang='grc' dir='ltr'><strong>Α</strong></span> <span class='ocrx_word' id='word_1_14' title='bbox 1882 422 1962 478; x_wconf 89' lang='lat' dir='ltr'><strong>ita</strong></span> <span class='ocrx_word' id='word_1_15' title='bbox 1991 429 2054 478; x_wconf 93' lang='lat' dir='ltr'><strong>ut</strong></span> <span class='ocrx_word' id='word_1_16' title='bbox 2082 424 2213 496; x_wconf 90' lang='lat' dir='ltr'><strong>ipsa</strong></span> <span class='ocrx_word' id='word_1_17' title='bbox 2238 441 2480 498; x_wconf 88' lang='lat' dir='ltr'><strong>quoque</strong></span> <span class='ocrx_word' id='word_1_18' title='bbox 2511 424 2783 481; x_wconf 83' lang='lat' dir='ltr'><strong>vocabuli</strong></span> <span class='ocrx_word' id='word_1_19' title='bbox 2840 424 2930 480; x_wconf 92' lang='lat' dir='ltr'><strong>sui</strong></span> <span class='ocrx_word' id='word_1_20' title='bbox 2988 425 3182 496; x_wconf 86' lang='lat' dir='ltr'><strong>ﬁgura</strong></span> <span class='ocrx_word' id='word_1_21' title='bbox 3239 442 3526 496; x_wconf 86' lang='lat' dir='ltr'><strong>magnum</strong></span> 
     </span>
    </p>
   </div>
   <div class='ocr_carea' id='block_1_5' title="bbox 117 512 1770 586">
    <p class='ocr_par' dir='ltr' id='par_1_5' title="bbox 117 512 1770 586">
     <span class='ocr_line' id='line_1_5' title="bbox 117 512 1770 586; baseline -0.001 -18"><span class='ocrx_word' id='word_1_22' title='bbox 117 513 273 569; x_wconf 89' lang='lat' dir='ltr'><strong>sima</strong></span> <span class='ocrx_word' id='word_1_23' title='bbox 302 529 477 568; x_wconf 90' lang='lat' dir='ltr'><strong>carne</strong></span> <span class='ocrx_word' id='word_1_24' title='bbox 503 517 816 585; x_wconf 87' lang='lat' dir='ltr'><strong>corporata</strong></span> <span class='ocrx_word' id='word_1_25' title='bbox 841 512 1134 583; x_wconf 79' lang='lat' dir='ltr'><strong>sapientia</strong></span> <span class='ocrx_word' id='word_1_26' title='bbox 1148 513 1308 570; x_wconf 88' lang='lat' dir='ltr'><strong>dicit.</strong></span> <span class='ocrx_word' id='word_1_27' title='bbox 1333 518 1770 586; x_wconf 86' lang='lat' dir='ltr'><strong>Usquequaque</strong></span> 
     </span>
    </p>
   </div>
   <div class='ocr_carea' id='block_1_6' title="bbox 114 601 1773 673">
    <p class='ocr_par' dir='ltr' id='par_1_6' title="bbox 114 601 1773 673">
     <span class='ocr_line' id='line_1_6' title="bbox 114 601 1773 673; baseline -0.001 -15"><span class='ocrx_word' id='word_1_28' title='bbox 114 603 411 658; x_wconf 82' lang='lat' dir='ltr'><strong>malitiam</strong></span> <span class='ocrx_word' id='word_1_29' title='bbox 442 601 737 671; x_wconf 90' lang='lat' dir='ltr'><strong>attingens</strong></span> <span class='ocrx_word' id='word_1_30' title='bbox 769 601 938 656; x_wconf 85' lang='lat' dir='ltr'><strong>afine</strong></span> <span class='ocrx_word' id='word_1_31' title='bbox 971 617 1160 673; x_wconf 89' lang='lat' dir='ltr'><strong>usque</strong></span> <span class='ocrx_word' id='word_1_32' title='bbox 1185 604 1262 658; x_wconf 92' lang='lat' dir='ltr'><strong>ad</strong></span> <span class='ocrx_word' id='word_1_33' title='bbox 1293 604 1476 660; x_wconf 83' lang='lat' dir='ltr'><strong>finem</strong></span> <span class='ocrx_word' id='word_1_34' title='bbox 1530 603 1773 670; x_wconf 79' lang='lat' dir='ltr'><strong>fortiter,</strong></span> 
     </span>
    </p>
   </div>
   <div class='ocr_carea' id='block_1_7' title="bbox 113 691 1778 763">
    <p class='ocr_par' dir='ltr' id='par_1_7' title="bbox 113 691 1778 763">
     <span class='ocr_line' id='line_1_7' title="bbox 113 691 1778 763; baseline -0.002 -16"><span class='ocrx_word' id='word_1_35' title='bbox 113 698 174 747; x_wconf 91' lang='lat' dir='ltr'><strong>et</strong></span> <span class='ocrx_word' id='word_1_36' title='bbox 204 692 536 763; x_wconf 87' lang='lat' dir='ltr'><strong>disponens</strong></span> <span class='ocrx_word' id='word_1_37' title='bbox 565 691 770 746; x_wconf 90' lang='lat' dir='ltr'><strong>omnia</strong></span> <span class='ocrx_word' id='word_1_38' title='bbox 801 691 1056 746; x_wconf 82' lang='lat' dir='ltr'><strong>suaviter</strong></span> <span class='ocrx_word' id='word_1_39' title='bbox 1083 693 1246 762; x_wconf 88' lang='lat' dir='ltr'><strong>(Sap.</strong></span> <span class='ocrx_word' id='word_1_40' title='bbox 1281 710 1401 762; x_wconf 77' lang='lat' dir='ltr'><strong>VIII,</strong></span> <span class='ocrx_word' id='word_1_41' title='bbox 1440 695 1507 763; x_wconf 85' lang='lat' dir='ltr'><strong>l).</strong></span> <span class='ocrx_word' id='word_1_42' title='bbox 1541 696 1668 748; x_wconf 72' lang='lat' dir='ltr'><strong>Haec</strong></span> <span class='ocrx_word' id='word_1_43' title='bbox 1693 695 1778 746; x_wconf 90' lang='lat' dir='ltr'><strong>est</strong></span> 
     </span>
    </p>
   </div>
   <div class='ocr_carea' id='block_1_8' title="bbox 114 780 1778 852">
    <p class='ocr_par' dir='ltr' id='par_1_8' title="bbox 114 780 1778 852">
     <span class='ocr_line' id='line_1_8' title="bbox 114 780 1778 852; baseline -0.001 -15"><span class='ocrx_word' id='word_1_44' title='bbox 114 797 263 850; x_wconf 87' lang='lat' dir='ltr'><strong>ergo</strong></span> <span class='ocrx_word' id='word_1_45' title='bbox 290 781 505 836; x_wconf 91' lang='lat' dir='ltr'><strong>mulier</strong></span> <span class='ocrx_word' id='word_1_46' title='bbox 526 781 603 836; x_wconf 90' lang='lat' dir='ltr'><strong>ad</strong></span> <span class='ocrx_word' id='word_1_47' title='bbox 620 797 808 852; x_wconf 89' lang='lat' dir='ltr'><strong>quam</strong></span> <span class='ocrx_word' id='word_1_48' title='bbox 825 780 1091 836; x_wconf 89' lang='lat' dir='ltr'><strong>divinum</strong></span> <span class='ocrx_word' id='word_1_49' title='bbox 1109 781 1255 836; x_wconf 91' lang='lat' dir='ltr'><strong>illud</strong></span> <span class='ocrx_word' id='word_1_50' title='bbox 1279 782 1629 838; x_wconf 85' lang='lat' dir='ltr'><strong>intendebat</strong></span> <span class='ocrx_word' id='word_1_51' title='bbox 1649 798 1778 836; x_wconf 92' lang='lat' dir='ltr'><strong>ora-</strong></span> 
     </span>
    </p>
   </div>
   <div class='ocr_carea' id='block_1_9' title="bbox 115 869 1777 942">
    <p class='ocr_par' dir='ltr' id='par_1_9' title="bbox 115 869 1777 942">
     <span class='ocr_line' id='line_1_9' title="bbox 115 869 1777 942; baseline -0.002 -15"><span class='ocrx_word' id='word_1_52' title='bbox 115 870 345 937; x_wconf 91' lang='lat' dir='ltr'><strong>culum,</strong></span> <span class='ocrx_word' id='word_1_53' title='bbox 364 870 519 926; x_wconf 88' lang='lat' dir='ltr'><strong>hanc</strong></span> <span class='ocrx_word' id='word_1_54' title='bbox 547 869 912 942; x_wconf 87' lang='lat' dir='ltr'><strong>quandoque</strong></span> <span class='ocrx_word' id='word_1_55' title='bbox 930 869 1295 926; x_wconf 89' lang='lat' dir='ltr'><strong>nascituram</strong></span> <span class='ocrx_word' id='word_1_56' title='bbox 1309 872 1364 926; x_wconf 88' lang='lat' dir='ltr'><strong>in</strong></span> <span class='ocrx_word' id='word_1_57' title='bbox 1374 872 1777 936; x_wconf 87' lang='lat' dir='ltr'><strong>nuebat,hanc</strong></span> 
     </span>
    </p>
   </div>
   <div class='ocr_carea' id='block_1_10' title="bbox 116 957 1776 1031">
    <p class='ocr_par' dir='ltr' id='par_1_10' title="bbox 116 957 1776 1031">
     <span class='ocr_line' id='line_1_10' title="bbox 116 957 1776 1031; baseline 0 -17"><span class='ocrx_word' id='word_1_58' title='bbox 116 957 500 1027; x_wconf 85' lang='lat' dir='ltr'><strong>singulariter</strong></span> <span class='ocrx_word' id='word_1_59' title='bbox 525 958 857 1014; x_wconf 87' lang='lat' dir='ltr'><strong>intimabat.</strong></span> <span class='ocrx_word' id='word_1_60' title='bbox 894 958 1178 1030; x_wconf 83' lang='lat' dir='ltr'><strong>Expedite</strong></span> <span class='ocrx_word' id='word_1_61' title='bbox 1204 975 1388 1030; x_wconf 90' lang='lat' dir='ltr'><strong>quam</strong></span> <span class='ocrx_word' id='word_1_62' title='bbox 1418 960 1626 1031; x_wconf 90' lang='lat' dir='ltr'><strong>paucis</strong></span> <span class='ocrx_word' id='word_1_63' title='bbox 1644 975 1776 1015; x_wconf 88' lang='lat' dir='ltr'><strong>ora-</strong></span> 
     </span>
    </p>
   </div>
   <div class='ocr_carea' id='block_1_11' title="bbox 117 1047 1624 1120">
    <p class='ocr_par' dir='ltr' id='par_1_11' title="bbox 117 1047 1624 1120">
     <span class='ocr_line' id='line_1_11' title="bbox 117 1047 1624 1120; baseline -0.001 -17"><span class='ocrx_word' id='word_1_64' title='bbox 117 1048 280 1116; x_wconf 87' lang='lat' dir='ltr'><strong>culo,</strong></span> <span class='ocrx_word' id='word_1_65' title='bbox 315 1064 505 1103; x_wconf 89' lang='lat' dir='ltr'><strong>unum</strong></span> <span class='ocrx_word' id='word_1_66' title='bbox 544 1062 788 1120; x_wconf 88' lang='lat' dir='ltr'><strong>quoque</strong></span> <span class='ocrx_word' id='word_1_67' title='bbox 819 1047 892 1102; x_wconf 92' lang='lat' dir='ltr'><strong>de</strong></span> <span class='ocrx_word' id='word_1_68' title='bbox 924 1047 1228 1102; x_wconf 86' lang='lat' dir='ltr'><strong>miraculis</strong></span> <span class='ocrx_word' id='word_1_69' title='bbox 1260 1048 1624 1104; x_wconf 82' lang='lat' dir='ltr'><strong>absolvatur.</strong></span> 
     </span>
    </p>
   </div>
   <div class='ocr_carea' id='block_1_12' title="bbox 191 1136 1778 1208">
    <p class='ocr_par' dir='ltr' id='par_1_12' title="bbox 191 1136 1778 1208">
     <span class='ocr_line' id='line_1_12' title="bbox 191 1136 1778 1208; baseline 0.001 -17"><span class='ocrx_word' id='word_1_70' title='bbox 191 1142 465 1208; x_wconf 63' lang='lat' dir='ltr'><strong>Accepta:</strong></span> <span class='ocrx_word' id='word_1_71' title='bbox 492 1141 631 1191; x_wconf 87' lang='lat' dir='ltr'><strong>sunt</strong></span> <span class='ocrx_word' id='word_1_72' title='bbox 657 1153 692 1191; x_wconf 90' lang='lat' dir='ltr'><strong>a</strong></span> <span class='ocrx_word' id='word_1_73' title='bbox 718 1141 926 1192; x_wconf 89' lang='lat' dir='ltr'><strong>sancto</strong></span> <span class='ocrx_word' id='word_1_74' title='bbox 954 1139 1148 1208; x_wconf 81' lang='lat' dir='ltr'><strong>Moyse</strong></span> <span class='ocrx_word' id='word_1_75' title='bbox 1186 1136 1435 1205; x_wconf 59' lang='lat' dir='ltr'><strong>singulae</strong></span> <span class='ocrx_word' id='word_1_76' title='bbox 1467 1137 1647 1206; x_wconf 70' lang='lat' dir='ltr'><strong>virgae</strong></span> <span class='ocrx_word' id='word_1_77' title='bbox 1704 1137 1778 1192; x_wconf 92' lang='lat' dir='ltr'><strong>de</strong></span> 
     </span>
    </p>
   </div>
   <div class='ocr_carea' id='block_1_13' title="bbox 122 1225 1778 1296">
    <p class='ocr_par' dir='ltr' id='par_1_13' title="bbox 122 1225 1778 1296">
     <span class='ocr_line' id='line_1_13' title="bbox 122 1225 1778 1296; baseline 0.001 -16"><span class='ocrx_word' id='word_1_78' title='bbox 122 1226 379 1295; x_wconf 75' lang='lat' dir='ltr'><strong>singulis</strong></span> <span class='ocrx_word' id='word_1_79' title='bbox 411 1225 687 1282; x_wconf 86' lang='lat' dir='ltr'><strong>tribubus</strong></span> <span class='ocrx_word' id='word_1_80' title='bbox 722 1225 922 1296; x_wconf 86' lang='lat' dir='ltr'><strong>Israel,</strong></span> <span class='ocrx_word' id='word_1_81' title='bbox 955 1225 1301 1282; x_wconf 88' lang='lat' dir='ltr'><strong>nominibus</strong></span> <span class='ocrx_word' id='word_1_82' title='bbox 1339 1243 1544 1282; x_wconf 89' lang='lat' dir='ltr'><strong>carum</strong></span> <span class='ocrx_word' id='word_1_83' title='bbox 1577 1226 1778 1281; x_wconf 89' lang='lat' dir='ltr'><strong>inscri-</strong></span> 
     </span>
    </p>
   </div>
   <div class='ocr_carea' id='block_1_14' title="bbox 115 1313 1779 1387">
    <p class='ocr_par' dir='ltr' id='par_1_14' title="bbox 115 1313 1779 1387">
     <span class='ocr_line' id='line_1_14' title="bbox 115 1313 1779 1387; baseline -0.001 -17"><span class='ocrx_word' id='word_1_84' title='bbox 115 1319 255 1387; x_wconf 71' lang='lat' dir='ltr'><strong>ptee,</strong></span> <span class='ocrx_word' id='word_1_85' title='bbox 306 1314 554 1385; x_wconf 89' lang='lat' dir='ltr'><strong>jubente</strong></span> <span class='ocrx_word' id='word_1_86' title='bbox 610 1313 879 1380; x_wconf 91' lang='lat' dir='ltr'><strong>Domino,</strong></span> <span class='ocrx_word' id='word_1_87' title='bbox 931 1317 988 1370; x_wconf 91' lang='lat' dir='ltr'><strong>et</strong></span> <span class='ocrx_word' id='word_1_88' title='bbox 1032 1314 1236 1385; x_wconf 71' lang='lat' dir='ltr'><strong>positae</strong></span> <span class='ocrx_word' id='word_1_89' title='bbox 1289 1313 1347 1368; x_wconf 90' lang='lat' dir='ltr'><strong>in</strong></span> <span class='ocrx_word' id='word_1_90' title='bbox 1395 1314 1779 1370; x_wconf 89' lang='lat' dir='ltr'><strong>tabernaculo</strong></span> 
     </span>
    </p>
   </div>
   <div class='ocr_carea' id='block_1_15' title="bbox 116 1402 1779 1475">
    <p class='ocr_par' dir='ltr' id='par_1_15' title="bbox 116 1402 1779 1475">
     <span class='ocr_line' id='line_1_15' title="bbox 116 1402 1779 1475; baseline 0 -17"><span class='ocrx_word' id='word_1_91' title='bbox 116 1405 249 1474; x_wconf 89' lang='lat' dir='ltr'><strong>ejus</strong></span> <span class='ocrx_word' id='word_1_92' title='bbox 285 1421 295 1456; x_wconf 93' lang='lat'><strong>:</strong></span> <span class='ocrx_word' id='word_1_93' title='bbox 324 1403 476 1458; x_wconf 89' lang='lat' dir='ltr'><strong>inter</strong></span> <span class='ocrx_word' id='word_1_94' title='bbox 495 1419 648 1475; x_wconf 91' lang='lat' dir='ltr'><strong>quas</strong></span> <span class='ocrx_word' id='word_1_95' title='bbox 684 1419 806 1458; x_wconf 91' lang='lat' dir='ltr'><strong>una</strong></span> <span class='ocrx_word' id='word_1_96' title='bbox 861 1419 996 1475; x_wconf 62' lang='lat' dir='ltr'><strong>quae</strong></span> <span class='ocrx_word' id='word_1_97' title='bbox 1027 1402 1217 1458; x_wconf 87' lang='lat' dir='ltr'><strong>fuerat</strong></span> <span class='ocrx_word' id='word_1_98' title='bbox 1260 1403 1477 1458; x_wconf 89' lang='lat' dir='ltr'><strong>Aaroni</strong></span> <span class='ocrx_word' id='word_1_99' title='bbox 1538 1403 1779 1458; x_wconf 91' lang='lat' dir='ltr'><strong>inventa</strong></span> 
     </span>
    </p>
   </div>
   <div class='ocr_carea' id='block_1_16' title="bbox 115 1491 1776 1564">
    <p class='ocr_par' dir='ltr' id='par_1_16' title="bbox 115 1491 1776 1564">
     <span class='ocr_line' id='line_1_16' title="bbox 115 1491 1776 1564; baseline 0.001 -18"><span class='ocrx_word' id='word_1_100' title='bbox 115 1497 209 1547; x_wconf 91' lang='lat' dir='ltr'><strong>est</strong></span> <span class='ocrx_word' id='word_1_101' title='bbox 233 1492 506 1564; x_wconf 86' lang='lat' dir='ltr'><strong>sequenti</strong></span> <span class='ocrx_word' id='word_1_102' title='bbox 534 1491 630 1546; x_wconf 91' lang='lat' dir='ltr'><strong>die</strong></span> <span class='ocrx_word' id='word_1_103' title='bbox 661 1492 1050 1560; x_wconf 89' lang='lat' dir='ltr'><strong>germinasse,</strong></span> <span class='ocrx_word' id='word_1_104' title='bbox 1092 1492 1386 1559; x_wconf 87' lang='lat' dir='ltr'><strong>ﬂoruisse,</strong></span> <span class='ocrx_word' id='word_1_105' title='bbox 1418 1493 1776 1561; x_wconf 90' lang='lat' dir='ltr'><strong>fronduisse,</strong></span> 
     </span>
    </p>
   </div>
   <div class='ocr_carea' id='block_1_17' title="bbox 114 1581 1779 1653">
    <p class='ocr_par' dir='ltr' id='par_1_17' title="bbox 114 1581 1779 1653">
     <span class='ocr_line' id='line_1_17' title="bbox 114 1581 1779 1653; baseline -0.001 -16"><span class='ocrx_word' id='word_1_106' title='bbox 114 1585 174 1637; x_wconf 91' lang='lat' dir='ltr'><strong>et</strong></span> <span class='ocrx_word' id='word_1_107' title='bbox 202 1581 505 1653; x_wconf 88' lang='lat' dir='ltr'><strong>peperisse</strong></span> <span class='ocrx_word' id='word_1_108' title='bbox 538 1581 880 1652; x_wconf 83' lang='lat' dir='ltr'><strong>amygdala.</strong></span> <span class='ocrx_word' id='word_1_109' title='bbox 915 1581 1113 1637; x_wconf 85' lang='lat' dir='ltr'><strong>Sciens</strong></span> <span class='ocrx_word' id='word_1_110' title='bbox 1140 1597 1281 1651; x_wconf 91' lang='lat' dir='ltr'><strong>ergo</strong></span> <span class='ocrx_word' id='word_1_111' title='bbox 1333 1581 1618 1637; x_wconf 85' lang='lat' dir='ltr'><strong>Dominus</strong></span> <span class='ocrx_word' id='word_1_112' title='bbox 1666 1583 1779 1636; x_wconf 89' lang='lat' dir='ltr'><strong>hoc</strong></span> 
     </span>
    </p>
   </div>
   <div class='ocr_carea' id='block_1_18' title="bbox 115 1669 1778 1743">
    <p class='ocr_par' dir='ltr' id='par_1_18' title="bbox 115 1669 1778 1743">
     <span class='ocr_line' id='line_1_18' title="bbox 115 1669 1778 1743; baseline -0.002 -16"><span class='ocrx_word' id='word_1_113' title='bbox 115 1687 274 1743; x_wconf 91' lang='lat' dir='ltr'><strong>opus</strong></span> <span class='ocrx_word' id='word_1_114' title='bbox 303 1687 480 1725; x_wconf 90' lang='lat' dir='ltr'><strong>suum</strong></span> <span class='ocrx_word' id='word_1_115' title='bbox 506 1670 713 1738; x_wconf 81' lang='lat' dir='ltr'><strong>magni</strong></span> <span class='ocrx_word' id='word_1_116' title='bbox 736 1686 863 1724; x_wconf 84' lang='lat' dir='ltr'><strong>esse.</strong></span> <span class='ocrx_word' id='word_1_117' title='bbox 894 1669 1179 1740; x_wconf 84' lang='lat' dir='ltr'><strong>mysterii,</strong></span> <span class='ocrx_word' id='word_1_118' title='bbox 1202 1670 1378 1740; x_wconf 86' lang='lat' dir='ltr'><strong>jussit</strong></span> <span class='ocrx_word' id='word_1_119' title='bbox 1398 1670 1618 1724; x_wconf 89' lang='lat' dir='ltr'><strong>servari</strong></span> <span class='ocrx_word' id='word_1_120' title='bbox 1668 1670 1778 1725; x_wconf 89' lang='lat' dir='ltr'><strong>vir-</strong></span> 
     </span>
    </p>
   </div>
   <div class='ocr_carea' id='block_1_19' title="bbox 115 1759 1781 1831">
    <p class='ocr_par' dir='ltr' id='par_1_19' title="bbox 115 1759 1781 1831">
     <span class='ocr_line' id='line_1_19' title="bbox 115 1759 1781 1831; baseline -0.001 -16"><span class='ocrx_word' id='word_1_121' title='bbox 115 1776 263 1831; x_wconf 89' lang='lat' dir='ltr'><strong>gam</strong></span> <span class='ocrx_word' id='word_1_122' title='bbox 285 1760 362 1816; x_wconf 92' lang='lat' dir='ltr'><strong>ad</strong></span> <span class='ocrx_word' id='word_1_123' title='bbox 394 1760 853 1815; x_wconf 88' lang='lat' dir='ltr'><strong>monimentum.</strong></span> <span class='ocrx_word' id='word_1_124' title='bbox 906 1759 1293 1816; x_wconf 81' lang='lat' dir='ltr'><strong>Monebantur</strong></span> <span class='ocrx_word' id='word_1_125' title='bbox 1331 1759 1489 1814; x_wconf 91' lang='lat' dir='ltr'><strong>enim</strong></span> <span class='ocrx_word' id='word_1_126' title='bbox 1545 1759 1647 1814; x_wconf 90' lang='lat' dir='ltr'><strong>ﬁlii</strong></span> <span class='ocrx_word' id='word_1_127' title='bbox 1699 1765 1781 1814; x_wconf 93' lang='lat' dir='ltr'><strong>ls-</strong></span> 
     </span>
    </p>
   </div>
   <div class='ocr_carea' id='block_1_20' title="bbox 113 1849 1784 1922">
    <p class='ocr_par' dir='ltr' id='par_1_20' title="bbox 113 1849 1784 1922">
     <span class='ocr_line' id='line_1_20' title="bbox 113 1849 1784 1922; baseline -0.001 -17"><span class='ocrx_word' id='word_1_128' title='bbox 113 1850 244 1905; x_wconf 90' lang='lat' dir='ltr'><strong>rael</strong></span> <span class='ocrx_word' id='word_1_129' title='bbox 274 1849 588 1922; x_wconf 70' lang='lat' dir='ltr'><strong>praasentia</strong></span> <span class='ocrx_word' id='word_1_130' title='bbox 617 1849 818 1917; x_wconf 67' lang='lat' dir='ltr'><strong>virgae,</strong></span> <span class='ocrx_word' id='word_1_131' title='bbox 851 1865 1118 1920; x_wconf 65' lang='lat' dir='ltr'><strong>quaerere</strong></span> <span class='ocrx_word' id='word_1_132' title='bbox 1153 1849 1398 1904; x_wconf 89' lang='lat' dir='ltr'><strong>sollicite</strong></span> <span class='ocrx_word' id='word_1_133' title='bbox 1430 1849 1577 1921; x_wconf 88' lang='lat' dir='ltr'><strong>quid</strong></span> <span class='ocrx_word' id='word_1_134' title='bbox 1609 1849 1784 1918; x_wconf 90' lang='lat' dir='ltr'><strong>signi-</strong></span> 
     </span>
    </p>
   </div>
   <div class='ocr_carea' id='block_1_21' title="bbox 114 1938 1781 2010">
    <p class='ocr_par' dir='ltr' id='par_1_21' title="bbox 114 1938 1781 2010">
     <span class='ocr_line' id='line_1_21' title="bbox 114 1938 1781 2010; baseline -0.002 -14"><span class='ocrx_word' id='word_1_135' title='bbox 114 1942 326 1996; x_wconf 84' lang='lat' dir='ltr'><strong>ﬁcaret</strong></span> <span class='ocrx_word' id='word_1_136' title='bbox 357 1944 476 1994; x_wconf 88' lang='lat' dir='ltr'><strong>tam</strong></span> <span class='ocrx_word' id='word_1_137' title='bbox 507 1938 776 1994; x_wconf 87' lang='lat' dir='ltr'><strong>mirabile</strong></span> <span class='ocrx_word' id='word_1_138' title='bbox 810 1938 1054 2003; x_wconf 89' lang='lat' dir='ltr'><strong>factum,</strong></span> <span class='ocrx_word' id='word_1_139' title='bbox 1085 1938 1248 2010; x_wconf 85' lang='lat' dir='ltr'><strong>quod</strong></span> <span class='ocrx_word' id='word_1_140' title='bbox 1268 1938 1447 2007; x_wconf 85' lang='lat' dir='ltr'><strong>longo</strong></span> <span class='ocrx_word' id='word_1_141' title='bbox 1473 1943 1611 2010; x_wconf 93' lang='lat' dir='ltr'><strong>post</strong></span> <span class='ocrx_word' id='word_1_142' title='bbox 1641 1955 1781 2010; x_wconf 90' lang='lat' dir='ltr'><strong>ape-</strong></span> 
     </span>
    </p>
   </div>
   <div class='ocr_carea' id='block_1_22' title="bbox 116 2027 1786 2099">
    <p class='ocr_par' dir='ltr' id='par_1_22' title="bbox 116 2027 1786 2099">
     <span class='ocr_line' id='line_1_22' title="bbox 116 2027 1786 2099; baseline -0.002 -14"><span class='ocrx_word' id='word_1_143' title='bbox 116 2029 284 2085; x_wconf 89' lang='lat' dir='ltr'><strong>riens</strong></span> <span class='ocrx_word' id='word_1_144' title='bbox 317 2027 557 2083; x_wconf 88' lang='lat' dir='ltr'><strong>divinus</strong></span> <span class='ocrx_word' id='word_1_145' title='bbox 591 2028 772 2082; x_wconf 89' lang='lat' dir='ltr'><strong>Isaias</strong></span> <span class='ocrx_word' id='word_1_146' title='bbox 803 2044 814 2081; x_wconf 94' lang='lat'><strong>:</strong></span> <span class='ocrx_word' id='word_1_147' title='bbox 848 2028 1239 2098; x_wconf 83' lang='lat' dir='ltr'><strong>Egredielur,</strong></span> <span class='ocrx_word' id='word_1_148' title='bbox 1277 2027 1489 2099; x_wconf 90' lang='lat' dir='ltr'><strong>inquit,</strong></span> <span class='ocrx_word' id='word_1_149' title='bbox 1518 2029 1689 2098; x_wconf 83' lang='lat' dir='ltr'><strong>virga</strong></span> <span class='ocrx_word' id='word_1_150' title='bbox 1714 2027 1786 2082; x_wconf 84' lang='lat' dir='ltr'><strong>de</strong></span> 
     </span>
    </p>
   </div>
   <div class='ocr_carea' id='block_1_23' title="bbox 118 2117 1785 2185">
    <p class='ocr_par' dir='ltr' id='par_1_23' title="bbox 118 2117 1785 2185">
     <span class='ocr_line' id='line_1_23' title="bbox 118 2117 1785 2185; baseline -0.002 -11"><span class='ocrx_word' id='word_1_151' title='bbox 118 2119 328 2174; x_wconf 78' lang='lat' dir='ltr'><strong>radice</strong></span> <span class='ocrx_word' id='word_1_152' title='bbox 351 2119 525 2182; x_wconf 88' lang='lat' dir='ltr'><strong>Jesse,</strong></span> <span class='ocrx_word' id='word_1_153' title='bbox 551 2123 602 2172; x_wconf 90' lang='lat' dir='ltr'><strong>et</strong></span> <span class='ocrx_word' id='word_1_154' title='bbox 630 2121 740 2185; x_wconf 83' lang='lat' dir='ltr'><strong>[los</strong></span> <span class='ocrx_word' id='word_1_155' title='bbox 769 2117 841 2172; x_wconf 83' lang='lat' dir='ltr'><strong>de</strong></span> <span class='ocrx_word' id='word_1_156' title='bbox 868 2118 1072 2172; x_wconf 80' lang='lat' dir='ltr'><strong>radice</strong></span> <span class='ocrx_word' id='word_1_157' title='bbox 1103 2119 1230 2185; x_wconf 87' lang='lat' dir='ltr'><strong>ejus</strong></span> <span class='ocrx_word' id='word_1_158' title='bbox 1257 2118 1550 2181; x_wconf 78' lang='lat' dir='ltr'><strong>ascendet,</strong></span> <span class='ocrx_word' id='word_1_159' title='bbox 1586 2121 1637 2172; x_wconf 90' lang='lat' dir='ltr'><strong>et</strong></span> <span class='ocrx_word' id='word_1_160' title='bbox 1696 2132 1785 2171; x_wconf 89' lang='lat' dir='ltr'><strong>re-</strong></span> 
     </span>
    </p>
   </div>
   <div class='ocr_carea' id='block_1_24' title="bbox 118 2207 1781 2281">
    <p class='ocr_par' dir='ltr' id='par_1_24' title="bbox 118 2207 1781 2281">
     <span class='ocr_line' id='line_1_24' title="bbox 118 2207 1781 2281; baseline -0.002 -19"><span class='ocrx_word' id='word_1_161' title='bbox 118 2210 378 2281; x_wconf 79' lang='lat' dir='ltr'><strong>quiescet</strong></span> <span class='ocrx_word' id='word_1_162' title='bbox 414 2222 594 2276; x_wconf 82' lang='lat' dir='ltr'><strong>super</strong></span> <span class='ocrx_word' id='word_1_163' title='bbox 623 2222 753 2262; x_wconf 86' lang='lat' dir='ltr'><strong>eum</strong></span> <span class='ocrx_word' id='word_1_164' title='bbox 787 2208 1052 2275; x_wconf 69' lang='lat' dir='ltr'><strong>Spiritus</strong></span> <span class='ocrx_word' id='word_1_165' title='bbox 1108 2207 1351 2260; x_wconf 76' lang='lat' dir='ltr'><strong>Domini</strong></span> <span class='ocrx_word' id='word_1_166' title='bbox 1399 2207 1540 2275; x_wconf 86' lang='lat' dir='ltr'><strong>(lsa.</strong></span> <span class='ocrx_word' id='word_1_167' title='bbox 1574 2223 1652 2272; x_wconf 68' lang='grc' dir='ltr'><strong>χι,</strong></span> <span class='ocrx_word' id='word_1_168' title='bbox 1716 2210 1781 2270; x_wconf 90' lang='lat' dir='ltr'><strong>t).</strong></span> 
     </span>
    </p>
   </div>
   <div class='ocr_carea' id='block_1_25' title="bbox 117 2293 1784 2367">
    <p class='ocr_par' dir='ltr' id='par_1_25' title="bbox 117 2293 1784 2367">
     <span class='ocr_line' id='line_1_25' title="bbox 117 2293 1784 2367; baseline -0.003 -14"><span class='ocrx_word' id='word_1_169' title='bbox 117 2297 209 2353; x_wconf 83' lang='lat' dir='ltr'><strong>Ad</strong></span> <span class='ocrx_word' id='word_1_170' title='bbox 242 2298 370 2352; x_wconf 68' lang='lat' dir='ltr'><strong>haec</strong></span> <span class='ocrx_word' id='word_1_171' title='bbox 399 2295 586 2350; x_wconf 89' lang='lat' dir='ltr'><strong>verba</strong></span> <span class='ocrx_word' id='word_1_172' title='bbox 615 2300 904 2367; x_wconf 88' lang='lat' dir='ltr'><strong>tanquam</strong></span> <span class='ocrx_word' id='word_1_173' title='bbox 939 2293 1239 2350; x_wconf 88' lang='lat' dir='ltr'><strong>auditores</strong></span> <span class='ocrx_word' id='word_1_174' title='bbox 1261 2295 1390 2364; x_wconf 85' lang='lat' dir='ltr'><strong>ejus</strong></span> <span class='ocrx_word' id='word_1_175' title='bbox 1421 2295 1682 2350; x_wconf 85' lang='lat' dir='ltr'><strong>dicerent</strong></span> <span class='ocrx_word' id='word_1_176' title='bbox 1707 2311 1718 2348; x_wconf 91' lang='lat'>:</span> <span class='ocrx_word' id='word_1_177' title='bbox 1742 2295 1784 2349; x_wconf 92' lang='grc' dir='ltr'><strong>Ο</strong></span> 
     </span>
    </p>
   </div>
   <div class='ocr_carea' id='block_1_26' title="bbox 119 2383 1783 2460">
    <p class='ocr_par' dir='ltr' id='par_1_26' title="bbox 119 2383 1783 2460">
     <span class='ocr_line' id='line_1_26' title="bbox 119 2383 1783 2460; baseline -0.003 -18"><span class='ocrx_word' id='word_1_178' title='bbox 119 2391 294 2460; x_wconf 88' lang='lat' dir='ltr'><strong>pater</strong></span> <span class='ocrx_word' id='word_1_179' title='bbox 329 2385 501 2456; x_wconf 89' lang='lat' dir='ltr'><strong>Isaia,</strong></span> <span class='ocrx_word' id='word_1_180' title='bbox 530 2385 785 2440; x_wconf 89' lang='lat' dir='ltr'><strong>obscure</strong></span> <span class='ocrx_word' id='word_1_181' title='bbox 843 2383 1123 2456; x_wconf 91' lang='lat' dir='ltr'><strong>loqueris,</strong></span> <span class='ocrx_word' id='word_1_182' title='bbox 1169 2384 1264 2438; x_wconf 90' lang='lat' dir='ltr'><strong>die</strong></span> <span class='ocrx_word' id='word_1_183' title='bbox 1303 2384 1497 2450; x_wconf 88' lang='lat' dir='ltr'><strong>nobis,</strong></span> <span class='ocrx_word' id='word_1_184' title='bbox 1558 2399 1783 2456; x_wconf 68' lang='lat' dir='ltr'><strong>quaeso,</strong></span> 
     </span>
    </p>
   </div>
   <div class='ocr_carea' id='block_1_27' title="bbox 121 2473 1781 2548">
    <p class='ocr_par' dir='ltr' id='par_1_27' title="bbox 121 2473 1781 2548">
     <span class='ocr_line' id='line_1_27' title="bbox 121 2473 1781 2548; baseline -0.002 -16"><span class='ocrx_word' id='word_1_185' title='bbox 121 2476 322 2548; x_wconf 87' lang='lat' dir='ltr'><strong>ipsam</strong></span> <span class='ocrx_word' id='word_1_186' title='bbox 351 2492 479 2530; x_wconf 90' lang='lat' dir='ltr'><strong>rem</strong></span> <span class='ocrx_word' id='word_1_187' title='bbox 524 2475 857 2540; x_wconf 83' lang='lat' dir='ltr'><strong>manifeste,</strong></span> <span class='ocrx_word' id='word_1_188' title='bbox 918 2473 1136 2544; x_wconf 84' lang='lat' dir='ltr'><strong>adjecit</strong></span> <span class='ocrx_word' id='word_1_189' title='bbox 1191 2473 1516 2528; x_wconf 86' lang='lat' dir='ltr'><strong>claritatem</strong></span> <span class='ocrx_word' id='word_1_190' title='bbox 1575 2479 1628 2528; x_wconf 91' lang='lat' dir='ltr'><strong>et</strong></span> <span class='ocrx_word' id='word_1_191' title='bbox 1656 2473 1781 2529; x_wconf 90' lang='lat' dir='ltr'><strong>ait:</strong></span> 
     </span>
    </p>
   </div>
   <div class='ocr_carea' id='block_1_28' title="bbox 121 2564 1784 2635">
    <p class='ocr_par' dir='ltr' id='par_1_28' title="bbox 121 2564 1784 2635">
     <span class='ocr_line' id='line_1_28' title="bbox 121 2564 1784 2635; baseline -0.004 -13"><span class='ocrx_word' id='word_1_192' title='bbox 121 2567 281 2622; x_wconf 86' lang='lat' dir='ltr'><strong>Ecce</strong></span> <span class='ocrx_word' id='word_1_193' title='bbox 308 2567 480 2635; x_wconf 80' lang='lat' dir='ltr'><strong>virgo</strong></span> <span class='ocrx_word' id='word_1_194' title='bbox 507 2566 794 2633; x_wconf 79' lang='lat' dir='ltr'><strong>concipiet</strong></span> <span class='ocrx_word' id='word_1_195' title='bbox 827 2570 878 2619; x_wconf 87' lang='lat' dir='ltr'><strong>et</strong></span> <span class='ocrx_word' id='word_1_196' title='bbox 905 2564 1102 2632; x_wconf 87' lang='lat' dir='ltr'><strong>pariet</strong></span> <span class='ocrx_word' id='word_1_197' title='bbox 1132 2564 1348 2631; x_wconf 81' lang='lat' dir='ltr'><strong>ﬁlium,</strong></span> <span class='ocrx_word' id='word_1_198' title='bbox 1379 2569 1431 2618; x_wconf 90' lang='lat' dir='ltr'><strong>et</strong></span> <span class='ocrx_word' id='word_1_199' title='bbox 1476 2564 1784 2618; x_wconf 79' lang='lat' dir='ltr'><strong>vocabitur</strong></span> 
     </span>
    </p>
   </div>
   <div class='ocr_carea' id='block_1_29' title="bbox 122 2652 1784 2724">
    <p class='ocr_par' dir='ltr' id='par_1_29' title="bbox 122 2652 1784 2724">
     <span class='ocr_line' id='line_1_29' title="bbox 122 2652 1784 2724; baseline -0.004 -12"><span class='ocrx_word' id='word_1_200' title='bbox 122 2671 339 2712; x_wconf 85' lang='lat' dir='ltr'><strong>nomen</strong></span> <span class='ocrx_word' id='word_1_201' title='bbox 373 2659 499 2724; x_wconf 86' lang='lat' dir='ltr'><strong>ejus</strong></span> <span class='ocrx_word' id='word_1_202' title='bbox 531 2656 888 2710; x_wconf 84' lang='lat' dir='ltr'><strong>Emmanuel</strong></span> <span class='ocrx_word' id='word_1_203' title='bbox 919 2655 1056 2722; x_wconf 88' lang='lat' dir='ltr'><strong>(Isa.</strong></span> <span class='ocrx_word' id='word_1_204' title='bbox 1091 2670 1183 2716; x_wconf 84' lang='lat' dir='ltr'><strong>vn,</strong></span> <span class='ocrx_word' id='word_1_205' title='bbox 1218 2655 1324 2720; x_wconf 67' lang='lat' dir='ltr'><strong>t-i).</strong></span> <span class='ocrx_word' id='word_1_206' title='bbox 1386 2652 1589 2707; x_wconf 77' lang='lat' dir='ltr'><strong>Filium</strong></span> <span class='ocrx_word' id='word_1_207' title='bbox 1640 2669 1784 2723; x_wconf 87' lang='lat' dir='ltr'><strong>quo-</strong></span> 
     </span>
    </p>
   </div>
   <div class='ocr_carea' id='block_1_30' title="bbox 122 2740 1786 2819">
    <p class='ocr_par' dir='ltr' id='par_1_30' title="bbox 122 2740 1786 2819">
     <span class='ocr_line' id='line_1_30' title="bbox 122 2740 1786 2819; baseline -0.004 -19"><span class='ocrx_word' id='word_1_208' title='bbox 122 2763 242 2819; x_wconf 91' lang='lat' dir='ltr'><strong>que</strong></span> <span class='ocrx_word' id='word_1_209' title='bbox 274 2744 546 2815; x_wconf 83' lang='lat' dir='ltr'><strong>Virginis,</strong></span> <span class='ocrx_word' id='word_1_210' title='bbox 581 2744 639 2799; x_wconf 88' lang='lat' dir='ltr'><strong>id</strong></span> <span class='ocrx_word' id='word_1_211' title='bbox 671 2741 1243 2810; x_wconf 85' lang='lat' dir='ltr'><strong>estEmmanuelem,</strong></span> <span class='ocrx_word' id='word_1_212' title='bbox 1263 2741 1543 2813; x_wconf 75' lang='lat' dir='ltr'><strong>prieelare</strong></span> <span class='ocrx_word' id='word_1_213' title='bbox 1571 2740 1786 2794; x_wconf 87' lang='lat' dir='ltr'><strong>descri-</strong></span> 
     </span>
    </p>
   </div>
   <div class='ocr_carea' id='block_1_31' title="bbox 123 2829 1784 2904">
    <p class='ocr_par' dir='ltr' id='par_1_31' title="bbox 123 2829 1784 2904">
     <span class='ocr_line' id='line_1_31' title="bbox 123 2829 1784 2904; baseline -0.005 -14"><span class='ocrx_word' id='word_1_214' title='bbox 123 2835 278 2890; x_wconf 90' lang='lat' dir='ltr'><strong>bens</strong></span> <span class='ocrx_word' id='word_1_215' title='bbox 313 2836 537 2903; x_wconf 84' lang='lat' dir='ltr'><strong>:Puer,</strong></span> <span class='ocrx_word' id='word_1_216' title='bbox 561 2833 770 2904; x_wconf 90' lang='lat' dir='ltr'><strong>inquit,</strong></span> <span class='ocrx_word' id='word_1_217' title='bbox 796 2837 974 2886; x_wconf 86' lang='lat' dir='ltr'><strong>natus</strong></span> <span class='ocrx_word' id='word_1_218' title='bbox 1005 2837 1088 2886; x_wconf 87' lang='lat' dir='ltr'><strong>est</strong></span> <span class='ocrx_word' id='word_1_219' title='bbox 1147 2830 1332 2898; x_wconf 85' lang='lat' dir='ltr'><strong>nobis,</strong></span> <span class='ocrx_word' id='word_1_220' title='bbox 1391 2831 1555 2899; x_wconf 85' lang='lat' dir='ltr'><strong>ﬁlius</strong></span> <span class='ocrx_word' id='word_1_221' title='bbox 1608 2829 1784 2883; x_wconf 81' lang='lat' dir='ltr'><strong>datus</strong></span> 
     </span>
    </p>
   </div>
   <div class='ocr_carea' id='block_1_32' title="bbox 125 2916 1781 2988">
    <p class='ocr_par' dir='ltr' id='par_1_32' title="bbox 125 2916 1781 2988">
     <span class='ocr_line' id='line_1_32' title="bbox 125 2916 1781 2988; baseline -0.005 -10"><span class='ocrx_word' id='word_1_222' title='bbox 125 2929 208 2978; x_wconf 87' lang='lat' dir='ltr'><strong>est</strong></span> <span class='ocrx_word' id='word_1_223' title='bbox 242 2923 432 2982; x_wconf 82' lang='lat' dir='ltr'><strong>nobis.</strong></span> <span class='ocrx_word' id='word_1_224' title='bbox 480 2927 535 2977; x_wconf 88' lang='lat' dir='ltr'><strong>et</strong></span> <span class='ocrx_word' id='word_1_225' title='bbox 591 2920 900 2976; x_wconf 83' lang='lat' dir='ltr'><strong>vocabitur</strong></span> <span class='ocrx_word' id='word_1_226' title='bbox 948 2934 1157 2974; x_wconf 80' lang='lat' dir='ltr'><strong>nomen</strong></span> <span class='ocrx_word' id='word_1_227' title='bbox 1215 2921 1342 2988; x_wconf 85' lang='lat' dir='ltr'><strong>ejus</strong></span> <span class='ocrx_word' id='word_1_228' title='bbox 1373 2916 1781 2981; x_wconf 80' lang='lat' dir='ltr'><strong>Admirabilis,</strong></span> 
     </span>
    </p>
   </div>
   <div class='ocr_carea' id='block_1_33' title="bbox 127 3005 1788 3078">
    <p class='ocr_par' dir='ltr' id='par_1_33' title="bbox 127 3005 1788 3078">
     <span class='ocr_line' id='line_1_33' title="bbox 127 3005 1788 3078; baseline -0.005 -12"><span class='ocrx_word' id='word_1_229' title='bbox 127 3012 554 3078; x_wconf 84' lang='lat' dir='ltr'><strong>Consiliarius,</strong></span> <span class='ocrx_word' id='word_1_230' title='bbox 569 3011 724 3065; x_wconf 86' lang='lat' dir='ltr'><strong>Deus</strong></span> <span class='ocrx_word' id='word_1_231' title='bbox 745 3009 946 3078; x_wconf 85' lang='lat' dir='ltr'><strong>fortis,</strong></span> <span class='ocrx_word' id='word_1_232' title='bbox 965 3009 1150 3062; x_wconf 80' lang='lat' dir='ltr'><strong>Pater</strong></span> <span class='ocrx_word' id='word_1_233' title='bbox 1166 3009 1374 3077; x_wconf 81' lang='lat' dir='ltr'><strong>futuri</strong></span> <span class='ocrx_word' id='word_1_234' title='bbox 1385 3005 1788 3073; x_wconf 64' lang='lat' dir='ltr'><strong>steculi,Prin-</strong></span> 
     </span>
    </p>
   </div>
   <div class='ocr_carea' id='block_1_34' title="bbox 1881 512 3530 585">
    <p class='ocr_par' dir='ltr' id='par_1_34' title="bbox 1881 512 3530 585">
     <span class='ocr_line' id='line_1_34' title="bbox 1881 512 3530 585; baseline 0.003 -19"><span class='ocrx_word' id='word_1_235' title='bbox 1881 512 2172 584; x_wconf 89' lang='lat' dir='ltr'><strong>quiddam</strong></span> <span class='ocrx_word' id='word_1_236' title='bbox 2202 513 2474 570; x_wconf 89' lang='lat' dir='ltr'><strong>innueret</strong></span> <span class='ocrx_word' id='word_1_237' title='bbox 2503 533 2514 569; x_wconf 91' lang='lat'><strong>:</strong></span> <span class='ocrx_word' id='word_1_238' title='bbox 2547 515 2961 585; x_wconf 87' lang='lat' dir='ltr'><strong>interpretatur</strong></span> <span class='ocrx_word' id='word_1_239' title='bbox 2992 515 3152 570; x_wconf 93' lang='lat' dir='ltr'><strong>enim</strong></span> <span class='ocrx_word' id='word_1_240' title='bbox 3179 519 3364 571; x_wconf 81' lang='lat' dir='ltr'><strong>maris</strong></span> <span class='ocrx_word' id='word_1_241' title='bbox 3394 518 3530 573; x_wconf 87' lang='lat' dir='ltr'><strong>stel-</strong></span> 
     </span>
    </p>
   </div>
   <div class='ocr_carea' id='block_1_35' title="bbox 1885 603 3529 675">
    <p class='ocr_par' dir='ltr' id='par_1_35' title="bbox 1885 603 3529 675">
     <span class='ocr_line' id='line_1_35' title="bbox 1885 603 3529 675; baseline 0.004 -19"><span class='ocrx_word' id='word_1_242' title='bbox 1885 604 1964 657; x_wconf 87' lang='lat' dir='ltr'><strong>la.</strong></span> <span class='ocrx_word' id='word_1_243' title='bbox 2001 603 2152 668; x_wconf 92' lang='lat' dir='ltr'><strong>Quid</strong></span> <span class='ocrx_word' id='word_1_244' title='bbox 2184 620 2326 673; x_wconf 89' lang='lat' dir='ltr'><strong>ergo</strong></span> <span class='ocrx_word' id='word_1_245' title='bbox 2357 603 2679 675; x_wconf 82' lang='lat' dir='ltr'><strong>mysticum</strong></span> <span class='ocrx_word' id='word_1_246' title='bbox 2713 604 2838 658; x_wconf 66' lang='lat' dir='ltr'><strong>haec</strong></span> <span class='ocrx_word' id='word_1_247' title='bbox 2882 605 3287 675; x_wconf 88' lang='lat' dir='ltr'><strong>interpretatio</strong></span> <span class='ocrx_word' id='word_1_248' title='bbox 3345 610 3529 674; x_wconf 83' lang='lat' dir='ltr'><strong>gerat,</strong></span> 
     </span>
    </p>
   </div>
   <div class='ocr_carea' id='block_1_36' title="bbox 1882 692 3533 766">
    <p class='ocr_par' dir='ltr' id='par_1_36' title="bbox 1882 692 3533 766">
     <span class='ocr_line' id='line_1_36' title="bbox 1882 692 3533 766; baseline 0.002 -18"><span class='ocrx_word' id='word_1_249' title='bbox 1882 707 1988 764; x_wconf 90' lang='lat' dir='ltr'><strong>per</strong></span> <span class='ocrx_word' id='word_1_250' title='bbox 2020 692 2468 748; x_wconf 87' lang='lat' dir='ltr'><strong>similitudinem</strong></span> <span class='ocrx_word' id='word_1_251' title='bbox 2500 693 2910 747; x_wconf 85' lang='lat' dir='ltr'><strong>ostendamus.</strong></span> <span class='ocrx_word' id='word_1_252' title='bbox 2932 694 3133 748; x_wconf 87' lang='lat' dir='ltr'><strong>Nautis</strong></span> <span class='ocrx_word' id='word_1_253' title='bbox 3165 695 3387 766; x_wconf 89' lang='lat' dir='ltr'><strong>quippe</strong></span> <span class='ocrx_word' id='word_1_254' title='bbox 3408 711 3533 751; x_wconf 88' lang='lat' dir='ltr'><strong>ma-</strong></span> 
     </span>
    </p>
   </div>
   <div class='ocr_carea' id='block_1_37' title="bbox 1883 782 3531 854">
    <p class='ocr_par' dir='ltr' id='par_1_37' title="bbox 1883 782 3531 854">
     <span class='ocr_line' id='line_1_37' title="bbox 1883 782 3531 854; baseline 0.002 -18"><span class='ocrx_word' id='word_1_255' title='bbox 1883 797 1944 836; x_wconf 92' lang='lat' dir='ltr'><strong>re</strong></span> <span class='ocrx_word' id='word_1_256' title='bbox 1971 783 2437 849; x_wconf 90' lang='lat' dir='ltr'><strong>transeuntibus,</strong></span> <span class='ocrx_word' id='word_1_257' title='bbox 2466 787 2672 838; x_wconf 86' lang='lat' dir='ltr'><strong>notare</strong></span> <span class='ocrx_word' id='word_1_258' title='bbox 2717 798 2870 854; x_wconf 91' lang='lat' dir='ltr'><strong>opus</strong></span> <span class='ocrx_word' id='word_1_259' title='bbox 2929 787 3016 837; x_wconf 89' lang='lat' dir='ltr'><strong>est</strong></span> <span class='ocrx_word' id='word_1_260' title='bbox 3066 782 3295 838; x_wconf 90' lang='lat' dir='ltr'><strong>stellam</strong></span> <span class='ocrx_word' id='word_1_261' title='bbox 3354 784 3531 852; x_wconf 89' lang='lat' dir='ltr'><strong>hanc,</strong></span> 
     </span>
    </p>
   </div>
   <div class='ocr_carea' id='block_1_38' title="bbox 1882 869 3534 939">
    <p class='ocr_par' dir='ltr' id='par_1_38' title="bbox 1882 869 3534 939">
     <span class='ocr_line' id='line_1_38' title="bbox 1882 869 3534 939; baseline 0.002 -15"><span class='ocrx_word' id='word_1_262' title='bbox 1882 869 2058 938; x_wconf 86' lang='lat' dir='ltr'><strong>longe</strong></span> <span class='ocrx_word' id='word_1_263' title='bbox 2089 887 2124 926; x_wconf 89' lang='lat' dir='ltr'><strong>a</strong></span> <span class='ocrx_word' id='word_1_264' title='bbox 2164 888 2405 926; x_wconf 86' lang='lat' dir='ltr'><strong>summo</strong></span> <span class='ocrx_word' id='word_1_265' title='bbox 2439 871 2568 926; x_wconf 59' lang='grc' dir='ltr'><strong>εαξιὶ</strong></span> <span class='ocrx_word' id='word_1_266' title='bbox 2599 869 2840 925; x_wconf 90' lang='lat' dir='ltr'><strong>cardine</strong></span> <span class='ocrx_word' id='word_1_267' title='bbox 2868 876 3304 939; x_wconf 88' lang='lat' dir='ltr'><strong>coruscantem,</strong></span> <span class='ocrx_word' id='word_1_268' title='bbox 3355 877 3411 926; x_wconf 91' lang='lat' dir='ltr'><strong>et</strong></span> <span class='ocrx_word' id='word_1_269' title='bbox 3461 889 3534 928; x_wconf 81' lang='lat' dir='ltr'><strong>ex</strong></span> 
     </span>
    </p>
   </div>
   <div class='ocr_carea' id='block_1_39' title="bbox 1882 959 3530 1032">
    <p class='ocr_par' dir='ltr' id='par_1_39' title="bbox 1882 959 3530 1032">
     <span class='ocr_line' id='line_1_39' title="bbox 1882 959 3530 1032; baseline 0.002 -20"><span class='ocrx_word' id='word_1_270' title='bbox 1882 965 2153 1031; x_wconf 87' lang='lat' dir='ltr'><strong>respectu</strong></span> <span class='ocrx_word' id='word_1_271' title='bbox 2209 960 2360 1014; x_wconf 90' lang='lat' dir='ltr'><strong>illius</strong></span> <span class='ocrx_word' id='word_1_272' title='bbox 2403 961 2694 1014; x_wconf 68' lang='lat' dir='ltr'><strong>aestimare</strong></span> <span class='ocrx_word' id='word_1_273' title='bbox 2748 965 2926 1032; x_wconf 89' lang='lat' dir='ltr'><strong>atque</strong></span> <span class='ocrx_word' id='word_1_274' title='bbox 2975 959 3228 1030; x_wconf 83' lang='lat' dir='ltr'><strong>dirigere</strong></span> <span class='ocrx_word' id='word_1_275' title='bbox 3285 977 3530 1016; x_wconf 91' lang='lat' dir='ltr'><strong>cursum</strong></span> 
     </span>
    </p>
   </div>
   <div class='ocr_carea' id='block_1_40' title="bbox 1884 1048 3534 1122">
    <p class='ocr_par' dir='ltr' id='par_1_40' title="bbox 1884 1048 3534 1122">
     <span class='ocr_line' id='line_1_40' title="bbox 1884 1048 3534 1122; baseline 0.002 -20"><span class='ocrx_word' id='word_1_276' title='bbox 1884 1064 2080 1112; x_wconf 91' lang='lat' dir='ltr'><strong>suum,</strong></span> <span class='ocrx_word' id='word_1_277' title='bbox 2118 1054 2179 1102; x_wconf 92' lang='lat' dir='ltr'><strong>ut</strong></span> <span class='ocrx_word' id='word_1_278' title='bbox 2226 1055 2464 1120; x_wconf 91' lang='lat' dir='ltr'><strong>portum</strong></span> <span class='ocrx_word' id='word_1_279' title='bbox 2506 1048 2867 1103; x_wconf 89' lang='lat' dir='ltr'><strong>destinatum</strong></span> <span class='ocrx_word' id='word_1_280' title='bbox 2897 1050 3344 1120; x_wconf 89' lang='lat' dir='ltr'><strong>apprehendere</strong></span> <span class='ocrx_word' id='word_1_281' title='bbox 3396 1066 3534 1122; x_wconf 88' lang='lat' dir='ltr'><strong>pos-</strong></span> 
     </span>
    </p>
   </div>
   <div class='ocr_carea' id='block_1_41' title="bbox 1885 1137 3538 1208">
    <p class='ocr_par' dir='ltr' id='par_1_41' title="bbox 1885 1137 3538 1208">
     <span class='ocr_line' id='line_1_41' title="bbox 1885 1137 3538 1208; baseline 0.001 -16"><span class='ocrx_word' id='word_1_282' title='bbox 1885 1141 2019 1193; x_wconf 90' lang='lat' dir='ltr'><strong>sint.</strong></span> <span class='ocrx_word' id='word_1_283' title='bbox 2053 1137 2238 1194; x_wconf 90' lang='lat' dir='ltr'><strong>Simili</strong></span> <span class='ocrx_word' id='word_1_284' title='bbox 2264 1137 2466 1202; x_wconf 90' lang='lat' dir='ltr'><strong>modo,</strong></span> <span class='ocrx_word' id='word_1_285' title='bbox 2501 1137 2730 1202; x_wconf 86' lang='lat' dir='ltr'><strong>fratres,</strong></span> <span class='ocrx_word' id='word_1_286' title='bbox 2765 1143 2996 1208; x_wconf 89' lang='lat' dir='ltr'><strong>oportet</strong></span> <span class='ocrx_word' id='word_1_287' title='bbox 3022 1139 3328 1194; x_wconf 86' lang='lat' dir='ltr'><strong>universos</strong></span> <span class='ocrx_word' id='word_1_288' title='bbox 3381 1139 3538 1195; x_wconf 85' lang='lat' dir='ltr'><strong>Chri-</strong></span> 
     </span>
    </p>
   </div>
   <div class='ocr_carea' id='block_1_42' title="bbox 1885 1227 3537 1301">
    <p class='ocr_par' dir='ltr' id='par_1_42' title="bbox 1885 1227 3537 1301">
     <span class='ocr_line' id='line_1_42' title="bbox 1885 1227 3537 1301; baseline 0.002 -19"><span class='ocrx_word' id='word_1_289' title='bbox 1885 1227 2145 1290; x_wconf 89' lang='lat' dir='ltr'><strong>sticolas,</strong></span> <span class='ocrx_word' id='word_1_290' title='bbox 2179 1229 2328 1283; x_wconf 90' lang='lat' dir='ltr'><strong>inter</strong></span> <span class='ocrx_word' id='word_1_291' title='bbox 2353 1228 2569 1283; x_wconf 86' lang='lat' dir='ltr'><strong>ﬂuctus</strong></span> <span class='ocrx_word' id='word_1_292' title='bbox 2599 1228 2780 1298; x_wconf 88' lang='lat' dir='ltr'><strong>hujus</strong></span> <span class='ocrx_word' id='word_1_293' title='bbox 2809 1228 3011 1282; x_wconf 66' lang='lat' dir='ltr'><strong>seaculi</strong></span> <span class='ocrx_word' id='word_1_294' title='bbox 3044 1229 3424 1301; x_wconf 86' lang='lat' dir='ltr'><strong>remigantes,</strong></span> <span class='ocrx_word' id='word_1_295' title='bbox 3457 1234 3537 1286; x_wconf 89' lang='lat' dir='ltr'><strong>at-</strong></span> 
     </span>
    </p>
   </div>
   <div class='ocr_carea' id='block_1_43' title="bbox 1885 1316 3535 1390">
    <p class='ocr_par' dir='ltr' id='par_1_43' title="bbox 1885 1316 3535 1390">
     <span class='ocr_line' id='line_1_43' title="bbox 1885 1316 3535 1390; baseline 0.001 -18"><span class='ocrx_word' id='word_1_296' title='bbox 1885 1317 2123 1372; x_wconf 90' lang='lat' dir='ltr'><strong>tendere</strong></span> <span class='ocrx_word' id='word_1_297' title='bbox 2150 1317 2333 1372; x_wconf 89' lang='lat' dir='ltr'><strong>maris</strong></span> <span class='ocrx_word' id='word_1_298' title='bbox 2364 1317 2592 1373; x_wconf 89' lang='lat' dir='ltr'><strong>stellam</strong></span> <span class='ocrx_word' id='word_1_299' title='bbox 2625 1317 2800 1385; x_wconf 89' lang='lat' dir='ltr'><strong>hanc,</strong></span> <span class='ocrx_word' id='word_1_300' title='bbox 2833 1316 2890 1371; x_wconf 88' lang='lat' dir='ltr'><strong>id</strong></span> <span class='ocrx_word' id='word_1_301' title='bbox 2941 1323 3028 1371; x_wconf 89' lang='lat' dir='ltr'><strong>est</strong></span> <span class='ocrx_word' id='word_1_302' title='bbox 3081 1318 3344 1384; x_wconf 81' lang='lat' dir='ltr'><strong>Mariam,</strong></span> <span class='ocrx_word' id='word_1_303' title='bbox 3399 1335 3535 1390; x_wconf 66' lang='lat' dir='ltr'><strong>qua:</strong></span> 
     </span>
    </p>
   </div>
   <div class='ocr_carea' id='block_1_44' title="bbox 1887 1404 3536 1477">
    <p class='ocr_par' dir='ltr' id='par_1_44' title="bbox 1887 1404 3536 1477">
     <span class='ocr_line' id='line_1_44' title="bbox 1887 1404 3536 1477; baseline 0.001 -18"><span class='ocrx_word' id='word_1_304' title='bbox 1887 1422 2171 1477; x_wconf 88' lang='lat' dir='ltr'><strong>supremo</strong></span> <span class='ocrx_word' id='word_1_305' title='bbox 2203 1422 2399 1460; x_wconf 90' lang='lat' dir='ltr'><strong>rerum</strong></span> <span class='ocrx_word' id='word_1_306' title='bbox 2431 1405 2691 1460; x_wconf 87' lang='lat' dir='ltr'><strong>cardinis</strong></span> <span class='ocrx_word' id='word_1_307' title='bbox 2721 1408 2838 1459; x_wconf 85' lang='lat' dir='ltr'><strong>Deo</strong></span> <span class='ocrx_word' id='word_1_308' title='bbox 2864 1404 3138 1476; x_wconf 81' lang='lat' dir='ltr'><strong>proxima</strong></span> <span class='ocrx_word' id='word_1_309' title='bbox 3158 1411 3265 1473; x_wconf 90' lang='lat' dir='ltr'><strong>est,</strong></span> <span class='ocrx_word' id='word_1_310' title='bbox 3321 1410 3378 1459; x_wconf 92' lang='lat' dir='ltr'><strong>ct</strong></span> <span class='ocrx_word' id='word_1_311' title='bbox 3415 1422 3536 1460; x_wconf 89' lang='lat' dir='ltr'><strong>res-</strong></span> 
     </span>
    </p>
   </div>
   <div class='ocr_carea' id='block_1_45' title="bbox 1884 1493 3538 1567">
    <p class='ocr_par' dir='ltr' id='par_1_45' title="bbox 1884 1493 3538 1567">
     <span class='ocr_line' id='line_1_45' title="bbox 1884 1493 3538 1567; baseline 0 -18"><span class='ocrx_word' id='word_1_312' title='bbox 1884 1501 2058 1567; x_wconf 91' lang='lat' dir='ltr'><strong>pectu</strong></span> <span class='ocrx_word' id='word_1_313' title='bbox 2092 1494 2349 1566; x_wconf 81' lang='lat' dir='ltr'><strong>exempli</strong></span> <span class='ocrx_word' id='word_1_314' title='bbox 2401 1495 2531 1564; x_wconf 89' lang='lat' dir='ltr'><strong>ejus</strong></span> <span class='ocrx_word' id='word_1_315' title='bbox 2585 1510 2828 1549; x_wconf 90' lang='lat' dir='ltr'><strong>cursum</strong></span> <span class='ocrx_word' id='word_1_316' title='bbox 2876 1493 3008 1548; x_wconf 62' lang='lat' dir='ltr'><strong>vitae</strong></span> <span class='ocrx_word' id='word_1_317' title='bbox 3059 1493 3331 1564; x_wconf 85' lang='lat' dir='ltr'><strong>dirigere.</strong></span> <span class='ocrx_word' id='word_1_318' title='bbox 3366 1494 3538 1558; x_wconf 88' lang='lat' dir='ltr'><strong>Quod</strong></span> 
     </span>
    </p>
   </div>
   <div class='ocr_carea' id='block_1_46' title="bbox 1886 1581 3537 1655">
    <p class='ocr_par' dir='ltr' id='par_1_46' title="bbox 1886 1581 3537 1655">
     <span class='ocr_line' id='line_1_46' title="bbox 1886 1581 3537 1655; baseline 0.001 -18"><span class='ocrx_word' id='word_1_319' title='bbox 1886 1583 1989 1655; x_wconf 90' lang='lat' dir='ltr'><strong>qui</strong></span> <span class='ocrx_word' id='word_1_320' title='bbox 2022 1583 2218 1638; x_wconf 85' lang='lat' dir='ltr'><strong>fecerit</strong></span> <span class='ocrx_word' id='word_1_321' title='bbox 2248 1599 2366 1638; x_wconf 91' lang='lat' dir='ltr'><strong>non</strong></span> <span class='ocrx_word' id='word_1_322' title='bbox 2393 1583 2716 1653; x_wconf 87' lang='lat' dir='ltr'><strong>jactabitur</strong></span> <span class='ocrx_word' id='word_1_323' title='bbox 2745 1599 2915 1637; x_wconf 67' lang='lat' dir='ltr'><strong>vanas</strong></span> <span class='ocrx_word' id='word_1_324' title='bbox 2946 1581 3146 1651; x_wconf 73' lang='lat' dir='ltr'><strong>gloriae</strong></span> <span class='ocrx_word' id='word_1_325' title='bbox 3176 1587 3369 1649; x_wconf 87' lang='lat' dir='ltr'><strong>vento,</strong></span> <span class='ocrx_word' id='word_1_326' title='bbox 3428 1599 3537 1638; x_wconf 90' lang='lat' dir='ltr'><strong>nec</strong></span> 
     </span>
    </p>
   </div>
   <div class='ocr_carea' id='block_1_47' title="bbox 1888 1672 3539 1745">
    <p class='ocr_par' dir='ltr' id='par_1_47' title="bbox 1888 1672 3539 1745">
     <span class='ocr_line' id='line_1_47' title="bbox 1888 1672 3539 1745; baseline 0.001 -19"><span class='ocrx_word' id='word_1_327' title='bbox 1888 1673 2192 1741; x_wconf 84' lang='lat' dir='ltr'><strong>frangetur</strong></span> <span class='ocrx_word' id='word_1_328' title='bbox 2225 1673 2484 1745; x_wconf 74' lang='lat' dir='ltr'><strong>scopulis</strong></span> <span class='ocrx_word' id='word_1_329' title='bbox 2519 1673 2929 1737; x_wconf 87' lang='lat' dir='ltr'><strong>adversorum,</strong></span> <span class='ocrx_word' id='word_1_330' title='bbox 2959 1688 3066 1727; x_wconf 91' lang='lat' dir='ltr'><strong>nec</strong></span> <span class='ocrx_word' id='word_1_331' title='bbox 3120 1672 3539 1728; x_wconf 89' lang='lat' dir='ltr'><strong>absorbebitur</strong></span> 
     </span>
    </p>
   </div>
   <div class='ocr_carea' id='block_1_48' title="bbox 1819 1761 3540 1834">
    <p class='ocr_par' dir='ltr' id='par_1_48' title="bbox 1819 1761 3540 1834">
     <span class='ocr_line' id='line_1_48' title="bbox 1819 1761 3540 1834; baseline 0.001 -18"><span class='ocrx_word' id='word_1_332' title='bbox 1819 1775 1859 1828; x_wconf 81' lang='grc' dir='ltr'><strong>Β</strong></span> <span class='ocrx_word' id='word_1_333' title='bbox 1891 1762 2129 1833; x_wconf 73' lang='lat' dir='ltr'><strong>scyllaea</strong></span> <span class='ocrx_word' id='word_1_334' title='bbox 2159 1762 2440 1826; x_wconf 82' lang='lat' dir='ltr'><strong>voragine</strong></span> <span class='ocrx_word' id='word_1_335' title='bbox 2468 1762 2863 1834; x_wconf 76' lang='lat' dir='ltr'><strong>voluptatum,</strong></span> <span class='ocrx_word' id='word_1_336' title='bbox 2899 1761 3003 1816; x_wconf 90' lang='lat' dir='ltr'><strong>sed</strong></span> <span class='ocrx_word' id='word_1_337' title='bbox 3033 1777 3314 1834; x_wconf 91' lang='lat' dir='ltr'><strong>prospere</strong></span> <span class='ocrx_word' id='word_1_338' title='bbox 3346 1764 3540 1818; x_wconf 84' lang='lat' dir='ltr'><strong>veniet</strong></span> 
     </span>
    </p>
   </div>
   <div class='ocr_carea' id='block_1_49' title="bbox 1891 1848 3540 1922">
    <p class='ocr_par' dir='ltr' id='par_1_49' title="bbox 1891 1848 3540 1922">
     <span class='ocr_line' id='line_1_49' title="bbox 1891 1848 3540 1922; baseline 0.001 -18"><span class='ocrx_word' id='word_1_339' title='bbox 1891 1848 1969 1905; x_wconf 89' lang='lat' dir='ltr'><strong>ad</strong></span> <span class='ocrx_word' id='word_1_340' title='bbox 1990 1854 2229 1922; x_wconf 91' lang='lat' dir='ltr'><strong>portum</strong></span> <span class='ocrx_word' id='word_1_341' title='bbox 2259 1849 2472 1921; x_wconf 89' lang='lat' dir='ltr'><strong>quietis</strong></span> <span class='ocrx_word' id='word_1_342' title='bbox 2501 1855 2753 1905; x_wconf 66' lang='lat' dir='ltr'><strong>aeternae.</strong></span> <span class='ocrx_word' id='word_1_343' title='bbox 2791 1849 2886 1904; x_wconf 81' lang='lat' dir='ltr'><strong>llic</strong></span> <span class='ocrx_word' id='word_1_344' title='bbox 2931 1849 2978 1904; x_wconf 92' lang='lat' dir='ltr'><strong>si</strong></span> <span class='ocrx_word' id='word_1_345' title='bbox 3029 1850 3165 1922; x_wconf 90' lang='lat' dir='ltr'><strong>quis</strong></span> <span class='ocrx_word' id='word_1_346' title='bbox 3222 1850 3540 1919; x_wconf 88' lang='lat' dir='ltr'><strong>interroget</strong></span> 
     </span>
    </p>
   </div>
   <div class='ocr_carea' id='block_1_50' title="bbox 1889 1939 3538 2011">
    <p class='ocr_par' dir='ltr' id='par_1_50' title="bbox 1889 1939 3538 2011">
     <span class='ocr_line' id='line_1_50' title="bbox 1889 1939 3538 2011; baseline 0.001 -18"><span class='ocrx_word' id='word_1_347' title='bbox 1889 1940 2114 2007; x_wconf 90' lang='lat' dir='ltr'><strong>dicens,</strong></span> <span class='ocrx_word' id='word_1_348' title='bbox 2138 1939 2279 2010; x_wconf 89' lang='lat' dir='ltr'><strong>quid</strong></span> <span class='ocrx_word' id='word_1_349' title='bbox 2306 1955 2447 2009; x_wconf 88' lang='lat' dir='ltr'><strong>ergo</strong></span> <span class='ocrx_word' id='word_1_350' title='bbox 2479 1945 2654 2011; x_wconf 88' lang='lat' dir='ltr'><strong>putas</strong></span> <span class='ocrx_word' id='word_1_351' title='bbox 2684 1939 2879 2011; x_wconf 90' lang='lat' dir='ltr'><strong>qualis</strong></span> <span class='ocrx_word' id='word_1_352' title='bbox 2903 1939 3044 1994; x_wconf 90' lang='lat' dir='ltr'><strong>olim</strong></span> <span class='ocrx_word' id='word_1_353' title='bbox 3071 1939 3132 1994; x_wconf 92' lang='lat' dir='ltr'><strong>in</strong></span> <span class='ocrx_word' id='word_1_354' title='bbox 3155 1939 3356 1994; x_wconf 91' lang='lat' dir='ltr'><strong>anima</strong></span> <span class='ocrx_word' id='word_1_355' title='bbox 3413 1939 3538 1995; x_wconf 90' lang='lat' dir='ltr'><strong>fue-</strong></span> 
     </span>
    </p>
   </div>
   <div class='ocr_carea' id='block_1_51' title="bbox 1889 2028 3540 2100">
    <p class='ocr_par' dir='ltr' id='par_1_51' title="bbox 1889 2028 3540 2100">
     <span class='ocr_line' id='line_1_51' title="bbox 1889 2028 3540 2100; baseline 0 -17"><span class='ocrx_word' id='word_1_356' title='bbox 1889 2029 1980 2094; x_wconf 92' lang='lat' dir='ltr'><strong>rit,</strong></span> <span class='ocrx_word' id='word_1_357' title='bbox 2013 2028 2104 2083; x_wconf 86' lang='lat' dir='ltr'><strong>vel</strong></span> <span class='ocrx_word' id='word_1_358' title='bbox 2135 2044 2294 2084; x_wconf 91' lang='lat' dir='ltr'><strong>nunc</strong></span> <span class='ocrx_word' id='word_1_359' title='bbox 2323 2029 2414 2098; x_wconf 92' lang='lat' dir='ltr'><strong>sit,</strong></span> <span class='ocrx_word' id='word_1_360' title='bbox 2448 2029 2575 2083; x_wconf 63' lang='lat' dir='ltr'><strong>haec</strong></span> <span class='ocrx_word' id='word_1_361' title='bbox 2611 2044 2892 2100; x_wconf 89' lang='lat' dir='ltr'><strong>persona,</strong></span> <span class='ocrx_word' id='word_1_362' title='bbox 2945 2045 3080 2099; x_wconf 65' lang='lat' dir='ltr'><strong>quae</strong></span> <span class='ocrx_word' id='word_1_363' title='bbox 3127 2028 3210 2083; x_wconf 90' lang='lat' dir='ltr'><strong>sic</strong></span> <span class='ocrx_word' id='word_1_364' title='bbox 3259 2028 3540 2084; x_wconf 90' lang='lat' dir='ltr'><strong>omnibus</strong></span> 
     </span>
    </p>
   </div>
   <div class='ocr_carea' id='block_1_52' title="bbox 1892 2115 3540 2189">
    <p class='ocr_par' dir='ltr' id='par_1_52' title="bbox 1892 2115 3540 2189">
     <span class='ocr_line' id='line_1_52' title="bbox 1892 2115 3540 2189; baseline 0.001 -18"><span class='ocrx_word' id='word_1_365' title='bbox 1892 2116 2110 2172; x_wconf 88' lang='lat' dir='ltr'><strong>sanctis</strong></span> <span class='ocrx_word' id='word_1_366' title='bbox 2131 2117 2457 2188; x_wconf 89' lang='lat' dir='ltr'><strong>spectanda</strong></span> <span class='ocrx_word' id='word_1_367' title='bbox 2489 2122 2666 2188; x_wconf 89' lang='lat' dir='ltr'><strong>atque</strong></span> <span class='ocrx_word' id='word_1_368' title='bbox 2698 2115 2987 2171; x_wconf 89' lang='lat' dir='ltr'><strong>imitanda</strong></span> <span class='ocrx_word' id='word_1_369' title='bbox 3018 2117 3370 2189; x_wconf 90' lang='lat' dir='ltr'><strong>proponitur</strong></span> <span class='ocrx_word' id='word_1_370' title='bbox 3389 2119 3416 2173; x_wconf 86' lang='lat'><strong>?</strong></span> <span class='ocrx_word' id='word_1_371' title='bbox 3444 2133 3540 2172; x_wconf 88' lang='lat' dir='ltr'><strong>ve-</strong></span> 
     </span>
    </p>
   </div>
   <div class='ocr_carea' id='block_1_53' title="bbox 1892 2205 3541 2278">
    <p class='ocr_par' dir='ltr' id='par_1_53' title="bbox 1892 2205 3541 2278">
     <span class='ocr_line' id='line_1_53' title="bbox 1892 2205 3541 2278; baseline 0.001 -18"><span class='ocrx_word' id='word_1_372' title='bbox 1892 2206 2102 2260; x_wconf 87' lang='lat' dir='ltr'><strong>raciter</strong></span> <span class='ocrx_word' id='word_1_373' title='bbox 2133 2206 2589 2276; x_wconf 89' lang='lat' dir='ltr'><strong>respondemus,</strong></span> <span class='ocrx_word' id='word_1_374' title='bbox 2619 2206 2754 2277; x_wconf 87' lang='lat' dir='ltr'><strong>quia</strong></span> <span class='ocrx_word' id='word_1_375' title='bbox 2790 2205 2965 2273; x_wconf 84' lang='lat' dir='ltr'><strong>longe</strong></span> <span class='ocrx_word' id='word_1_376' title='bbox 3000 2205 3312 2277; x_wconf 85' lang='lat' dir='ltr'><strong>perfectior</strong></span> <span class='ocrx_word' id='word_1_377' title='bbox 3355 2222 3541 2278; x_wconf 88' lang='lat' dir='ltr'><strong>quam</strong></span> 
     </span>
    </p>
   </div>
   <div class='ocr_carea' id='block_1_54' title="bbox 1891 2294 3542 2366">
    <p class='ocr_par' dir='ltr' id='par_1_54' title="bbox 1891 2294 3542 2366">
     <span class='ocr_line' id='line_1_54' title="bbox 1891 2294 3542 2366; baseline 0.001 -17"><span class='ocrx_word' id='word_1_378' title='bbox 1891 2301 2096 2350; x_wconf 89' lang='lat' dir='ltr'><strong>nostra</strong></span> <span class='ocrx_word' id='word_1_379' title='bbox 2117 2295 2384 2350; x_wconf 88' lang='lat' dir='ltr'><strong>oratione</strong></span> <span class='ocrx_word' id='word_1_380' title='bbox 2417 2294 2814 2350; x_wconf 89' lang='lat' dir='ltr'><strong>demonstrari</strong></span> <span class='ocrx_word' id='word_1_381' title='bbox 2845 2295 3046 2366; x_wconf 88' lang='lat' dir='ltr'><strong>possit.</strong></span> <span class='ocrx_word' id='word_1_382' title='bbox 3081 2298 3302 2350; x_wconf 87' lang='lat' dir='ltr'><strong>Tamen</strong></span> <span class='ocrx_word' id='word_1_383' title='bbox 3332 2312 3405 2351; x_wconf 90' lang='lat' dir='ltr'><strong>ne</strong></span> <span class='ocrx_word' id='word_1_384' title='bbox 3462 2295 3542 2350; x_wconf 89' lang='lat' dir='ltr'><strong>ibi</strong></span> 
     </span>
    </p>
   </div>
   <div class='ocr_carea' id='block_1_55' title="bbox 1894 2383 3543 2457">
    <p class='ocr_par' dir='ltr' id='par_1_55' title="bbox 1894 2383 3543 2457">
     <span class='ocr_line' id='line_1_55' title="bbox 1894 2383 3543 2457; baseline 0.001 -19"><span class='ocrx_word' id='word_1_385' title='bbox 1894 2383 2038 2438; x_wconf 89' lang='lat' dir='ltr'><strong>nihil</strong></span> <span class='ocrx_word' id='word_1_386' title='bbox 2069 2383 2264 2438; x_wconf 84' lang='lat' dir='ltr'><strong>dicere</strong></span> <span class='ocrx_word' id='word_1_387' title='bbox 2287 2400 2634 2451; x_wconf 71' lang='lat' dir='ltr'><strong>arguantur,</strong></span> <span class='ocrx_word' id='word_1_388' title='bbox 2666 2383 2768 2438; x_wconf 86' lang='lat' dir='ltr'><strong>ubi</strong></span> <span class='ocrx_word' id='word_1_389' title='bbox 2799 2383 2991 2453; x_wconf 88' lang='lat' dir='ltr'><strong>major</strong></span> <span class='ocrx_word' id='word_1_390' title='bbox 3021 2383 3209 2439; x_wconf 84' lang='lat' dir='ltr'><strong>afﬂuit</strong></span> <span class='ocrx_word' id='word_1_391' title='bbox 3233 2385 3406 2457; x_wconf 88' lang='lat' dir='ltr'><strong>copia</strong></span> <span class='ocrx_word' id='word_1_392' title='bbox 3457 2384 3543 2440; x_wconf 81' lang='lat' dir='ltr'><strong>di-</strong></span> 
     </span>
    </p>
   </div>
   <div class='ocr_carea' id='block_1_56' title="bbox 1893 2472 3544 2545">
    <p class='ocr_par' dir='ltr' id='par_1_56' title="bbox 1893 2472 3544 2545">
     <span class='ocr_line' id='line_1_56' title="bbox 1893 2472 3544 2545; baseline 0 -17"><span class='ocrx_word' id='word_1_393' title='bbox 1893 2473 2243 2540; x_wconf 84' lang='lat' dir='ltr'><strong>cendorum,</strong></span> <span class='ocrx_word' id='word_1_394' title='bbox 2266 2478 2639 2528; x_wconf 88' lang='lat' dir='ltr'><strong>reservantes</strong></span> <span class='ocrx_word' id='word_1_395' title='bbox 2672 2472 2860 2528; x_wconf 91' lang='lat' dir='ltr'><strong>multa</strong></span> <span class='ocrx_word' id='word_1_396' title='bbox 2890 2478 3067 2545; x_wconf 91' lang='lat' dir='ltr'><strong>atque</strong></span> <span class='ocrx_word' id='word_1_397' title='bbox 3093 2490 3315 2542; x_wconf 86' lang='lat' dir='ltr'><strong>magna</strong></span> <span class='ocrx_word' id='word_1_398' title='bbox 3344 2474 3544 2529; x_wconf 87' lang='lat' dir='ltr'><strong>facun-</strong></span> 
     </span>
    </p>
   </div>
   <div class='ocr_carea' id='block_1_57' title="bbox 1893 2563 3546 2635">
    <p class='ocr_par' dir='ltr' id='par_1_57' title="bbox 1893 2563 3546 2635">
     <span class='ocr_line' id='line_1_57' title="bbox 1893 2563 3546 2635; baseline 0.001 -19"><span class='ocrx_word' id='word_1_399' title='bbox 1893 2564 2007 2633; x_wconf 88' lang='lat' dir='ltr'><strong>dis,</strong></span> <span class='ocrx_word' id='word_1_400' title='bbox 2033 2563 2242 2618; x_wconf 90' lang='lat' dir='ltr'><strong>saltem</strong></span> <span class='ocrx_word' id='word_1_401' title='bbox 2273 2579 2469 2635; x_wconf 89' lang='lat' dir='ltr'><strong>pauca</strong></span> <span class='ocrx_word' id='word_1_402' title='bbox 2493 2563 2767 2617; x_wconf 87' lang='lat' dir='ltr'><strong>dicamus</strong></span> <span class='ocrx_word' id='word_1_403' title='bbox 2801 2579 2980 2634; x_wconf 88' lang='lat' dir='ltr'><strong>super</strong></span> <span class='ocrx_word' id='word_1_404' title='bbox 3007 2563 3142 2634; x_wconf 88' lang='lat' dir='ltr'><strong>hoc,</strong></span> <span class='ocrx_word' id='word_1_405' title='bbox 3198 2567 3251 2618; x_wconf 91' lang='lat' dir='ltr'><strong>et</strong></span> <span class='ocrx_word' id='word_1_406' title='bbox 3299 2580 3433 2635; x_wconf 66' lang='lat' dir='ltr'><strong>quas</strong></span> <span class='ocrx_word' id='word_1_407' title='bbox 3465 2563 3546 2618; x_wconf 88' lang='lat' dir='ltr'><strong>fa-</strong></span> 
     </span>
    </p>
   </div>
   <div class='ocr_carea' id='block_1_58' title="bbox 1895 2651 3544 2724">
    <p class='ocr_par' dir='ltr' id='par_1_58' title="bbox 1895 2651 3544 2724">
     <span class='ocr_line' id='line_1_58' title="bbox 1895 2651 3544 2724; baseline 0.001 -19"><span class='ocrx_word' id='word_1_408' title='bbox 1895 2651 2001 2706; x_wconf 91' lang='lat' dir='ltr'><strong>cile</strong></span> <span class='ocrx_word' id='word_1_409' title='bbox 2032 2651 2358 2723; x_wconf 79' lang='lat' dir='ltr'><strong>probentur</strong></span> <span class='ocrx_word' id='word_1_410' title='bbox 2388 2652 2609 2708; x_wconf 91' lang='lat' dir='ltr'><strong>audita.</strong></span> <span class='ocrx_word' id='word_1_411' title='bbox 2642 2656 2759 2707; x_wconf 83' lang='lat' dir='ltr'><strong>Hoc</strong></span> <span class='ocrx_word' id='word_1_412' title='bbox 2791 2652 2968 2720; x_wconf 86' lang='lat' dir='ltr'><strong>igitur</strong></span> <span class='ocrx_word' id='word_1_413' title='bbox 2993 2653 3053 2707; x_wconf 91' lang='lat' dir='ltr'><strong>in</strong></span> <span class='ocrx_word' id='word_1_414' title='bbox 3083 2653 3290 2724; x_wconf 89' lang='lat' dir='ltr'><strong>primis</strong></span> <span class='ocrx_word' id='word_1_415' title='bbox 3322 2657 3544 2707; x_wconf 90' lang='lat' dir='ltr'><strong>astrue-</strong></span> 
     </span>
    </p>
   </div>
   <div class='ocr_carea' id='block_1_59' title="bbox 1892 2740 3543 2813">
    <p class='ocr_par' dir='ltr' id='par_1_59' title="bbox 1892 2740 3543 2813">
     <span class='ocr_line' id='line_1_59' title="bbox 1892 2740 3543 2813; baseline 0.001 -19"><span class='ocrx_word' id='word_1_416' title='bbox 1892 2756 1954 2794; x_wconf 89' lang='lat' dir='ltr'><strong>re</strong></span> <span class='ocrx_word' id='word_1_417' title='bbox 1985 2740 2072 2795; x_wconf 83' lang='lat' dir='ltr'><strong>fas</strong></span> <span class='ocrx_word' id='word_1_418' title='bbox 2103 2745 2212 2809; x_wconf 73' lang='lat' dir='ltr'><strong>est,</strong></span> <span class='ocrx_word' id='word_1_419' title='bbox 2241 2741 2404 2812; x_wconf 86' lang='lat' dir='ltr'><strong>quod</strong></span> <span class='ocrx_word' id='word_1_420' title='bbox 2437 2740 2641 2795; x_wconf 88' lang='lat' dir='ltr'><strong>anima</strong></span> <span class='ocrx_word' id='word_1_421' title='bbox 2668 2740 2854 2812; x_wconf 87' lang='lat' dir='ltr'><strong>ipsius</strong></span> <span class='ocrx_word' id='word_1_422' title='bbox 2886 2745 2941 2795; x_wconf 81' lang='lat' dir='ltr'><strong>et</strong></span> <span class='ocrx_word' id='word_1_423' title='bbox 2970 2757 3110 2796; x_wconf 88' lang='lat' dir='ltr'><strong>caro</strong></span> <span class='ocrx_word' id='word_1_424' title='bbox 3134 2757 3319 2813; x_wconf 89' lang='lat' dir='ltr'><strong>quam</strong></span> <span class='ocrx_word' id='word_1_425' title='bbox 3349 2740 3543 2809; x_wconf 87' lang='lat' dir='ltr'><strong>elegit,</strong></span> 
     </span>
    </p>
   </div>
   <div class='ocr_carea' id='block_1_60' title="bbox 1895 2829 3547 2902">
    <p class='ocr_par' dir='ltr' id='par_1_60' title="bbox 1895 2829 3547 2902">
     <span class='ocr_line' id='line_1_60' title="bbox 1895 2829 3547 2902; baseline -0.001 -18"><span class='ocrx_word' id='word_1_426' title='bbox 1895 2834 1951 2884; x_wconf 91' lang='lat' dir='ltr'><strong>et</strong></span> <span class='ocrx_word' id='word_1_427' title='bbox 1976 2829 2386 2884; x_wconf 89' lang='lat' dir='ltr'><strong>habitaculum</strong></span> <span class='ocrx_word' id='word_1_428' title='bbox 2411 2830 2522 2884; x_wconf 90' lang='lat' dir='ltr'><strong>sibi</strong></span> <span class='ocrx_word' id='word_1_429' title='bbox 2547 2830 2679 2884; x_wconf 84' lang='lat' dir='ltr'><strong>fecit</strong></span> <span class='ocrx_word' id='word_1_430' title='bbox 2698 2829 2996 2902; x_wconf 88' lang='lat' dir='ltr'><strong>Sapientia</strong></span> <span class='ocrx_word' id='word_1_431' title='bbox 3013 2831 3108 2885; x_wconf 88' lang='lat' dir='ltr'><strong>Dei</strong></span> <span class='ocrx_word' id='word_1_432' title='bbox 3124 2829 3547 2898; x_wconf 84' lang='lat' dir='ltr'><strong>Patris,abom-</strong></span> 
     </span>
    </p>
   </div>
   <div class='ocr_carea' id='block_1_61' title="bbox 1893 2917 3544 2990">
    <p class='ocr_par' dir='ltr' id='par_1_61' title="bbox 1893 2917 3544 2990">
     <span class='ocr_line' id='line_1_61' title="bbox 1893 2917 3544 2990; baseline 0 -17"><span class='ocrx_word' id='word_1_433' title='bbox 1893 2919 1953 2973; x_wconf 90' lang='lat' dir='ltr'><strong>ni</strong></span> <span class='ocrx_word' id='word_1_434' title='bbox 1985 2919 2212 2974; x_wconf 89' lang='lat' dir='ltr'><strong>malitia</strong></span> <span class='ocrx_word' id='word_1_435' title='bbox 2265 2924 2321 2973; x_wconf 91' lang='lat' dir='ltr'><strong>et</strong></span> <span class='ocrx_word' id='word_1_436' title='bbox 2346 2918 2726 2973; x_wconf 86' lang='lat' dir='ltr'><strong>immunditia</strong></span> <span class='ocrx_word' id='word_1_437' title='bbox 2752 2919 3091 2990; x_wconf 80' lang='lat' dir='ltr'><strong>purissisz</strong></span> <span class='ocrx_word' id='word_1_438' title='bbox 3108 2920 3361 2985; x_wconf 85' lang='lat' dir='ltr'><strong>fuerunt,</strong></span> <span class='ocrx_word' id='word_1_439' title='bbox 3385 2917 3544 2973; x_wconf 76' lang='lat' dir='ltr'><strong>afﬁr-</strong></span> 
     </span>
    </p>
   </div>
   <div class='ocr_carea' id='block_1_62' title="bbox 1897 3007 3546 3080">
    <p class='ocr_par' dir='ltr' id='par_1_62' title="bbox 1897 3007 3546 3080">
     <span class='ocr_line' id='line_1_62' title="bbox 1897 3007 3546 3080; baseline 0 -18"><span class='ocrx_word' id='word_1_440' title='bbox 1897 3013 2098 3063; x_wconf 90' lang='lat' dir='ltr'><strong>mante</strong></span> <span class='ocrx_word' id='word_1_441' title='bbox 2127 3008 2426 3080; x_wconf 86' lang='lat' dir='ltr'><strong>Scriptura</strong></span> <span class='ocrx_word' id='word_1_442' title='bbox 2458 3025 2469 3060; x_wconf 92' lang='lat'>:</span> <span class='ocrx_word' id='word_1_443' title='bbox 2503 3007 2792 3074; x_wconf 83' lang='lat' dir='ltr'><strong>Quoniam</strong></span> <span class='ocrx_word' id='word_1_444' title='bbox 2817 3011 2878 3063; x_wconf 83' lang='lat' dir='ltr'><strong>in</strong></span> <span class='ocrx_word' id='word_1_445' title='bbox 2910 3011 3263 3064; x_wconf 85' lang='lat' dir='ltr'><strong>malevolam</strong></span> <span class='ocrx_word' id='word_1_446' title='bbox 3285 3009 3546 3063; x_wconf 84' lang='lat' dir='ltr'><strong>animam</strong></span> 
     </span>
    </p>
   </div>
   <div class='ocr_carea' id='block_1_63' title="bbox 129 3095 3550 3182">
    <p class='ocr_par' dir='ltr' id='par_1_63' title="bbox 129 3095 3550 3182">
     <span class='ocr_line' id='line_1_63' title="bbox 129 3095 3550 3182; baseline -0.002 -23"><span class='ocrx_word' id='word_1_447' title='bbox 129 3117 264 3170; x_wconf 85' lang='lat' dir='ltr'><strong>ceps</strong></span> <span class='ocrx_word' id='word_1_448' title='bbox 283 3101 455 3169; x_wconf 82' lang='lat' dir='ltr'><strong>pacis</strong></span> <span class='ocrx_word' id='word_1_449' title='bbox 477 3115 499 3155; x_wconf 83' lang='lat'><strong>.&#39;</strong></span> <span class='ocrx_word' id='word_1_450' title='bbox 529 3097 1037 3166; x_wconf 81' lang='lat' dir='ltr'><strong>multiplicabitur</strong></span> <span class='ocrx_word' id='word_1_451' title='bbox 1061 3098 1188 3165; x_wconf 87' lang='lat' dir='ltr'><strong>ejus</strong></span> <span class='ocrx_word' id='word_1_452' title='bbox 1212 3097 1524 3165; x_wconf 86' lang='lat' dir='ltr'><strong>imperium</strong></span> <span class='ocrx_word' id='word_1_453' title='bbox 1543 3101 1595 3149; x_wconf 86' lang='lat' dir='ltr'><strong>et</strong></span> <span class='ocrx_word' id='word_1_454' title='bbox 1618 3095 1789 3164; x_wconf 77' lang='lat' dir='ltr'><strong>regni</strong></span> <span class='ocrx_word' id='word_1_455' title='bbox 1820 3128 1860 3182; x_wconf 64' lang='grc' dir='ltr'><strong>ρ</strong></span> <span class='ocrx_word' id='word_1_456' title='bbox 1901 3115 2017 3153; x_wconf 83' lang='lat' dir='ltr'><strong>non</strong></span> <span class='ocrx_word' id='word_1_457' title='bbox 2042 3099 2311 3153; x_wconf 84' lang='lat' dir='ltr'><strong>introibit</strong></span> <span class='ocrx_word' id='word_1_458' title='bbox 2345 3099 2658 3166; x_wconf 78' lang='lat' dir='ltr'><strong>sapientia,</strong></span> <span class='ocrx_word' id='word_1_459' title='bbox 2695 3114 2799 3153; x_wconf 83' lang='lat' dir='ltr'><strong>nec</strong></span> <span class='ocrx_word' id='word_1_460' title='bbox 2857 3097 3148 3152; x_wconf 80' lang='lat' dir='ltr'><strong>habitabit</strong></span> <span class='ocrx_word' id='word_1_461' title='bbox 3194 3099 3253 3152; x_wconf 89' lang='lat' dir='ltr'><strong>in</strong></span> <span class='ocrx_word' id='word_1_462' title='bbox 3304 3112 3550 3166; x_wconf 88' lang='lat' dir='ltr'><strong>corpore</strong></span> 
     </span>
    </p>
   </div>
   <div class='ocr_carea' id='block_1_64' title="bbox 128 3181 1787 3260">
    <p class='ocr_par' dir='ltr' id='par_1_64' title="bbox 128 3181 1787 3260">
     <span class='ocr_line' id='line_1_64' title="bbox 128 3181 1787 3260; baseline -0.006 -14"><span class='ocrx_word' id='word_1_463' title='bbox 128 3193 260 3260; x_wconf 84' lang='lat' dir='ltr'><strong>ejus</strong></span> <span class='ocrx_word' id='word_1_464' title='bbox 291 3204 412 3243; x_wconf 82' lang='lat' dir='ltr'><strong>non</strong></span> <span class='ocrx_word' id='word_1_465' title='bbox 447 3193 558 3242; x_wconf 75' lang='lat' dir='ltr'><strong>erit</strong></span> <span class='ocrx_word' id='word_1_466' title='bbox 587 3188 723 3255; x_wconf 82' lang='lat' dir='ltr'><strong>ﬁnis</strong></span> <span class='ocrx_word' id='word_1_467' title='bbox 753 3188 889 3256; x_wconf 87' lang='lat' dir='ltr'><strong>(Isa.</strong></span> <span class='ocrx_word' id='word_1_468' title='bbox 924 3202 999 3252; x_wconf 67' lang='grc' dir='ltr'><strong>ιτς,</strong></span> <span class='ocrx_word' id='word_1_469' title='bbox 1035 3189 1108 3256; x_wconf 83' lang='lat'><strong>6).</strong></span> <span class='ocrx_word' id='word_1_470' title='bbox 1135 3185 1306 3249; x_wconf 85' lang='lat' dir='ltr'><strong>Quod</strong></span> <span class='ocrx_word' id='word_1_471' title='bbox 1341 3199 1480 3254; x_wconf 90' lang='lat' dir='ltr'><strong>ergo</strong></span> <span class='ocrx_word' id='word_1_472' title='bbox 1508 3185 1659 3238; x_wconf 91' lang='lat' dir='ltr'><strong>Deus</strong></span> <span class='ocrx_word' id='word_1_473' title='bbox 1685 3181 1787 3236; x_wconf 91' lang='lat' dir='ltr'><strong>de-</strong></span> 
     </span>
    </p>
   </div>
   <div class='ocr_carea' id='block_1_65' title="bbox 127 3272 1793 3349">
    <p class='ocr_par' dir='ltr' id='par_1_65' title="bbox 127 3272 1793 3349">
     <span class='ocr_line' id='line_1_65' title="bbox 127 3272 1793 3349; baseline -0.005 -15"><span class='ocrx_word' id='word_1_474' title='bbox 127 3278 396 3349; x_wconf 88' lang='lat' dir='ltr'><strong>signavit</strong></span> <span class='ocrx_word' id='word_1_475' title='bbox 437 3276 751 3346; x_wconf 90' lang='lat' dir='ltr'><strong>miraculo,</strong></span> <span class='ocrx_word' id='word_1_476' title='bbox 780 3275 893 3330; x_wconf 90' lang='lat' dir='ltr'><strong>hoc</strong></span> <span class='ocrx_word' id='word_1_477' title='bbox 921 3291 954 3329; x_wconf 93' lang='lat' dir='ltr'><strong>a</strong></span> <span class='ocrx_word' id='word_1_478' title='bbox 988 3279 1212 3329; x_wconf 91' lang='lat' dir='ltr'><strong>secreto</strong></span> <span class='ocrx_word' id='word_1_479' title='bbox 1243 3274 1423 3330; x_wconf 88' lang='lat' dir='ltr'><strong>Isaias</strong></span> <span class='ocrx_word' id='word_1_480' title='bbox 1466 3272 1666 3345; x_wconf 91' lang='lat' dir='ltr'><strong>prodit</strong></span> <span class='ocrx_word' id='word_1_481' title='bbox 1696 3287 1793 3326; x_wconf 90' lang='lat' dir='ltr'><strong>va-</strong></span> 
     </span>
    </p>
   </div>
   <div class='ocr_carea' id='block_1_66' title="bbox 127 3359 1790 3437">
    <p class='ocr_par' dir='ltr' id='par_1_66' title="bbox 127 3359 1790 3437">
     <span class='ocr_line' id='line_1_66' title="bbox 127 3359 1790 3437; baseline -0.007 -13"><span class='ocrx_word' id='word_1_482' title='bbox 127 3366 350 3425; x_wconf 89' lang='lat' dir='ltr'><strong>ticinio.</strong></span> <span class='ocrx_word' id='word_1_483' title='bbox 411 3369 477 3420; x_wconf 89' lang='lat' dir='ltr'><strong>Et</strong></span> <span class='ocrx_word' id='word_1_484' title='bbox 524 3365 686 3437; x_wconf 89' lang='lat' dir='ltr'><strong>quod</strong></span> <span class='ocrx_word' id='word_1_485' title='bbox 739 3369 903 3420; x_wconf 89' lang='lat' dir='ltr'><strong>vates</strong></span> <span class='ocrx_word' id='word_1_486' title='bbox 954 3364 1182 3430; x_wconf 90' lang='lat' dir='ltr'><strong>cecinit,</strong></span> <span class='ocrx_word' id='word_1_487' title='bbox 1228 3366 1664 3434; x_wconf 87' lang='lat' dir='ltr'><strong>consequenter</strong></span> <span class='ocrx_word' id='word_1_488' title='bbox 1710 3359 1790 3414; x_wconf 87' lang='lat' dir='ltr'><strong>rei</strong></span> 
     </span>
    </p>
   </div>
   <div class='ocr_carea' id='block_1_67' title="bbox 126 3449 1791 3529">
    <p class='ocr_par' dir='ltr' id='par_1_67' title="bbox 126 3449 1791 3529">
     <span class='ocr_line' id='line_1_67' title="bbox 126 3449 1791 3529; baseline -0.006 -15"><span class='ocrx_word' id='word_1_489' title='bbox 126 3458 326 3514; x_wconf 82' lang='lat' dir='ltr'><strong>exitus</strong></span> <span class='ocrx_word' id='word_1_490' title='bbox 359 3455 735 3529; x_wconf 87' lang='lat' dir='ltr'><strong>approbavit.</strong></span> <span class='ocrx_word' id='word_1_491' title='bbox 779 3458 923 3510; x_wconf 81' lang='lat' dir='ltr'><strong>Nam</strong></span> <span class='ocrx_word' id='word_1_492' title='bbox 957 3454 1107 3508; x_wconf 90' lang='lat' dir='ltr'><strong>sicut</strong></span> <span class='ocrx_word' id='word_1_493' title='bbox 1136 3452 1236 3508; x_wconf 91' lang='lat' dir='ltr'><strong>illa</strong></span> <span class='ocrx_word' id='word_1_494' title='bbox 1259 3453 1421 3521; x_wconf 87' lang='lat' dir='ltr'><strong>virga</strong></span> <span class='ocrx_word' id='word_1_495' title='bbox 1477 3452 1602 3507; x_wconf 89' lang='lat' dir='ltr'><strong>sine</strong></span> <span class='ocrx_word' id='word_1_496' title='bbox 1633 3449 1791 3506; x_wconf 91' lang='lat' dir='ltr'><strong>radi-</strong></span> 
     </span>
    </p>
   </div>
   <div class='ocr_carea' id='block_1_68' title="bbox 127 3539 1793 3616">
    <p class='ocr_par' dir='ltr' id='par_1_68' title="bbox 127 3539 1793 3616">
     <span class='ocr_line' id='line_1_68' title="bbox 127 3539 1793 3616; baseline -0.007 -13"><span class='ocrx_word' id='word_1_497' title='bbox 127 3564 216 3613; x_wconf 90' lang='lat' dir='ltr'><strong>ce,</strong></span> <span class='ocrx_word' id='word_1_498' title='bbox 247 3544 377 3600; x_wconf 91' lang='lat' dir='ltr'><strong>sine</strong></span> <span class='ocrx_word' id='word_1_499' title='bbox 407 3543 674 3616; x_wconf 92' lang='lat' dir='ltr'><strong>quolibet</strong></span> <span class='ocrx_word' id='word_1_500' title='bbox 702 3547 928 3598; x_wconf 59' lang='lat' dir='ltr'><strong>natura:</strong></span> <span class='ocrx_word' id='word_1_501' title='bbox 953 3542 1042 3597; x_wconf 87' lang='lat' dir='ltr'><strong>vel</strong></span> <span class='ocrx_word' id='word_1_502' title='bbox 1066 3541 1206 3596; x_wconf 89' lang='lat' dir='ltr'><strong>artis</strong></span> <span class='ocrx_word' id='word_1_503' title='bbox 1240 3539 1604 3596; x_wconf 88' lang='lat' dir='ltr'><strong>adminiculo</strong></span> <span class='ocrx_word' id='word_1_504' title='bbox 1637 3539 1793 3593; x_wconf 87' lang='lat' dir='ltr'><strong>fruc-</strong></span> 
     </span>
    </p>
   </div>
   <div class='ocr_carea' id='block_1_69' title="bbox 129 3627 1791 3702">
    <p class='ocr_par' dir='ltr' id='par_1_69' title="bbox 129 3627 1791 3702">
     <span class='ocr_line' id='line_1_69' title="bbox 129 3627 1791 3702; baseline -0.007 -10"><span class='ocrx_word' id='word_1_505' title='bbox 129 3634 379 3692; x_wconf 84' lang='lat' dir='ltr'><strong>tiﬁcavit</strong></span> <span class='ocrx_word' id='word_1_506' title='bbox 403 3651 415 3687; x_wconf 90' lang='lat'>:</span> <span class='ocrx_word' id='word_1_507' title='bbox 450 3633 530 3688; x_wconf 90' lang='lat' dir='ltr'><strong>ita</strong></span> <span class='ocrx_word' id='word_1_508' title='bbox 555 3633 727 3702; x_wconf 88' lang='lat' dir='ltr'><strong>Virgo</strong></span> <span class='ocrx_word' id='word_1_509' title='bbox 743 3631 920 3688; x_wconf 86' lang='lat' dir='ltr'><strong>Maria</strong></span> <span class='ocrx_word' id='word_1_510' title='bbox 938 3634 1061 3685; x_wconf 91' lang='lat' dir='ltr'><strong>sine</strong></span> <span class='ocrx_word' id='word_1_511' title='bbox 1091 3646 1201 3685; x_wconf 90' lang='lat' dir='ltr'><strong>con</strong></span> <span class='ocrx_word' id='word_1_512' title='bbox 1203 3629 1391 3700; x_wconf 88' lang='lat' dir='ltr'><strong>jugali</strong></span> <span class='ocrx_word' id='word_1_513' title='bbox 1411 3645 1588 3700; x_wconf 91' lang='lat' dir='ltr'><strong>opere</strong></span> <span class='ocrx_word' id='word_1_514' title='bbox 1605 3627 1791 3682; x_wconf 87' lang='lat' dir='ltr'><strong>ﬁlium</strong></span> 
     </span>
    </p>
   </div>
   <div class='ocr_carea' id='block_1_70' title="bbox 129 3717 1792 3798">
    <p class='ocr_par' dir='ltr' id='par_1_70' title="bbox 129 3717 1792 3798">
     <span class='ocr_line' id='line_1_70' title="bbox 129 3717 1792 3798; baseline -0.007 -18"><span class='ocrx_word' id='word_1_515' title='bbox 129 3724 490 3798; x_wconf 90' lang='lat' dir='ltr'><strong>procreavit,</strong></span> <span class='ocrx_word' id='word_1_516' title='bbox 523 3721 711 3776; x_wconf 87' lang='lat' dir='ltr'><strong>ﬁlium</strong></span> <span class='ocrx_word' id='word_1_517' title='bbox 744 3736 888 3776; x_wconf 87' lang='lat' dir='ltr'><strong>sane</strong></span> <span class='ocrx_word' id='word_1_518' title='bbox 910 3721 1054 3776; x_wconf 87' lang='lat' dir='ltr'><strong>ﬂore</strong></span> <span class='ocrx_word' id='word_1_519' title='bbox 1085 3719 1466 3789; x_wconf 90' lang='lat' dir='ltr'><strong>designatum</strong></span> <span class='ocrx_word' id='word_1_520' title='bbox 1493 3723 1548 3771; x_wconf 90' lang='lat' dir='ltr'><strong>et</strong></span> <span class='ocrx_word' id='word_1_521' title='bbox 1565 3717 1792 3776; x_wconf 82' lang='lat' dir='ltr'><strong>fructu;</strong></span> 
     </span>
    </p>
   </div>
   <div class='ocr_carea' id='block_1_71' title="bbox 129 3806 1792 3885">
    <p class='ocr_par' dir='ltr' id='par_1_71' title="bbox 129 3806 1792 3885">
     <span class='ocr_line' id='line_1_71' title="bbox 129 3806 1792 3885; baseline -0.007 -15"><span class='ocrx_word' id='word_1_522' title='bbox 129 3814 303 3882; x_wconf 88' lang='lat' dir='ltr'><strong>ﬂore,</strong></span> <span class='ocrx_word' id='word_1_523' title='bbox 328 3817 571 3885; x_wconf 89' lang='lat' dir='ltr'><strong>propter</strong></span> <span class='ocrx_word' id='word_1_524' title='bbox 601 3810 881 3883; x_wconf 91' lang='lat' dir='ltr'><strong>speciem,</strong></span> <span class='ocrx_word' id='word_1_525' title='bbox 911 3811 1129 3879; x_wconf 89' lang='lat' dir='ltr'><strong>fructu,</strong></span> <span class='ocrx_word' id='word_1_526' title='bbox 1167 3813 1410 3880; x_wconf 91' lang='lat' dir='ltr'><strong>propter</strong></span> <span class='ocrx_word' id='word_1_527' title='bbox 1461 3806 1792 3861; x_wconf 90' lang='lat' dir='ltr'><strong>utilitatem.</strong></span> 
     </span>
    </p>
   </div>
   <div class='ocr_carea' id='block_1_72' title="bbox 132 3896 1794 3971">
    <p class='ocr_par' dir='ltr' id='par_1_72' title="bbox 132 3896 1794 3971">
     <span class='ocr_line' id='line_1_72' title="bbox 132 3896 1794 3971; baseline -0.008 -10"><span class='ocrx_word' id='word_1_528' title='bbox 132 3908 234 3960; x_wconf 84' lang='lat' dir='ltr'><strong>Est</strong></span> <span class='ocrx_word' id='word_1_529' title='bbox 254 3902 417 3960; x_wconf 91' lang='lat' dir='ltr'><strong>enim</strong></span> <span class='ocrx_word' id='word_1_530' title='bbox 439 3903 732 3971; x_wconf 83' lang='lat' dir='ltr'><strong>speciosus</strong></span> <span class='ocrx_word' id='word_1_531' title='bbox 751 3902 1091 3970; x_wconf 68' lang='lat' dir='ltr'><strong>formaprae</strong></span> <span class='ocrx_word' id='word_1_532' title='bbox 1110 3900 1252 3968; x_wconf 78' lang='lat' dir='ltr'><strong>ﬁliis</strong></span> <span class='ocrx_word' id='word_1_533' title='bbox 1281 3898 1583 3953; x_wconf 84' lang='lat' dir='ltr'><strong>hominum</strong></span> <span class='ocrx_word' id='word_1_534' title='bbox 1610 3896 1794 3966; x_wconf 84' lang='lat' dir='ltr'><strong>(Psal.</strong></span> 
     </span>
    </p>
   </div>
   <div class='ocr_carea' id='block_1_73' title="bbox 137 3984 1794 4061">
    <p class='ocr_par' dir='ltr' id='par_1_73' title="bbox 137 3984 1794 4061">
     <span class='ocr_line' id='line_1_73' title="bbox 137 3984 1794 4061; baseline -0.007 -13"><span class='ocrx_word' id='word_1_535' title='bbox 137 4010 296 4061; x_wconf 55' lang='grc' dir='ltr'><strong>κων,</strong></span> <span class='ocrx_word' id='word_1_536' title='bbox 331 3995 408 4059; x_wconf 88' lang='grc'><strong>3),</strong></span> <span class='ocrx_word' id='word_1_537' title='bbox 442 3995 499 4046; x_wconf 86' lang='lat' dir='ltr'><strong>et</strong></span> <span class='ocrx_word' id='word_1_538' title='bbox 523 3990 716 4046; x_wconf 77' lang='lat' dir='ltr'><strong>vitalis</strong></span> <span class='ocrx_word' id='word_1_539' title='bbox 750 3988 987 4044; x_wconf 87' lang='lat' dir='ltr'><strong>refectio</strong></span> <span class='ocrx_word' id='word_1_540' title='bbox 1040 4003 1162 4043; x_wconf 91' lang='lat' dir='ltr'><strong>non</strong></span> <span class='ocrx_word' id='word_1_541' title='bbox 1207 3986 1402 4042; x_wconf 85' lang='lat' dir='ltr'><strong>solum</strong></span> <span class='ocrx_word' id='word_1_542' title='bbox 1455 3984 1794 4049; x_wconf 90' lang='lat' dir='ltr'><strong>hominum,</strong></span> 
     </span>
    </p>
   </div>
   <div class='ocr_carea' id='block_1_74' title="bbox 131 4077 1800 4149">
    <p class='ocr_par' dir='ltr' id='par_1_74' title="bbox 131 4077 1800 4149">
     <span class='ocr_line' id='line_1_74' title="bbox 131 4077 1800 4149; baseline -0.005 -12"><span class='ocrx_word' id='word_1_543' title='bbox 131 4082 244 4138; x_wconf 90' lang='lat' dir='ltr'><strong>sed</strong></span> <span class='ocrx_word' id='word_1_544' title='bbox 276 4080 458 4136; x_wconf 88' lang='lat' dir='ltr'><strong>etiam</strong></span> <span class='ocrx_word' id='word_1_545' title='bbox 484 4079 856 4149; x_wconf 88' lang='lat' dir='ltr'><strong>angelorum.</strong></span> <span class='ocrx_word' id='word_1_546' title='bbox 892 4077 1036 4132; x_wconf 85' lang='lat' dir='ltr'><strong>Hinc</strong></span> <span class='ocrx_word' id='word_1_547' title='bbox 1064 4077 1315 4132; x_wconf 87' lang='lat' dir='ltr'><strong>breviter</strong></span> <span class='ocrx_word' id='word_1_548' title='bbox 1331 4079 1559 4130; x_wconf 90' lang='lat' dir='ltr'><strong>asserta</strong></span> <span class='ocrx_word' id='word_1_549' title='bbox 1585 4089 1800 4145; x_wconf 84' lang='lat' dir='ltr'><strong>propo-</strong></span> 
     </span>
    </p>
   </div>
   <div class='ocr_carea' id='block_1_75' title="bbox 131 4164 1794 4242">
    <p class='ocr_par' dir='ltr' id='par_1_75' title="bbox 131 4164 1794 4242">
     <span class='ocr_line' id='line_1_75' title="bbox 131 4164 1794 4242; baseline -0.007 -13"><span class='ocrx_word' id='word_1_550' title='bbox 131 4171 366 4228; x_wconf 89' lang='lat' dir='ltr'><strong>sitionis</strong></span> <span class='ocrx_word' id='word_1_551' title='bbox 387 4169 681 4242; x_wconf 90' lang='lat' dir='ltr'><strong>particula</strong></span> <span class='ocrx_word' id='word_1_552' title='bbox 700 4168 916 4241; x_wconf 90' lang='lat' dir='ltr'><strong>prima,</strong></span> <span class='ocrx_word' id='word_1_553' title='bbox 942 4167 1109 4239; x_wconf 88' lang='lat' dir='ltr'><strong>quod</strong></span> <span class='ocrx_word' id='word_1_554' title='bbox 1131 4168 1396 4238; x_wconf 85' lang='lat' dir='ltr'><strong>sequitur</strong></span> <span class='ocrx_word' id='word_1_555' title='bbox 1408 4164 1794 4231; x_wconf 86' lang='lat' dir='ltr'><strong>attingamus.</strong></span> 
     </span>
    </p>
   </div>
   <div class='ocr_carea' id='block_1_76' title="bbox 209 4250 1796 4326">
    <p class='ocr_par' dir='ltr' id='par_1_76' title="bbox 209 4250 1796 4326">
     <span class='ocr_line' id='line_1_76' title="bbox 209 4250 1796 4326; baseline -0.007 -11"><span class='ocrx_word' id='word_1_556' title='bbox 209 4263 359 4315; x_wconf 75' lang='lat' dir='ltr'><strong>Nata</strong></span> <span class='ocrx_word' id='word_1_557' title='bbox 389 4263 478 4313; x_wconf 89' lang='lat' dir='ltr'><strong>est</strong></span> <span class='ocrx_word' id='word_1_558' title='bbox 507 4256 684 4326; x_wconf 89' lang='lat' dir='ltr'><strong>igitur</strong></span> <span class='ocrx_word' id='word_1_559' title='bbox 713 4255 1067 4311; x_wconf 89' lang='lat' dir='ltr'><strong>beatissima</strong></span> <span class='ocrx_word' id='word_1_560' title='bbox 1097 4254 1292 4323; x_wconf 89' lang='lat' dir='ltr'><strong>Virgo,</strong></span> <span class='ocrx_word' id='word_1_561' title='bbox 1325 4252 1476 4306; x_wconf 90' lang='lat' dir='ltr'><strong>sicut</strong></span> <span class='ocrx_word' id='word_1_562' title='bbox 1521 4250 1796 4317; x_wconf 85' lang='lat' dir='ltr'><strong>legimus,</strong></span> 
     </span>
    </p>
   </div>
   <div class='ocr_carea' id='block_1_77' title="bbox 132 4339 1800 4423">
    <p class='ocr_par' dir='ltr' id='par_1_77' title="bbox 132 4339 1800 4423">
     <span class='ocr_line' id='line_1_77' title="bbox 132 4339 1800 4423; baseline -0.007 -18"><span class='ocrx_word' id='word_1_563' title='bbox 132 4355 309 4423; x_wconf 82' lang='lat' dir='ltr'><strong>patre</strong></span> <span class='ocrx_word' id='word_1_564' title='bbox 361 4351 680 4412; x_wconf 78' lang='lat' dir='ltr'><strong>Nazareno,</strong></span> <span class='ocrx_word' id='word_1_565' title='bbox 745 4350 934 4400; x_wconf 87' lang='lat' dir='ltr'><strong>matre</strong></span> <span class='ocrx_word' id='word_1_566' title='bbox 960 4341 1402 4408; x_wconf 85' lang='lat' dir='ltr'><strong>Bethlehemita,</strong></span> <span class='ocrx_word' id='word_1_567' title='bbox 1433 4357 1588 4413; x_wconf 90' lang='lat' dir='ltr'><strong>quas</strong></span> <span class='ocrx_word' id='word_1_568' title='bbox 1623 4339 1800 4394; x_wconf 89' lang='lat' dir='ltr'><strong>urbes</strong></span> 
     </span>
    </p>
   </div>
   <div class='ocr_carea' id='block_1_78' title="bbox 135 4431 1800 4497">
    <p class='ocr_par' dir='ltr' id='par_1_78' title="bbox 135 4431 1800 4497">
     <span class='ocr_line' id='line_1_78' title="bbox 135 4431 1800 4497; baseline -0.007 -2"><span class='ocrx_word' id='word_1_569' title='bbox 135 4438 355 4497; x_wconf 83' lang='lat' dir='ltr'><strong>Christi</strong></span> <span class='ocrx_word' id='word_1_570' title='bbox 388 4437 678 4492; x_wconf 87' lang='lat' dir='ltr'><strong>nativitati</strong></span> <span class='ocrx_word' id='word_1_571' title='bbox 708 4435 800 4490; x_wconf 91' lang='lat' dir='ltr'><strong>vel</strong></span> <span class='ocrx_word' id='word_1_572' title='bbox 827 4432 1263 4490; x_wconf 88' lang='lat' dir='ltr'><strong>conversationi</strong></span> <span class='ocrx_word' id='word_1_573' title='bbox 1286 4431 1614 4486; x_wconf 88' lang='lat' dir='ltr'><strong>destinatas</strong></span> <span class='ocrx_word' id='word_1_574' title='bbox 1670 4445 1800 4485; x_wconf 90' lang='lat' dir='ltr'><strong>esse</strong></span> 
     </span>
    </p>
   </div>
   <div class='ocr_carea' id='block_1_79' title="bbox 135 4519 1802 4602">
    <p class='ocr_par' dir='ltr' id='par_1_79' title="bbox 135 4519 1802 4602">
     <span class='ocr_line' id='line_1_79' title="bbox 135 4519 1802 4602; baseline -0.007 -18"><span class='ocrx_word' id='word_1_575' title='bbox 135 4527 452 4602; x_wconf 70' lang='lat' dir='ltr'><strong>prophetae</strong></span> <span class='ocrx_word' id='word_1_576' title='bbox 483 4541 605 4581; x_wconf 90' lang='lat' dir='ltr'><strong>non</strong></span> <span class='ocrx_word' id='word_1_577' title='bbox 630 4528 956 4580; x_wconf 90' lang='lat' dir='ltr'><strong>tacuerant.</strong></span> <span class='ocrx_word' id='word_1_578' title='bbox 996 4521 1306 4577; x_wconf 89' lang='lat' dir='ltr'><strong>Descendit</strong></span> <span class='ocrx_word' id='word_1_579' title='bbox 1329 4525 1530 4576; x_wconf 90' lang='lat' dir='ltr'><strong>autem</strong></span> <span class='ocrx_word' id='word_1_580' title='bbox 1583 4519 1661 4574; x_wconf 90' lang='lat' dir='ltr'><strong>ab</strong></span> <span class='ocrx_word' id='word_1_581' title='bbox 1713 4534 1802 4573; x_wconf 89' lang='lat' dir='ltr'><strong>ra-</strong></span> 
     </span>
    </p>
   </div>
   <div class='ocr_carea' id='block_1_80' title="bbox 135 4608 1805 4686">
    <p class='ocr_par' dir='ltr' id='par_1_80' title="bbox 135 4608 1805 4686">
     <span class='ocr_line' id='line_1_80' title="bbox 135 4608 1805 4686; baseline -0.006 -14"><span class='ocrx_word' id='word_1_582' title='bbox 135 4617 275 4674; x_wconf 90' lang='lat' dir='ltr'><strong>dice</strong></span> <span class='ocrx_word' id='word_1_583' title='bbox 305 4608 462 4670; x_wconf 84' lang='lat' dir='ltr'><strong>illius</strong></span> <span class='ocrx_word' id='word_1_584' title='bbox 496 4613 614 4669; x_wconf 89' lang='lat' dir='ltr'><strong>ﬁde</strong></span> <span class='ocrx_word' id='word_1_585' title='bbox 646 4613 914 4686; x_wconf 72' lang='lat' dir='ltr'><strong>praeclari</strong></span> <span class='ocrx_word' id='word_1_586' title='bbox 943 4611 1217 4675; x_wconf 71' lang='lat' dir='ltr'><strong>Abrahae,</strong></span> <span class='ocrx_word' id='word_1_587' title='bbox 1252 4611 1346 4665; x_wconf 92' lang='lat' dir='ltr'><strong>cui</strong></span> <span class='ocrx_word' id='word_1_588' title='bbox 1368 4623 1623 4682; x_wconf 89' lang='lat' dir='ltr'><strong>superne</strong></span> <span class='ocrx_word' id='word_1_589' title='bbox 1672 4623 1805 4680; x_wconf 89' lang='lat' dir='ltr'><strong>pro-</strong></span> 
     </span>
    </p>
   </div>
   <div class='ocr_carea' id='block_1_81' title="bbox 137 4696 1807 4768">
    <p class='ocr_par' dir='ltr' id='par_1_81' title="bbox 137 4696 1807 4768">
     <span class='ocr_line' id='line_1_81' title="bbox 137 4696 1807 4768; baseline -0.006 -7"><span class='ocrx_word' id='word_1_590' title='bbox 137 4706 334 4764; x_wconf 89' lang='lat' dir='ltr'><strong>missa</strong></span> <span class='ocrx_word' id='word_1_591' title='bbox 363 4704 555 4759; x_wconf 88' lang='lat' dir='ltr'><strong>fuerat</strong></span> <span class='ocrx_word' id='word_1_592' title='bbox 574 4701 908 4758; x_wconf 84' lang='lat' dir='ltr'><strong>benedictio</strong></span> <span class='ocrx_word' id='word_1_593' title='bbox 934 4699 1206 4756; x_wconf 91' lang='lat' dir='ltr'><strong>omnium</strong></span> <span class='ocrx_word' id='word_1_594' title='bbox 1231 4699 1498 4768; x_wconf 88' lang='lat' dir='ltr'><strong>gentium</strong></span> <span class='ocrx_word' id='word_1_595' title='bbox 1526 4697 1585 4752; x_wconf 90' lang='lat' dir='ltr'><strong>in</strong></span> <span class='ocrx_word' id='word_1_596' title='bbox 1636 4696 1807 4752; x_wconf 89' lang='lat' dir='ltr'><strong>semi-</strong></span> 
     </span>
    </p>
   </div>
   <div class='ocr_carea' id='block_1_82' title="bbox 138 4789 1806 4864">
    <p class='ocr_par' dir='ltr' id='par_1_82' title="bbox 138 4789 1806 4864">
     <span class='ocr_line' id='line_1_82' title="bbox 138 4789 1806 4864; baseline -0.008 -12"><span class='ocrx_word' id='word_1_597' title='bbox 138 4813 218 4853; x_wconf 89' lang='lat' dir='ltr'><strong>ne</strong></span> <span class='ocrx_word' id='word_1_598' title='bbox 242 4799 438 4862; x_wconf 90' lang='lat' dir='ltr'><strong>suo,et</strong></span> <span class='ocrx_word' id='word_1_599' title='bbox 459 4792 535 4848; x_wconf 90' lang='lat' dir='ltr'><strong>ab</strong></span> <span class='ocrx_word' id='word_1_600' title='bbox 559 4792 736 4864; x_wconf 89' lang='lat' dir='ltr'><strong>stirpe</strong></span> <span class='ocrx_word' id='word_1_601' title='bbox 759 4789 1150 4861; x_wconf 81' lang='lat' dir='ltr'><strong>David,quem</strong></span> <span class='ocrx_word' id='word_1_602' title='bbox 1175 4791 1326 4843; x_wconf 91' lang='lat' dir='ltr'><strong>Deus</strong></span> <span class='ocrx_word' id='word_1_603' title='bbox 1342 4791 1585 4859; x_wconf 91' lang='lat' dir='ltr'><strong>propter</strong></span> <span class='ocrx_word' id='word_1_604' title='bbox 1598 4791 1806 4841; x_wconf 90' lang='lat' dir='ltr'><strong>notam</strong></span> 
     </span>
    </p>
   </div>
   <div class='ocr_carea' id='block_1_83' title="bbox 142 4876 1802 4957">
    <p class='ocr_par' dir='ltr' id='par_1_83' title="bbox 142 4876 1802 4957">
     <span class='ocr_line' id='line_1_83' title="bbox 142 4876 1802 4957; baseline -0.008 -15"><span class='ocrx_word' id='word_1_605' title='bbox 142 4885 262 4943; x_wconf 90' lang='lat' dir='ltr'><strong>sibi</strong></span> <span class='ocrx_word' id='word_1_606' title='bbox 279 4883 641 4957; x_wconf 86' lang='lat' dir='ltr'><strong>probitatem</strong></span> <span class='ocrx_word' id='word_1_607' title='bbox 697 4880 936 4950; x_wconf 89' lang='lat' dir='ltr'><strong>egregia</strong></span> <span class='ocrx_word' id='word_1_608' title='bbox 956 4879 1132 4935; x_wconf 89' lang='lat' dir='ltr'><strong>laude</strong></span> <span class='ocrx_word' id='word_1_609' title='bbox 1165 4877 1527 4944; x_wconf 89' lang='lat' dir='ltr'><strong>sublimavit,</strong></span> <span class='ocrx_word' id='word_1_610' title='bbox 1558 4876 1762 4931; x_wconf 91' lang='lat' dir='ltr'><strong>dicens</strong></span> <span class='ocrx_word' id='word_1_611' title='bbox 1791 4891 1802 4928; x_wconf 94' lang='lat'>:</span> 
     </span>
    </p>
   </div>
   <div class='ocr_carea' id='block_1_84' title="bbox 143 4965 1803 5036">
    <p class='ocr_par' dir='ltr' id='par_1_84' title="bbox 143 4965 1803 5036">
     <span class='ocr_line' id='line_1_84' title="bbox 143 4965 1803 5036; baseline -0.009 -3"><span class='ocrx_word' id='word_1_612' title='bbox 143 4975 368 5034; x_wconf 83' lang='lat' dir='ltr'><strong>Inveni</strong></span> <span class='ocrx_word' id='word_1_613' title='bbox 396 4976 590 5028; x_wconf 88' lang='lat' dir='ltr'><strong>virum</strong></span> <span class='ocrx_word' id='word_1_614' title='bbox 619 4971 940 5028; x_wconf 84' lang='lat' dir='ltr'><strong>secundum</strong></span> <span class='ocrx_word' id='word_1_615' title='bbox 974 4985 1076 5026; x_wconf 87' lang='lat' dir='ltr'><strong>cor</strong></span> <span class='ocrx_word' id='word_1_616' title='bbox 1103 4983 1295 5023; x_wconf 87' lang='lat' dir='ltr'><strong>meum</strong></span> <span class='ocrx_word' id='word_1_617' title='bbox 1350 4968 1505 5036; x_wconf 85' lang='lat' dir='ltr'><strong>(Act.</strong></span> <span class='ocrx_word' id='word_1_618' title='bbox 1540 4981 1660 5030; x_wconf 78' lang='lat' dir='ltr'><strong>xm,</strong></span> <span class='ocrx_word' id='word_1_619' title='bbox 1691 4965 1803 5034; x_wconf 84' lang='lat'><strong>‘22).</strong></span> 
     </span>
    </p>
   </div>
   <div class='ocr_carea' id='block_1_85' title="bbox 143 5052 1811 5133">
    <p class='ocr_par' dir='ltr' id='par_1_85' title="bbox 143 5052 1811 5133">
     <span class='ocr_line' id='line_1_85' title="bbox 143 5052 1811 5133; baseline -0.008 -12"><span class='ocrx_word' id='word_1_620' title='bbox 143 5071 228 5123; x_wconf 90' lang='lat' dir='ltr'><strong>De</strong></span> <span class='ocrx_word' id='word_1_621' title='bbox 277 5061 464 5131; x_wconf 83' lang='lat' dir='ltr'><strong>regali</strong></span> <span class='ocrx_word' id='word_1_622' title='bbox 514 5076 732 5133; x_wconf 91' lang='lat' dir='ltr'><strong>nempe</strong></span> <span class='ocrx_word' id='word_1_623' title='bbox 764 5059 920 5115; x_wconf 90' lang='lat' dir='ltr'><strong>tribu</strong></span> <span class='ocrx_word' id='word_1_624' title='bbox 946 5057 1203 5113; x_wconf 89' lang='lat' dir='ltr'><strong>simulet</strong></span> <span class='ocrx_word' id='word_1_625' title='bbox 1232 5053 1584 5110; x_wconf 89' lang='lat' dir='ltr'><strong>sacerdotali</strong></span> <span class='ocrx_word' id='word_1_626' title='bbox 1641 5052 1811 5108; x_wconf 74' lang='lat' dir='ltr'><strong>duxit</strong></span> 
     </span>
    </p>
   </div>
   <div class='ocr_carea' id='block_1_86' title="bbox 143 5143 1808 5226">
    <p class='ocr_par' dir='ltr' id='par_1_86' title="bbox 143 5143 1808 5226">
     <span class='ocr_line' id='line_1_86' title="bbox 143 5143 1808 5226; baseline -0.01 -13"><span class='ocrx_word' id='word_1_627' title='bbox 143 5155 446 5226; x_wconf 88' lang='lat' dir='ltr'><strong>orginem,</strong></span> <span class='ocrx_word' id='word_1_628' title='bbox 471 5167 606 5218; x_wconf 65' lang='lat' dir='ltr'><strong>quae</strong></span> <span class='ocrx_word' id='word_1_629' title='bbox 630 5165 938 5206; x_wconf 91' lang='lat' dir='ltr'><strong>summum</strong></span> <span class='ocrx_word' id='word_1_630' title='bbox 971 5152 1189 5217; x_wconf 84' lang='lat' dir='ltr'><strong>Regem</strong></span> <span class='ocrx_word' id='word_1_631' title='bbox 1238 5151 1416 5217; x_wconf 89' lang='lat' dir='ltr'><strong>atque</strong></span> <span class='ocrx_word' id='word_1_632' title='bbox 1466 5143 1808 5198; x_wconf 86' lang='lat' dir='ltr'><strong>Pontiticem</strong></span> 
     </span>
    </p>
   </div>
   <div class='ocr_carea' id='block_1_87' title="bbox 143 5232 1808 5314">
    <p class='ocr_par' dir='ltr' id='par_1_87' title="bbox 143 5232 1808 5314">
     <span class='ocr_line' id='line_1_87' title="bbox 143 5232 1808 5314; baseline -0.01 -12"><span class='ocrx_word' id='word_1_633' title='bbox 143 5249 276 5304; x_wconf 88' lang='lat' dir='ltr'><strong>erat</strong></span> <span class='ocrx_word' id='word_1_634' title='bbox 299 5241 584 5314; x_wconf 89' lang='lat' dir='ltr'><strong>paritura.</strong></span> <span class='ocrx_word' id='word_1_635' title='bbox 619 5243 744 5295; x_wconf 85' lang='lat' dir='ltr'><strong>Non</strong></span> <span class='ocrx_word' id='word_1_636' title='bbox 773 5243 974 5294; x_wconf 90' lang='lat' dir='ltr'><strong>tamen</strong></span> <span class='ocrx_word' id='word_1_637' title='bbox 1005 5239 1133 5293; x_wconf 68' lang='lat' dir='ltr'><strong>haec</strong></span> <span class='ocrx_word' id='word_1_638' title='bbox 1185 5235 1407 5290; x_wconf 91' lang='lat' dir='ltr'><strong>idcirco</strong></span> <span class='ocrx_word' id='word_1_639' title='bbox 1461 5232 1808 5299; x_wconf 82' lang='lat' dir='ltr'><strong>dixerimus,</strong></span> 
     </span>
    </p>
   </div>
   <div class='ocr_carea' id='block_1_88' title="bbox 143 5319 1810 5409">
    <p class='ocr_par' dir='ltr' id='par_1_88' title="bbox 143 5319 1810 5409">
     <span class='ocr_line' id='line_1_88' title="bbox 143 5319 1810 5409; baseline -0.009 -20"><span class='ocrx_word' id='word_1_640' title='bbox 143 5331 321 5409; x_wconf 89' lang='lat' dir='ltr'><strong>quod</strong></span> <span class='ocrx_word' id='word_1_641' title='bbox 356 5329 645 5387; x_wconf 91' lang='lat' dir='ltr'><strong>Dominus</strong></span> <span class='ocrx_word' id='word_1_642' title='bbox 669 5329 775 5400; x_wconf 89' lang='lat' dir='ltr'><strong>qui</strong></span> <span class='ocrx_word' id='word_1_643' title='bbox 800 5331 1142 5399; x_wconf 89' lang='lat' dir='ltr'><strong>peccatores</strong></span> <span class='ocrx_word' id='word_1_644' title='bbox 1164 5340 1378 5380; x_wconf 90' lang='lat' dir='ltr'><strong>vocare</strong></span> <span class='ocrx_word' id='word_1_645' title='bbox 1411 5323 1585 5388; x_wconf 85' lang='lat' dir='ltr'><strong>venit,</strong></span> <span class='ocrx_word' id='word_1_646' title='bbox 1644 5319 1810 5375; x_wconf 89' lang='lat' dir='ltr'><strong>dedi-</strong></span> 
     </span>
    </p>
   </div>
   <div class='ocr_carea' id='block_1_89' title="bbox 144 5413 1812 5497">
    <p class='ocr_par' dir='ltr' id='par_1_89' title="bbox 144 5413 1812 5497">
     <span class='ocr_line' id='line_1_89' title="bbox 144 5413 1812 5497; baseline -0.008 -18"><span class='ocrx_word' id='word_1_647' title='bbox 144 5427 373 5497; x_wconf 80' lang='lat' dir='ltr'><strong>gnatus</strong></span> <span class='ocrx_word' id='word_1_648' title='bbox 407 5420 481 5475; x_wconf 86' lang='lat' dir='ltr'><strong>sit</strong></span> <span class='ocrx_word' id='word_1_649' title='bbox 508 5423 759 5475; x_wconf 89' lang='lat' dir='ltr'><strong>matrem</strong></span> <span class='ocrx_word' id='word_1_650' title='bbox 782 5433 952 5472; x_wconf 90' lang='lat' dir='ltr'><strong>suam</strong></span> <span class='ocrx_word' id='word_1_651' title='bbox 979 5419 1320 5489; x_wconf 90' lang='lat' dir='ltr'><strong>peccatores</strong></span> <span class='ocrx_word' id='word_1_652' title='bbox 1346 5413 1567 5469; x_wconf 91' lang='lat' dir='ltr'><strong>habere</strong></span> <span class='ocrx_word' id='word_1_653' title='bbox 1591 5426 1812 5480; x_wconf 91' lang='lat' dir='ltr'><strong>cogna-</strong></span> 
     </span>
    </p>
   </div>
   <div class='ocr_carea' id='block_1_90' title="bbox 147 5499 1813 5580">
    <p class='ocr_par' dir='ltr' id='par_1_90' title="bbox 147 5499 1813 5580">
     <span class='ocr_line' id='line_1_90' title="bbox 147 5499 1813 5580; baseline -0.011 -9"><span class='ocrx_word' id='word_1_654' title='bbox 147 5521 270 5579; x_wconf 87' lang='lat' dir='ltr'><strong>tos,</strong></span> <span class='ocrx_word' id='word_1_655' title='bbox 306 5511 458 5565; x_wconf 71' lang='lat' dir='ltr'><strong>inter</strong></span> <span class='ocrx_word' id='word_1_656' title='bbox 478 5524 632 5580; x_wconf 88' lang='lat' dir='ltr'><strong>quos</strong></span> <span class='ocrx_word' id='word_1_657' title='bbox 665 5507 936 5578; x_wconf 88' lang='lat' dir='ltr'><strong>speciosa</strong></span> <span class='ocrx_word' id='word_1_658' title='bbox 961 5505 1117 5559; x_wconf 87' lang='lat' dir='ltr'><strong>velut</strong></span> <span class='ocrx_word' id='word_1_659' title='bbox 1167 5504 1318 5558; x_wconf 90' lang='lat' dir='ltr'><strong>inter</strong></span> <span class='ocrx_word' id='word_1_660' title='bbox 1367 5502 1572 5574; x_wconf 88' lang='lat' dir='ltr'><strong>spinas</strong></span> <span class='ocrx_word' id='word_1_661' title='bbox 1624 5499 1813 5554; x_wconf 90' lang='lat' dir='ltr'><strong>lilium</strong></span> 
     </span>
    </p>
   </div>
   <div class='ocr_carea' id='block_1_91' title="bbox 147 5587 1813 5674">
    <p class='ocr_par' dir='ltr' id='par_1_91' title="bbox 147 5587 1813 5674">
     <span class='ocr_line' id='line_1_91' title="bbox 147 5587 1813 5674; baseline -0.012 -14"><span class='ocrx_word' id='word_1_662' title='bbox 147 5601 496 5674; x_wconf 86' lang='lat' dir='ltr'><strong>appareret.</strong></span> <span class='ocrx_word' id='word_1_663' title='bbox 528 5599 658 5652; x_wconf 73' lang='lat' dir='ltr'><strong>Htec</strong></span> <span class='ocrx_word' id='word_1_664' title='bbox 684 5595 883 5666; x_wconf 88' lang='lat' dir='ltr'><strong>itaque</strong></span> <span class='ocrx_word' id='word_1_665' title='bbox 905 5594 1087 5674; x_wconf 84' lang='lat' dir='ltr'><strong>electa</strong></span> <span class='ocrx_word' id='word_1_666' title='bbox 1104 5598 1160 5648; x_wconf 88' lang='lat' dir='ltr'><strong>et</strong></span> <span class='ocrx_word' id='word_1_667' title='bbox 1189 5591 1438 5661; x_wconf 86' lang='lat' dir='ltr'><strong>insignis</strong></span> <span class='ocrx_word' id='word_1_668' title='bbox 1465 5591 1614 5644; x_wconf 89' lang='lat' dir='ltr'><strong>inter</strong></span> <span class='ocrx_word' id='word_1_669' title='bbox 1643 5587 1813 5656; x_wconf 86' lang='lat' dir='ltr'><strong>tilias,</strong></span> 
     </span>
    </p>
   </div>
   <div class='ocr_carea' id='block_1_92' title="bbox 147 5673 1818 5758">
    <p class='ocr_par' dir='ltr' id='par_1_92' title="bbox 147 5673 1818 5758">
     <span class='ocr_line' id='line_1_92' title="bbox 147 5673 1818 5758; baseline -0.011 -9"><span class='ocrx_word' id='word_1_670' title='bbox 147 5673 279 5750; x_wconf 76' lang='lat' dir='ltr'><strong>non</strong></span> <span class='ocrx_word' id='word_1_671' title='bbox 303 5686 550 5744; x_wconf 86' lang='lat' dir='ltr'><strong>fortuitu</strong></span> <span class='ocrx_word' id='word_1_672' title='bbox 574 5684 842 5758; x_wconf 89' lang='lat' dir='ltr'><strong>quidem,</strong></span> <span class='ocrx_word' id='word_1_673' title='bbox 869 5673 969 5738; x_wconf 75' lang='lat' dir='ltr'><strong>aut</strong></span> <span class='ocrx_word' id='word_1_674' title='bbox 995 5684 1122 5737; x_wconf 90' lang='lat' dir='ltr'><strong>solo</strong></span> <span class='ocrx_word' id='word_1_675' title='bbox 1154 5682 1372 5754; x_wconf 84' lang='lat' dir='ltr'><strong>placito</strong></span> <span class='ocrx_word' id='word_1_676' title='bbox 1393 5683 1708 5750; x_wconf 88' lang='lat' dir='ltr'><strong>parentum</strong></span> <span class='ocrx_word' id='word_1_677' title='bbox 1754 5680 1818 5730; x_wconf 90' lang='lat' dir='ltr'><strong>ut</strong></span> 
     </span>
    </p>
   </div>
   <div class='ocr_carea' id='block_1_93' title="bbox 148 5765 1814 5856">
    <p class='ocr_par' dir='ltr' id='par_1_93' title="bbox 148 5765 1814 5856">
     <span class='ocr_line' id='line_1_93' title="bbox 148 5765 1814 5856; baseline -0.012 -16"><span class='ocrx_word' id='word_1_678' title='bbox 148 5780 450 5856; x_wconf 86' lang='lat' dir='ltr'><strong>plerique,</strong></span> <span class='ocrx_word' id='word_1_679' title='bbox 495 5773 598 5831; x_wconf 88' lang='lat' dir='ltr'><strong>sed</strong></span> <span class='ocrx_word' id='word_1_680' title='bbox 627 5771 828 5830; x_wconf 89' lang='lat' dir='ltr'><strong>divina</strong></span> <span class='ocrx_word' id='word_1_681' title='bbox 847 5770 1288 5844; x_wconf 86' lang='lat' dir='ltr'><strong>dispensatione</strong></span> <span class='ocrx_word' id='word_1_682' title='bbox 1317 5782 1539 5825; x_wconf 89' lang='lat' dir='ltr'><strong>nomen</strong></span> <span class='ocrx_word' id='word_1_683' title='bbox 1569 5765 1814 5838; x_wconf 89' lang='lat' dir='ltr'><strong>accepit,</strong></span> 
     </span>
    </p>
   </div>
   <div class='ocr_carea' id='block_1_94' title="bbox 1899 3185 3550 3256">
    <p class='ocr_par' dir='ltr' id='par_1_94' title="bbox 1899 3185 3550 3256">
     <span class='ocr_line' id='line_1_94' title="bbox 1899 3185 3550 3256; baseline -0.001 -14"><span class='ocrx_word' id='word_1_684' title='bbox 1899 3187 2132 3242; x_wconf 82' lang='lat' dir='ltr'><strong>subdito</strong></span> <span class='ocrx_word' id='word_1_685' title='bbox 2161 3188 2420 3256; x_wconf 79' lang='lat' dir='ltr'><strong>peccatis</strong></span> <span class='ocrx_word' id='word_1_686' title='bbox 2444 3188 2610 3256; x_wconf 73' lang='lat' dir='ltr'><strong>(Sap.</strong></span> <span class='ocrx_word' id='word_1_687' title='bbox 2645 3203 2682 3251; x_wconf 91' lang='grc' dir='ltr'><strong>ι,</strong></span> <span class='ocrx_word' id='word_1_688' title='bbox 2710 3189 2783 3256; x_wconf 68' lang='grc'><strong>4).</strong></span> <span class='ocrx_word' id='word_1_689' title='bbox 2819 3190 2957 3240; x_wconf 91' lang='lat' dir='ltr'><strong>Item</strong></span> <span class='ocrx_word' id='word_1_690' title='bbox 2989 3190 3228 3241; x_wconf 90' lang='lat' dir='ltr'><strong>econtra</strong></span> <span class='ocrx_word' id='word_1_691' title='bbox 3249 3185 3550 3241; x_wconf 82' lang='lat' dir='ltr'><strong>confiden-</strong></span> 
     </span>
    </p>
   </div>
   <div class='ocr_carea' id='block_1_95' title="bbox 1900 3273 3546 3346">
    <p class='ocr_par' dir='ltr' id='par_1_95' title="bbox 1900 3273 3546 3346">
     <span class='ocr_line' id='line_1_95' title="bbox 1900 3273 3546 3346; baseline -0.001 -17"><span class='ocrx_word' id='word_1_692' title='bbox 1900 3278 1986 3329; x_wconf 87' lang='lat' dir='ltr'><strong>ter</strong></span> <span class='ocrx_word' id='word_1_693' title='bbox 2017 3275 2363 3341; x_wconf 90' lang='lat' dir='ltr'><strong>asserimus,</strong></span> <span class='ocrx_word' id='word_1_694' title='bbox 2391 3273 2536 3346; x_wconf 90' lang='lat' dir='ltr'><strong>quia</strong></span> <span class='ocrx_word' id='word_1_695' title='bbox 2557 3274 2720 3329; x_wconf 92' lang='lat' dir='ltr'><strong>nullo</strong></span> <span class='ocrx_word' id='word_1_696' title='bbox 2739 3274 3023 3329; x_wconf 85' lang='lat' dir='ltr'><strong>virtutum</strong></span> <span class='ocrx_word' id='word_1_697' title='bbox 3046 3291 3258 3342; x_wconf 83' lang='lat' dir='ltr'><strong>genere</strong></span> <span class='ocrx_word' id='word_1_698' title='bbox 3275 3273 3546 3339; x_wconf 89' lang='lat' dir='ltr'><strong>vacabat,</strong></span> 
     </span>
    </p>
   </div>
   <div class='ocr_carea' id='block_1_96' title="bbox 1901 3361 3552 3436">
    <p class='ocr_par' dir='ltr' id='par_1_96' title="bbox 1901 3361 3552 3436">
     <span class='ocr_line' id='line_1_96' title="bbox 1901 3361 3552 3436; baseline -0.002 -18"><span class='ocrx_word' id='word_1_699' title='bbox 1901 3364 1994 3418; x_wconf 92' lang='lat' dir='ltr'><strong>cui</strong></span> <span class='ocrx_word' id='word_1_700' title='bbox 2049 3363 2480 3436; x_wconf 88' lang='lat' dir='ltr'><strong>plenitudinem</strong></span> <span class='ocrx_word' id='word_1_701' title='bbox 2532 3365 2734 3433; x_wconf 64' lang='lat' dir='ltr'><strong>gratiae</strong></span> <span class='ocrx_word' id='word_1_702' title='bbox 2777 3363 2875 3418; x_wconf 91' lang='lat' dir='ltr'><strong>Dei</strong></span> <span class='ocrx_word' id='word_1_703' title='bbox 2928 3363 3170 3418; x_wconf 90' lang='lat' dir='ltr'><strong>nuntius</strong></span> <span class='ocrx_word' id='word_1_704' title='bbox 3250 3361 3552 3417; x_wconf 88' lang='lat' dir='ltr'><strong>asserebat</strong></span> 
     </span>
    </p>
   </div>
   <div class='ocr_carea' id='block_1_97' title="bbox 1900 3451 3551 3522">
    <p class='ocr_par' dir='ltr' id='par_1_97' title="bbox 1900 3451 3551 3522">
     <span class='ocr_line' id='line_1_97' title="bbox 1900 3451 3551 3522; baseline -0.001 -15"><span class='ocrx_word' id='word_1_705' title='bbox 1900 3453 2113 3508; x_wconf 89' lang='lat' dir='ltr'><strong>inesse.</strong></span> <span class='ocrx_word' id='word_1_706' title='bbox 2141 3452 2332 3518; x_wconf 88' lang='lat' dir='ltr'><strong>Quod,</strong></span> <span class='ocrx_word' id='word_1_707' title='bbox 2366 3456 2674 3507; x_wconf 89' lang='lat' dir='ltr'><strong>attestante</strong></span> <span class='ocrx_word' id='word_1_708' title='bbox 2698 3451 3078 3519; x_wconf 89' lang='lat' dir='ltr'><strong>archangelo,</strong></span> <span class='ocrx_word' id='word_1_709' title='bbox 3123 3451 3401 3522; x_wconf 89' lang='lat' dir='ltr'><strong>quamvis</strong></span> <span class='ocrx_word' id='word_1_710' title='bbox 3451 3466 3551 3505; x_wconf 89' lang='lat' dir='ltr'><strong>ne-</strong></span> 
     </span>
    </p>
   </div>
   <div class='ocr_carea' id='block_1_98' title="bbox 1901 3539 3549 3610">
    <p class='ocr_par' dir='ltr' id='par_1_98' title="bbox 1901 3539 3549 3610">
     <span class='ocr_line' id='line_1_98' title="bbox 1901 3539 3549 3610; baseline -0.002 -14"><span class='ocrx_word' id='word_1_711' title='bbox 1901 3558 2002 3597; x_wconf 90' lang='lat' dir='ltr'><strong>mo</strong></span> <span class='ocrx_word' id='word_1_712' title='bbox 2033 3558 2184 3596; x_wconf 89' lang='lat' dir='ltr'><strong>sana</strong></span> <span class='ocrx_word' id='word_1_713' title='bbox 2204 3547 2400 3596; x_wconf 92' lang='lat' dir='ltr'><strong>mente</strong></span> <span class='ocrx_word' id='word_1_714' title='bbox 2422 3541 2738 3608; x_wconf 89' lang='lat' dir='ltr'><strong>discrcdat,</strong></span> <span class='ocrx_word' id='word_1_715' title='bbox 2801 3545 2993 3594; x_wconf 89' lang='lat' dir='ltr'><strong>tamen</strong></span> <span class='ocrx_word' id='word_1_716' title='bbox 3053 3540 3103 3593; x_wconf 91' lang='lat' dir='ltr'><strong>si</strong></span> <span class='ocrx_word' id='word_1_717' title='bbox 3167 3539 3302 3610; x_wconf 88' lang='lat' dir='ltr'><strong>quis</strong></span> <span class='ocrx_word' id='word_1_718' title='bbox 3352 3539 3549 3594; x_wconf 91' lang='lat' dir='ltr'><strong>adhuc</strong></span> 
     </span>
    </p>
   </div>
   <div class='ocr_carea' id='block_1_99' title="bbox 1901 3626 3549 3702">
    <p class='ocr_par' dir='ltr' id='par_1_99' title="bbox 1901 3626 3549 3702">
     <span class='ocr_line' id='line_1_99' title="bbox 1901 3626 3549 3702; baseline -0.002 -18"><span class='ocrx_word' id='word_1_719' title='bbox 1901 3630 2002 3702; x_wconf 90' lang='lat' dir='ltr'><strong>pio</strong></span> <span class='ocrx_word' id='word_1_720' title='bbox 2029 3628 2324 3684; x_wconf 90' lang='lat' dir='ltr'><strong>desiderio</strong></span> <span class='ocrx_word' id='word_1_721' title='bbox 2350 3631 2582 3699; x_wconf 70' lang='lat' dir='ltr'><strong>quierat</strong></span> <span class='ocrx_word' id='word_1_722' title='bbox 2609 3632 2964 3696; x_wconf 88' lang='lat' dir='ltr'><strong>argumenta</strong></span> <span class='ocrx_word' id='word_1_723' title='bbox 2993 3626 3277 3681; x_wconf 88' lang='lat' dir='ltr'><strong>virtutum</strong></span> <span class='ocrx_word' id='word_1_724' title='bbox 3309 3642 3382 3680; x_wconf 81' lang='lat' dir='ltr'><strong>ex</strong></span> <span class='ocrx_word' id='word_1_725' title='bbox 3417 3641 3549 3680; x_wconf 89' lang='lat' dir='ltr'><strong>ver-</strong></span> 
     </span>
    </p>
   </div>
   <div class='ocr_carea' id='block_1_100' title="bbox 1903 3714 3548 3788">
    <p class='ocr_par' dir='ltr' id='par_1_100' title="bbox 1903 3714 3548 3788">
     <span class='ocr_line' id='line_1_100' title="bbox 1903 3714 3548 3788; baseline -0.004 -15"><span class='ocrx_word' id='word_1_726' title='bbox 1903 3719 1994 3774; x_wconf 92' lang='lat' dir='ltr'><strong>bis</strong></span> <span class='ocrx_word' id='word_1_727' title='bbox 2055 3723 2112 3773; x_wconf 90' lang='lat' dir='ltr'><strong>et</strong></span> <span class='ocrx_word' id='word_1_728' title='bbox 2167 3717 2336 3772; x_wconf 89' lang='lat' dir='ltr'><strong>factis</strong></span> <span class='ocrx_word' id='word_1_729' title='bbox 2381 3717 2509 3786; x_wconf 88' lang='lat' dir='ltr'><strong>ejus</strong></span> <span class='ocrx_word' id='word_1_730' title='bbox 2553 3732 2687 3788; x_wconf 65' lang='lat' dir='ltr'><strong>quae</strong></span> <span class='ocrx_word' id='word_1_731' title='bbox 2745 3714 3043 3788; x_wconf 87' lang='lat' dir='ltr'><strong>Scriptura</strong></span> <span class='ocrx_word' id='word_1_732' title='bbox 3095 3718 3548 3780; x_wconf 89' lang='lat' dir='ltr'><strong>commemorat,</strong></span> 
     </span>
    </p>
   </div>
   <div class='ocr_carea' id='block_1_101' title="bbox 1905 3803 3550 3876">
    <p class='ocr_par' dir='ltr' id='par_1_101' title="bbox 1905 3803 3550 3876">
     <span class='ocr_line' id='line_1_101' title="bbox 1905 3803 3550 3876; baseline -0.004 -13"><span class='ocrx_word' id='word_1_733' title='bbox 1905 3812 2072 3863; x_wconf 88' lang='lat' dir='ltr'><strong>tanto</strong></span> <span class='ocrx_word' id='word_1_734' title='bbox 2102 3806 2211 3862; x_wconf 93' lang='lat' dir='ltr'><strong>sibi</strong></span> <span class='ocrx_word' id='word_1_735' title='bbox 2244 3805 2470 3861; x_wconf 86' lang='lat' dir='ltr'><strong>facilius</strong></span> <span class='ocrx_word' id='word_1_736' title='bbox 2496 3809 2829 3872; x_wconf 90' lang='lat' dir='ltr'><strong>occurrent,</strong></span> <span class='ocrx_word' id='word_1_737' title='bbox 2853 3809 3078 3876; x_wconf 86' lang='lat' dir='ltr'><strong>quanto</strong></span> <span class='ocrx_word' id='word_1_738' title='bbox 3118 3804 3242 3875; x_wconf 91' lang='lat' dir='ltr'><strong>ipse</strong></span> <span class='ocrx_word' id='word_1_739' title='bbox 3272 3803 3332 3858; x_wconf 91' lang='lat' dir='ltr'><strong>in</strong></span> <span class='ocrx_word' id='word_1_740' title='bbox 3386 3818 3550 3876; x_wconf 68' lang='lat' dir='ltr'><strong>quae-</strong></span> 
     </span>
    </p>
   </div>
   <div class='ocr_carea' id='block_1_102' title="bbox 1905 3893 3553 3966">
    <p class='ocr_par' dir='ltr' id='par_1_102' title="bbox 1905 3893 3553 3966">
     <span class='ocr_line' id='line_1_102' title="bbox 1905 3893 3553 3966; baseline -0.003 -14"><span class='ocrx_word' id='word_1_741' title='bbox 1905 3897 2092 3952; x_wconf 89' lang='lat' dir='ltr'><strong>rendo</strong></span> <span class='ocrx_word' id='word_1_742' title='bbox 2116 3895 2347 3951; x_wconf 89' lang='lat' dir='ltr'><strong>ﬁdelior</strong></span> <span class='ocrx_word' id='word_1_743' title='bbox 2367 3895 2491 3951; x_wconf 89' lang='lat' dir='ltr'><strong>erit.</strong></span> <span class='ocrx_word' id='word_1_744' title='bbox 2521 3898 2667 3952; x_wconf 89' lang='lat' dir='ltr'><strong>Sunt</strong></span> <span class='ocrx_word' id='word_1_745' title='bbox 2696 3899 2892 3950; x_wconf 88' lang='lat' dir='ltr'><strong>autem</strong></span> <span class='ocrx_word' id='word_1_746' title='bbox 2926 3911 2996 3950; x_wconf 83' lang='lat' dir='ltr'><strong>ex</strong></span> <span class='ocrx_word' id='word_1_747' title='bbox 3017 3893 3398 3966; x_wconf 61' lang='lat' dir='ltr'><strong>eisquredam</strong></span> <span class='ocrx_word' id='word_1_748' title='bbox 3427 3909 3553 3948; x_wconf 84' lang='lat' dir='ltr'><strong>om-</strong></span> 
     </span>
    </p>
   </div>
   <div class='ocr_carea' id='block_1_103' title="bbox 1905 3981 3556 4056">
    <p class='ocr_par' dir='ltr' id='par_1_103' title="bbox 1905 3981 3556 4056">
     <span class='ocr_line' id='line_1_103' title="bbox 1905 3981 3556 4056; baseline -0.004 -14"><span class='ocrx_word' id='word_1_749' title='bbox 1905 3986 1966 4042; x_wconf 90' lang='lat' dir='ltr'><strong>ni</strong></span> <span class='ocrx_word' id='word_1_750' title='bbox 1996 3987 2115 4042; x_wconf 88' lang='lat' dir='ltr'><strong>fere</strong></span> <span class='ocrx_word' id='word_1_751' title='bbox 2145 3984 2475 4039; x_wconf 86' lang='lat' dir='ltr'><strong>Christiano</strong></span> <span class='ocrx_word' id='word_1_752' title='bbox 2528 3983 2864 4056; x_wconf 89' lang='lat' dir='ltr'><strong>perspicua.</strong></span> <span class='ocrx_word' id='word_1_753' title='bbox 2911 3983 3052 4050; x_wconf 86' lang='lat' dir='ltr'><strong>Quis</strong></span> <span class='ocrx_word' id='word_1_754' title='bbox 3101 3982 3260 4037; x_wconf 91' lang='lat' dir='ltr'><strong>enim</strong></span> <span class='ocrx_word' id='word_1_755' title='bbox 3315 3987 3403 4038; x_wconf 90' lang='lat' dir='ltr'><strong>est</strong></span> <span class='ocrx_word' id='word_1_756' title='bbox 3451 3981 3556 4053; x_wconf 89' lang='lat' dir='ltr'><strong>qui</strong></span> 
     </span>
    </p>
   </div>
   <div class='ocr_carea' id='block_1_104' title="bbox 1907 4072 3557 4146">
    <p class='ocr_par' dir='ltr' id='par_1_104' title="bbox 1907 4072 3557 4146">
     <span class='ocr_line' id='line_1_104' title="bbox 1907 4072 3557 4146; baseline -0.005 -13"><span class='ocrx_word' id='word_1_757' title='bbox 1907 4094 2044 4133; x_wconf 90' lang='lat' dir='ltr'><strong>cum</strong></span> <span class='ocrx_word' id='word_1_758' title='bbox 2072 4074 2343 4146; x_wconf 88' lang='lat' dir='ltr'><strong>jucunda</strong></span> <span class='ocrx_word' id='word_1_759' title='bbox 2369 4074 2764 4130; x_wconf 89' lang='lat' dir='ltr'><strong>admiratione</strong></span> <span class='ocrx_word' id='word_1_760' title='bbox 2813 4091 2934 4130; x_wconf 93' lang='lat' dir='ltr'><strong>non</strong></span> <span class='ocrx_word' id='word_1_761' title='bbox 2988 4073 3324 4146; x_wconf 91' lang='lat' dir='ltr'><strong>speculetur</strong></span> <span class='ocrx_word' id='word_1_762' title='bbox 3371 4072 3557 4144; x_wconf 89' lang='lat' dir='ltr'><strong>ipsius</strong></span> 
     </span>
    </p>
   </div>
   <div class='ocr_carea' id='block_1_105' title="bbox 1907 4156 3554 4230">
    <p class='ocr_par' dir='ltr' id='par_1_105' title="bbox 1907 4156 3554 4230">
     <span class='ocr_line' id='line_1_105' title="bbox 1907 4156 3554 4230; baseline -0.005 -12"><span class='ocrx_word' id='word_1_763' title='bbox 1907 4168 2158 4218; x_wconf 78' lang='lat' dir='ltr'><strong>maturae</strong></span> <span class='ocrx_word' id='word_1_764' title='bbox 2187 4159 2584 4216; x_wconf 90' lang='lat' dir='ltr'><strong>adolescentis</strong></span> <span class='ocrx_word' id='word_1_765' title='bbox 2607 4159 3036 4228; x_wconf 89' lang='lat' dir='ltr'><strong>fortitudinem,</strong></span> <span class='ocrx_word' id='word_1_766' title='bbox 3067 4163 3123 4213; x_wconf 91' lang='lat' dir='ltr'><strong>et</strong></span> <span class='ocrx_word' id='word_1_767' title='bbox 3153 4156 3554 4230; x_wconf 89' lang='lat' dir='ltr'><strong>prudentiam,</strong></span> 
     </span>
    </p>
   </div>
   <div class='ocr_carea' id='block_1_106' title="bbox 1908 4243 3559 4316">
    <p class='ocr_par' dir='ltr' id='par_1_106' title="bbox 1908 4243 3559 4316">
     <span class='ocr_line' id='line_1_106' title="bbox 1908 4243 3559 4316; baseline -0.005 -13"><span class='ocrx_word' id='word_1_768' title='bbox 1908 4253 1965 4304; x_wconf 90' lang='lat' dir='ltr'><strong>et</strong></span> <span class='ocrx_word' id='word_1_769' title='bbox 1991 4247 2174 4302; x_wconf 88' lang='lat' dir='ltr'><strong>ﬁdem</strong></span> <span class='ocrx_word' id='word_1_770' title='bbox 2206 4246 2265 4300; x_wconf 90' lang='lat' dir='ltr'><strong>in</strong></span> <span class='ocrx_word' id='word_1_771' title='bbox 2297 4245 2596 4316; x_wconf 91' lang='lat' dir='ltr'><strong>colloquio</strong></span> <span class='ocrx_word' id='word_1_772' title='bbox 2619 4244 2910 4314; x_wconf 89' lang='lat' dir='ltr'><strong>angelico,</strong></span> <span class='ocrx_word' id='word_1_773' title='bbox 2938 4243 3040 4298; x_wconf 90' lang='lat' dir='ltr'><strong>ubi</strong></span> <span class='ocrx_word' id='word_1_774' title='bbox 3066 4248 3187 4297; x_wconf 88' lang='lat' dir='ltr'><strong>tam</strong></span> <span class='ocrx_word' id='word_1_775' title='bbox 3219 4245 3559 4297; x_wconf 90' lang='lat' dir='ltr'><strong>constanter</strong></span> 
     </span>
    </p>
   </div>
   <div class='ocr_carea' id='block_1_107' title="bbox 1908 4321 3557 4403">
    <p class='ocr_par' dir='ltr' id='par_1_107' title="bbox 1908 4321 3557 4403">
     <span class='ocr_line' id='line_1_107' title="bbox 1908 4321 3557 4403; baseline -0.006 -16"><span class='ocrx_word' id='word_1_776' title='bbox 1908 4331 2223 4403; x_wconf 90' lang='lat' dir='ltr'><strong>eloquitur,</strong></span> <span class='ocrx_word' id='word_1_777' title='bbox 2255 4335 2376 4385; x_wconf 89' lang='lat' dir='ltr'><strong>tam</strong></span> <span class='ocrx_word' id='word_1_778' title='bbox 2405 4329 2731 4402; x_wconf 90' lang='lat' dir='ltr'><strong>prudenter</strong></span> <span class='ocrx_word' id='word_1_779' title='bbox 2760 4327 3101 4396; x_wconf 87' lang='lat' dir='ltr'><strong>interrogat,</strong></span> <span class='ocrx_word' id='word_1_780' title='bbox 3149 4343 3334 4397; x_wconf 88' lang='lat' dir='ltr'><strong>quam</strong></span> <span class='ocrx_word' id='word_1_781' title='bbox 3389 4321 3557 4378; x_wconf 89' lang='lat' dir='ltr'><strong>facile</strong></span> 
     </span>
    </p>
   </div>
   <div class='ocr_carea' id='block_1_108' title="bbox 1910 4407 3560 4479">
    <p class='ocr_par' dir='ltr' id='par_1_108' title="bbox 1910 4407 3560 4479">
     <span class='ocr_line' id='line_1_108' title="bbox 1910 4407 3560 4479; baseline -0.006 -8"><span class='ocrx_word' id='word_1_782' title='bbox 1910 4415 2141 4471; x_wconf 77' lang='lat' dir='ltr'><strong>credit?</strong></span> <span class='ocrx_word' id='word_1_783' title='bbox 2169 4413 2310 4479; x_wconf 89' lang='lat' dir='ltr'><strong>Quis</strong></span> <span class='ocrx_word' id='word_1_784' title='bbox 2343 4413 2502 4468; x_wconf 92' lang='lat' dir='ltr'><strong>enim</strong></span> <span class='ocrx_word' id='word_1_785' title='bbox 2534 4428 2654 4466; x_wconf 92' lang='lat' dir='ltr'><strong>non</strong></span> <span class='ocrx_word' id='word_1_786' title='bbox 2687 4412 2882 4466; x_wconf 90' lang='lat' dir='ltr'><strong>videat</strong></span> <span class='ocrx_word' id='word_1_787' title='bbox 2912 4427 2980 4466; x_wconf 91' lang='lat' dir='ltr'><strong>ae</strong></span> <span class='ocrx_word' id='word_1_788' title='bbox 3008 4410 3266 4465; x_wconf 89' lang='lat' dir='ltr'><strong>videndo</strong></span> <span class='ocrx_word' id='word_1_789' title='bbox 3316 4407 3560 4463; x_wconf 88' lang='lat' dir='ltr'><strong>miretur</strong></span> 
     </span>
    </p>
   </div>
   <div class='ocr_carea' id='block_1_109' title="bbox 1834 4477 3558 4570">
    <p class='ocr_par' dir='ltr' id='par_1_109' title="bbox 1834 4477 3558 4570">
     <span class='ocr_line' id='line_1_109' title="bbox 1834 4477 3558 4570; baseline -0.007 -15"><span class='ocrx_word' id='word_1_790' title='bbox 1834 4477 1877 4530; x_wconf 70' lang='grc' dir='ltr'><strong>Β</strong></span> <span class='ocrx_word' id='word_1_791' title='bbox 1905 4498 2194 4570; x_wconf 88' lang='lat' dir='ltr'><strong>justitiam</strong></span> <span class='ocrx_word' id='word_1_792' title='bbox 2225 4497 2376 4566; x_wconf 89' lang='lat' dir='ltr'><strong>ejus,</strong></span> <span class='ocrx_word' id='word_1_793' title='bbox 2408 4513 2531 4568; x_wconf 91' lang='lat' dir='ltr'><strong>qua</strong></span> <span class='ocrx_word' id='word_1_794' title='bbox 2561 4496 2642 4550; x_wconf 91' lang='lat' dir='ltr'><strong>sic</strong></span> <span class='ocrx_word' id='word_1_795' title='bbox 2669 4496 2947 4550; x_wconf 90' lang='lat' dir='ltr'><strong>universa</strong></span> <span class='ocrx_word' id='word_1_796' title='bbox 3000 4497 3298 4565; x_wconf 65' lang='lat' dir='ltr'><strong>praecepta</strong></span> <span class='ocrx_word' id='word_1_797' title='bbox 3342 4490 3558 4545; x_wconf 66' lang='lat' dir='ltr'><strong>divinae</strong></span> 
     </span>
    </p>
   </div>
   <div class='ocr_carea' id='block_1_110' title="bbox 1911 4575 3558 4651">
    <p class='ocr_par' dir='ltr' id='par_1_110' title="bbox 1911 4575 3558 4651">
     <span class='ocr_line' id='line_1_110' title="bbox 1911 4575 3558 4651; baseline -0.006 -13"><span class='ocrx_word' id='word_1_798' title='bbox 1911 4583 2056 4651; x_wconf 83' lang='lat' dir='ltr'><strong>legis</strong></span> <span class='ocrx_word' id='word_1_799' title='bbox 2103 4580 2437 4649; x_wconf 87' lang='lat' dir='ltr'><strong>satagebat,</strong></span> <span class='ocrx_word' id='word_1_800' title='bbox 2496 4579 2762 4650; x_wconf 90' lang='lat' dir='ltr'><strong>implere.</strong></span> <span class='ocrx_word' id='word_1_801' title='bbox 2819 4583 3012 4633; x_wconf 91' lang='lat' dir='ltr'><strong>utnec</strong></span> <span class='ocrx_word' id='word_1_802' title='bbox 3065 4575 3137 4630; x_wconf 91' lang='lat' dir='ltr'><strong>ad</strong></span> <span class='ocrx_word' id='word_1_803' title='bbox 3173 4592 3233 4630; x_wconf 92' lang='lat' dir='ltr'><strong>se</strong></span> <span class='ocrx_word' id='word_1_804' title='bbox 3264 4575 3558 4647; x_wconf 88' lang='lat' dir='ltr'><strong>pertinen-</strong></span> 
     </span>
    </p>
   </div>
   <div class='ocr_carea' id='block_1_111' title="bbox 1914 4660 3564 4738">
    <p class='ocr_par' dir='ltr' id='par_1_111' title="bbox 1914 4660 3564 4738">
     <span class='ocr_line' id='line_1_111' title="bbox 1914 4660 3564 4738; baseline -0.006 -15"><span class='ocrx_word' id='word_1_805' title='bbox 1914 4669 1992 4724; x_wconf 91' lang='lat' dir='ltr'><strong>tia</strong></span> <span class='ocrx_word' id='word_1_806' title='bbox 2020 4665 2315 4738; x_wconf 89' lang='lat' dir='ltr'><strong>inexpleta</strong></span> <span class='ocrx_word' id='word_1_807' title='bbox 2344 4663 2752 4735; x_wconf 84' lang='lat' dir='ltr'><strong>relinqueret?</strong></span> <span class='ocrx_word' id='word_1_808' title='bbox 2782 4661 2952 4716; x_wconf 90' lang='lat' dir='ltr'><strong>Verbi</strong></span> <span class='ocrx_word' id='word_1_809' title='bbox 2984 4660 3170 4728; x_wconf 90' lang='lat' dir='ltr'><strong>gratia</strong></span> <span class='ocrx_word' id='word_1_810' title='bbox 3199 4678 3210 4714; x_wconf 89' lang='lat'><strong>:</strong></span> <span class='ocrx_word' id='word_1_811' title='bbox 3245 4665 3380 4733; x_wconf 91' lang='lat' dir='ltr'><strong>post</strong></span> <span class='ocrx_word' id='word_1_812' title='bbox 3430 4675 3564 4730; x_wconf 89' lang='lat' dir='ltr'><strong>par-</strong></span> 
     </span>
    </p>
   </div>
   <div class='ocr_carea' id='block_1_112' title="bbox 1913 4743 3562 4822">
    <p class='ocr_par' dir='ltr' id='par_1_112' title="bbox 1913 4743 3562 4822">
     <span class='ocr_line' id='line_1_112' title="bbox 1913 4743 3562 4822; baseline -0.006 -15"><span class='ocrx_word' id='word_1_813' title='bbox 1913 4757 2038 4808; x_wconf 88' lang='lat' dir='ltr'><strong>tum</strong></span> <span class='ocrx_word' id='word_1_814' title='bbox 2071 4749 2225 4805; x_wconf 90' lang='lat' dir='ltr'><strong>enim</strong></span> <span class='ocrx_word' id='word_1_815' title='bbox 2252 4747 2661 4822; x_wconf 59' lang='lat' dir='ltr'><strong>purificatione</strong></span> <span class='ocrx_word' id='word_1_816' title='bbox 2689 4745 2860 4815; x_wconf 88' lang='lat' dir='ltr'><strong>legali</strong></span> <span class='ocrx_word' id='word_1_817' title='bbox 2907 4760 3093 4817; x_wconf 89' lang='lat' dir='ltr'><strong>quam</strong></span> <span class='ocrx_word' id='word_1_818' title='bbox 3150 4743 3384 4813; x_wconf 90' lang='lat' dir='ltr'><strong>agebat,</strong></span> <span class='ocrx_word' id='word_1_819' title='bbox 3439 4758 3562 4798; x_wconf 88' lang='lat' dir='ltr'><strong>non</strong></span> 
     </span>
    </p>
   </div>
   <div class='ocr_carea' id='block_1_113' title="bbox 1913 4829 3562 4907">
    <p class='ocr_par' dir='ltr' id='par_1_113' title="bbox 1913 4829 3562 4907">
     <span class='ocr_line' id='line_1_113' title="bbox 1913 4829 3562 4907; baseline -0.007 -15"><span class='ocrx_word' id='word_1_820' title='bbox 1913 4836 2145 4907; x_wconf 88' lang='lat' dir='ltr'><strong>egebat,</strong></span> <span class='ocrx_word' id='word_1_821' title='bbox 2179 4833 2322 4907; x_wconf 91' lang='lat' dir='ltr'><strong>quia</strong></span> <span class='ocrx_word' id='word_1_822' title='bbox 2341 4833 2534 4888; x_wconf 88' lang='lat' dir='ltr'><strong>virum</strong></span> <span class='ocrx_word' id='word_1_823' title='bbox 2562 4832 2619 4886; x_wconf 92' lang='lat' dir='ltr'><strong>in</strong></span> <span class='ocrx_word' id='word_1_824' title='bbox 2647 4829 3037 4896; x_wconf 85' lang='lat' dir='ltr'><strong>concipiendo</strong></span> <span class='ocrx_word' id='word_1_825' title='bbox 3054 4844 3172 4883; x_wconf 91' lang='lat' dir='ltr'><strong>non</strong></span> <span class='ocrx_word' id='word_1_826' title='bbox 3197 4832 3456 4883; x_wconf 90' lang='lat' dir='ltr'><strong>noverat.</strong></span> <span class='ocrx_word' id='word_1_827' title='bbox 3484 4830 3562 4882; x_wconf 90' lang='lat' dir='ltr'><strong>De</strong></span> 
     </span>
    </p>
   </div>
   <div class='ocr_carea' id='block_1_114' title="bbox 1916 4912 3564 4994">
    <p class='ocr_par' dir='ltr' id='par_1_114' title="bbox 1916 4912 3564 4994">
     <span class='ocr_line' id='line_1_114' title="bbox 1916 4912 3564 4994; baseline -0.007 -18"><span class='ocrx_word' id='word_1_828' title='bbox 1916 4918 2309 4994; x_wconf 89' lang='lat' dir='ltr'><strong>temperantia</strong></span> <span class='ocrx_word' id='word_1_829' title='bbox 2319 4934 2561 4990; x_wconf 92' lang='lat' dir='ltr'><strong>quoque</strong></span> <span class='ocrx_word' id='word_1_830' title='bbox 2576 4916 2761 4990; x_wconf 91' lang='lat' dir='ltr'><strong>ipsius</strong></span> <span class='ocrx_word' id='word_1_831' title='bbox 2786 4915 3056 4986; x_wconf 88' lang='lat' dir='ltr'><strong>superius</strong></span> <span class='ocrx_word' id='word_1_832' title='bbox 3073 4912 3296 4967; x_wconf 88' lang='lat' dir='ltr'><strong>dictum</strong></span> <span class='ocrx_word' id='word_1_833' title='bbox 3316 4917 3564 4983; x_wconf 78' lang='lat' dir='ltr'><strong>est,quee</strong></span> 
     </span>
    </p>
   </div>
   <div class='ocr_carea' id='block_1_115' title="bbox 1916 4995 3561 5074">
    <p class='ocr_par' dir='ltr' id='par_1_115' title="bbox 1916 4995 3561 5074">
     <span class='ocr_line' id='line_1_115' title="bbox 1916 4995 3561 5074; baseline -0.007 -13"><span class='ocrx_word' id='word_1_834' title='bbox 1916 5009 2035 5061; x_wconf 91' lang='lat' dir='ltr'><strong>Deo</strong></span> <span class='ocrx_word' id='word_1_835' title='bbox 2057 5001 2609 5074; x_wconf 72' lang='lat' dir='ltr'><strong>virginitatisliluum</strong></span> <span class='ocrx_word' id='word_1_836' title='bbox 2641 5001 2699 5055; x_wconf 93' lang='lat' dir='ltr'><strong>in</strong></span> <span class='ocrx_word' id='word_1_837' title='bbox 2724 4998 3071 5055; x_wconf 89' lang='lat' dir='ltr'><strong>humilitatis</strong></span> <span class='ocrx_word' id='word_1_838' title='bbox 3087 4996 3240 5052; x_wconf 90' lang='lat' dir='ltr'><strong>valle</strong></span> <span class='ocrx_word' id='word_1_839' title='bbox 3261 4995 3561 5069; x_wconf 83' lang='lat' dir='ltr'><strong>produxit.</strong></span> 
     </span>
    </p>
   </div>
   <div class='ocr_carea' id='block_1_116' title="bbox 1918 5079 3566 5158">
    <p class='ocr_par' dir='ltr' id='par_1_116' title="bbox 1918 5079 3566 5158">
     <span class='ocr_line' id='line_1_116' title="bbox 1918 5079 3566 5158; baseline -0.007 -13"><span class='ocrx_word' id='word_1_840' title='bbox 1918 5093 2063 5145; x_wconf 83' lang='lat' dir='ltr'><strong>Cum</strong></span> <span class='ocrx_word' id='word_1_841' title='bbox 2087 5104 2227 5158; x_wconf 90' lang='lat' dir='ltr'><strong>ergo</strong></span> <span class='ocrx_word' id='word_1_842' title='bbox 2266 5086 2582 5142; x_wconf 90' lang='lat' dir='ltr'><strong>virtutibus</strong></span> <span class='ocrx_word' id='word_1_843' title='bbox 2611 5083 2963 5156; x_wconf 89' lang='lat' dir='ltr'><strong>supradictis</strong></span> <span class='ocrx_word' id='word_1_844' title='bbox 3004 5082 3158 5136; x_wconf 90' lang='lat' dir='ltr'><strong>facta</strong></span> <span class='ocrx_word' id='word_1_845' title='bbox 3211 5081 3340 5151; x_wconf 88' lang='lat' dir='ltr'><strong>ejus</strong></span> <span class='ocrx_word' id='word_1_846' title='bbox 3387 5079 3566 5152; x_wconf 92' lang='lat' dir='ltr'><strong>plena</strong></span> 
     </span>
    </p>
   </div>
   <div class='ocr_carea' id='block_1_117' title="bbox 1917 5165 3567 5244">
    <p class='ocr_par' dir='ltr' id='par_1_117' title="bbox 1917 5165 3567 5244">
     <span class='ocr_line' id='line_1_117' title="bbox 1917 5165 3567 5244; baseline -0.005 -16"><span class='ocrx_word' id='word_1_847' title='bbox 1917 5177 2055 5228; x_wconf 91' lang='lat' dir='ltr'><strong>sunt</strong></span> <span class='ocrx_word' id='word_1_848' title='bbox 2081 5177 2259 5244; x_wconf 90' lang='lat' dir='ltr'><strong>atque</strong></span> <span class='ocrx_word' id='word_1_849' title='bbox 2286 5171 2463 5238; x_wconf 91' lang='lat' dir='ltr'><strong>dicta,</strong></span> <span class='ocrx_word' id='word_1_850' title='bbox 2493 5169 2878 5225; x_wconf 90' lang='lat' dir='ltr'><strong>manifestum</strong></span> <span class='ocrx_word' id='word_1_851' title='bbox 2906 5171 3141 5221; x_wconf 90' lang='lat' dir='ltr'><strong>estnon</strong></span> <span class='ocrx_word' id='word_1_852' title='bbox 3172 5165 3366 5220; x_wconf 90' lang='lat' dir='ltr'><strong>solum</strong></span> <span class='ocrx_word' id='word_1_853' title='bbox 3395 5169 3567 5220; x_wconf 87' lang='lat' dir='ltr'><strong>attes-</strong></span> 
     </span>
    </p>
   </div>
   <div class='ocr_carea' id='block_1_118' title="bbox 1919 5249 3571 5326">
    <p class='ocr_par' dir='ltr' id='par_1_118' title="bbox 1919 5249 3571 5326">
     <span class='ocr_line' id='line_1_118' title="bbox 1919 5249 3571 5326; baseline -0.006 -13"><span class='ocrx_word' id='word_1_854' title='bbox 1919 5257 2135 5313; x_wconf 87' lang='lat' dir='ltr'><strong>tatione</strong></span> <span class='ocrx_word' id='word_1_855' title='bbox 2158 5255 2448 5326; x_wconf 88' lang='lat' dir='ltr'><strong>angelica,</strong></span> <span class='ocrx_word' id='word_1_856' title='bbox 2483 5254 2588 5309; x_wconf 89' lang='lat' dir='ltr'><strong>sed</strong></span> <span class='ocrx_word' id='word_1_857' title='bbox 2613 5253 2789 5308; x_wconf 89' lang='lat' dir='ltr'><strong>etiam</strong></span> <span class='ocrx_word' id='word_1_858' title='bbox 2815 5267 3016 5306; x_wconf 90' lang='lat' dir='ltr'><strong>rerum</strong></span> <span class='ocrx_word' id='word_1_859' title='bbox 3065 5255 3423 5319; x_wconf 88' lang='lat' dir='ltr'><strong>argumento</strong></span> <span class='ocrx_word' id='word_1_860' title='bbox 3444 5249 3571 5306; x_wconf 89' lang='lat' dir='ltr'><strong>nul-</strong></span> 
     </span>
    </p>
   </div>
   <div class='ocr_carea' id='block_1_119' title="bbox 1917 5334 3572 5410">
    <p class='ocr_par' dir='ltr' id='par_1_119' title="bbox 1917 5334 3572 5410">
     <span class='ocr_line' id='line_1_119' title="bbox 1917 5334 3572 5410; baseline -0.004 -13"><span class='ocrx_word' id='word_1_861' title='bbox 1917 5342 2042 5397; x_wconf 92' lang='lat' dir='ltr'><strong>lum</strong></span> <span class='ocrx_word' id='word_1_862' title='bbox 2072 5340 2297 5396; x_wconf 89' lang='lat' dir='ltr'><strong>virtutis</strong></span> <span class='ocrx_word' id='word_1_863' title='bbox 2327 5337 2685 5396; x_wconf 70' lang='lat' dir='ltr'><strong>beatissima:</strong></span> <span class='ocrx_word' id='word_1_864' title='bbox 2706 5335 2920 5406; x_wconf 82' lang='lat' dir='ltr'><strong>Virgini</strong></span> <span class='ocrx_word' id='word_1_865' title='bbox 2951 5334 3228 5390; x_wconf 81' lang='lat' dir='ltr'><strong>defuisse.</strong></span> <span class='ocrx_word' id='word_1_866' title='bbox 3257 5339 3572 5410; x_wconf 89' lang='lat' dir='ltr'><strong>Deprome-</strong></span> 
     </span>
    </p>
   </div>
   <div class='ocr_carea' id='block_1_120' title="bbox 1916 5420 3572 5496">
    <p class='ocr_par' dir='ltr' id='par_1_120' title="bbox 1916 5420 3572 5496">
     <span class='ocr_line' id='line_1_120' title="bbox 1916 5420 3572 5496; baseline -0.004 -16"><span class='ocrx_word' id='word_1_867' title='bbox 1916 5425 2064 5482; x_wconf 91' lang='lat' dir='ltr'><strong>bant</strong></span> <span class='ocrx_word' id='word_1_868' title='bbox 2092 5424 2292 5496; x_wconf 88' lang='lat' dir='ltr'><strong>itaque</strong></span> <span class='ocrx_word' id='word_1_869' title='bbox 2318 5424 2560 5478; x_wconf 90' lang='lat' dir='ltr'><strong>virtutes</strong></span> <span class='ocrx_word' id='word_1_870' title='bbox 2591 5422 2650 5476; x_wconf 93' lang='lat' dir='ltr'><strong>in</strong></span> <span class='ocrx_word' id='word_1_871' title='bbox 2675 5420 3029 5489; x_wconf 89' lang='lat' dir='ltr'><strong>cogitatione</strong></span> <span class='ocrx_word' id='word_1_872' title='bbox 3055 5425 3112 5475; x_wconf 89' lang='lat' dir='ltr'><strong>et</strong></span> <span class='ocrx_word' id='word_1_873' title='bbox 3135 5421 3353 5477; x_wconf 77' lang='lat' dir='ltr'><strong>affectu</strong></span> <span class='ocrx_word' id='word_1_874' title='bbox 3378 5421 3572 5477; x_wconf 86' lang='lat' dir='ltr'><strong>cordis</strong></span> 
     </span>
    </p>
   </div>
   <div class='ocr_carea' id='block_1_121' title="bbox 1919 5504 3574 5580">
    <p class='ocr_par' dir='ltr' id='par_1_121' title="bbox 1919 5504 3574 5580">
     <span class='ocr_line' id='line_1_121' title="bbox 1919 5504 3574 5580; baseline -0.003 -17"><span class='ocrx_word' id='word_1_875' title='bbox 1919 5510 2048 5580; x_wconf 91' lang='lat' dir='ltr'><strong>ejus</strong></span> <span class='ocrx_word' id='word_1_876' title='bbox 2074 5507 2435 5563; x_wconf 84' lang='lat' dir='ltr'><strong>inetl&#39;abilem</strong></span> <span class='ocrx_word' id='word_1_877' title='bbox 2460 5505 2862 5573; x_wconf 87' lang='lat' dir='ltr'><strong>harmoniam,</strong></span> <span class='ocrx_word' id='word_1_878' title='bbox 2899 5522 3082 5577; x_wconf 89' lang='lat' dir='ltr'><strong>quam</strong></span> <span class='ocrx_word' id='word_1_879' title='bbox 3134 5504 3268 5576; x_wconf 88' lang='lat' dir='ltr'><strong>ipsa</strong></span> <span class='ocrx_word' id='word_1_880' title='bbox 3325 5504 3574 5562; x_wconf 84' lang='lat' dir='ltr'><strong>creatrix</strong></span> 
     </span>
    </p>
   </div>
   <div class='ocr_carea' id='block_1_122' title="bbox 1919 5588 3576 5661">
    <p class='ocr_par' dir='ltr' id='par_1_122' title="bbox 1919 5588 3576 5661">
     <span class='ocr_line' id='line_1_122' title="bbox 1919 5588 3576 5661; baseline -0.004 -13"><span class='ocrx_word' id='word_1_881' title='bbox 1919 5599 1975 5649; x_wconf 88' lang='lat' dir='ltr'><strong>et</strong></span> <span class='ocrx_word' id='word_1_882' title='bbox 2003 5592 2386 5647; x_wconf 79' lang='lat' dir='ltr'><strong>inhabitatrix</strong></span> <span class='ocrx_word' id='word_1_883' title='bbox 2416 5591 2544 5660; x_wconf 88' lang='lat' dir='ltr'><strong>ejus</strong></span> <span class='ocrx_word' id='word_1_884' title='bbox 2568 5590 2670 5645; x_wconf 88' lang='lat' dir='ltr'><strong>Dei</strong></span> <span class='ocrx_word' id='word_1_885' title='bbox 2701 5589 2989 5661; x_wconf 89' lang='lat' dir='ltr'><strong>sapientia</strong></span> <span class='ocrx_word' id='word_1_886' title='bbox 3017 5588 3430 5648; x_wconf 86' lang='lat' dir='ltr'><strong>delectabatur</strong></span> <span class='ocrx_word' id='word_1_887' title='bbox 3477 5605 3576 5643; x_wconf 89' lang='lat' dir='ltr'><strong>au-</strong></span> 
     </span>
    </p>
   </div>
   <div class='ocr_carea' id='block_1_123' title="bbox 1920 5674 3577 5753">
    <p class='ocr_par' dir='ltr' id='par_1_123' title="bbox 1920 5674 3577 5753">
     <span class='ocr_line' id='line_1_123' title="bbox 1920 5674 3577 5753; baseline -0.004 -21"><span class='ocrx_word' id='word_1_888' title='bbox 1920 5678 2078 5740; x_wconf 87' lang='lat' dir='ltr'><strong>dire;</strong></span> <span class='ocrx_word' id='word_1_889' title='bbox 2109 5676 2507 5731; x_wconf 88' lang='lat' dir='ltr'><strong>coruscabant</strong></span> <span class='ocrx_word' id='word_1_890' title='bbox 2538 5675 2676 5729; x_wconf 79' lang='lat' dir='ltr'><strong>foris</strong></span> <span class='ocrx_word' id='word_1_891' title='bbox 2733 5675 2792 5729; x_wconf 79' lang='lat' dir='ltr'><strong>in</strong></span> <span class='ocrx_word' id='word_1_892' title='bbox 2839 5674 3149 5746; x_wconf 84' lang='lat' dir='ltr'><strong>superficie</strong></span> <span class='ocrx_word' id='word_1_893' title='bbox 3202 5674 3496 5753; x_wconf 68' lang='lat' dir='ltr'><strong>sermonis</strong></span> <span class='ocrx_word' id='word_1_894' title='bbox 3521 5676 3577 5725; x_wconf 90' lang='lat' dir='ltr'><strong>et</strong></span> 
     </span>
    </p>
   </div>
   <div class='ocr_carea' id='block_1_124' title="bbox 1922 5758 3575 5834">
    <p class='ocr_par' dir='ltr' id='par_1_124' title="bbox 1922 5758 3575 5834">
     <span class='ocr_line' id='line_1_124' title="bbox 1922 5758 3575 5834; baseline -0.006 -16"><span class='ocrx_word' id='word_1_895' title='bbox 1922 5767 2108 5830; x_wconf 89' lang='lat' dir='ltr'><strong>actus,</strong></span> <span class='ocrx_word' id='word_1_896' title='bbox 2142 5761 2301 5818; x_wconf 88' lang='lat' dir='ltr'><strong>unde</strong></span> <span class='ocrx_word' id='word_1_897' title='bbox 2353 5760 2564 5817; x_wconf 90' lang='lat' dir='ltr'><strong>merito</strong></span> <span class='ocrx_word' id='word_1_898' title='bbox 2612 5760 2842 5834; x_wconf 90' lang='lat' dir='ltr'><strong>possint</strong></span> <span class='ocrx_word' id='word_1_899' title='bbox 2901 5758 3175 5816; x_wconf 88' lang='lat' dir='ltr'><strong>homines</strong></span> <span class='ocrx_word' id='word_1_900' title='bbox 3244 5761 3575 5829; x_wconf 83' lang='lat' dir='ltr'><strong>glorificare</strong></span> 
     </span>
    </p>
   </div>
  </div>
