3904 6544
385 446 488 499 823

1425 443 1479 498 S.
1524 441 1856 498 FULBERTI
1895 436 2371 496 CARNOTENSIS
2412 440 2742 498 EPISCOPI.

3695 447 3788 502 324

383 570 591 633 Deum,
624 571 681 622 et
709 567 982 640 exempla
1013 565 1217 622 salutis
1247 565 1533 637 accipere.
1567 565 1687 622 Tali
1717 581 1859 634 ergo
1907 569 2031 619 tan-
2059 564 2107 616 Α
2144 577 2246 617 ore
2277 563 2617 636 susciperet,
2673 565 2851 621 facies
2881 561 3109 618 refulsit
3147 566 3212 618 ut
3267 562 3376 618 sol.
3438 566 3789 641 Peractoque

381 660 573 728 tesque
599 671 892 729 personae,
933 656 1078 728 quid
1106 655 1348 712 tandem
1392 654 1470 710 ad
1527 655 1771 710 honoris
1820 670 2030 710 cumu-

2140 651 2423 726 deinceps
2451 655 2667 722 triduo,
2702 670 2841 710 cum
2865 653 3148 710 laudibus
3179 653 3239 708 in
3271 653 3526 711 ecclesia
3550 655 3659 728 piae
3687 660 3790 714 Ma-
3876 721 3877 728 γ

379 745 506 801 lum
526 745 719 818 potuit
756 745 1038 801 accedere
1091 745 1288 816 majus
1321 760 1334 799 :
1363 761 1435 800 eo
1479 744 1642 816 quod
1676 744 1774 798 Dei
1825 743 2030 798 Filium
2139 741 2242 796 tris
2273 743 2526 814 Domini,
2554 760 2660 816 per
2689 759 2876 816 quam
2897 742 3310 799 reconciliatus
3338 742 3552 812 fuerat,
3572 760 3610 801 a
3635 745 3790 803 labo-

380 833 552 905 Virgo
579 833 870 906 concepit,
902 834 1076 904 Virgo
1101 838 1290 889 mater
1317 833 1519 903 edidit,
1550 833 1664 888 hac
1695 847 1910 904 nempe
1940 831 2028 887 di-

380 923 598 992 gnitate
629 921 985 978 venerabilis
1018 921 1171 978 facta
1189 926 1277 976 est
1301 921 1443 992 ipsis
1500 936 1744 993 quoque
1798 924 2028 976 sancto-

375 1028 511 1067 rum
537 1011 849 1067 ordinibus
877 1011 1249 1081 angelorum.
1279 1010 1449 1074 Quod
1478 1026 1656 1082 opere
1708 1009 2026 1065 manifesto

375 1101 698 1157 declaravit
729 1100 822 1156 ille
868 1116 1126 1169 magnus
1183 1105 1360 1172 atque
1420 1099 1584 1154 fortis
1631 1099 2024 1168 archangelus

377 1189 626 1256 Gabriel,
658 1189 764 1263 qui
793 1205 928 1245 eam
960 1194 1282 1262 antequam
1315 1187 1412 1243 Dei
1440 1192 1630 1244 mater
1668 1187 1850 1253 ﬁeret,
1882 1187 2026 1259 quia

374 1278 634 1334 futuram
666 1283 929 1348 noverat,
956 1283 1117 1334 tanta
1142 1278 1517 1333 veneratione
1540 1276 1854 1332 salutando
1877 1292 2024 1348 pras-

371 1369 549 1436 venit,
589 1369 702 1424 hac
740 1368 952 1424 eadem
982 1367 1268 1437 dignitate
1292 1368 1448 1423 facta
1474 1371 1561 1422 est
1607 1366 1786 1422 etiam
1838 1367 2024 1438 impe-

374 1458 555 1528 riosa,
588 1457 919 1514 secundum
951 1458 1299 1514 charitatem
1330 1473 1472 1528 erga
1503 1472 1770 1529 superos,
1804 1472 1874 1512 ac
1924 1474 2022 1512 su-

370 1563 476 1618 per
507 1547 724 1603 inferos
748 1564 853 1620 per
881 1547 1317 1602 discretionem.
1366 1546 1528 1602 Unde
1572 1545 1832 1618 plurima
1887 1547 2024 1600 scri-

369 1642 473 1710 pta
500 1641 638 1693 sunt
676 1637 1090 1709 exemplorum
1130 1640 1505 1705 argumenta,
1546 1634 1621 1691 de
1668 1635 1889 1707 quibus
1943 1635 2021 1690 ad

369 1742 633 1798 praesens
663 1725 945 1799 quedam
988 1724 1242 1780 sufﬁciat
1296 1739 1648 1780 memorare.
1693 1723 1794 1779 Illa
1846 1723 2022 1794 igitur

369 1815 511 1871 olim
539 1816 598 1871 in
630 1816 919 1871 auxilium
950 1814 1157 1884 magni
1197 1814 1380 1869 Patris
1438 1813 1633 1869 Basilii
1682 1813 1841 1869 misit
1882 1829 2018 1868 san-

2136 830 2301 886 ribus
2329 833 2450 888 suis
2470 832 2649 888 beato
2679 833 2797 888 ﬁne
2827 831 3070 904 quievit.

2206 922 2442 978 Talibus
2470 938 2614 992 ergo
2639 922 2806 978 factis
2831 921 3202 994 approbatur
3229 920 3375 993 quia
3399 923 3637 979 Domini
3675 927 3787 981 Ma-
3873 915 3875 924 ’

2134 1015 2223 1066 ter
2253 1012 2473 1084 ubique
2512 1013 2836 1085 imperiosa
2865 1016 2974 1076 est,
3003 1011 3229 1083 ubique
3258 1012 3605 1083 magniﬁca,
3638 1018 3791 1070 certe

2134 1100 2228 1155 cui
2259 1117 2517 1173 pronum
2568 1106 2657 1158 est
2701 1106 2942 1158 sanctos
2995 1100 3242 1169 angelos
3294 1099 3355 1156 in
3395 1101 3791 1159 ministerium

2131 1189 2381 1258 mittere,
2415 1195 2471 1246 et
2497 1191 2575 1246 ad
2595 1191 3038 1263 beneplacitum
3070 1188 3588 1247 suuminferorum
3615 1197 3794 1264 pacta
3872 1193 3876 1240 ἰ

2134 1296 2371 1336 cassare
2397 1298 2409 1346 ;
2443 1281 2538 1337 his
2562 1297 2806 1353 quoque
2837 1285 2893 1336 et
2923 1279 3054 1334 aliis
3091 1279 3304 1335 inﬁniti
3329 1283 3564 1336 numeri
3616 1281 3794 1337 bene—
3872 1321 3876 1354 ,

2132 1369 2280 1424 ﬁciis
2309 1386 2446 1441 quae
2471 1369 2565 1424 vel
2597 1370 2813 1441 scripta
2841 1373 2997 1436 sunt,
3057 1367 3148 1424 vel
3200 1369 3432 1440 passim
3473 1369 3603 1441 jug'i
3662 1385 3789 1425 sen-
3869 1357 3875 1404 ί

2132 1459 2354 1514 tiuntur
2380 1459 2615 1526 effectu,
2648 1459 2813 1531 quod
2841 1463 2898 1514 et
2917 1458 3092 1529 justis
3123 1462 3179 1513 et
3206 1457 3621 1531 peccatoribus
3649 1459 3794 1516 ﬁde-
3871 1479 3876 1496 ι

2130 1548 2259 1603 liter
2286 1548 2706 1604 invocantibus
2730 1565 2790 1603 se
2829 1553 3047 1620 praesto
3078 1553 3188 1615 est,
3223 1553 3278 1604 et
3333 1563 3653 1620 nunquam
3708 1548 3796 1604 eis

2130 1637 2409 1709 opitulari
2437 1639 2681 1695 desistit.
2710 1638 2958 1693 Veniant
2987 1638 3164 1708 igitur
3193 1638 3272 1694 ad
3302 1654 3437 1694 eam
3465 1637 3610 1709 justi
3649 1653 3798 1692 cum

2130 1727 2340 1782 Basilio
2370 1727 2684 1784 laudantes
2714 1744 2783 1784 ac
2804 1727 3242 1798 benedicentes,
3267 1728 3670 1799 effectumque
3697 1741 3800 1782 ce-
3873 1793 3875 1797 η

2127 1815 2311 1872 lerem
2341 1817 2462 1872 suis
2495 1818 2717 1873 sanctis
2743 1816 3051 1871 desideriis
3092 1817 3463 1888 postulantes
3493 1816 3624 1871 sine
3679 1815 3801 1870 du-
3876 1830 3877 1837 ‘

369 1909 529 1961 ctum
559 1905 864 1976 angelum,
897 1909 952 1960 et
981 1909 1285 1959 mortuum
1332 1902 1653 1976 suscitavit,
1706 1901 1810 1974 qui
1865 1901 2019 1958 male
2048 1915 2088 1971 Β
2128 1905 2226 1961 bio
2251 1907 2604 1978 percepturi.
2641 1906 2892 1961 Veniant
2917 1909 3258 1978 peccatores
3289 1920 3427 1959 cum
3457 1903 3803 1977 Theophilo

366 1995 662 2050 viventem
719 1992 1128 2066 pessumdedit
1171 1995 1613 2063 persecutorem
1671 1992 1800 2061 ejus
1843 1989 2018 2046 Julia-

366 2100 513 2139 num
568 2088 923 2156 apostatam,
957 2087 1013 2137 et
1064 2082 1190 2136 haec
1246 2079 1491 2136 historia
1541 2079 1852 2135 notissima
1907 2083 2012 2134 est.

367 2171 469 2227 llla
495 2171 672 2227 etiam
704 2175 778 2236 te,
803 2186 839 2226 o
870 2173 1166 2242 peccator,
1193 2167 1502 2239 quondam
1533 2166 1870 2238 Theophile,
1894 2182 2018 2238 pae-

365 2261 650 2316 nitentem
671 2258 1092 2330 etsuppliciter
1135 2255 1518 2311 invocantem
1567 2254 1644 2309 ab
1702 2253 1844 2326 ipsis
1892 2253 2016 2308 dia-

363 2347 486 2404 boli
515 2347 788 2403 faucibus
812 2349 1084 2418 potenter
1113 2343 1348 2416 eripuit.
1385 2343 1497 2400 Sed
1522 2342 1667 2414 quid
1699 2357 2018 2411 gravemur

363 2436 464 2506 huj
477 2451 544 2490 us
555 2434 706 2506 lapsi
733 2433 1172 2507 reparationem
1195 2430 1404 2504 paucis
1434 2429 1621 2496 effari,
1648 2446 1786 2484 cum
1809 2429 2014 2486 audire

367 2524 441 2580 sit
468 2540 664 2597 operae
692 2523 948 2596 pretium
977 2523 1006 2577 ‘I

437 2617 487 2668 ls
517 2629 659 2684 ergo
689 2611 1045 2686 Theophilus
1076 2609 1357 2666 incedens
1386 2608 1529 2664 olim
1573 2607 1633 2662 in
1680 2607 1871 2680 patria
1918 2625 2014 2664 cu-

360 2703 609 2774 jusdam
631 2702 896 2776 episcopi
924 2700 1268 2765 ciliciorum,
1296 2703 1361 2754 ut
1392 2697 1682 2770 scriptura
1729 2697 2010 2770 quaedam

363 2797 628 2862 testatur,
656 2798 898 2867 propter
927 2788 1249 2846 infortunia
1275 2803 1385 2842 sua
1410 2787 1471 2842 in
1517 2786 1808 2842 tristitiam
1860 2787 2010 2842 ceci-

363 2884 466 2951 dit,
495 2883 655 2940 unde
685 2882 932 2939 contulit
961 2895 1088 2935 sese
1114 2878 1192 2935 ad
1223 2877 1550 2950 quemdam
1575 2877 1852 2931 Judaeum
1883 2893 2009 2932 ma-

360 2971 621 3041 leﬁcum,
663 2972 790 3041 ejus
823 2967 1139 3025 consilium
1193 2970 1250 3020 et
1307 2964 1591 3019 auxilium
1621 2969 1847 3036 petens.
1890 2968 2007 3020 Hoc

361 3063 688 3118 mediatore
704 3061 936 3114 locutus
964 3073 1101 3112 cum
1128 3055 1370 3110 diabolo
1389 3054 1883 3110 Christianitatem
1906 3055 2007 3110 ab-

361 3150 623 3219 negavit,
648 3146 958 3203 diabolum
990 3145 1275 3212 adoravit,
1306 3143 1477 3215 eique
1507 3143 1581 3198 de
1621 3160 1730 3198 sua
1788 3143 2008 3199 manci-

2127 1994 2444 2049 tundentes
2476 2011 2578 2049 rea
2612 1998 2855 2065 pectora
2884 2009 3023 2047 cum
3044 1991 3275 2046 interno
3300 1993 3459 2056 ﬂetu,
3493 1991 3610 2062 ipsi
3642 2007 3807 2064 quo-

2126 2099 2243 2154 que
2277 2124 2289 2148 ,
2316 2083 2363 2136 si
2391 2098 2524 2137 vere
2545 2081 2890 2154 poeniteant,
2922 2080 3324 2135 desideratam
3345 2078 3586 2133 veniam
3643 2080 3804 2135 ade-

2124 2172 2304 2242 pturi,
2337 2171 2410 2225 de
2436 2187 2696 2242 quorum
2724 2184 2977 2225 numero
3006 2167 3110 2223 tibi
3136 2167 3548 2223 assistentibus
3605 2168 3805 2223 nobis

2126 2263 2189 2314 ut
2222 2258 2537 2313 subvenire
2563 2258 2692 2328 jam
2725 2262 2781 2312 et
2831 2255 3106 2312 auxiliari
3157 2255 3443 2328 digneris,
3496 2254 3806 2328 implora-

2123 2364 2280 2415 mus,
2313 2363 2349 2402 o
2373 2347 2684 2419 praeelecta
2718 2346 2728 2400 !
2763 2362 2800 2400 o
2831 2345 3068 2401 sancta!
3102 2343 3455 2399 veneralibis
3497 2348 3555 2399 et
3597 2343 3804 2418 impe-

2122 2437 2282 2491 riosa
2314 2437 2325 2490 !
2359 2452 2395 2490 ο
2424 2436 2684 2491 clemens
2714 2439 2769 2490 et
2798 2433 3054 2506 propitia
3080 2433 3333 2488 Domina
3374 2437 3602 2500 nostra,
3658 2450 3800 2506 quo

2121 2526 2423 2598 possimus
2443 2540 2794 2596 recuperare
2816 2527 2872 2578 et
2899 2521 3120 2578 habere
3139 2525 3491 2594 perpetuam
3523 2522 3798 2591 gratiam

2121 2615 2224 2669 ﬁlii
2256 2615 2338 2670 tui
2366 2617 2506 2669 Jesu
2529 2613 2738 2669 Christi
2769 2612 3002 2668 Domini
3032 2611 3240 2680 nostri,
3265 2611 3370 2683 qui
3421 2627 3562 2666 cum
3610 2615 3798 2670 Patre

2121 2709 2176 2759 et
2233 2702 2449 2774 Spiritu
2507 2707 2715 2758 sancto
2761 2700 2905 2756 vivit
2960 2705 3017 2756 et
3045 2704 3253 2770 regnat
3308 2715 3464 2756 unus
3511 2702 3676 2756 Deus
3727 2701 3795 2758 in

2122 2798 2432 2849 aeternum.
2466 2793 2678 2848 Amen.

2789 2881 3014 2936 SERMO
3055 2881 3117 2934 V.

2387 2987 2512 3024 ITEM
2554 2986 2618 3024 DE
2659 2985 2987 3024 NATIVITATE
3027 2984 3212 3023 ΜΑΗΙΕ
3252 2983 3509 3023 VIRGINIS.

2193 3062 2416 3114 Fratres
2449 3058 2802 3127 charissimi,
2831 3057 2892 3112 in
2912 3058 3024 3113 hac
3044 3057 3139 3113 die
3170 3057 3546 3113 celebramus
3573 3058 3794 3114 natale

2120 3147 2390 3217 gloriosas
2410 3147 2674 3202 Dominae
2693 3152 2913 3202 nostrae
2930 3146 3118 3203 Marim
3136 3145 3408 3201 videlicet
3423 3146 3798 3219 Redempto-

361 3237 602 3310 patione
635 3235 1099 3307 chirographum
1131 3232 1371 3288 tradidit
1400 3231 1624 3287 annulo
1655 3249 1763 3288 suo
1816 3233 2009 3302 signa—
2036 3265 2079 3322 ο
2117 3238 2196 3292 ris
2219 3237 2401 3292 nostri
2415 3237 2624 3292 Matris.
2653 3235 2936 3290 Volumus
2963 3235 3134 3291 vobis
3162 3234 3389 3308 aliquid
3403 3235 3629 3291 referre
3651 3235 3795 3293 bre-

361 3332 510 3383 tum.
542 3329 750 3382 Postea
785 3340 927 3380 vero
970 3323 1105 3379 facti
1154 3323 1464 3396 paenitens,
1525 3322 1898 3394 multumque
1944 3340 2006 3378 se
2118 3327 2266 3382 viter
2294 3327 2367 3380 de
2392 3325 2691 3380 natalibus
2722 3325 2870 3395 ejus,
2905 3329 2962 3380 et
2991 3324 3111 3380 vita
3127 3329 3183 3379 et
3205 3324 3345 3395 ﬁne,
3378 3328 3434 3379 et
3462 3324 3794 3394 adjutoriis

361 3417 565 3472 animo
596 3430 822 3484 angens
848 3413 994 3486 quid
1024 3412 1259 3479 faceret,
1300 3428 1418 3484 quo
1452 3428 1514 3467 se
1550 3417 1818 3478 verteret,
1877 3417 2005 3467 tan-

361 3505 498 3560 dem
527 3504 784 3561 collectis
805 3503 943 3559 ﬁdei
971 3507 1026 3558 et
1048 3503 1174 3575 spei
1201 3502 1448 3572 viribus,
1478 3502 1742 3572 confugit
1790 3503 1868 3558 ad
1918 3519 2008 3557 ec-

360 3594 604 3650 clesiam
629 3592 960 3666 quamdam
991 3591 1182 3647 beatae
1213 3590 1401 3647 Marica
1451 3591 1656 3646 matris
1703 3591 2005 3646 memoriae

360 3684 720 3752 dedicatam,
769 3682 867 3738 ubi
946 3681 1348 3754 quadraginta
1399 3681 1631 3736 dierum
1689 3679 2005 3736 afﬂictione

356 3778 650 3830 mactatus
699 3771 902 3828 animo
933 3770 1183 3826 contrito
1235 3787 1455 3826 nomen
1515 3786 1643 3841 ejus
1690 3770 2007 3826 invocabat

352 3862 591 3933 jugiter,
617 3877 686 3916 ac
713 3859 1114 3933 patrocinium
1140 3859 1520 3931 implorabat.
1556 3859 1708 3925 Quid
1759 3859 1950 3915 multa
1979 3860 2005 3913 ‘?

353 3951 628 4024 Respexit
655 3951 816 4005 hunc
844 3949 1102 4021 propitia
1131 3949 1547 4005 misericordiae
1578 3953 1772 4017 Mater,
1806 3955 1862 4005 et
1901 3964 2007 4021 per

353 4037 744 4094 visionemilli
782 4052 1078 4108 apparens
1103 4037 1177 4092 de
1225 4037 1522 4110 impietate
1577 4038 1864 4107 coarguit,
1925 4037 2005 4092 ad

356 4126 572 4181 Christi
597 4125 1031 4181 confessionem
1047 4125 1328 4183 excitans.
1358 4127 1674 4183 Consolata
1698 4131 1785 4181 est
1803 4125 2006 4180 dolen-

356 4219 477 4271 tem
506 4213 842 4286 pollicendo
863 4214 1123 4285 veniam,
1155 4219 1212 4271 et
1261 4232 1336 4272 ne
1393 4215 1692 4271 dubitaret
1742 4213 1816 4268 de
1871 4229 2005 4285 pro-

354 4300 972 4375 misso,supradictum
995 4303 1459 4376 chirographum
1476 4301 1717 4358 diabolo
1736 4305 2004 4373 potenter

355 4397 623 4466 ereptum
655 4391 884 4464 captivo
904 4392 1158 4448 reddidit
1173 4393 1232 4448 in
1258 4393 1477 4466 pignus
1495 4390 1799 4446 libertatis.
1830 4391 2002 4455 Quod

355 4498 492 4538 cum
517 4481 806 4551 evigilans
837 4499 1018 4550 supra
1047 4488 1254 4556 pectus
1281 4498 1457 4537 suum
1488 4480 1749 4552 positum
1779 4479 2003 4535 inveni-

353 4576 458 4638 ret,
487 4587 673 4644 quam
702 4571 869 4628 laetus
900 4572 1201 4639 exstiterit,
1221 4586 1408 4644 quam
1435 4569 1535 4642 pio
1561 4568 1776 4625 affectu
1823 4585 1998 4624 voces

353 4660 759 4718 exsultationis
791 4666 847 4717 et
867 4659 1254 4717 confessionis
1280 4657 1546 4725 ediderit,
1576 4673 1694 4712 non
1721 4662 1809 4712 est
1827 4656 1998 4712 facile

355 4747 538 4806 dictu.
573 4753 814 4806 Noctem
843 4765 987 4806 vero
1016 4748 1178 4805 illam
1205 4751 1523 4803 consecuta
1579 4751 1666 4802 est
1692 4745 2000 4802 Dominica

352 4837 500 4909 dies,
524 4855 647 4912 qua
672 4838 1049 4912 Theophilus,
1082 4837 1257 4910 quasi
1286 4852 1425 4892 cum
1450 4834 1700 4891 Domino
1746 4852 1782 4891 a
1837 4851 1997 4890 mor-

353 4928 466 4983 tuis
490 4945 826 5000 resurgens,
856 4928 1137 5002 episcopo
1169 4943 1230 4984 se
1252 4942 1456 4982 eoram
1485 4924 1709 4998 populo
1739 4941 1998 4998 praesen-

351 5017 514 5084 tavit,
547 5022 602 5074 et
626 5034 753 5076 rem
783 5017 935 5073 sicut
955 5020 1080 5072 erat
1109 5015 1404 5088 exposuit.
1439 5013 1674 5070 Videres
1704 5015 1997 5088 populum

351 5107 534 5163 modo
561 5123 634 5164 ex
657 5107 867 5164 auditu
897 5110 1018 5162 tam
1074 5104 1357 5160 horrendi
1395 5103 1628 5160 sceleris
1682 5119 1994 5177 expavere,

351 5195 534 5252 modo
565 5196 944 5253 considerata
973 5193 1164 5250 macie
1193 5192 1476 5266 vultuque
1502 5193 1838 5266 pcenitentis
1863 5210 1998 5249 con-

350 5284 687 5354 lacrymari.
733 5285 849 5342 Sed
877 5283 1080 5339 audito
1109 5286 1402 5354 quantam
1427 5287 1483 5340 et
1529 5299 1716 5355 quam
1746 5282 1997 5339 celerem

352 5373 822 5430 misericordiam
853 5373 1044 5428 fuerat
1072 5377 1443 5442 consecutus,
1466 5388 1676 5429 omnes
1704 5373 1809 5445 qui
1836 5373 1999 5429 mala

351 5461 716 5517 conscientia
745 5461 922 5517 territi
952 5477 1103 5533 pene
1124 5461 1478 5528 defecerant,
1507 5462 1586 5518 ad
1612 5478 1781 5534 spem
1809 5462 1997 5518 venia:

353 5565 490 5603 cum
514 5547 734 5618 gaudio
762 5548 1156 5621 respirabant.
1190 5551 1322 5605 Jam
1350 5565 1490 5605 vero
1550 5553 1615 5605 ut
1668 5566 1795 5604 rem
1834 5549 1997 5605 brevi

350 5636 469 5692 ﬁne
499 5636 954 5704 concludamus,
989 5639 1270 5711 episcopo
1298 5637 1545 5709 jubente
1573 5639 1727 5693 male
1753 5643 1996 5694 cautum

351 5726 816 5799 chirographum
847 5727 1203 5799 Theophilus
1234 5727 1369 5796 igne
1423 5727 1724 5782 cremavit.
1778 5727 1997 5782 Deinde

352 5817 718 5889 suffragante
748 5817 903 5872 clero
934 5822 990 5873 et
1010 5817 1236 5890 populo
1266 5816 1481 5871 ductus
1509 5816 1588 5872 ad
1618 5816 1821 5883 altare,
1857 5832 1996 5871 cum

349 5912 793 5968 sacrosanctam
819 5905 1312 5966 communionem
1367 5904 1442 5960 de
1495 5919 1684 5964 manu
1730 5903 1997 5977 episcopi

2116 3433 2248 3488 quae
2277 3416 2412 3487 ipsa
2442 3414 2784 3470 Christianis
2807 3419 2862 3469 et
2895 3415 3067 3484 justis
3089 3418 3145 3470 et
3195 3413 3618 3486 peccatoribus
3667 3414 3792 3472 im-

2115 3506 2376 3578 pendere
2400 3504 2563 3560 solet.
2592 3507 2721 3559 Haec
2738 3505 2936 3575 itaque
2957 3508 3099 3559 nata
3128 3508 3214 3559 est
3243 3505 3317 3560 de
3345 3503 3528 3576 stirpe
3591 3505 3793 3562 Abra-

2113 3595 2204 3649 hae
2226 3600 2403 3667 atque
2423 3592 2610 3648 David
2626 3593 2802 3664 regis,
2822 3592 3044 3664 quibus
3068 3608 3104 3648 a
3128 3595 3247 3647 Deo
3262 3591 3588 3664 promissio
3620 3593 3795 3650 facta

2115 3689 2224 3750 est,
2257 3684 2422 3756 quod
2451 3683 2510 3740 in
2535 3683 2758 3737 semine
2777 3682 3068 3754 ipsorum,
3102 3681 3163 3737 id
3189 3687 3275 3737 est
3304 3681 3364 3737 in
3397 3682 3658 3751 Christo,
3683 3684 3795 3740 be-

2115 3772 2460 3827 nedicendaa
2492 3771 2684 3826 forent
2701 3786 2910 3825 omnes
2940 3770 3128 3826 tribus
3158 3774 3346 3826 terrae.
3371 3773 3518 3826 Nata
3547 3776 3646 3828 est
3678 3788 3791 3828 au-

2117 3867 2229 3917 tem
2258 3863 2430 3933 juxta
2458 3859 2808 3915 relationem
2839 3864 2895 3914 et
2916 3859 3237 3932 scripturas
3270 3865 3626 3917 sanctorum
3679 3865 3791 3920 Pa-

2113 3956 2271 4007 trum
2302 3949 2362 4004 in
2394 3949 2626 4004 civitate
2653 3949 2960 4016 Nazareth,
2990 3955 3158 4021 patre
3200 3948 3446 4005 nomine
3497 3951 3790 4007 Joachim

2115 4057 2189 4096 ex
2219 4040 2430 4096 eadem
2451 4038 2599 4094 urbe
2626 4037 2902 4108 oriundo,
2935 4044 3125 4094 matre
3154 4054 3297 4094 vero
3313 4045 3486 4095 Anna
3522 4041 3790 4097 nomine

2113 4128 2369 4184 oriunda
2389 4144 2461 4182 ex
2491 4127 2720 4183 civitate
2752 4126 3110 4183 Bethlehem.
3143 4127 3271 4183 Vita
3312 4143 3581 4199 quorum
3642 4130 3796 4186 sim-

2113 4218 2249 4289 plex
2276 4221 2332 4270 et
2352 4221 2511 4271 recta
2540 4221 2674 4271 ante
2705 4215 3047 4282 Dominum,
3087 4217 3252 4288 apud
3297 4215 3579 4273 homines
3640 4218 3794 4275 irre-

2111 4304 2529 4377 prehensibilis
2557 4310 2612 4360 et
2634 4304 2733 4377 pia
2759 4308 2901 4360 erat.
2935 4308 3082 4360 Nam
3112 4321 3357 4362 omnem
3398 4305 3793 4364 subtantiam

2113 4410 2284 4448 suam
2307 4393 2522 4448 trifarie
2553 4393 2917 4461 dividebant,
2950 4410 3135 4450 unam
3165 4400 3398 4467 partem
3429 4395 3665 4469 templo
3732 4403 3795 4454 et

2111 4481 2312 4554 templi
2358 4481 2740 4538 servitoribus
2795 4482 3246 4554 impendebant,
3301 4483 3483 4541 aliam
3518 4488 3796 4557 peregri-

2108 4571 2200 4625 nis
2249 4576 2303 4626 et
2382 4570 2749 4643 pauperibus
2828 4570 3178 4641 erogabant,
3225 4572 3464 4628 tertiam
3547 4574 3670 4631 sibi
3731 4581 3794 4632 et

2109 4678 2230 4716 sua:
2261 4660 2497 4715 familiae
2525 4660 2732 4715 usibus
2762 4661 3165 4717 reservabant.
3201 4665 3282 4718 Ita
3312 4663 3457 4733 justi
3513 4667 3663 4734 Deo,
3729 4670 3796 4724 et

2104 4750 2450 4806 hominibus
2479 4766 2793 4823 pauperes,
2823 4766 3014 4806 annos
3035 4750 3262 4809 circiter
3278 4751 3510 4822 viginti,
3535 4759 3793 4812 castum

2109 4839 2344 4895 Domini
2367 4839 2736 4910 conjugium,
2791 4838 2918 4894 sine
2968 4838 3296 4895 liberorum
3351 4843 3793 4913 procreatione

2107 4929 2483 4985 exercebant.
2516 4931 2816 4983 Voverunt
2842 4932 3065 4998 tamen,
3099 4933 3147 4984 si
3168 4928 3316 4985 forte
3363 4933 3520 4986 Deus
3576 4932 3791 4990 dona-

2106 5023 2193 5074 ret
2221 5018 2303 5072 eis
2332 5016 2622 5087 sobolem,
2655 5033 2790 5072 eam
2821 5032 2882 5072 se
2912 5017 3145 5072 Domini
3176 5018 3414 5075 servitio
3451 5021 3792 5094 mancipa-

2107 5112 2294 5162 turos.
2329 5105 2588 5161 Evolutis
2607 5121 2749 5176 ergo
2780 5110 2863 5161 tot
2889 5121 3187 5161 annorum
3240 5107 3575 5179 curriculis,
3633 5111 3792 5166 mis-

2109 5213 2210 5250 sus
2240 5200 2327 5251 est
2355 5195 2604 5264 angelus
2632 5193 2865 5250 Domini
2893 5194 3059 5267 prius
3090 5194 3169 5251 ad
3197 5196 3490 5264 Joachim,
3516 5196 3793 5256 demum

2108 5285 2186 5340 ad
2210 5292 2468 5353 Annam,
2507 5283 2792 5339 nuntians
2821 5283 2904 5339 eis
2935 5283 3301 5340 nascituram
3330 5285 3521 5342 ﬁliam
3578 5290 3794 5345 nomi-

2107 5389 2180 5428 ne
2206 5373 2467 5440 Mariam,
2527 5372 2621 5426 cui
2652 5372 2859 5427 similis
2913 5372 3223 5428 sanctitate
3276 5390 3387 5430 nec
3416 5378 3605 5433 antea
3634 5383 3797 5434 nata

2107 5461 2280 5517 fuerit
2303 5478 2412 5516 nec
2465 5465 2673 5532 postea
2714 5467 3074 5517 nasceretur.
3132 5465 3375 5518 Factum
3432 5469 3528 5520 est
3567 5466 3794 5539 itaque

2101 5551 2272 5620 juxta
2303 5549 2550 5604 verbum
2575 5549 2771 5618 angeli
2801 5569 2812 5605 :
2854 5554 2997 5607 nata
3023 5555 3110 5606 est
3137 5550 3200 5606 in
3224 5551 3458 5608 civitate
3483 5557 3796 5612 Nazareth

2107 5638 2481 5693 sanctissima
2553 5639 2725 5707 Virgo
2780 5639 2978 5706 Maria,
3025 5647 3107 5695 et
3159 5641 3386 5697 mansit
3443 5641 3532 5699 ibi
3583 5644 3794 5701 tribus

2107 5727 2277 5782 annis
2307 5727 2365 5781 in
2383 5733 2632 5799 paterna
2659 5728 2843 5783 domo
2873 5734 3118 5804 ;postea
3147 5746 3311 5796 vero,
3341 5730 3497 5787 sicut
3563 5750 3798 5806 paren-

2107 5820 2191 5872 tes
2239 5815 2400 5871 illam
2454 5820 2572 5873 Deo
2625 5821 2929 5884 voverant,
2985 5817 3167 5875 ducta
3215 5820 3663 5894 Hierosolymis
3733 5827 3801 5880 in

2105 5905 2330 5977 templo
2360 5905 2596 5965 Domini
2623 5910 2978 5967 consonate
3006 5911 3096 5966 est
3125 5924 3318 5982 usque
3342 5908 3426 5966 ad
3479 5918 3805 5985 quartum
