3958 6460
162 425 265 477 325

1440 413 1805 472 SERMONES
1842 414 1937 468 AD
1974 414 2318 472 POPULUM.

3490 419 3593 480 326

158 543 460 599 decimum
483 558 734 602 annum,
764 540 1012 611 jejuniis
1057 545 1114 595 et
1142 539 1514 596 orationibus
1558 538 1824 595 serviens
1854 540 1902 593 Α
1934 537 2114 594 nibus
2144 537 2603 609 prieferendam,
2650 537 2823 609 cujus
2872 537 3052 595 hodie
3105 538 3430 612 prmlucida
3454 540 3597 600 reoi-

157 634 252 689 die
286 650 354 688 ac
385 637 579 698 nocte,
613 636 670 687 et
704 630 1104 700 virginitatem
1157 646 1330 685 suam
1384 645 1629 698 vovens,
1657 627 1823 700 quod

157 727 294 778 ante
322 723 491 791 virgo
519 720 642 777 ulla
696 736 819 776 non
876 720 1112 787 fecerat,
1173 719 1459 788 angelicis
1515 716 1825 790 colloquiis

156 811 501 882 frequenter
524 815 714 865 utens.
750 808 972 864 Deinde
1001 825 1141 863 cum
1167 813 1321 864 esset
1349 823 1588 863 reversa
1617 807 1696 862 ad
1725 806 1828 862 do-

155 915 328 953 mum
378 903 698 969 parcntum
758 913 1005 952 suorum
1058 897 1119 951 in
1173 896 1467 954 civitatem
1516 894 1825 965 Nazareth,

158 988 379 1042 missus
415 991 501 1041 est
529 986 609 1042 ad
636 1002 772 1042 eam
798 987 1049 1055 angelus
1083 985 1315 1041 Gabriel
1335 1001 1371 1041 a
1397 989 1515 1040 Deo
1540 985 1827 1042 nuntians

157 1077 208 1131 ei
244 1075 701 1146 conceptionem
737 1074 856 1129 Filii
888 1075 1006 1130 Dei.
1043 1075 1169 1130 Fuit
1199 1090 1341 1142 ergo
1371 1080 1696 1146 conceptus
1725 1072 1828 1128 Dei

159 1165 336 1220 Filius
369 1164 433 1218 in
477 1163 786 1232 Nazareth,
819 1168 996 1218 natus
1028 1163 1090 1218 in
1121 1163 1485 1219 Bethlehem.
1513 1167 1648 1218 Post
1675 1161 1826 1217 nati-

159 1253 404 1310 vitatem
444 1268 588 1307 vero
621 1251 832 1307 Christi
885 1252 1110 1307 mansit
1160 1269 1300 1307 cum
1355 1252 1478 1308 tilio
1536 1250 1828 1324 usquead

155 1343 504 1416 passionem
536 1342 748 1409 crucis,
782 1341 886 1396 ubi
923 1342 1186 1397 Christus
1217 1342 1516 1411 Virginem
1571 1346 1827 1398 matrem

155 1433 370 1502 virgini
403 1431 699 1504 discipulo
755 1431 968 1486 Joanni
1023 1431 1296 1503 apostolo
1357 1431 1824 1487 commendavit.

159 1523 259 1578 ilic
293 1521 653 1577 ministravit
693 1520 744 1575 ei
775 1525 911 1592 post
963 1521 1311 1592 passionem
1345 1526 1402 1576 et
1447 1520 1826 1576 resurrectio-

156 1627 299 1666 nem
339 1615 396 1665 et
424 1610 845 1664 ascensionem
880 1609 1116 1665 Domini
1145 1609 1206 1665 in
1235 1610 1438 1666 finem.
1475 1609 1600 1666 Fuit
1625 1612 1828 1664 autem

156 1699 395 1771 sepulta
417 1698 795 1754 sanctissima
826 1698 888 1753 in
917 1698 1071 1754 valle
1099 1700 1406 1772 Josaphat.
1441 1699 1543 1753 ubi
1572 1703 1660 1754 est
1684 1697 1826 1753 redi-

154 1791 336 1845 ﬂcata
363 1788 613 1844 ecclesia
644 1788 700 1842 in
732 1789 1024 1843 honorem
1051 1788 1199 1858 ejus,
1225 1793 1282 1843 et
1311 1793 1551 1844 sanctus
1570 1791 1828 1843 Joannes

156 1879 430 1951 sepultus
463 1883 549 1934 est
580 1878 835 1950 Epheso.
870 1881 1002 1934 Post
1031 1894 1174 1932 vero
1197 1895 1336 1934 cum
1384 1877 1642 1945 religiosi
1673 1875 1830 1933 Chri-
1860 1893 1901 1948 Β

160 1968 308 2024 tiani
332 1967 617 2040 reliquias
647 1967 854 2022 matris
911 1967 1061 2038 ejus,
1106 1966 1380 2022 videlicet
1427 1966 1682 2035 Domini,
1737 1981 1826 2021 re-

159 2059 393 2131 spicere
427 2057 664 2125 vellent,
723 2057 1066 2129 sepulcrum
1129 2073 1390 2112 vacuum
1438 2057 1826 2123 invenerunt;

157 2148 267 2203 sed
299 2152 358 2203 et
388 2147 447 2202 in
505 2147 781 2220 sepulcro
812 2147 970 2202 beati
1000 2147 1245 2202 Joannis
1274 2145 1678 2218 respicientes,
1705 2161 1829 2201 non

154 2238 655 2294 inveneruntnisi
704 2254 950 2294 manna.
1005 2237 1198 2293 Credit
1253 2236 1454 2307 itaque
1499 2235 1831 2292 Christiana

160 2329 356 2400 pietas
383 2328 528 2401 quia
558 2327 826 2383 Christus
859 2330 1011 2382 Deus
1048 2327 1146 2382 Dei
1179 2326 1352 2381 Filius
1385 2329 1622 2382 Matrem
1653 2343 1830 2381 suam

162 2417 423 2486 gloriose
454 2416 922 2472 ressuscitaverit
942 2421 998 2471 et
1026 2415 1370 2471 exaltaverit
1401 2431 1582 2487 super
1625 2414 1828 2485 cmlos,

160 2512 216 2562 et
245 2507 416 2578 quod
447 2505 662 2561 beatus
692 2508 954 2561 Joannes
979 2505 1149 2574 virgo
1171 2504 1626 2574 etevangelista,
1653 2504 1758 2577 qui
1779 2505 1832 2559 ei

159 2596 525 2652 ministravit
549 2597 609 2650 in
635 2600 810 2663 terra,
838 2594 1091 2664 gloriam
1143 2596 1274 2665 ejus
1322 2594 1678 2667 participare
1709 2611 1831 2650 me-

159 2691 364 2742 reatur
395 2686 457 2740 in
487 2685 660 2741 crelo.
690 2688 790 2740 Est
815 2689 1014 2740 autem
1044 2683 1345 2739 ineffabile
1364 2699 1550 2755 quam
1577 2684 1831 2753 gratiam

157 2781 213 2830 et
239 2775 499 2845 gloriam
531 2773 761 2829 dederit
793 2773 1078 2828 Dominus
1109 2773 1268 2828 Matri
1294 2789 1418 2827 suae
1445 2790 1456 2840 ;
1486 2773 1599 2828 hoc
1629 2777 1831 2828 tamen

158 2870 321 2920 certo
355 2865 580 2919 scimus
606 2863 750 2935 quia
775 2862 915 2933 justi
943 2861 1241 2934 quidquid
1292 2861 1369 2917 ab
1400 2878 1470 2918 eo
1501 2862 1829 2934 postulant,

159 2969 267 3026 per
298 2953 790 3008 intercessionem
815 2951 1022 3007 matris
1054 2951 1302 3006 celerius
1333 2951 1673 3023 impetrant,
1698 2967 1830 3023 pec-

162 3048 398 3099 catores
420 3058 664 3115 quoque
697 3041 912 3114 saepius
941 3041 1414 3096 misericordiam
1461 3044 1599 3095 sunt
1620 3057 1830 3096 conse-

159 3132 281 3188 cuti
308 3150 319 3186 :
352 3132 652 3188 habemus
681 3131 857 3204 plura
887 3130 1164 3202 exempla
1188 3130 1264 3186 de
1296 3130 1581 3202 utrisque,
1615 3129 1721 3185 sed
1751 3130 1830 3186 ad

161 3238 433 3294 praesens
461 3223 588 3277 haec
619 3220 934 3277 sufficiant.

825 3365 1052 3422 SERMO
1095 3365 1180 3420 Vi.

337 3523 387 3561 ιχ
433 3520 572 3560 ΟΒΤιῖ
615 3519 775 3559 ΑΙΔῙΕ
815 3519 1054 3558 VIRGINIS
1105 3518 1290 3557 ΜΑΒΙΑΞ
1332 3517 1662 3556 ιΝνιοΙιΑΤιΕ.

237 3654 458 3708 Mature
479 3647 813 3705 dilectionis
845 3662 1050 3706 amore
1076 3650 1134 3702 et
1159 3645 1379 3702 sedulae
1407 3643 1840 3710 adhortationis

163 3744 316 3798 nutu
341 3756 381 3797 a
413 3737 782 3812 quibusdam
816 3740 932 3794 Deo
965 3735 1384 3792 sacratissimis
1407 3737 1464 3789 et
1490 3733 1716 3789 dilectis
1744 3750 1842 3789 co-

163 3829 368 3901 gimur
392 3828 468 3884 de
501 3826 903 3892 sanctissima,
949 3831 1006 3881 et
1036 3825 1190 3882 ultra
1235 3839 1423 3896 quam
1479 3822 1595 3878 dici
1653 3821 1846 3894 possit

163 3921 387 3977 dilecta
416 3919 670 3990 Virgine,
724 3933 949 3990 sponsa
1003 3915 1224 3972 scilicet
1250 3920 1306 3971 et
1359 3917 1548 3971 matre
1607 3911 1844 3970 Domini

165 4010 370 4080 Maria,
411 4007 679 4080 aliquam
706 4006 1129 4063 allocutionem
1171 4004 1384 4070 facere,
1417 4003 1491 4058 de
1521 4006 1657 4058 ortu
1684 4002 1846 4057 vide-

165 4097 302 4154 licet
331 4098 490 4168 ejus,
541 4112 666 4154 non
721 4095 1101 4152 historialiter
1160 4098 1377 4162 texere,
1433 4091 1538 4146 sed
1579 4090 1845 4162 mysticis

168 4204 470 4248 exornare
507 4185 812 4254 laudibus,
843 4191 900 4246 et
945 4183 1250 4243 beneﬁciis
1299 4181 1722 4252 congratulari,
1766 4181 1846 4241 ad

168 4279 346 4348 cujus
379 4275 529 4337 tanti
561 4275 822 4348 mysterii
884 4275 1200 4333 materiam
1230 4290 1340 4334 nec
1398 4271 1598 4328 omnis
1653 4275 1849 4343 potest

169 4366 452 4426 sufﬁcere
483 4365 771 4436 mundus,
804 4364 854 4420 si
903 4364 963 4420 in
995 4379 1185 4418 unum
1231 4366 1412 4418 etiam
1475 4365 1644 4416 coeat
1693 4360 1849 4418 ordi-

169 4474 333 4515 nem.
356 4455 480 4512 Erit
495 4460 695 4513 autem
709 4453 792 4508 eis
813 4453 1143 4525 inceptum,
1165 4450 1534 4513 etexsecutio
1547 4449 1846 4515 meritum,

168 4563 444 4619 quorum
465 4546 715 4606 obtentu
755 4542 1090 4617 pervenerit
1120 4542 1195 4598 ad
1245 4546 1487 4614 portum
1519 4540 1644 4596 sine
1698 4556 1850 4596 nau-

171 4637 370 4707 fragio
398 4634 740 4703 remigium.
772 4639 788 4688 1
797 4633 952 4703 gitur
982 4632 1160 4690 nimis
1188 4630 1514 4689 amabilem
1544 4646 1613 4686 ac
1654 4629 1853 4686 saluti-

172 4726 372 4786 feram
395 4723 685 4783 omnibus
715 4721 946 4782 saeculis
967 4726 1024 4778 et
1052 4720 1336 4778 terricolis
1365 4718 1490 4774 veri
1528 4717 1852 4792 aeternique

176 4815 356 4886 Regis
391 4831 464 4870 ac
495 4812 732 4872 Domini
777 4811 962 4868 nostri
992 4809 1360 4872 nativitatem
1391 4823 1612 4864 cernua
1658 4805 1854 4864 humi-

175 4905 342 4964 litate
377 4908 779 4970 recensentes,
812 4907 869 4958 et
919 4917 1125 4960 annua
1169 4899 1363 4956 orbita
1406 4897 1733 4954 recolentes
1762 4912 1854 4951 so-

175 4995 434 5064 lemnia,
454 4994 654 5069 primo
668 4997 868 5052 ratum
889 4990 1175 5048 duximus
1190 4992 1581 5059 utrorumque
1600 5001 1854 5041 sexuum

178 5085 442 5155 collegia
467 5085 646 5143 etiam
677 5083 754 5140 ad
781 5081 1051 5138 divinam
1082 5083 1138 5135 et
1194 5077 1518 5149 gloriosam
1570 5074 1854 5132 festivita-

179 5180 298 5232 tem
326 5171 706 5247 quibusdam
745 5167 1265 5226 adhortationibus
1295 5164 1566 5230 invitare,
1595 5167 1660 5218 ut
1707 5162 1855 5218 dum

177 5268 584 5333 utrarumque
609 5260 872 5333 partium
904 5255 1142 5314 devotio
1170 5255 1262 5312 his
1289 5252 1476 5311 sacris
1505 5251 1670 5308 festis
1685 5249 1856 5308 nefas

174 5351 426 5410 duxerit
452 5365 575 5410 non
597 5349 900 5421 interesse,
934 5345 1353 5406 unaomnium
1403 5347 1546 5402 vota
1577 5339 1859 5413 capacius

176 5440 467 5514 ejusdem
488 5454 674 5498 sacrae
705 5437 957 5508 Virginis
983 5437 1143 5496 circa
1171 5451 1234 5490 se
1251 5431 1620 5507 persentiant
1645 5429 1859 5488 adesse

172 5527 520 5602 juvamina.

255 5640 361 5693 Est
379 5634 548 5691 enim
577 5633 691 5690 ista
703 5637 984 5708 suspecta
1008 5632 1316 5700 festivitas,
1338 5644 1462 5685 non
1479 5626 1736 5684 modicis
1754 5641 1864 5682 nec

178 5726 400 5800 paucis
433 5724 796 5797 praefulgens
837 5723 1151 5796 mysteriis,
1181 5726 1285 5778 aut
1325 5719 1692 5791 reliquorum
1723 5730 1866 5772 san-

179 5824 429 5873 ctorum
475 5813 893 5870 festivitatibus
925 5811 1320 5884 corequanda,
1356 5809 1460 5866 sed
1511 5812 1742 5863 tantum
1773 5806 1866 5860 est

180 5902 599 5973 excellentior,
630 5906 930 5974 quantum
962 5904 1196 5958 constat
1219 5914 1355 5956 eam
1375 5895 1658 5955 omnibus
1673 5893 1866 5952 homi-

1938 630 2136 683 tantur
2161 626 2482 685 nativitatis
2522 626 2706 686 initia.
2735 626 2823 682 Ad
2845 628 3017 698 cujus
3044 643 3187 698 ergo
3211 628 3599 698 magniﬁcen-

1936 715 2078 772 tiam
2107 715 2596 784 collaudandam,
2613 722 2672 773 et
2692 717 2946 786 gloriam
2961 717 3402 789 perferendam,
3433 723 3598 779 tanta

1933 804 2173 862 valeant
2189 805 2520 865 exuberare
2541 805 2864 878 prasconia,
2882 810 3179 878 quantum
3195 806 3275 864 illi
3301 809 3593 878 congruit,

1934 909 2072 965 quae
2098 899 2347 950 cunctas
2380 893 2794 966 superexcellit
2841 895 2903 954 in.
2948 894 3397 967 praaeminendo
3441 913 3600 956 crea-

1936 987 2118 1050 turas,
2149 988 2204 1039 et
2234 983 2569 1053 angelicam
2599 983 3056 1052 dignitatem.Et
3084 984 3186 1041 ubi
3217 1001 3481 1057 usquam
3505 986 3597 1044 in-

1934 1073 2120 1129 veniri
2153 1079 2386 1145 poterat
2405 1074 2594 1140 locus,
2623 1073 2727 1145 qui
2757 1073 2912 1134 infra
2951 1091 3014 1130 se
3045 1073 3428 1134 concluderet
3472 1091 3599 1133 ma-

1930 1162 2205 1233 jestatem
2225 1162 2596 1234 comqualem
2623 1162 2798 1228 Patri.
2849 1167 3156 1225 auctorem
3210 1165 3482 1227 omnium
3513 1182 3600 1224 re-

1934 1268 2092 1318 rum,
2123 1251 2240 1308 nisi
2260 1256 2466 1309 uterus
2498 1251 2688 1309 Mariae
2718 1256 2856 1308 ante
2906 1253 3124 1310 saecula
3155 1254 3508 1326 praescitus?
3536 1254 3598 1316 in

1935 1341 2097 1398 hunc
2129 1341 2426 1414 siquidem
2453 1346 2576 1398 tota
2597 1341 2878 1401 divinitas
2911 1359 3048 1398 cum
3073 1344 3446 1406 humanitate
3473 1361 3602 1404 ver-

1938 1435 2066 1487 sata
2097 1435 2207 1486 est.
2235 1433 2300 1486 Et
2328 1431 2430 1502 qui
2455 1430 2516 1486 in
2548 1430 2959 1504 coaequant/ate
2992 1436 3209 1489 cuncta
3237 1433 3602 1505 disponebat

1938 1520 2217 1587 coelestia,
2247 1526 2304 1578 et
2326 1520 2640 1587 terrestria,
2663 1520 2726 1576 in
2752 1519 3018 1591 virginea
3049 1526 3601 1596 perangustasepta

1936 1615 2253 1666 venturam
2281 1616 2338 1666 et
2390 1610 2752 1682 promissam
2806 1611 3189 1683 praeparabat
3220 1612 3416 1669 carnis
3473 1628 3598 1674 suae

1937 1699 2435 1771 redemptionem.

2012 1832 2167 1889 Felix
2197 1834 2329 1889 talis
2375 1838 2584 1910 partus
2627 1837 2684 1888 et
2738 1837 2923 1901 ortus,
2953 1832 3027 1889 de
3069 1833 3240 1905 cujus
3267 1833 3602 1892 substantia

1938 1928 2248 1995 assumpta
2270 1928 2357 1978 est
2386 1923 2520 1979 talis
2550 1922 2740 1993 virgo,
2769 1939 2904 1994 quae
2939 1922 3164 1978 tolleret
3187 1929 3460 1980 veternas
3490 1941 3599 1998 pa-

1937 2018 2174 2070 rentum
2204 2014 2485 2080 otfensas,
2541 2018 2597 2069 et
2644 2012 2932 2069 reievaret
2987 2030 3348 2071 concussum
3391 2016 3601 2072 orbem

1938 2102 2043 2175 qui
2066 2102 2179 2158 sub
2211 2119 2366 2158 scevo
2403 2102 2537 2158 duri
2564 2107 2690 2160 erat
2715 2103 2907 2158 hostis
2951 2102 3240 2161 dominio.
3277 2105 3459 2179 Cujus
3489 2106 3600 2161 ita-

1938 2210 2057 2266 que
2077 2197 2308 2265 partus,
2338 2197 2404 2248 ut
2451 2209 2791 2261 censemus,
2821 2192 2898 2248 ad
2924 2192 3070 2250 nihil
3117 2193 3350 2264 exstitit,
3403 2195 3517 2252 nisi
3540 2199 3604 2250 ut

1938 2281 2102 2336 tieret
2134 2282 2263 2354 ejus
2293 2286 2498 2336 sancta
2524 2281 2813 2356 pudicitia
2838 2281 3057 2337 domus
3085 2286 3142 2337 et
3171 2283 3468 2358 susceptio
3483 2283 3604 2340 Filii

1939 2369 2244 2425 Altissimi.
2271 2371 2359 2425 Ad
2387 2369 2533 2443 quid
2565 2369 2724 2425 enim
2783 2369 2947 2424 aliud
2971 2371 2998 2424 τ
3028 2385 3247 2440 ergone
3295 2369 3478 2446 hujus
3511 2388 3606 2428 ca-

1942 2459 2110 2514 stitas
2140 2464 2243 2516 aut
2272 2464 2407 2516 ante
2450 2464 2713 2533 partum,
2765 2458 2855 2514 vel
2908 2464 3043 2536 post
3075 2459 3328 2529 dignum
3383 2461 3606 2535 pignus

1941 2549 2226 2619 genitum,
2264 2550 2486 2605 foedata
2519 2555 2606 2605 est
2636 2549 2839 2628 aliquo
2871 2550 3150 2619 contagio
3172 2551 3200 2606 ?
3232 2554 3393 2607 Hanc
3443 2552 3604 2608 enim

1940 2639 2106 2695 nulla
2136 2639 2396 2709 gravitas
2428 2644 2532 2694 aut
2556 2640 2729 2694 effeta
2785 2639 3082 2695 successio
3108 2639 3368 2697 ﬁliorum
3409 2641 3601 2712 fregit,

1940 2732 2003 2784 ut
2035 2728 2184 2784 solet
2213 2728 2296 2784 eis
2315 2729 2657 2798 contingere
2678 2744 2813 2801 quae
2839 2728 3173 2784 humanam
3198 2729 3466 2786 sobolem
3479 2746 3605 2786 ma-

1943 2817 2125 2873 ternis
2174 2821 2423 2886 egerunt
2451 2817 2802 2873 visceribus.
2840 2817 2994 2874 Felix
3050 2818 3210 2873 enim
3265 2818 3464 2892 culpa,
3497 2818 3604 2874 sed

1943 2912 2151 2962 sancta
2177 2905 2508 2978 conjugalis
2532 2907 2802 2974 societas,
2821 2922 2957 2980 quae
2989 2905 3103 2960 tale
3125 2922 3193 2962 ac
3224 2910 3455 2962 tantum
3474 2923 3606 2982 spe-

1944 2996 2211 3069 cialeque
2238 2995 2331 3051 vel
2360 2995 2660 3065 singulare
2714 2995 2898 3050 decus
2950 2995 3216 3069 profudit
3242 2995 3302 3050 in
3333 2995 3497 3064 orbe,
3529 2996 3605 3052 de

1946 3102 2231 3141 concesso
2259 3084 2512 3158 nuptiali
2533 3084 2946 3140 contubernio.

2021 3217 2284 3289 Denique
2314 3215 2374 3272 in
2393 3215 2578 3286 hujus
2619 3213 3008 3287 conceptione
3060 3215 3401 3272 necessaria
3443 3215 3608 3275 haud

1947 3306 2204 3362 dubium
2236 3310 2324 3362 est
2343 3305 2492 3377 quin
2517 3309 2841 3378 utrumque
2895 3309 3206 3376 parentem
3249 3304 3522 3362 viviﬁcus
3553 3309 3611 3361 et

1949 3397 2167 3452 ardens
2203 3395 2454 3468 Spiritus
2476 3393 2763 3463 singulari
2789 3410 3040 3451 munere
3061 3393 3390 3466 repleverit,
3425 3393 3614 3466 quod-

1947 3501 2065 3558 que
2087 3485 2167 3541 ab
2198 3484 2281 3540 eis
2305 3487 2654 3540 sanctorum
2677 3483 3030 3554 angelorum
3061 3483 3334 3542 custodia
3356 3498 3461 3540 seu
3480 3482 3614 3542 visi-

1950 3575 2092 3631 tatio
2121 3589 2441 3646 nunquam
2473 3572 2748 3630 abfuerit.
2808 3572 3004 3630 Merito
3041 3573 3085 3628 si
3136 3572 3382 3644 quidem
3427 3573 3611 3643 hujus

1950 3668 2172 3720 sanctae
2202 3661 2454 3731 Virginis
2484 3661 2743 3718 multum
2768 3661 2922 3718 adeo
2950 3661 3240 3718 laudandi
3271 3665 3409 3716 sunt
3433 3666 3491 3718 et
3509 3677 3613 3718 ex-

1951 3751 2196 3809 tollendi
2243 3749 2606 3807 sanctissimi
2659 3754 3090 3821 procreatores,
3123 3748 3226 3821 qui
3270 3749 3330 3806 in
3386 3749 3616 3805 cunctis

1950 3839 2423 3898 institutionibus
2452 3842 2650 3894 tantos
2681 3853 2751 3892 ac
2782 3837 2929 3895 tales
2959 3854 3020 3892 se
3069 3837 3489 3910 praestiterunt,
3551 3842 3619 3894 ut

1952 3946 2074 3987 non
2096 3927 2396 3985 immerito
2417 3925 2491 3982 de
2519 3941 2729 3982 eorum
2752 3925 2931 3998 stirpe
2948 3925 3211 3998 prodiret
3234 3925 3366 3982 talis
3385 3942 3615 3981 succes-

1955 4021 2061 4086 sio,
2095 4035 2232 4092 qute
2258 4018 2424 4073 ﬁeret
2457 4021 2514 4072 et
2541 4015 2753 4088 priscis
2785 4015 3060 4074 natatibus
3087 4019 3146 4071 et
3198 4015 3615 4088 subsequenti-

1955 4111 2069 4166 bus
2096 4107 2443 4180 exemplum
2474 4105 2653 4162 totius
2682 4105 2985 4162 bonitatis.
3010 4105 3188 4177 Felix,
3216 4111 3272 4162 et
3301 4122 3424 4178 prae
3455 4111 3621 4162 caete-

1955 4201 2035 4257 ris
2060 4198 2332 4273 patribus
2363 4196 2610 4265 felicior,
2643 4195 2749 4268 qui
2775 4200 2953 4252 tanta:
2982 4195 3166 4268 prolis
3195 4196 3412 4252 meruit
3466 4197 3624 4254 voci-

1958 4289 2068 4346 tari
2098 4291 2384 4361 patrator.
2417 4285 2573 4341 Felix
2591 4284 2771 4342 etiam
2794 4285 2897 4357 qui
2919 4301 3041 4341 non
3064 4285 3286 4358 plures,
3309 4286 3413 4342 sed
3435 4301 3621 4341 unam

1958 4377 2290 4453 promeruit
2315 4375 2618 4447 suscipere
2644 4378 2872 4441 natam,
2907 4391 3043 4446 qua:
3075 4377 3321 4432 unicum
3352 4373 3623 4447 concipe-

1959 4475 2048 4526 ret
2072 4474 2129 4525 et
2156 4467 2445 4540 proferret
2497 4466 2598 4521 Dei
2642 4465 2870 4521 Filium.
2905 4469 3019 4523 Nec
3071 4465 3232 4521 enim
3288 4463 3540 4520 decebat
3560 4467 3624 4518 ut
3722 4534 3726 4540 ν

1961 4559 2143 4629 hujus
2183 4554 2504 4624 singularis
2530 4553 2781 4623 Virginis
2812 4552 3168 4609 sanctissimi
3213 4552 3623 4624 progenitores

1962 4647 2330 4702 fcedarentur
2381 4641 2781 4713 plurimorum
2864 4641 3296 4712 propagatione
3339 4639 3619 4707 filiorum,

1963 4734 2068 4807 qui
2099 4737 2268 4789 erant
2313 4729 2494 4786 futuri
2522 4729 2715 4784 unicae
2744 4727 2949 4784 matris
2995 4727 3231 4788 Domini
3283 4727 3623 4800 proviscres

1963 4829 2018 4881 et
2047 4823 2400 4879 educatores
2431 4817 2674 4888 egregii.
2710 4819 2852 4874 Vere
2873 4817 3051 4876 beata
3080 4822 3136 4873 et
3161 4816 3327 4874 omni
3374 4832 3622 4876 venera-

1964 4914 2122 4970 tione
2150 4909 2454 4976 habenda,
2507 4911 2563 4964 et
2619 4906 2888 4979 quodam
2942 4905 3248 4980 privilegio
3281 4922 3450 4962 sacro
3469 4922 3623 4978 prae-

1963 4999 2246 5069 dicanda,
2273 5001 2465 5054 mater
2491 4995 2674 5066 hujus
2706 4999 2948 5061 sancte,
2980 5011 3114 5067 quae
3159 4994 3431 5050 omnium
3465 4999 3626 5052 ante-

1963 5088 2138 5144 cessit
2183 5091 2405 5144 matres
2431 5086 2492 5142 in
2525 5085 2920 5160 concipiendo
2974 5088 3032 5142 et
3086 5083 3433 5154 generando
3487 5099 3624 5140 eam

1964 5193 2102 5250 quae
2169 5192 2347 5233 suum
2409 5179 2466 5232 et
2547 5175 2823 5233 omnium
2900 5177 3209 5243 generaret
3273 5177 3621 5230 creatorem.

1966 5265 2169 5322 Gaude
2199 5269 2255 5320 et
2305 5264 2525 5330 laatare,
2581 5279 2618 5321 ο
2663 5262 2802 5320 felix
2840 5277 2950 5334 pro
3011 5260 3109 5318 tali
3157 5261 3302 5329 ﬁlia,
3333 5262 3626 5334 quoniam

1965 5353 2064 5410 tali
2112 5353 2250 5410 dote
2299 5352 2524 5410 donata
2575 5368 2662 5419 es,
2719 5367 2842 5424 qua
2888 5349 3054 5407 nulla
3106 5355 3244 5408 ante
3300 5355 3357 5410 te
3415 5355 3630 5425 postea

1965 5443 2183 5500 meruit
2209 5442 2499 5501 antecelli.
2553 5445 2789 5507 Quanta
2813 5446 3100 5514 putamus
3151 5441 3412 5513 provisio
3454 5441 3631 5498 fuerit

1969 5537 2318 5590 sanctorum
2349 5531 2725 5601 angelorum,
2758 5529 2915 5586 circa
2938 5533 3062 5590 tam
3091 5533 3210 5589 Deo
3259 5531 3630 5600 gratissimos

1967 5624 2268 5695 parentes,
2297 5619 2374 5676 ab
2403 5617 2569 5674 initio
2621 5634 2744 5674 sua:
2789 5618 3238 5691 procreationis,
3270 5625 3328 5681 et
3374 5619 3630 5675 excuba-

1969 5711 2050 5767 tio
2100 5725 2280 5781 super
2333 5714 2456 5765 tam
2495 5708 2799 5778 ingentem
2840 5708 3160 5765 sobolem?
3209 5708 3490 5780 Nunquid
3529 5707 3632 5764 ab-

1972 5799 2156 5856 fuisse
2186 5797 2522 5854 credendus
2552 5803 2640 5854 est
2696 5798 2944 5871 Spiritus
2977 5803 3217 5856 sanctus
3272 5798 3350 5853 ab
3382 5797 3494 5853 ista
3514 5796 3630 5852 exi-

1975 5888 2102 5948 mia
2118 5887 2337 5963 puella,
2358 5904 2548 5961 quam
2577 5903 2690 5948 sua
2716 5886 3083 5952 obumbrare
3107 5883 3469 5958 disponebat
3508 5882 3626 5940 vir-
