  <div class='ocr_page' id='page_1' title='image "/cluster/home/n/w/nwhite01/storage/ocr_20150623/140-141/uc1.31175018559917/739.png"; bbox 0 0 3904 6384; ppageno 0'>
   <div class='ocr_carea' id='block_1_1' title="bbox 434 277 536 329">
    <p class='ocr_par' dir='ltr' id='par_1_1' title="bbox 434 277 536 329">
     <span class='ocr_line' id='line_1_1' title="bbox 434 277 536 329; baseline -0.02 0"><span class='ocrx_word' id='word_1_1' title='bbox 434 277 536 329; x_wconf 75' lang='lat'>327</span> 
     </span>
    </p>
   </div>
   <div class='ocr_carea' id='block_1_2' title="bbox 433 390 2159 464">
    <p class='ocr_par' dir='ltr' id='par_1_2' title="bbox 433 390 2159 464">
     <span class='ocr_line' id='line_1_2' title="bbox 433 390 2159 464; baseline -0.002 -13"><span class='ocrx_word' id='word_1_2' title='bbox 433 400 553 452; x_wconf 91' lang='lat' dir='ltr'>tute</span> <span class='ocrx_word' id='word_1_3' title='bbox 578 396 606 450; x_wconf 85' lang='lat'><strong>?</strong></span> <span class='ocrx_word' id='word_1_4' title='bbox 626 394 777 452; x_wconf 87' lang='lat' dir='ltr'>Nulli</span> <span class='ocrx_word' id='word_1_5' title='bbox 802 394 961 450; x_wconf 90' lang='lat' dir='ltr'>enim</span> <span class='ocrx_word' id='word_1_6' title='bbox 989 392 1255 449; x_wconf 89' lang='lat' dir='ltr'>ﬁdelium</span> <span class='ocrx_word' id='word_1_7' title='bbox 1290 391 1539 447; x_wconf 88' lang='lat' dir='ltr'>dubium</span> <span class='ocrx_word' id='word_1_8' title='bbox 1569 396 1657 447; x_wconf 91' lang='lat' dir='ltr'>est</span> <span class='ocrx_word' id='word_1_9' title='bbox 1705 391 1869 464; x_wconf 90' lang='lat' dir='ltr'>quod</span> <span class='ocrx_word' id='word_1_10' title='bbox 1919 390 2075 446; x_wconf 91' lang='lat' dir='ltr'>circa</span> <span class='ocrx_word' id='word_1_11' title='bbox 2115 394 2159 448; x_wconf 83' lang='lat' dir='ltr'><strong>A</strong></span> 
     </span>
    </p>
   </div>
   <div class='ocr_carea' id='block_1_3' title="bbox 432 480 2079 555">
    <p class='ocr_par' dir='ltr' id='par_1_3' title="bbox 432 480 2079 555">
     <span class='ocr_line' id='line_1_3' title="bbox 432 480 2079 555; baseline -0.004 -14"><span class='ocrx_word' id='word_1_12' title='bbox 432 502 564 541; x_wconf 85' lang='lat' dir='ltr'>eam</span> <span class='ocrx_word' id='word_1_13' title='bbox 598 485 796 540; x_wconf 91' lang='lat' dir='ltr'>omnis</span> <span class='ocrx_word' id='word_1_14' title='bbox 827 482 1158 555; x_wconf 81' lang='lat' dir='ltr'>frequentia</span> <span class='ocrx_word' id='word_1_15' title='bbox 1187 481 1516 537; x_wconf 71' lang='lat' dir='ltr'>caelestium</span> <span class='ocrx_word' id='word_1_16' title='bbox 1569 481 1881 552; x_wconf 82' lang='lat' dir='ltr'>agminum</span> <span class='ocrx_word' id='word_1_17' title='bbox 1927 480 2079 536; x_wconf 87' lang='lat' dir='ltr'>invi-</span> 
     </span>
    </p>
   </div>
   <div class='ocr_carea' id='block_1_4' title="bbox 433 568 2079 645">
    <p class='ocr_par' dir='ltr' id='par_1_4' title="bbox 433 568 2079 645">
     <span class='ocr_line' id='line_1_4' title="bbox 433 568 2079 645; baseline -0.004 -15"><span class='ocrx_word' id='word_1_18' title='bbox 433 574 674 645; x_wconf 89' lang='lat' dir='ltr'>gilabat,</span> <span class='ocrx_word' id='word_1_19' title='bbox 710 577 911 645; x_wconf 80' lang='lat' dir='ltr'>utpote</span> <span class='ocrx_word' id='word_1_20' title='bbox 927 587 1112 643; x_wconf 90' lang='lat' dir='ltr'>quam</span> <span class='ocrx_word' id='word_1_21' title='bbox 1128 586 1309 642; x_wconf 84' lang='lat' dir='ltr'>supra</span> <span class='ocrx_word' id='word_1_22' title='bbox 1332 586 1395 625; x_wconf 90' lang='lat' dir='ltr'>se</span> <span class='ocrx_word' id='word_1_23' title='bbox 1420 569 1801 625; x_wconf 76' lang='lat' dir='ltr'>exaltandam</span> <span class='ocrx_word' id='word_1_24' title='bbox 1834 568 2079 624; x_wconf 87' lang='lat' dir='ltr'>minime</span> 
     </span>
    </p>
   </div>
   <div class='ocr_carea' id='block_1_5' title="bbox 431 659 2078 733">
    <p class='ocr_par' dir='ltr' id='par_1_5' title="bbox 431 659 2078 733">
     <span class='ocr_line' id='line_1_5' title="bbox 431 659 2078 733; baseline -0.004 -13"><span class='ocrx_word' id='word_1_25' title='bbox 431 662 837 732; x_wconf 80' lang='lat' dir='ltr'>ambigebant.</span> <span class='ocrx_word' id='word_1_26' title='bbox 874 662 916 717; x_wconf 95' lang='grc' dir='ltr'>Ο</span> <span class='ocrx_word' id='word_1_27' title='bbox 949 659 1126 715; x_wconf 90' lang='lat' dir='ltr'>nimis</span> <span class='ocrx_word' id='word_1_28' title='bbox 1158 676 1457 733; x_wconf 80' lang='lat' dir='ltr'>superque</span> <span class='ocrx_word' id='word_1_29' title='bbox 1489 659 1659 715; x_wconf 84' lang='lat' dir='ltr'>beata</span> <span class='ocrx_word' id='word_1_30' title='bbox 1689 659 1863 729; x_wconf 88' lang='lat' dir='ltr'>Virgo</span> <span class='ocrx_word' id='word_1_31' title='bbox 1897 677 1910 725; x_wconf 93' lang='lat'><strong>;</strong></span> <span class='ocrx_word' id='word_1_32' title='bbox 1941 675 2078 731; x_wconf 75' lang='lat' dir='ltr'>quae</span> 
     </span>
    </p>
   </div>
   <div class='ocr_carea' id='block_1_6' title="bbox 429 747 2078 822">
    <p class='ocr_par' dir='ltr' id='par_1_6' title="bbox 429 747 2078 822">
     <span class='ocr_line' id='line_1_6' title="bbox 429 747 2078 822; baseline -0.004 -14"><span class='ocrx_word' id='word_1_33' title='bbox 429 752 577 808; x_wconf 92' lang='lat' dir='ltr'>nulli</span> <span class='ocrx_word' id='word_1_34' title='bbox 598 748 1011 822; x_wconf 88' lang='lat' dir='ltr'>comparanda</span> <span class='ocrx_word' id='word_1_35' title='bbox 1036 753 1125 803; x_wconf 90' lang='lat' dir='ltr'>est</span> <span class='ocrx_word' id='word_1_36' title='bbox 1159 748 1389 815; x_wconf 89' lang='lat' dir='ltr'>merito,</span> <span class='ocrx_word' id='word_1_37' title='bbox 1422 764 1530 804; x_wconf 90' lang='lat' dir='ltr'>nec</span> <span class='ocrx_word' id='word_1_38' title='bbox 1586 747 1960 819; x_wconf 63' lang='lat' dir='ltr'>coaequanda</span> <span class='ocrx_word' id='word_1_39' title='bbox 1984 764 2078 803; x_wconf 84' lang='lat' dir='ltr'>ca-</span> 
     </span>
    </p>
   </div>
   <div class='ocr_carea' id='block_1_7' title="bbox 433 835 2075 907">
    <p class='ocr_par' dir='ltr' id='par_1_7' title="bbox 433 835 2075 907">
     <span class='ocr_line' id='line_1_7' title="bbox 433 835 2075 907; baseline -0.004 -11"><span class='ocrx_word' id='word_1_40' title='bbox 433 840 643 897; x_wconf 88' lang='lat' dir='ltr'>stitatis</span> <span class='ocrx_word' id='word_1_41' title='bbox 674 837 840 893; x_wconf 83' lang='lat' dir='ltr'>titulo</span> <span class='ocrx_word' id='word_1_42' title='bbox 868 839 895 893; x_wconf 87' lang='lat'>?</span> <span class='ocrx_word' id='word_1_43' title='bbox 914 839 1058 891; x_wconf 84' lang='lat' dir='ltr'>Vere</span> <span class='ocrx_word' id='word_1_44' title='bbox 1083 836 1297 891; x_wconf 91' lang='lat' dir='ltr'>etenim</span> <span class='ocrx_word' id='word_1_45' title='bbox 1324 836 1499 891; x_wconf 88' lang='lat' dir='ltr'>beata</span> <span class='ocrx_word' id='word_1_46' title='bbox 1519 835 1619 891; x_wconf 91' lang='lat' dir='ltr'>illa</span> <span class='ocrx_word' id='word_1_47' title='bbox 1668 835 1907 903; x_wconf 65' lang='lat' dir='ltr'>saecula,</span> <span class='ocrx_word' id='word_1_48' title='bbox 1939 851 2075 907; x_wconf 78' lang='lat' dir='ltr'>quae</span> 
     </span>
    </p>
   </div>
   <div class='ocr_carea' id='block_1_8' title="bbox 430 926 2075 998">
    <p class='ocr_par' dir='ltr' id='par_1_8' title="bbox 430 926 2075 998">
     <span class='ocr_line' id='line_1_8' title="bbox 430 926 2075 998; baseline -0.004 -11"><span class='ocrx_word' id='word_1_49' title='bbox 430 948 504 987; x_wconf 79' lang='lat' dir='ltr'>ex</span> <span class='ocrx_word' id='word_1_50' title='bbox 532 933 767 985; x_wconf 89' lang='lat' dir='ltr'>sacrato</span> <span class='ocrx_word' id='word_1_51' title='bbox 800 932 965 983; x_wconf 82' lang='lat' dir='ltr'><strong>utero</strong></span> <span class='ocrx_word' id='word_1_52' title='bbox 997 932 1050 981; x_wconf 92' lang='lat' dir='ltr'>te</span> <span class='ocrx_word' id='word_1_53' title='bbox 1080 926 1403 982; x_wconf 83' lang='lat' dir='ltr'><strong>meruerint</strong></span> <span class='ocrx_word' id='word_1_54' title='bbox 1425 926 1694 998; x_wconf 83' lang='lat' dir='ltr'><strong>excipere</strong></span> <span class='ocrx_word' id='word_1_55' title='bbox 1725 942 1834 981; x_wconf 90' lang='lat' dir='ltr'>suo</span> <span class='ocrx_word' id='word_1_56' title='bbox 1858 926 1917 981; x_wconf 90' lang='lat' dir='ltr'>in</span> <span class='ocrx_word' id='word_1_57' title='bbox 1936 930 2075 981; x_wconf 93' lang='lat' dir='ltr'>tem-</span> 
     </span>
    </p>
   </div>
   <div class='ocr_carea' id='block_1_9' title="bbox 428 1014 2077 1094">
    <p class='ocr_par' dir='ltr' id='par_1_9' title="bbox 428 1014 2077 1094">
     <span class='ocr_line' id='line_1_9' title="bbox 428 1014 2077 1094; baseline -0.004 -18"><span class='ocrx_word' id='word_1_58' title='bbox 428 1036 593 1094; x_wconf 88' lang='lat' dir='ltr'>pore.</span> <span class='ocrx_word' id='word_1_59' title='bbox 629 1020 780 1073; x_wconf 85' lang='lat' dir='ltr'>Sane</span> <span class='ocrx_word' id='word_1_60' title='bbox 811 1016 856 1071; x_wconf 90' lang='lat' dir='ltr'>si</span> <span class='ocrx_word' id='word_1_61' title='bbox 879 1016 982 1089; x_wconf 91' lang='lat' dir='ltr'>qui</span> <span class='ocrx_word' id='word_1_62' title='bbox 1004 1015 1249 1071; x_wconf 90' lang='lat' dir='ltr'>sollicita</span> <span class='ocrx_word' id='word_1_63' title='bbox 1279 1021 1476 1071; x_wconf 86' lang='lat' dir='ltr'>mente</span> <span class='ocrx_word' id='word_1_64' title='bbox 1505 1020 1563 1070; x_wconf 92' lang='lat' dir='ltr'>et</span> <span class='ocrx_word' id='word_1_65' title='bbox 1602 1015 1868 1071; x_wconf 88' lang='lat' dir='ltr'>studiosa</span> <span class='ocrx_word' id='word_1_66' title='bbox 1918 1014 2077 1070; x_wconf 90' lang='lat' dir='ltr'>inve-</span> 
     </span>
    </p>
   </div>
   <div class='ocr_carea' id='block_1_10' title="bbox 430 1102 2078 1177">
    <p class='ocr_par' dir='ltr' id='par_1_10' title="bbox 430 1102 2078 1177">
     <span class='ocr_line' id='line_1_10' title="bbox 430 1102 2078 1177; baseline -0.004 -13"><span class='ocrx_word' id='word_1_67' title='bbox 430 1107 743 1177; x_wconf 89' lang='lat' dir='ltr'>stigatione</span> <span class='ocrx_word' id='word_1_68' title='bbox 788 1103 1135 1177; x_wconf 89' lang='lat' dir='ltr'>perquirant</span> <span class='ocrx_word' id='word_1_69' title='bbox 1188 1119 1295 1158; x_wconf 90' lang='lat' dir='ltr'>cur</span> <span class='ocrx_word' id='word_1_70' title='bbox 1342 1107 1686 1158; x_wconf 90' lang='lat' dir='ltr'>sanctorum</span> <span class='ocrx_word' id='word_1_71' title='bbox 1742 1102 2078 1167; x_wconf 69' lang='lat' dir='ltr'>praeceden-</span> 
     </span>
    </p>
   </div>
   <div class='ocr_carea' id='block_1_11' title="bbox 428 1191 2077 1265">
    <p class='ocr_par' dir='ltr' id='par_1_11' title="bbox 428 1191 2077 1265">
     <span class='ocr_line' id='line_1_11' title="bbox 428 1191 2077 1265; baseline -0.003 -12"><span class='ocrx_word' id='word_1_72' title='bbox 428 1197 576 1253; x_wconf 88' lang='lat' dir='ltr'>tium</span> <span class='ocrx_word' id='word_1_73' title='bbox 606 1193 908 1250; x_wconf 78' lang='lat' dir='ltr'>memoriae</span> <span class='ocrx_word' id='word_1_74' title='bbox 951 1192 1133 1261; x_wconf 87' lang='lat' dir='ltr'>hujus</span> <span class='ocrx_word' id='word_1_75' title='bbox 1159 1191 1423 1265; x_wconf 66' lang='lat' dir='ltr'>praefatae</span> <span class='ocrx_word' id='word_1_76' title='bbox 1479 1192 1729 1261; x_wconf 77' lang='lat' dir='ltr'>Virginis</span> <span class='ocrx_word' id='word_1_77' title='bbox 1779 1196 2077 1264; x_wconf 76' lang='lat' dir='ltr'>tempora-</span> 
     </span>
    </p>
   </div>
   <div class='ocr_carea' id='block_1_12' title="bbox 426 1278 2074 1350">
    <p class='ocr_par' dir='ltr' id='par_1_12' title="bbox 426 1278 2074 1350">
     <span class='ocr_line' id='line_1_12' title="bbox 426 1278 2074 1350; baseline -0.002 -11"><span class='ocrx_word' id='word_1_78' title='bbox 426 1300 541 1339; x_wconf 93' lang='lat' dir='ltr'>nea</span> <span class='ocrx_word' id='word_1_79' title='bbox 560 1281 723 1337; x_wconf 86' lang='lat' dir='ltr'>initia</span> <span class='ocrx_word' id='word_1_80' title='bbox 742 1279 861 1334; x_wconf 68' lang='lat' dir='ltr'>suis</span> <span class='ocrx_word' id='word_1_81' title='bbox 883 1278 1159 1334; x_wconf 90' lang='lat' dir='ltr'>ﬁdelibus</span> <span class='ocrx_word' id='word_1_82' title='bbox 1190 1279 1549 1350; x_wconf 86' lang='lat' dir='ltr'>sequacibus</span> <span class='ocrx_word' id='word_1_83' title='bbox 1575 1278 1927 1334; x_wconf 87' lang='lat' dir='ltr'>enucleatim</span> <span class='ocrx_word' id='word_1_84' title='bbox 1951 1295 2074 1335; x_wconf 90' lang='lat' dir='ltr'>non</span> 
     </span>
    </p>
   </div>
   <div class='ocr_carea' id='block_1_13' title="bbox 427 1367 2070 1438">
    <p class='ocr_par' dir='ltr' id='par_1_13' title="bbox 427 1367 2070 1438">
     <span class='ocr_line' id='line_1_13' title="bbox 427 1367 2070 1438; baseline -0.002 -10"><span class='ocrx_word' id='word_1_85' title='bbox 427 1372 886 1438; x_wconf 84' lang='lat' dir='ltr'>exornaverunt,</span> <span class='ocrx_word' id='word_1_86' title='bbox 919 1372 985 1423; x_wconf 92' lang='lat' dir='ltr'>ut</span> <span class='ocrx_word' id='word_1_87' title='bbox 1008 1368 1085 1423; x_wconf 89' lang='lat' dir='ltr'>ad</span> <span class='ocrx_word' id='word_1_88' title='bbox 1116 1368 1390 1423; x_wconf 89' lang='lat' dir='ltr'>omnium</span> <span class='ocrx_word' id='word_1_89' title='bbox 1420 1367 1690 1423; x_wconf 83' lang='lat' dir='ltr'>notitiam</span> <span class='ocrx_word' id='word_1_90' title='bbox 1740 1368 2070 1438; x_wconf 77' lang='lat' dir='ltr'>vulgarent.</span> 
     </span>
    </p>
   </div>
   <div class='ocr_carea' id='block_1_14' title="bbox 423 1455 2071 1529">
    <p class='ocr_par' dir='ltr' id='par_1_14' title="bbox 423 1455 2071 1529">
     <span class='ocr_line' id='line_1_14' title="bbox 423 1455 2071 1529; baseline -0.002 -14"><span class='ocrx_word' id='word_1_91' title='bbox 423 1459 694 1516; x_wconf 81' lang='lat' dir='ltr'>noverint</span> <span class='ocrx_word' id='word_1_92' title='bbox 720 1471 843 1511; x_wconf 58' lang='lat' dir='ltr'>non</span> <span class='ocrx_word' id='word_1_93' title='bbox 874 1456 1115 1526; x_wconf 90' lang='lat' dir='ltr'>ignaros</span> <span class='ocrx_word' id='word_1_94' title='bbox 1137 1472 1238 1511; x_wconf 88' lang='lat' dir='ltr'>eos</span> <span class='ocrx_word' id='word_1_95' title='bbox 1269 1455 1558 1511; x_wconf 83' lang='lat' dir='ltr'>exstitisse</span> <span class='ocrx_word' id='word_1_96' title='bbox 1587 1457 1901 1527; x_wconf 79' lang='lat' dir='ltr'>haereseos,</span> <span class='ocrx_word' id='word_1_97' title='bbox 1937 1472 2071 1529; x_wconf 70' lang='lat' dir='ltr'>quae</span> 
     </span>
    </p>
   </div>
   <div class='ocr_carea' id='block_1_15' title="bbox 424 1545 2072 1621">
    <p class='ocr_par' dir='ltr' id='par_1_15' title="bbox 424 1545 2072 1621">
     <span class='ocr_line' id='line_1_15' title="bbox 424 1545 2072 1621; baseline -0.001 -17"><span class='ocrx_word' id='word_1_98' title='bbox 424 1565 533 1621; x_wconf 90' lang='lat' dir='ltr'>pro</span> <span class='ocrx_word' id='word_1_99' title='bbox 553 1546 766 1617; x_wconf 65' lang='lat' dir='ltr'>insigni</span> <span class='ocrx_word' id='word_1_100' title='bbox 800 1552 857 1600; x_wconf 71' lang='grc' dir='ltr'>εἰ</span> <span class='ocrx_word' id='word_1_101' title='bbox 883 1545 1240 1601; x_wconf 83' lang='lat' dir='ltr'>admirando</span> <span class='ocrx_word' id='word_1_102' title='bbox 1263 1546 1444 1616; x_wconf 80' lang='lat' dir='ltr'>hujus</span> <span class='ocrx_word' id='word_1_103' title='bbox 1468 1562 1651 1600; x_wconf 80' lang='lat' dir='ltr'>sacrae</span> <span class='ocrx_word' id='word_1_104' title='bbox 1677 1545 1888 1618; x_wconf 80' lang='lat' dir='ltr'>puellae</span> <span class='ocrx_word' id='word_1_105' title='bbox 1919 1562 2072 1618; x_wconf 72' lang='lat' dir='ltr'>prae-</span> 
     </span>
    </p>
   </div>
   <div class='ocr_carea' id='block_1_16' title="bbox 423 1634 2074 1706">
    <p class='ocr_par' dir='ltr' id='par_1_16' title="bbox 423 1634 2074 1706">
     <span class='ocr_line' id='line_1_16' title="bbox 423 1634 2074 1706; baseline -0.002 -12"><span class='ocrx_word' id='word_1_106' title='bbox 423 1638 597 1695; x_wconf 90' lang='lat' dir='ltr'>conio</span> <span class='ocrx_word' id='word_1_107' title='bbox 625 1642 901 1693; x_wconf 71' lang='lat' dir='ltr'>exoriura</span> <span class='ocrx_word' id='word_1_108' title='bbox 930 1641 1076 1705; x_wconf 88' lang='lat' dir='ltr'>erat,</span> <span class='ocrx_word' id='word_1_109' title='bbox 1099 1639 1156 1690; x_wconf 91' lang='lat' dir='ltr'>et</span> <span class='ocrx_word' id='word_1_110' title='bbox 1179 1634 1258 1691; x_wconf 91' lang='lat' dir='ltr'>ob</span> <span class='ocrx_word' id='word_1_111' title='bbox 1287 1634 1370 1705; x_wconf 88' lang='lat' dir='ltr'>id,</span> <span class='ocrx_word' id='word_1_112' title='bbox 1401 1635 1449 1689; x_wconf 90' lang='lat' dir='ltr'>si</span> <span class='ocrx_word' id='word_1_113' title='bbox 1479 1634 1622 1706; x_wconf 91' lang='lat' dir='ltr'>quid</span> <span class='ocrx_word' id='word_1_114' title='bbox 1649 1651 1719 1689; x_wconf 86' lang='lat' dir='ltr'><strong>ex</strong></span> <span class='ocrx_word' id='word_1_115' title='bbox 1768 1635 1896 1705; x_wconf 90' lang='lat' dir='ltr'>ejus</span> <span class='ocrx_word' id='word_1_116' title='bbox 1938 1640 2074 1691; x_wconf 88' lang='lat' dir='ltr'>ortu</span> 
     </span>
    </p>
   </div>
   <div class='ocr_carea' id='block_1_17' title="bbox 421 1724 2151 1803">
    <p class='ocr_par' dir='ltr' id='par_1_17' title="bbox 421 1724 2151 1803">
     <span class='ocr_line' id='line_1_17' title="bbox 421 1724 2151 1803; baseline -0.001 -19"><span class='ocrx_word' id='word_1_117' title='bbox 421 1728 813 1803; x_wconf 61' lang='lat' dir='ltr'>protulerunt,</span> <span class='ocrx_word' id='word_1_118' title='bbox 838 1725 1039 1795; x_wconf 77' lang='lat' dir='ltr'>sagaci</span> <span class='ocrx_word' id='word_1_119' title='bbox 1066 1724 1357 1780; x_wconf 84' lang='lat' dir='ltr'>industria</span> <span class='ocrx_word' id='word_1_120' title='bbox 1386 1724 1707 1780; x_wconf 84' lang='lat' dir='ltr'>celandum</span> <span class='ocrx_word' id='word_1_121' title='bbox 1756 1725 1987 1780; x_wconf 77' lang='lat' dir='ltr'>aemulis</span> <span class='ocrx_word' id='word_1_122' title='bbox 2016 1730 2073 1782; x_wconf 92' lang='lat' dir='ltr'>et</span> <span class='ocrx_word' id='word_1_123' title='bbox 2110 1735 2151 1789; x_wconf 83' lang='grc' dir='ltr'><strong>Β</strong></span> 
     </span>
    </p>
   </div>
   <div class='ocr_carea' id='block_1_18' title="bbox 420 1814 2074 1884">
    <p class='ocr_par' dir='ltr' id='par_1_18' title="bbox 420 1814 2074 1884">
     <span class='ocr_line' id='line_1_18' title="bbox 420 1814 2074 1884; baseline -0.003 -10"><span class='ocrx_word' id='word_1_124' title='bbox 420 1817 762 1874; x_wconf 75' lang='lat' dir='ltr'>inﬁdelibus</span> <span class='ocrx_word' id='word_1_125' title='bbox 787 1815 1194 1884; x_wconf 77' lang='lat' dir='ltr'>decreverunt,</span> <span class='ocrx_word' id='word_1_126' title='bbox 1217 1829 1291 1870; x_wconf 90' lang='lat' dir='ltr'>ne</span> <span class='ocrx_word' id='word_1_127' title='bbox 1330 1814 1615 1870; x_wconf 79' lang='lat' dir='ltr'>inveniret</span> <span class='ocrx_word' id='word_1_128' title='bbox 1656 1832 1813 1870; x_wconf 82' lang='lat' dir='ltr'>caeca</span> <span class='ocrx_word' id='word_1_129' title='bbox 1870 1830 2074 1884; x_wconf 86' lang='lat' dir='ltr'>garru-</span> 
     </span>
    </p>
   </div>
   <div class='ocr_carea' id='block_1_19' title="bbox 421 1903 2070 1980">
    <p class='ocr_par' dir='ltr' id='par_1_19' title="bbox 421 1903 2070 1980">
     <span class='ocr_line' id='line_1_19' title="bbox 421 1903 2070 1980; baseline -0.002 -17"><span class='ocrx_word' id='word_1_130' title='bbox 421 1908 575 1963; x_wconf 87' lang='lat' dir='ltr'>ditas</span> <span class='ocrx_word' id='word_1_131' title='bbox 603 1904 975 1980; x_wconf 72' lang='lat' dir='ltr'>perﬁdorum</span> <span class='ocrx_word' id='word_1_132' title='bbox 1005 1903 1164 1959; x_wconf 91' lang='lat' dir='ltr'>unde</span> <span class='ocrx_word' id='word_1_133' title='bbox 1190 1908 1528 1959; x_wconf 90' lang='lat' dir='ltr'>maternum</span> <span class='ocrx_word' id='word_1_134' title='bbox 1558 1903 1752 1959; x_wconf 91' lang='lat' dir='ltr'>sinum</span> <span class='ocrx_word' id='word_1_135' title='bbox 1800 1904 2070 1960; x_wconf 68' lang='lat' dir='ltr'>Ecclesiae</span> 
     </span>
    </p>
   </div>
   <div class='ocr_carea' id='block_1_20' title="bbox 418 1990 2072 2065">
    <p class='ocr_par' dir='ltr' id='par_1_20' title="bbox 418 1990 2072 2065">
     <span class='ocr_line' id='line_1_20' title="bbox 418 1990 2072 2065; baseline -0.002 -15"><span class='ocrx_word' id='word_1_136' title='bbox 418 1994 759 2050; x_wconf 80' lang='lat' dir='ltr'>verberaret</span> <span class='ocrx_word' id='word_1_137' title='bbox 787 2008 897 2047; x_wconf 91' lang='lat' dir='ltr'>sua</span> <span class='ocrx_word' id='word_1_138' title='bbox 916 1991 1225 2064; x_wconf 90' lang='lat' dir='ltr'>multiplici</span> <span class='ocrx_word' id='word_1_139' title='bbox 1248 1990 1497 2046; x_wconf 83' lang='lat' dir='ltr'>fallacia.</span> <span class='ocrx_word' id='word_1_140' title='bbox 1521 1995 1664 2061; x_wconf 86' lang='lat' dir='ltr'>Nam</span> <span class='ocrx_word' id='word_1_141' title='bbox 1692 1997 1748 2046; x_wconf 92' lang='lat' dir='ltr'>et</span> <span class='ocrx_word' id='word_1_142' title='bbox 1774 1991 1890 2047; x_wconf 92' lang='lat' dir='ltr'>hoc</span> <span class='ocrx_word' id='word_1_143' title='bbox 1905 1992 2072 2065; x_wconf 92' lang='lat' dir='ltr'>quod</span> 
     </span>
    </p>
   </div>
   <div class='ocr_carea' id='block_1_21' title="bbox 421 2079 2070 2153">
    <p class='ocr_par' dir='ltr' id='par_1_21' title="bbox 421 2079 2070 2153">
     <span class='ocr_line' id='line_1_21' title="bbox 421 2079 2070 2153; baseline -0.001 -14"><span class='ocrx_word' id='word_1_144' title='bbox 421 2083 536 2139; x_wconf 86' lang='lat' dir='ltr'>levi</span> <span class='ocrx_word' id='word_1_145' title='bbox 556 2087 612 2138; x_wconf 92' lang='lat' dir='ltr'>et</span> <span class='ocrx_word' id='word_1_146' title='bbox 637 2081 839 2137; x_wconf 88' lang='lat' dir='ltr'>subtili</span> <span class='ocrx_word' id='word_1_147' title='bbox 867 2080 1172 2146; x_wconf 88' lang='lat' dir='ltr'>relatione,</span> <span class='ocrx_word' id='word_1_148' title='bbox 1206 2084 1309 2135; x_wconf 91' lang='lat' dir='ltr'>aut</span> <span class='ocrx_word' id='word_1_149' title='bbox 1339 2079 1604 2135; x_wconf 86' lang='lat' dir='ltr'>forsitam</span> <span class='ocrx_word' id='word_1_150' title='bbox 1636 2081 2070 2153; x_wconf 87' lang='lat' dir='ltr'>conscriptione</span> 
     </span>
    </p>
   </div>
   <div class='ocr_carea' id='block_1_22' title="bbox 421 2168 2069 2240">
    <p class='ocr_par' dir='ltr' id='par_1_22' title="bbox 421 2168 2069 2240">
     <span class='ocr_line' id='line_1_22' title="bbox 421 2168 2069 2240; baseline -0.001 -12"><span class='ocrx_word' id='word_1_151' title='bbox 421 2173 497 2228; x_wconf 91' lang='lat' dir='ltr'>de</span> <span class='ocrx_word' id='word_1_152' title='bbox 519 2171 725 2227; x_wconf 85' lang='lat' dir='ltr'>matris</span> <span class='ocrx_word' id='word_1_153' title='bbox 778 2169 1013 2226; x_wconf 89' lang='lat' dir='ltr'>Domini</span> <span class='ocrx_word' id='word_1_154' title='bbox 1068 2169 1371 2225; x_wconf 89' lang='lat' dir='ltr'>nativitate</span> <span class='ocrx_word' id='word_1_155' title='bbox 1401 2173 1457 2224; x_wconf 94' lang='lat' dir='ltr'>et</span> <span class='ocrx_word' id='word_1_156' title='bbox 1508 2168 1756 2225; x_wconf 86' lang='lat' dir='ltr'>infantia</span> <span class='ocrx_word' id='word_1_157' title='bbox 1798 2170 2069 2240; x_wconf 88' lang='lat' dir='ltr'>ejusdem</span> 
     </span>
    </p>
   </div>
   <div class='ocr_carea' id='block_1_23' title="bbox 421 2257 2069 2330">
    <p class='ocr_par' dir='ltr' id='par_1_23' title="bbox 421 2257 2069 2330">
     <span class='ocr_line' id='line_1_23' title="bbox 421 2257 2069 2330; baseline -0.001 -14"><span class='ocrx_word' id='word_1_158' title='bbox 421 2259 656 2315; x_wconf 89' lang='lat' dir='ltr'>Domini</span> <span class='ocrx_word' id='word_1_159' title='bbox 682 2261 1093 2330; x_wconf 90' lang='lat' dir='ltr'>perceperunt,</span> <span class='ocrx_word' id='word_1_160' title='bbox 1127 2257 1207 2312; x_wconf 87' lang='lat' dir='ltr'>ita</span> <span class='ocrx_word' id='word_1_161' title='bbox 1240 2262 1481 2313; x_wconf 88' lang='lat' dir='ltr'>versuta</span> <span class='ocrx_word' id='word_1_162' title='bbox 1533 2261 1589 2312; x_wconf 92' lang='lat' dir='ltr'>et</span> <span class='ocrx_word' id='word_1_163' title='bbox 1644 2263 2069 2325; x_wconf 77' lang='lat' dir='ltr'>argumentosa</span> 
     </span>
    </p>
   </div>
   <div class='ocr_carea' id='block_1_24' title="bbox 420 2345 2071 2420">
    <p class='ocr_par' dir='ltr' id='par_1_24' title="bbox 420 2345 2071 2420">
     <span class='ocr_line' id='line_1_24' title="bbox 420 2345 2071 2420; baseline 0 -17"><span class='ocrx_word' id='word_1_164' title='bbox 420 2347 656 2403; x_wconf 79' lang='lat' dir='ltr'>fallacia</span> <span class='ocrx_word' id='word_1_165' title='bbox 685 2345 1098 2418; x_wconf 89' lang='lat' dir='ltr'>deturparunt,</span> <span class='ocrx_word' id='word_1_166' title='bbox 1150 2350 1213 2400; x_wconf 92' lang='lat' dir='ltr'>ut</span> <span class='ocrx_word' id='word_1_167' title='bbox 1241 2362 1350 2401; x_wconf 91' lang='lat' dir='ltr'>nec</span> <span class='ocrx_word' id='word_1_168' title='bbox 1384 2362 1517 2402; x_wconf 90' lang='lat' dir='ltr'>vera</span> <span class='ocrx_word' id='word_1_169' title='bbox 1573 2345 1853 2420; x_wconf 85' lang='lat' dir='ltr'>deinceps</span> <span class='ocrx_word' id='word_1_170' title='bbox 1881 2364 1916 2402; x_wconf 90' lang='lat' dir='ltr'>a</span> <span class='ocrx_word' id='word_1_171' title='bbox 1944 2348 2071 2419; x_wconf 86' lang='lat' dir='ltr'>qui—</span> 
     </span>
    </p>
   </div>
   <div class='ocr_carea' id='block_1_25' title="bbox 417 2434 2070 2508">
    <p class='ocr_par' dir='ltr' id='par_1_25' title="bbox 417 2434 2070 2508">
     <span class='ocr_line' id='line_1_25' title="bbox 417 2434 2070 2508; baseline 0 -16"><span class='ocrx_word' id='word_1_172' title='bbox 417 2436 679 2493; x_wconf 89' lang='lat' dir='ltr'>busdam</span> <span class='ocrx_word' id='word_1_173' title='bbox 700 2434 1110 2491; x_wconf 89' lang='lat' dir='ltr'>ecclesiasticis</span> <span class='ocrx_word' id='word_1_174' title='bbox 1129 2434 1473 2491; x_wconf 89' lang='lat' dir='ltr'>doctoribus</span> <span class='ocrx_word' id='word_1_175' title='bbox 1496 2435 1829 2501; x_wconf 89' lang='lat' dir='ltr'>recitentur,</span> <span class='ocrx_word' id='word_1_176' title='bbox 1861 2452 2070 2508; x_wconf 88' lang='lat' dir='ltr'>quam-</span> 
     </span>
    </p>
   </div>
   <div class='ocr_carea' id='block_1_26' title="bbox 417 2524 1221 2597">
    <p class='ocr_par' dir='ltr' id='par_1_26' title="bbox 417 2524 1221 2597">
     <span class='ocr_line' id='line_1_26' title="bbox 417 2524 1221 2597; baseline 0 -16"><span class='ocrx_word' id='word_1_177' title='bbox 417 2526 506 2582; x_wconf 86' lang='lat' dir='ltr'>vis</span> <span class='ocrx_word' id='word_1_178' title='bbox 535 2525 780 2582; x_wconf 91' lang='lat' dir='ltr'>minime</span> <span class='ocrx_word' id='word_1_179' title='bbox 814 2524 1221 2597; x_wconf 85' lang='lat' dir='ltr'>repudiantur.</span> 
     </span>
    </p>
   </div>
   <div class='ocr_carea' id='block_1_27' title="bbox 490 2613 2067 2688">
    <p class='ocr_par' dir='ltr' id='par_1_27' title="bbox 490 2613 2067 2688">
     <span class='ocr_line' id='line_1_27' title="bbox 490 2613 2067 2688; baseline 0.001 -18"><span class='ocrx_word' id='word_1_180' title='bbox 490 2617 691 2670; x_wconf 83' lang='lat' dir='ltr'>Exstat</span> <span class='ocrx_word' id='word_1_181' title='bbox 718 2630 858 2670; x_wconf 89' lang='lat' dir='ltr'>vero</span> <span class='ocrx_word' id='word_1_182' title='bbox 888 2613 1169 2686; x_wconf 53' lang='lat' dir='ltr'>quadam</span> <span class='ocrx_word' id='word_1_183' title='bbox 1223 2630 1345 2669; x_wconf 91' lang='lat' dir='ltr'>non</span> <span class='ocrx_word' id='word_1_184' title='bbox 1402 2614 1619 2669; x_wconf 90' lang='lat' dir='ltr'>usitata</span> <span class='ocrx_word' id='word_1_185' title='bbox 1673 2614 1899 2683; x_wconf 88' lang='lat' dir='ltr'>relatio,</span> <span class='ocrx_word' id='word_1_186' title='bbox 1932 2633 2067 2688; x_wconf 66' lang='lat' dir='ltr'>qum</span> 
     </span>
    </p>
   </div>
   <div class='ocr_carea' id='block_1_28' title="bbox 416 2702 2069 2776">
    <p class='ocr_par' dir='ltr' id='par_1_28' title="bbox 416 2702 2069 2776">
     <span class='ocr_line' id='line_1_28' title="bbox 416 2702 2069 2776; baseline 0 -16"><span class='ocrx_word' id='word_1_187' title='bbox 416 2703 725 2760; x_wconf 83' lang='lat' dir='ltr'>clarissimi</span> <span class='ocrx_word' id='word_1_188' title='bbox 751 2702 1084 2775; x_wconf 87' lang='lat' dir='ltr'>interpretis</span> <span class='ocrx_word' id='word_1_189' title='bbox 1117 2702 1455 2773; x_wconf 71' lang='lat' dir='ltr'>Hieronymi</span> <span class='ocrx_word' id='word_1_190' title='bbox 1476 2708 1845 2776; x_wconf 69' lang='lat' dir='ltr'>praenotatur</span> <span class='ocrx_word' id='word_1_191' title='bbox 1880 2705 2069 2760; x_wconf 91' lang='lat' dir='ltr'>nomi-</span> 
     </span>
    </p>
   </div>
   <div class='ocr_carea' id='block_1_29' title="bbox 416 2791 2069 2864">
    <p class='ocr_par' dir='ltr' id='par_1_29' title="bbox 416 2791 2069 2864">
     <span class='ocr_line' id='line_1_29' title="bbox 416 2791 2069 2864; baseline -0.001 -15"><span class='ocrx_word' id='word_1_192' title='bbox 416 2810 512 2859; x_wconf 92' lang='lat' dir='ltr'>ne,</span> <span class='ocrx_word' id='word_1_193' title='bbox 540 2793 799 2849; x_wconf 89' lang='lat' dir='ltr'>referens</span> <span class='ocrx_word' id='word_1_194' title='bbox 829 2791 1074 2847; x_wconf 90' lang='lat' dir='ltr'>beatum</span> <span class='ocrx_word' id='word_1_195' title='bbox 1104 2793 1437 2848; x_wconf 80' lang='lat' dir='ltr'>Matthaeum</span> <span class='ocrx_word' id='word_1_196' title='bbox 1466 2797 1602 2864; x_wconf 91' lang='lat' dir='ltr'>post</span> <span class='ocrx_word' id='word_1_197' title='bbox 1629 2792 1855 2848; x_wconf 90' lang='lat' dir='ltr'>editum</span> <span class='ocrx_word' id='word_1_198' title='bbox 1885 2796 2069 2849; x_wconf 86' lang='lat' dir='ltr'>Evan-</span> 
     </span>
    </p>
   </div>
   <div class='ocr_carea' id='block_1_30' title="bbox 418 2879 2067 2953">
    <p class='ocr_par' dir='ltr' id='par_1_30' title="bbox 418 2879 2067 2953">
     <span class='ocr_line' id='line_1_30' title="bbox 418 2879 2067 2953; baseline 0.001 -16"><span class='ocrx_word' id='word_1_199' title='bbox 418 2882 638 2953; x_wconf 90' lang='lat' dir='ltr'>gelium</span> <span class='ocrx_word' id='word_1_200' title='bbox 669 2886 865 2936; x_wconf 92' lang='lat' dir='ltr'>ortum</span> <span class='ocrx_word' id='word_1_201' title='bbox 898 2880 1156 2952; x_wconf 62' lang='lat' dir='ltr'>praefatae</span> <span class='ocrx_word' id='word_1_202' title='bbox 1199 2879 1451 2949; x_wconf 80' lang='lat' dir='ltr'>Virginis</span> <span class='ocrx_word' id='word_1_203' title='bbox 1481 2884 1658 2951; x_wconf 89' lang='lat' dir='ltr'>atque</span> <span class='ocrx_word' id='word_1_204' title='bbox 1697 2880 2067 2939; x_wconf 88' lang='lat' dir='ltr'>initiamenta</span> 
     </span>
    </p>
   </div>
   <div class='ocr_carea' id='block_1_31' title="bbox 416 2967 2066 3043">
    <p class='ocr_par' dir='ltr' id='par_1_31' title="bbox 416 2967 2066 3043">
     <span class='ocr_line' id='line_1_31' title="bbox 416 2967 2066 3043; baseline 0 -18"><span class='ocrx_word' id='word_1_205' title='bbox 416 2969 667 3043; x_wconf 89' lang='lat' dir='ltr'>puerilia</span> <span class='ocrx_word' id='word_1_206' title='bbox 708 2972 843 3023; x_wconf 85' lang='lat' dir='ltr'>Jesu</span> <span class='ocrx_word' id='word_1_207' title='bbox 874 2968 1103 3033; x_wconf 82' lang='lat' dir='ltr'>Christi,</span> <span class='ocrx_word' id='word_1_208' title='bbox 1136 2967 1214 3023; x_wconf 90' lang='lat' dir='ltr'>ita</span> <span class='ocrx_word' id='word_1_209' title='bbox 1270 2968 1539 3022; x_wconf 88' lang='lat' dir='ltr'>obscuris</span> <span class='ocrx_word' id='word_1_210' title='bbox 1590 2984 1778 3023; x_wconf 87' lang='lat' dir='ltr'>manu</span> <span class='ocrx_word' id='word_1_211' title='bbox 1824 2970 2066 3040; x_wconf 87' lang='lat' dir='ltr'>propria</span> 
     </span>
    </p>
   </div>
   <div class='ocr_carea' id='block_1_32' title="bbox 418 3054 2146 3139">
    <p class='ocr_par' dir='ltr' id='par_1_32' title="bbox 418 3054 2146 3139">
     <span class='ocr_line' id='line_1_32' title="bbox 418 3054 2146 3139; baseline 0 -26"><span class='ocrx_word' id='word_1_212' title='bbox 418 3058 772 3125; x_wconf 85' lang='lat' dir='ltr'>obsignasse</span> <span class='ocrx_word' id='word_1_213' title='bbox 792 3055 995 3111; x_wconf 87' lang='lat' dir='ltr'>litteris</span> <span class='ocrx_word' id='word_1_214' title='bbox 1052 3054 1351 3110; x_wconf 86' lang='lat' dir='ltr'>Hebraicis</span> <span class='ocrx_word' id='word_1_215' title='bbox 1385 3060 1449 3110; x_wconf 91' lang='lat' dir='ltr'>ut</span> <span class='ocrx_word' id='word_1_216' title='bbox 1502 3055 1678 3110; x_wconf 90' lang='lat' dir='ltr'>nullis</span> <span class='ocrx_word' id='word_1_217' title='bbox 1734 3056 2064 3113; x_wconf 82' lang='lat' dir='ltr'>inﬁdelium</span> <span class='ocrx_word' id='word_1_218' title='bbox 2103 3082 2146 3139; x_wconf 68' lang='grc' dir='ltr'>ο</span> 
     </span>
    </p>
   </div>
   <div class='ocr_carea' id='block_1_33' title="bbox 417 3142 2063 3216">
    <p class='ocr_par' dir='ltr' id='par_1_33' title="bbox 417 3142 2063 3216">
     <span class='ocr_line' id='line_1_33' title="bbox 417 3142 2063 3216; baseline 0 -15"><span class='ocrx_word' id='word_1_219' title='bbox 417 3145 563 3202; x_wconf 92' lang='lat' dir='ltr'>illud</span> <span class='ocrx_word' id='word_1_220' title='bbox 585 3144 759 3201; x_wconf 84' lang='lat' dir='ltr'>vellet</span> <span class='ocrx_word' id='word_1_221' title='bbox 787 3148 988 3215; x_wconf 89' lang='lat' dir='ltr'>patere</span> <span class='ocrx_word' id='word_1_222' title='bbox 1020 3142 1336 3216; x_wconf 88' lang='lat' dir='ltr'>superﬂuis</span> <span class='ocrx_word' id='word_1_223' title='bbox 1365 3147 1423 3198; x_wconf 93' lang='lat' dir='ltr'>et</span> <span class='ocrx_word' id='word_1_224' title='bbox 1473 3142 1858 3199; x_wconf 89' lang='lat' dir='ltr'>mordacibus</span> <span class='ocrx_word' id='word_1_225' title='bbox 1909 3146 2063 3201; x_wconf 90' lang='lat' dir='ltr'>ricti-</span> 
     </span>
    </p>
   </div>
   <div class='ocr_carea' id='block_1_34' title="bbox 416 3232 2066 3307">
    <p class='ocr_par' dir='ltr' id='par_1_34' title="bbox 416 3232 2066 3307">
     <span class='ocr_line' id='line_1_34' title="bbox 416 3232 2066 3307; baseline -0.001 -15"><span class='ocrx_word' id='word_1_226' title='bbox 416 3236 552 3303; x_wconf 85' lang='lat' dir='ltr'>bus,</span> <span class='ocrx_word' id='word_1_227' title='bbox 599 3251 735 3307; x_wconf 81' lang='lat' dir='ltr'>quae</span> <span class='ocrx_word' id='word_1_228' title='bbox 790 3238 929 3289; x_wconf 90' lang='lat' dir='ltr'>tunc</span> <span class='ocrx_word' id='word_1_229' title='bbox 993 3249 1028 3288; x_wconf 91' lang='lat' dir='ltr'>a</span> <span class='ocrx_word' id='word_1_230' title='bbox 1085 3232 1395 3305; x_wconf 79' lang='lat' dir='ltr'>praelibato</span> <span class='ocrx_word' id='word_1_231' title='bbox 1438 3232 1755 3305; x_wconf 88' lang='lat' dir='ltr'>interprete</span> <span class='ocrx_word' id='word_1_232' title='bbox 1798 3233 2066 3291; x_wconf 89' lang='lat' dir='ltr'>feruntur</span> 
     </span>
    </p>
   </div>
   <div class='ocr_carea' id='block_1_35' title="bbox 415 3321 2065 3398">
    <p class='ocr_par' dir='ltr' id='par_1_35' title="bbox 415 3321 2065 3398">
     <span class='ocr_line' id='line_1_35' title="bbox 415 3321 2065 3398; baseline -0.001 -16"><span class='ocrx_word' id='word_1_233' title='bbox 415 3328 815 3398; x_wconf 88' lang='lat' dir='ltr'>transportata</span> <span class='ocrx_word' id='word_1_234' title='bbox 840 3321 1204 3396; x_wconf 81' lang='lat' dir='ltr'>quibusdam</span> <span class='ocrx_word' id='word_1_235' title='bbox 1234 3322 1452 3377; x_wconf 80' lang='lat' dir='ltr'>obnixe</span> <span class='ocrx_word' id='word_1_236' title='bbox 1486 3323 1824 3394; x_wconf 90' lang='lat' dir='ltr'>petentibus</span> <span class='ocrx_word' id='word_1_237' title='bbox 1856 3325 1931 3380; x_wconf 91' lang='lat' dir='ltr'>ad</span> <span class='ocrx_word' id='word_1_238' title='bbox 1964 3328 2065 3382; x_wconf 83' lang='lat' dir='ltr'>La-</span> 
     </span>
    </p>
   </div>
   <div class='ocr_carea' id='block_1_36' title="bbox 413 3410 2064 3484">
    <p class='ocr_par' dir='ltr' id='par_1_36' title="bbox 413 3410 2064 3484">
     <span class='ocr_line' id='line_1_36' title="bbox 413 3410 2064 3484; baseline 0 -14"><span class='ocrx_word' id='word_1_239' title='bbox 413 3414 551 3470; x_wconf 82' lang='lat' dir='ltr'>tinae</span> <span class='ocrx_word' id='word_1_240' title='bbox 579 3414 799 3484; x_wconf 65' lang='lat' dir='ltr'>linguae</span> <span class='ocrx_word' id='word_1_241' title='bbox 828 3410 1119 3468; x_wconf 89' lang='lat' dir='ltr'>notitiam.</span> <span class='ocrx_word' id='word_1_242' title='bbox 1155 3413 1221 3466; x_wconf 88' lang='lat' dir='ltr'>Et</span> <span class='ocrx_word' id='word_1_243' title='bbox 1247 3411 1389 3483; x_wconf 90' lang='lat' dir='ltr'>quia</span> <span class='ocrx_word' id='word_1_244' title='bbox 1414 3410 1544 3465; x_wconf 71' lang='lat' dir='ltr'>haec</span> <span class='ocrx_word' id='word_1_245' title='bbox 1563 3411 1768 3468; x_wconf 89' lang='lat' dir='ltr'>relatio</span> <span class='ocrx_word' id='word_1_246' title='bbox 1793 3413 1942 3468; x_wconf 90' lang='lat' dir='ltr'>inter</span> <span class='ocrx_word' id='word_1_247' title='bbox 1972 3431 2064 3471; x_wconf 84' lang='lat' dir='ltr'>sa-</span> 
     </span>
    </p>
   </div>
   <div class='ocr_carea' id='block_1_37' title="bbox 414 3499 2061 3575">
    <p class='ocr_par' dir='ltr' id='par_1_37' title="bbox 414 3499 2061 3575">
     <span class='ocr_line' id='line_1_37' title="bbox 414 3499 2061 3575; baseline -0.001 -14"><span class='ocrx_word' id='word_1_248' title='bbox 414 3520 527 3561; x_wconf 66' lang='lat' dir='ltr'>crae</span> <span class='ocrx_word' id='word_1_249' title='bbox 557 3503 870 3575; x_wconf 86' lang='lat' dir='ltr'>Scripturae</span> <span class='ocrx_word' id='word_1_250' title='bbox 902 3516 1164 3557; x_wconf 87' lang='lat' dir='ltr'>canones</span> <span class='ocrx_word' id='word_1_251' title='bbox 1189 3515 1312 3555; x_wconf 90' lang='lat' dir='ltr'>non</span> <span class='ocrx_word' id='word_1_252' title='bbox 1350 3499 1605 3555; x_wconf 90' lang='lat' dir='ltr'>habetur</span> <span class='ocrx_word' id='word_1_253' title='bbox 1657 3501 1897 3573; x_wconf 89' lang='lat' dir='ltr'>inserta,</span> <span class='ocrx_word' id='word_1_254' title='bbox 1927 3502 2061 3559; x_wconf 92' lang='lat' dir='ltr'>ideo</span> 
     </span>
    </p>
   </div>
   <div class='ocr_carea' id='block_1_38' title="bbox 412 3588 2061 3665">
    <p class='ocr_par' dir='ltr' id='par_1_38' title="bbox 412 3588 2061 3665">
     <span class='ocr_line' id='line_1_38' title="bbox 412 3588 2061 3665; baseline -0.001 -15"><span class='ocrx_word' id='word_1_255' title='bbox 412 3593 714 3650; x_wconf 89' lang='lat' dir='ltr'>unanimis</span> <span class='ocrx_word' id='word_1_256' title='bbox 742 3590 1011 3647; x_wconf 61' lang='lat' dir='ltr'>Ecclesiae</span> <span class='ocrx_word' id='word_1_257' title='bbox 1041 3593 1371 3646; x_wconf 91' lang='lat' dir='ltr'>conventus</span> <span class='ocrx_word' id='word_1_258' title='bbox 1419 3589 1480 3644; x_wconf 91' lang='lat' dir='ltr'>in</span> <span class='ocrx_word' id='word_1_259' title='bbox 1506 3588 1809 3646; x_wconf 87' lang='lat' dir='ltr'>recitando</span> <span class='ocrx_word' id='word_1_260' title='bbox 1861 3598 2061 3665; x_wconf 89' lang='lat' dir='ltr'>aperte</span> 
     </span>
    </p>
   </div>
   <div class='ocr_carea' id='block_1_39' title="bbox 410 3678 2057 3753">
    <p class='ocr_par' dir='ltr' id='par_1_39' title="bbox 410 3678 2057 3753">
     <span class='ocr_line' id='line_1_39' title="bbox 410 3678 2057 3753; baseline -0.001 -14"><span class='ocrx_word' id='word_1_261' title='bbox 410 3700 520 3739; x_wconf 91' lang='lat' dir='ltr'>nec</span> <span class='ocrx_word' id='word_1_262' title='bbox 550 3682 798 3739; x_wconf 90' lang='lat' dir='ltr'>omnino</span> <span class='ocrx_word' id='word_1_263' title='bbox 820 3681 998 3752; x_wconf 82' lang='lat' dir='ltr'>eligit,</span> <span class='ocrx_word' id='word_1_264' title='bbox 1044 3696 1154 3736; x_wconf 91' lang='lat' dir='ltr'>nec</span> <span class='ocrx_word' id='word_1_265' title='bbox 1186 3680 1248 3735; x_wconf 89' lang='lat' dir='ltr'>in</span> <span class='ocrx_word' id='word_1_266' title='bbox 1306 3695 1427 3735; x_wconf 92' lang='lat' dir='ltr'>non</span> <span class='ocrx_word' id='word_1_267' title='bbox 1457 3678 1800 3751; x_wconf 89' lang='lat' dir='ltr'>recipiendo</span> <span class='ocrx_word' id='word_1_268' title='bbox 1851 3682 2057 3753; x_wconf 91' lang='lat' dir='ltr'>rejicit,</span> 
     </span>
    </p>
   </div>
   <div class='ocr_carea' id='block_1_40' title="bbox 409 3766 2059 3842">
    <p class='ocr_par' dir='ltr' id='par_1_40' title="bbox 409 3766 2059 3842">
     <span class='ocr_line' id='line_1_40' title="bbox 409 3766 2059 3842; baseline -0.001 -15"><span class='ocrx_word' id='word_1_269' title='bbox 409 3788 548 3827; x_wconf 91' lang='lat' dir='ltr'>cum</span> <span class='ocrx_word' id='word_1_270' title='bbox 575 3769 869 3827; x_wconf 90' lang='lat' dir='ltr'>nonnulla</span> <span class='ocrx_word' id='word_1_271' title='bbox 922 3768 1294 3840; x_wconf 88' lang='lat' dir='ltr'>reperiantur</span> <span class='ocrx_word' id='word_1_272' title='bbox 1321 3767 1478 3822; x_wconf 91' lang='lat' dir='ltr'>dicta</span> <span class='ocrx_word' id='word_1_273' title='bbox 1499 3766 1592 3823; x_wconf 91' lang='lat' dir='ltr'>vel</span> <span class='ocrx_word' id='word_1_274' title='bbox 1640 3767 1796 3824; x_wconf 87' lang='lat' dir='ltr'>facta</span> <span class='ocrx_word' id='word_1_275' title='bbox 1834 3786 1968 3842; x_wconf 78' lang='lat' dir='ltr'>quae</span> <span class='ocrx_word' id='word_1_276' title='bbox 1996 3771 2059 3826; x_wconf 91' lang='lat' dir='ltr'>in</span> 
     </span>
    </p>
   </div>
   <div class='ocr_carea' id='block_1_41' title="bbox 408 3856 2057 3932">
    <p class='ocr_par' dir='ltr' id='par_1_41' title="bbox 408 3856 2057 3932">
     <span class='ocr_line' id='line_1_41' title="bbox 408 3856 2057 3932; baseline 0.001 -18"><span class='ocrx_word' id='word_1_277' title='bbox 408 3859 656 3932; x_wconf 63' lang='lat' dir='ltr'>praefata</span> <span class='ocrx_word' id='word_1_278' title='bbox 679 3857 825 3913; x_wconf 86' lang='lat' dir='ltr'>serie</span> <span class='ocrx_word' id='word_1_279' title='bbox 853 3856 1249 3928; x_wconf 89' lang='lat' dir='ltr'>impossibilia</span> <span class='ocrx_word' id='word_1_280' title='bbox 1304 3856 1639 3927; x_wconf 88' lang='lat' dir='ltr'>videantur,</span> <span class='ocrx_word' id='word_1_281' title='bbox 1668 3873 1805 3930; x_wconf 81' lang='lat' dir='ltr'>quae</span> <span class='ocrx_word' id='word_1_282' title='bbox 1856 3864 2057 3920; x_wconf 90' lang='lat' dir='ltr'>tamen</span> 
     </span>
    </p>
   </div>
   <div class='ocr_carea' id='block_1_42' title="bbox 406 3943 2056 4015">
    <p class='ocr_par' dir='ltr' id='par_1_42' title="bbox 406 3943 2056 4015">
     <span class='ocr_line' id='line_1_42' title="bbox 406 3943 2056 4015; baseline 0.001 -13"><span class='ocrx_word' id='word_1_283' title='bbox 406 3946 746 4002; x_wconf 87' lang='lat' dir='ltr'>volentibus</span> <span class='ocrx_word' id='word_1_284' title='bbox 775 3949 833 3999; x_wconf 90' lang='lat' dir='ltr'>et</span> <span class='ocrx_word' id='word_1_285' title='bbox 861 3943 1204 3999; x_wconf 89' lang='lat' dir='ltr'>amantibus</span> <span class='ocrx_word' id='word_1_286' title='bbox 1226 3943 1441 4012; x_wconf 80' lang='lat' dir='ltr'>legere,</span> <span class='ocrx_word' id='word_1_287' title='bbox 1471 3959 1594 3999; x_wconf 90' lang='lat' dir='ltr'>non</span> <span class='ocrx_word' id='word_1_288' title='bbox 1634 3945 1891 4015; x_wconf 87' lang='lat' dir='ltr'>denegat</span> <span class='ocrx_word' id='word_1_289' title='bbox 1914 3948 2056 4005; x_wconf 85' lang='lat' dir='ltr'>ﬁde-</span> 
     </span>
    </p>
   </div>
   <div class='ocr_carea' id='block_1_43' title="bbox 409 4030 2055 4091">
    <p class='ocr_par' dir='ltr' id='par_1_43' title="bbox 409 4030 2055 4091">
     <span class='ocr_line' id='line_1_43' title="bbox 409 4030 2055 4091; baseline 0 -1"><span class='ocrx_word' id='word_1_290' title='bbox 409 4034 554 4090; x_wconf 91' lang='lat' dir='ltr'>lium</span> <span class='ocrx_word' id='word_1_291' title='bbox 584 4031 894 4088; x_wconf 90' lang='lat' dir='ltr'>industria.</span> <span class='ocrx_word' id='word_1_292' title='bbox 928 4030 1106 4087; x_wconf 86' lang='lat' dir='ltr'>Nobis</span> <span class='ocrx_word' id='word_1_293' title='bbox 1145 4035 1345 4085; x_wconf 89' lang='lat' dir='ltr'>autem</span> <span class='ocrx_word' id='word_1_294' title='bbox 1373 4035 1430 4085; x_wconf 92' lang='lat' dir='ltr'>et</span> <span class='ocrx_word' id='word_1_295' title='bbox 1448 4032 1729 4088; x_wconf 91' lang='lat' dir='ltr'>omnibus</span> <span class='ocrx_word' id='word_1_296' title='bbox 1786 4034 2055 4091; x_wconf 61' lang='lat' dir='ltr'>Ecclesiae</span> 
     </span>
    </p>
   </div>
   <div class='ocr_carea' id='block_1_44' title="bbox 408 4118 2053 4191">
    <p class='ocr_par' dir='ltr' id='par_1_44' title="bbox 408 4118 2053 4191">
     <span class='ocr_line' id='line_1_44' title="bbox 408 4118 2053 4191; baseline -0.001 -13"><span class='ocrx_word' id='word_1_297' title='bbox 408 4122 563 4187; x_wconf 88' lang='lat' dir='ltr'>ﬁliis,</span> <span class='ocrx_word' id='word_1_298' title='bbox 605 4120 747 4177; x_wconf 89' lang='lat' dir='ltr'>satis</span> <span class='ocrx_word' id='word_1_299' title='bbox 777 4134 1074 4191; x_wconf 91' lang='lat' dir='ltr'>superque</span> <span class='ocrx_word' id='word_1_300' title='bbox 1097 4118 1172 4173; x_wconf 90' lang='lat' dir='ltr'>sit</span> <span class='ocrx_word' id='word_1_301' title='bbox 1196 4118 1345 4173; x_wconf 83' lang='lat' dir='ltr'>ﬁdes</span> <span class='ocrx_word' id='word_1_302' title='bbox 1375 4122 1432 4173; x_wconf 92' lang='lat' dir='ltr'>et</span> <span class='ocrx_word' id='word_1_303' title='bbox 1458 4118 1676 4175; x_wconf 91' lang='lat' dir='ltr'>devota</span> <span class='ocrx_word' id='word_1_304' title='bbox 1717 4120 2053 4190; x_wconf 87' lang='lat' dir='ltr'>credulitas,</span> 
     </span>
    </p>
   </div>
   <div class='ocr_carea' id='block_1_45' title="bbox 407 4206 2054 4285">
    <p class='ocr_par' dir='ltr' id='par_1_45' title="bbox 407 4206 2054 4285">
     <span class='ocr_line' id='line_1_45' title="bbox 407 4206 2054 4285; baseline -0.001 -17"><span class='ocrx_word' id='word_1_305' title='bbox 407 4228 528 4285; x_wconf 91' lang='lat' dir='ltr'>qua</span> <span class='ocrx_word' id='word_1_306' title='bbox 552 4226 690 4267; x_wconf 89' lang='lat' dir='ltr'>vere</span> <span class='ocrx_word' id='word_1_307' title='bbox 720 4225 854 4265; x_wconf 89' lang='lat' dir='ltr'>eam</span> <span class='ocrx_word' id='word_1_308' title='bbox 879 4208 1233 4263; x_wconf 88' lang='lat' dir='ltr'>conﬁtemur</span> <span class='ocrx_word' id='word_1_309' title='bbox 1261 4206 1559 4277; x_wconf 89' lang='lat' dir='ltr'>Virginem</span> <span class='ocrx_word' id='word_1_310' title='bbox 1589 4212 1646 4263; x_wconf 91' lang='lat' dir='ltr'>et</span> <span class='ocrx_word' id='word_1_311' title='bbox 1673 4208 1733 4263; x_wconf 91' lang='lat' dir='ltr'>in</span> <span class='ocrx_word' id='word_1_312' title='bbox 1750 4214 1883 4265; x_wconf 91' lang='lat' dir='ltr'>ortu</span> <span class='ocrx_word' id='word_1_313' title='bbox 1911 4214 1968 4265; x_wconf 88' lang='lat' dir='ltr'>et</span> <span class='ocrx_word' id='word_1_314' title='bbox 1994 4211 2054 4266; x_wconf 90' lang='lat' dir='ltr'>in</span> 
     </span>
    </p>
   </div>
   <div class='ocr_carea' id='block_1_46' title="bbox 407 4296 2054 4370">
    <p class='ocr_par' dir='ltr' id='par_1_46' title="bbox 407 4296 2054 4370">
     <span class='ocr_line' id='line_1_46' title="bbox 407 4296 2054 4370; baseline -0.002 -14"><span class='ocrx_word' id='word_1_315' title='bbox 407 4299 572 4356; x_wconf 91' lang='lat' dir='ltr'>omni</span> <span class='ocrx_word' id='word_1_316' title='bbox 598 4314 708 4354; x_wconf 90' lang='lat' dir='ltr'>sua</span> <span class='ocrx_word' id='word_1_317' title='bbox 736 4296 1098 4370; x_wconf 89' lang='lat' dir='ltr'>operatione.</span> <span class='ocrx_word' id='word_1_318' title='bbox 1137 4296 1320 4366; x_wconf 84' lang='lat' dir='ltr'>Hujus</span> <span class='ocrx_word' id='word_1_319' title='bbox 1350 4310 1616 4368; x_wconf 87' lang='lat' dir='ltr'>namque</span> <span class='ocrx_word' id='word_1_320' title='bbox 1635 4300 1805 4368; x_wconf 89' lang='lat' dir='ltr'>pater</span> <span class='ocrx_word' id='word_1_321' title='bbox 1842 4302 1897 4351; x_wconf 93' lang='lat' dir='ltr'>et</span> <span class='ocrx_word' id='word_1_322' title='bbox 1924 4313 2054 4353; x_wconf 84' lang='lat' dir='ltr'>ma-</span> 
     </span>
    </p>
   </div>
   <div class='ocr_carea' id='block_1_47' title="bbox 405 4384 2131 4481">
    <p class='ocr_par' dir='ltr' id='par_1_47' title="bbox 405 4384 2131 4481">
     <span class='ocr_line' id='line_1_47' title="bbox 405 4384 2131 4481; baseline -0.002 -36"><span class='ocrx_word' id='word_1_323' title='bbox 405 4393 491 4445; x_wconf 87' lang='lat' dir='ltr'>ter</span> <span class='ocrx_word' id='word_1_324' title='bbox 520 4386 789 4445; x_wconf 89' lang='lat' dir='ltr'>carnales</span> <span class='ocrx_word' id='word_1_325' title='bbox 816 4385 993 4442; x_wconf 86' lang='lat' dir='ltr'>fuisse</span> <span class='ocrx_word' id='word_1_326' title='bbox 1013 4385 1301 4452; x_wconf 90' lang='lat' dir='ltr'>feruntur,</span> <span class='ocrx_word' id='word_1_327' title='bbox 1331 4384 1599 4441; x_wconf 82' lang='lat' dir='ltr'>Joachim</span> <span class='ocrx_word' id='word_1_328' title='bbox 1622 4389 1679 4440; x_wconf 93' lang='lat' dir='ltr'>et</span> <span class='ocrx_word' id='word_1_329' title='bbox 1701 4391 1894 4457; x_wconf 77' lang='lat' dir='ltr'>Anna,</span> <span class='ocrx_word' id='word_1_330' title='bbox 1920 4402 2053 4458; x_wconf 87' lang='lat' dir='ltr'>quae</span> <span class='ocrx_word' id='word_1_331' title='bbox 2087 4427 2131 4481; x_wconf 69' lang='grc' dir='ltr'>Β</span> 
     </span>
    </p>
   </div>
   <div class='ocr_carea' id='block_1_48' title="bbox 403 4474 2049 4547">
    <p class='ocr_par' dir='ltr' id='par_1_48' title="bbox 403 4474 2049 4547">
     <span class='ocr_line' id='line_1_48' title="bbox 403 4474 2049 4547; baseline -0.002 -13"><span class='ocrx_word' id='word_1_332' title='bbox 403 4477 556 4535; x_wconf 88' lang='lat' dir='ltr'>bene</span> <span class='ocrx_word' id='word_1_333' title='bbox 586 4477 695 4533; x_wconf 88' lang='lat' dir='ltr'>sibi</span> <span class='ocrx_word' id='word_1_334' title='bbox 724 4476 799 4532; x_wconf 92' lang='lat' dir='ltr'>de</span> <span class='ocrx_word' id='word_1_335' title='bbox 831 4475 1092 4531; x_wconf 90' lang='lat' dir='ltr'>nominis</span> <span class='ocrx_word' id='word_1_336' title='bbox 1138 4474 1619 4547; x_wconf 89' lang='lat' dir='ltr'>interpretatione</span> <span class='ocrx_word' id='word_1_337' title='bbox 1659 4478 2006 4547; x_wconf 89' lang='lat' dir='ltr'>competunt</span> <span class='ocrx_word' id='word_1_338' title='bbox 2036 4494 2049 4531; x_wconf 89' lang='lat'><strong>:</strong></span> 
     </span>
    </p>
   </div>
   <div class='ocr_carea' id='block_1_49' title="bbox 402 4562 2054 4639">
    <p class='ocr_par' dir='ltr' id='par_1_49' title="bbox 402 4562 2054 4639">
     <span class='ocr_line' id='line_1_49' title="bbox 402 4562 2054 4639; baseline -0.001 -17"><span class='ocrx_word' id='word_1_339' title='bbox 402 4566 671 4623; x_wconf 86' lang='lat' dir='ltr'>Joachim</span> <span class='ocrx_word' id='word_1_340' title='bbox 700 4565 925 4639; x_wconf 90' lang='lat' dir='ltr'>quippe</span> <span class='ocrx_word' id='word_1_341' title='bbox 932 4564 1307 4634; x_wconf 64' lang='lat' dir='ltr'>prwparatio</span> <span class='ocrx_word' id='word_1_342' title='bbox 1338 4564 1583 4619; x_wconf 78' lang='lat' dir='ltr'>Domini</span> <span class='ocrx_word' id='word_1_343' title='bbox 1603 4562 1836 4629; x_wconf 90' lang='lat' dir='ltr'>dicitur,</span> <span class='ocrx_word' id='word_1_344' title='bbox 1884 4567 2054 4621; x_wconf 85' lang='lat' dir='ltr'>Anna</span> 
     </span>
    </p>
   </div>
   <div class='ocr_carea' id='block_1_50' title="bbox 402 4651 2052 4726">
    <p class='ocr_par' dir='ltr' id='par_1_50' title="bbox 402 4651 2052 4726">
     <span class='ocr_line' id='line_1_50' title="bbox 402 4651 2052 4726; baseline 0 -16"><span class='ocrx_word' id='word_1_345' title='bbox 402 4671 541 4711; x_wconf 91' lang='lat' dir='ltr'>vero</span> <span class='ocrx_word' id='word_1_346' title='bbox 565 4656 765 4726; x_wconf 83' lang='lat' dir='ltr'>gratia</span> <span class='ocrx_word' id='word_1_347' title='bbox 792 4655 901 4710; x_wconf 81' lang='lat' dir='ltr'>Dei</span> <span class='ocrx_word' id='word_1_348' title='bbox 939 4654 1373 4725; x_wconf 88' lang='lat' dir='ltr'>interpretatur.</span> <span class='ocrx_word' id='word_1_349' title='bbox 1408 4656 1472 4707; x_wconf 90' lang='lat' dir='ltr'>In</span> <span class='ocrx_word' id='word_1_350' title='bbox 1524 4652 1742 4708; x_wconf 89' lang='lat' dir='ltr'>horum</span> <span class='ocrx_word' id='word_1_351' title='bbox 1793 4651 2052 4710; x_wconf 92' lang='lat' dir='ltr'>duorum</span> 
     </span>
    </p>
   </div>
   <div class='ocr_carea' id='block_1_51' title="bbox 403 4739 2053 4815">
    <p class='ocr_par' dir='ltr' id='par_1_51' title="bbox 403 4739 2053 4815">
     <span class='ocr_line' id='line_1_51' title="bbox 403 4739 2053 4815; baseline -0.001 -15"><span class='ocrx_word' id='word_1_352' title='bbox 403 4744 719 4800; x_wconf 90' lang='lat' dir='ltr'>nominum</span> <span class='ocrx_word' id='word_1_353' title='bbox 748 4741 1228 4815; x_wconf 88' lang='lat' dir='ltr'>interpretatione</span> <span class='ocrx_word' id='word_1_354' title='bbox 1252 4739 1397 4811; x_wconf 91' lang='lat' dir='ltr'>quid</span> <span class='ocrx_word' id='word_1_355' title='bbox 1426 4739 1712 4807; x_wconf 87' lang='lat' dir='ltr'>innuitur,</span> <span class='ocrx_word' id='word_1_356' title='bbox 1734 4739 1847 4795; x_wconf 89' lang='lat' dir='ltr'>nisi</span> <span class='ocrx_word' id='word_1_357' title='bbox 1864 4742 2053 4809; x_wconf 88' lang='lat' dir='ltr'>gratia</span> 
     </span>
    </p>
   </div>
   <div class='ocr_carea' id='block_1_52' title="bbox 403 4826 2050 4905">
    <p class='ocr_par' dir='ltr' id='par_1_52' title="bbox 403 4826 2050 4905">
     <span class='ocr_line' id='line_1_52' title="bbox 403 4826 2050 4905; baseline -0.002 -16"><span class='ocrx_word' id='word_1_358' title='bbox 403 4848 587 4905; x_wconf 91' lang='lat' dir='ltr'>quam</span> <span class='ocrx_word' id='word_1_359' title='bbox 620 4832 802 4887; x_wconf 86' lang='lat' dir='ltr'>simul</span> <span class='ocrx_word' id='word_1_360' title='bbox 837 4829 1037 4902; x_wconf 90' lang='lat' dir='ltr'>adepti</span> <span class='ocrx_word' id='word_1_361' title='bbox 1065 4828 1253 4884; x_wconf 86' lang='lat' dir='ltr'>sunt?</span> <span class='ocrx_word' id='word_1_362' title='bbox 1272 4826 1374 4881; x_wconf 91' lang='lat' dir='ltr'>ubi</span> <span class='ocrx_word' id='word_1_363' title='bbox 1398 4842 1663 4898; x_wconf 87' lang='lat' dir='ltr'>namque</span> <span class='ocrx_word' id='word_1_364' title='bbox 1687 4828 1901 4899; x_wconf 89' lang='lat' dir='ltr'>poterit</span> <span class='ocrx_word' id='word_1_365' title='bbox 1919 4845 2050 4887; x_wconf 91' lang='lat' dir='ltr'>esse</span> 
     </span>
    </p>
   </div>
   <div class='ocr_carea' id='block_1_53' title="bbox 402 4915 2051 4991">
    <p class='ocr_par' dir='ltr' id='par_1_53' title="bbox 402 4915 2051 4991">
     <span class='ocr_line' id='line_1_53' title="bbox 402 4915 2051 4991; baseline -0.001 -13"><span class='ocrx_word' id='word_1_366' title='bbox 402 4922 613 4991; x_wconf 87' lang='lat' dir='ltr'>gratia,</span> <span class='ocrx_word' id='word_1_367' title='bbox 636 4920 753 4977; x_wconf 92' lang='lat' dir='ltr'>nisi</span> <span class='ocrx_word' id='word_1_368' title='bbox 776 4918 880 4975; x_wconf 91' lang='lat' dir='ltr'>ubi</span> <span class='ocrx_word' id='word_1_369' title='bbox 910 4917 1233 4975; x_wconf 86' lang='lat' dir='ltr'>famulatur</span> <span class='ocrx_word' id='word_1_370' title='bbox 1248 4915 1604 4987; x_wconf 60' lang='lat' dir='ltr'>praeparatio</span> <span class='ocrx_word' id='word_1_371' title='bbox 1633 4917 2006 4975; x_wconf 63' lang='lat' dir='ltr'>conscientiae</span> <span class='ocrx_word' id='word_1_372' title='bbox 2022 4921 2051 4976; x_wconf 86' lang='lat'><strong>?</strong></span> 
     </span>
    </p>
   </div>
   <div class='ocr_carea' id='block_1_54' title="bbox 400 5005 2049 5078">
    <p class='ocr_par' dir='ltr' id='par_1_54' title="bbox 400 5005 2049 5078">
     <span class='ocr_line' id='line_1_54' title="bbox 400 5005 2049 5078; baseline -0.003 -11"><span class='ocrx_word' id='word_1_373' title='bbox 400 5015 457 5067; x_wconf 86' lang='lat' dir='ltr'>et</span> <span class='ocrx_word' id='word_1_374' title='bbox 484 5010 587 5067; x_wconf 91' lang='lat' dir='ltr'>ubi</span> <span class='ocrx_word' id='word_1_375' title='bbox 616 5011 817 5067; x_wconf 90' lang='lat' dir='ltr'>locum</span> <span class='ocrx_word' id='word_1_376' title='bbox 843 5007 1091 5065; x_wconf 89' lang='lat' dir='ltr'>habebit</span> <span class='ocrx_word' id='word_1_377' title='bbox 1129 5005 1484 5078; x_wconf 82' lang='lat' dir='ltr'>praeparatio</span> <span class='ocrx_word' id='word_1_378' title='bbox 1528 5006 1908 5078; x_wconf 87' lang='lat' dir='ltr'>operationis,</span> <span class='ocrx_word' id='word_1_379' title='bbox 1936 5007 2049 5063; x_wconf 91' lang='lat' dir='ltr'>nisi</span> 
     </span>
    </p>
   </div>
   <div class='ocr_carea' id='block_1_55' title="bbox 400 5094 2047 5171">
    <p class='ocr_par' dir='ltr' id='par_1_55' title="bbox 400 5094 2047 5171">
     <span class='ocr_line' id='line_1_55' title="bbox 400 5094 2047 5171; baseline -0.001 -17"><span class='ocrx_word' id='word_1_380' title='bbox 400 5099 505 5155; x_wconf 91' lang='lat' dir='ltr'>ubi</span> <span class='ocrx_word' id='word_1_381' title='bbox 531 5104 665 5155; x_wconf 82' lang='lat' dir='ltr'>ante</span> <span class='ocrx_word' id='word_1_382' title='bbox 690 5097 1061 5171; x_wconf 70' lang='lat' dir='ltr'>praecesserit</span> <span class='ocrx_word' id='word_1_383' title='bbox 1086 5095 1188 5151; x_wconf 90' lang='lat' dir='ltr'>Dei</span> <span class='ocrx_word' id='word_1_384' title='bbox 1236 5094 1447 5164; x_wconf 84' lang='lat' dir='ltr'>largita</span> <span class='ocrx_word' id='word_1_385' title='bbox 1493 5096 1682 5165; x_wconf 87' lang='lat' dir='ltr'>gratia</span> <span class='ocrx_word' id='word_1_386' title='bbox 1706 5097 1733 5151; x_wconf 89' lang='lat'><strong>?</strong></span> <span class='ocrx_word' id='word_1_387' title='bbox 1761 5096 1851 5153; x_wconf 88' lang='lat' dir='ltr'>Sic</span> <span class='ocrx_word' id='word_1_388' title='bbox 1905 5112 2047 5168; x_wconf 85' lang='lat' dir='ltr'>ergo</span> 
     </span>
    </p>
   </div>
   <div class='ocr_carea' id='block_1_56' title="bbox 401 5182 2048 5257">
    <p class='ocr_par' dir='ltr' id='par_1_56' title="bbox 401 5182 2048 5257">
     <span class='ocr_line' id='line_1_56' title="bbox 401 5182 2048 5257; baseline 0 -16"><span class='ocrx_word' id='word_1_389' title='bbox 401 5186 460 5241; x_wconf 90' lang='lat' dir='ltr'>in</span> <span class='ocrx_word' id='word_1_390' title='bbox 490 5202 681 5241; x_wconf 86' lang='lat' dir='ltr'>unum</span> <span class='ocrx_word' id='word_1_391' title='bbox 711 5186 845 5241; x_wconf 83' lang='lat' dir='ltr'>duae</span> <span class='ocrx_word' id='word_1_392' title='bbox 906 5188 1230 5255; x_wconf 77' lang='lat' dir='ltr'>compactae</span> <span class='ocrx_word' id='word_1_393' title='bbox 1288 5183 1509 5252; x_wconf 76' lang='lat' dir='ltr'>gratiae,</span> <span class='ocrx_word' id='word_1_394' title='bbox 1558 5182 1907 5257; x_wconf 81' lang='lat' dir='ltr'>disponente</span> <span class='ocrx_word' id='word_1_395' title='bbox 1952 5186 2048 5241; x_wconf 91' lang='lat' dir='ltr'>Dei</span> 
     </span>
    </p>
   </div>
   <div class='ocr_carea' id='block_1_57' title="bbox 398 5270 2047 5347">
    <p class='ocr_par' dir='ltr' id='par_1_57' title="bbox 398 5270 2047 5347">
     <span class='ocr_line' id='line_1_57' title="bbox 398 5270 2047 5347; baseline 0 -17"><span class='ocrx_word' id='word_1_396' title='bbox 398 5277 568 5339; x_wconf 90' lang='lat' dir='ltr'>nutu,</span> <span class='ocrx_word' id='word_1_397' title='bbox 599 5273 907 5346; x_wconf 89' lang='lat' dir='ltr'>proferunt</span> <span class='ocrx_word' id='word_1_398' title='bbox 927 5289 997 5331; x_wconf 82' lang='lat' dir='ltr'>ex</span> <span class='ocrx_word' id='word_1_399' title='bbox 1019 5288 1080 5326; x_wconf 92' lang='lat' dir='ltr'>se</span> <span class='ocrx_word' id='word_1_400' title='bbox 1103 5270 1353 5340; x_wconf 87' lang='lat' dir='ltr'>gratiam</span> <span class='ocrx_word' id='word_1_401' title='bbox 1397 5288 1517 5327; x_wconf 92' lang='lat' dir='ltr'>non</span> <span class='ocrx_word' id='word_1_402' title='bbox 1549 5289 1819 5345; x_wconf 88' lang='lat' dir='ltr'>parvam,</span> <span class='ocrx_word' id='word_1_403' title='bbox 1848 5275 2047 5347; x_wconf 86' lang='lat' dir='ltr'>profu-</span> 
     </span>
    </p>
   </div>
   <div class='ocr_carea' id='block_1_58' title="bbox 398 5359 1441 5419">
    <p class='ocr_par' dir='ltr' id='par_1_58' title="bbox 398 5359 1441 5419">
     <span class='ocr_line' id='line_1_58' title="bbox 398 5359 1441 5419; baseline -0.004 0"><span class='ocrx_word' id='word_1_404' title='bbox 398 5367 595 5419; x_wconf 89' lang='lat' dir='ltr'>turam</span> <span class='ocrx_word' id='word_1_405' title='bbox 618 5362 793 5418; x_wconf 88' lang='lat' dir='ltr'>valde</span> <span class='ocrx_word' id='word_1_406' title='bbox 823 5361 1048 5417; x_wconf 84' lang='lat' dir='ltr'>cunctis</span> <span class='ocrx_word' id='word_1_407' title='bbox 1078 5359 1441 5417; x_wconf 91' lang='lat' dir='ltr'>hominibus.</span> 
     </span>
    </p>
   </div>
   <div class='ocr_carea' id='block_1_59' title="bbox 468 5450 2047 5526">
    <p class='ocr_par' dir='ltr' id='par_1_59' title="bbox 468 5450 2047 5526">
     <span class='ocr_line' id='line_1_59' title="bbox 468 5450 2047 5526; baseline 0 -17"><span class='ocrx_word' id='word_1_408' title='bbox 468 5456 596 5509; x_wconf 87' lang='lat' dir='ltr'>Haec</span> <span class='ocrx_word' id='word_1_409' title='bbox 629 5450 838 5526; x_wconf 89' lang='lat' dir='ltr'>paucis</span> <span class='ocrx_word' id='word_1_410' title='bbox 865 5450 1023 5507; x_wconf 88' lang='lat' dir='ltr'>dicta</span> <span class='ocrx_word' id='word_1_411' title='bbox 1050 5450 1124 5506; x_wconf 89' lang='lat' dir='ltr'>de</span> <span class='ocrx_word' id='word_1_412' title='bbox 1146 5454 1487 5507; x_wconf 87' lang='lat' dir='ltr'>sanctorum</span> <span class='ocrx_word' id='word_1_413' title='bbox 1524 5458 1841 5523; x_wconf 90' lang='lat' dir='ltr'>parentum</span> <span class='ocrx_word' id='word_1_414' title='bbox 1862 5453 2047 5521; x_wconf 88' lang='lat' dir='ltr'>digna</span> 
     </span>
    </p>
   </div>
   <div class='ocr_carea' id='block_1_60' title="bbox 384 5540 2046 5599">
    <p class='ocr_par' dir='ltr' id='par_1_60' title="bbox 384 5540 2046 5599">
     <span class='ocr_line' id='line_1_60' title="bbox 384 5540 2046 5599; baseline -0.001 0"><span class='ocrx_word' id='word_1_415' title='bbox 384 5540 964 5599; x_wconf 85' lang='lat' dir='ltr'>commemoratione</span> <span class='ocrx_word' id='word_1_416' title='bbox 987 5540 1128 5596; x_wconf 87' lang='lat' dir='ltr'>satis</span> <span class='ocrx_word' id='word_1_417' title='bbox 1154 5540 1285 5596; x_wconf 92' lang='lat' dir='ltr'>sint.</span> <span class='ocrx_word' id='word_1_418' title='bbox 1319 5543 1484 5596; x_wconf 81' lang='lat' dir='ltr'>Nunc</span> <span class='ocrx_word' id='word_1_419' title='bbox 1506 5540 1583 5595; x_wconf 89' lang='lat' dir='ltr'>ad</span> <span class='ocrx_word' id='word_1_420' title='bbox 1618 5542 1946 5597; x_wconf 88' lang='lat' dir='ltr'>evolvenda</span> <span class='ocrx_word' id='word_1_421' title='bbox 1974 5558 2046 5598; x_wconf 89' lang='lat' dir='ltr'>ea</span> 
     </span>
    </p>
   </div>
   <div class='ocr_carea' id='block_1_61' title="bbox 392 5630 2042 5707">
    <p class='ocr_par' dir='ltr' id='par_1_61' title="bbox 392 5630 2042 5707">
     <span class='ocr_line' id='line_1_61' title="bbox 392 5630 2042 5707; baseline -0.002 -18"><span class='ocrx_word' id='word_1_422' title='bbox 392 5650 524 5707; x_wconf 80' lang='lat' dir='ltr'>quae</span> <span class='ocrx_word' id='word_1_423' title='bbox 547 5633 808 5691; x_wconf 77' lang='lat' dir='ltr'>Christus</span> <span class='ocrx_word' id='word_1_424' title='bbox 833 5631 1064 5687; x_wconf 79' lang='lat' dir='ltr'>dederit</span> <span class='ocrx_word' id='word_1_425' title='bbox 1092 5630 1422 5685; x_wconf 83' lang='lat' dir='ltr'>veniamus.</span> <span class='ocrx_word' id='word_1_426' title='bbox 1452 5633 1762 5701; x_wconf 88' lang='lat' dir='ltr'>Propterea</span> <span class='ocrx_word' id='word_1_427' title='bbox 1800 5631 2042 5685; x_wconf 87' lang='lat' dir='ltr'>honori-</span> 
     </span>
    </p>
   </div>
   <div class='ocr_carea' id='block_1_62' title="bbox 389 5717 2037 5783">
    <p class='ocr_par' dir='ltr' id='par_1_62' title="bbox 389 5717 2037 5783">
     <span class='ocr_line' id='line_1_62' title="bbox 389 5717 2037 5783; baseline -0.004 -3"><span class='ocrx_word' id='word_1_428' title='bbox 389 5722 770 5783; x_wconf 85' lang='lat' dir='ltr'>ﬁcentissime</span> <span class='ocrx_word' id='word_1_429' title='bbox 811 5720 1032 5778; x_wconf 89' lang='lat' dir='ltr'>summi</span> <span class='ocrx_word' id='word_1_430' title='bbox 1080 5718 1348 5776; x_wconf 81' lang='lat' dir='ltr'>Auctoris</span> <span class='ocrx_word' id='word_1_431' title='bbox 1377 5722 1436 5773; x_wconf 91' lang='lat' dir='ltr'>et</span> <span class='ocrx_word' id='word_1_432' title='bbox 1463 5719 1749 5775; x_wconf 88' lang='lat' dir='ltr'>Creatoris</span> <span class='ocrx_word' id='word_1_433' title='bbox 1798 5717 2037 5774; x_wconf 81' lang='lat' dir='ltr'>Genitri-</span> 
     </span>
    </p>
   </div>
   <div class='ocr_carea' id='block_1_63' title="bbox 1460 264 2761 325">
    <p class='ocr_par' dir='ltr' id='par_1_63' title="bbox 1460 264 2761 325">
     <span class='ocr_line' id='line_1_63' title="bbox 1460 264 2761 325; baseline -0.002 0"><span class='ocrx_word' id='word_1_434' title='bbox 1460 271 1515 325; x_wconf 91' lang='lat' dir='ltr'>S.</span> <span class='ocrx_word' id='word_1_435' title='bbox 1550 268 1880 324; x_wconf 80' lang='lat' dir='ltr'>FULBER’I‘I</span> <span class='ocrx_word' id='word_1_436' title='bbox 1920 264 2395 323; x_wconf 75' lang='lat' dir='ltr'>CARNOTENSIS</span> <span class='ocrx_word' id='word_1_437' title='bbox 2433 266 2761 325; x_wconf 84' lang='lat' dir='ltr'>EPISCO‘PI.</span> 
     </span>
    </p>
   </div>
   <div class='ocr_carea' id='block_1_64' title="bbox 3733 268 3827 322">
    <p class='ocr_par' dir='ltr' id='par_1_64' title="bbox 3733 268 3827 322">
     <span class='ocr_line' id='line_1_64' title="bbox 3733 268 3827 322; baseline 0 0"><span class='ocrx_word' id='word_1_438' title='bbox 3733 268 3827 322; x_wconf 76' lang='lat'>328</span> 
     </span>
    </p>
   </div>
   <div class='ocr_carea' id='block_1_65' title="bbox 2192 389 3829 465">
    <p class='ocr_par' dir='ltr' id='par_1_65' title="bbox 2192 389 3829 465">
     <span class='ocr_line' id='line_1_65' title="bbox 2192 389 3829 465; baseline 0.001 -21"><span class='ocrx_word' id='word_1_439' title='bbox 2192 405 2324 444; x_wconf 91' lang='lat' dir='ltr'>cem</span> <span class='ocrx_word' id='word_1_440' title='bbox 2352 406 2491 447; x_wconf 90' lang='lat' dir='ltr'>cum</span> <span class='ocrx_word' id='word_1_441' title='bbox 2523 391 2736 448; x_wconf 90' lang='lat' dir='ltr'>mentis</span> <span class='ocrx_word' id='word_1_442' title='bbox 2759 390 3115 463; x_wconf 87' lang='lat' dir='ltr'>jubilatione</span> <span class='ocrx_word' id='word_1_443' title='bbox 3168 390 3519 465; x_wconf 88' lang='lat' dir='ltr'>recipientes</span> <span class='ocrx_word' id='word_1_444' title='bbox 3553 389 3718 447; x_wconf 92' lang='lat' dir='ltr'>omni</span> <span class='ocrx_word' id='word_1_445' title='bbox 3742 405 3829 446; x_wconf 89' lang='lat' dir='ltr'>co-</span> 
     </span>
    </p>
   </div>
   <div class='ocr_carea' id='block_1_66' title="bbox 2191 478 3826 551">
    <p class='ocr_par' dir='ltr' id='par_1_66' title="bbox 2191 478 3826 551">
     <span class='ocr_line' id='line_1_66' title="bbox 2191 478 3826 551; baseline 0.002 -19"><span class='ocrx_word' id='word_1_446' title='bbox 2191 483 2334 534; x_wconf 90' lang='lat' dir='ltr'>natu</span> <span class='ocrx_word' id='word_1_447' title='bbox 2361 479 2682 550; x_wconf 91' lang='lat' dir='ltr'>elaborate,</span> <span class='ocrx_word' id='word_1_448' title='bbox 2720 485 2781 536; x_wconf 92' lang='lat' dir='ltr'>ut</span> <span class='ocrx_word' id='word_1_449' title='bbox 2810 484 2972 537; x_wconf 87' lang='lat' dir='ltr'>tanta</span> <span class='ocrx_word' id='word_1_450' title='bbox 2996 480 3267 537; x_wconf 88' lang='lat' dir='ltr'>hodierni</span> <span class='ocrx_word' id='word_1_451' title='bbox 3315 480 3431 536; x_wconf 92' lang='lat' dir='ltr'>diei</span> <span class='ocrx_word' id='word_1_452' title='bbox 3468 478 3826 551; x_wconf 82' lang='lat' dir='ltr'>jucunditas,</span> 
     </span>
    </p>
   </div>
   <div class='ocr_carea' id='block_1_67' title="bbox 2187 566 3826 640">
    <p class='ocr_par' dir='ltr' id='par_1_67' title="bbox 2187 566 3826 640">
     <span class='ocr_line' id='line_1_67' title="bbox 2187 566 3826 640; baseline -0.001 -18"><span class='ocrx_word' id='word_1_453' title='bbox 2187 566 2334 623; x_wconf 92' lang='lat' dir='ltr'>dum</span> <span class='ocrx_word' id='word_1_454' title='bbox 2361 569 2686 625; x_wconf 89' lang='lat' dir='ltr'>mundanis</span> <span class='ocrx_word' id='word_1_455' title='bbox 2718 568 3003 625; x_wconf 80' lang='lat' dir='ltr'>excolitur</span> <span class='ocrx_word' id='word_1_456' title='bbox 3026 574 3083 624; x_wconf 90' lang='lat' dir='ltr'>et</span> <span class='ocrx_word' id='word_1_457' title='bbox 3135 570 3465 625; x_wconf 89' lang='lat' dir='ltr'>honoratur</span> <span class='ocrx_word' id='word_1_458' title='bbox 3502 566 3826 640; x_wconf 90' lang='lat' dir='ltr'>obsequiis,</span> 
     </span>
    </p>
   </div>
   <div class='ocr_carea' id='block_1_68' title="bbox 2188 656 3833 731">
    <p class='ocr_par' dir='ltr' id='par_1_68' title="bbox 2188 656 3833 731">
     <span class='ocr_line' id='line_1_68' title="bbox 2188 656 3833 731; baseline -0.001 -19"><span class='ocrx_word' id='word_1_459' title='bbox 2188 656 2345 714; x_wconf 88' lang='lat' dir='ltr'>hanc</span> <span class='ocrx_word' id='word_1_460' title='bbox 2371 658 2612 715; x_wconf 88' lang='lat' dir='ltr'>interior</span> <span class='ocrx_word' id='word_1_461' title='bbox 2639 663 2697 714; x_wconf 92' lang='lat' dir='ltr'>et</span> <span class='ocrx_word' id='word_1_462' title='bbox 2724 675 2880 731; x_wconf 91' lang='lat' dir='ltr'>pura</span> <span class='ocrx_word' id='word_1_463' title='bbox 2924 658 3288 715; x_wconf 86' lang='lat' dir='ltr'>conscientia</span> <span class='ocrx_word' id='word_1_464' title='bbox 3330 657 3508 729; x_wconf 91' lang='lat' dir='ltr'>justis</span> <span class='ocrx_word' id='word_1_465' title='bbox 3553 662 3610 714; x_wconf 90' lang='lat' dir='ltr'>et</span> <span class='ocrx_word' id='word_1_466' title='bbox 3638 672 3833 713; x_wconf 89' lang='lat' dir='ltr'>conse-</span> 
     </span>
    </p>
   </div>
   <div class='ocr_carea' id='block_1_69' title="bbox 2186 746 3833 821">
    <p class='ocr_par' dir='ltr' id='par_1_69' title="bbox 2186 746 3833 821">
     <span class='ocr_line' id='line_1_69' title="bbox 2186 746 3833 821; baseline -0.001 -19"><span class='ocrx_word' id='word_1_467' title='bbox 2186 748 2508 819; x_wconf 90' lang='lat' dir='ltr'>quentibus</span> <span class='ocrx_word' id='word_1_468' title='bbox 2533 753 2934 821; x_wconf 90' lang='lat' dir='ltr'>prosequatur</span> <span class='ocrx_word' id='word_1_469' title='bbox 2959 748 3225 805; x_wconf 89' lang='lat' dir='ltr'>servitiis.</span> <span class='ocrx_word' id='word_1_470' title='bbox 3273 751 3540 820; x_wconf 88' lang='lat' dir='ltr'>Namque</span> <span class='ocrx_word' id='word_1_471' title='bbox 3587 746 3692 819; x_wconf 90' lang='lat' dir='ltr'>qui</span> <span class='ocrx_word' id='word_1_472' title='bbox 3716 746 3833 819; x_wconf 91' lang='lat' dir='ltr'>pio-</span> 
     </span>
    </p>
   </div>
   <div class='ocr_carea' id='block_1_70' title="bbox 2186 833 3836 910">
    <p class='ocr_par' dir='ltr' id='par_1_70' title="bbox 2186 833 3836 910">
     <span class='ocr_line' id='line_1_70' title="bbox 2186 833 3836 910; baseline -0.001 -19"><span class='ocrx_word' id='word_1_473' title='bbox 2186 852 2321 891; x_wconf 90' lang='lat' dir='ltr'>rum</span> <span class='ocrx_word' id='word_1_474' title='bbox 2353 842 2715 893; x_wconf 91' lang='lat' dir='ltr'>venerantur</span> <span class='ocrx_word' id='word_1_475' title='bbox 2741 854 2913 894; x_wconf 91' lang='lat' dir='ltr'>sacra</span> <span class='ocrx_word' id='word_1_476' title='bbox 2940 837 3169 906; x_wconf 89' lang='lat' dir='ltr'>merita,</span> <span class='ocrx_word' id='word_1_477' title='bbox 3200 837 3422 910; x_wconf 90' lang='lat' dir='ltr'>quique</span> <span class='ocrx_word' id='word_1_478' title='bbox 3476 833 3836 893; x_wconf 88' lang='lat' dir='ltr'>omnimodis</span> 
     </span>
    </p>
   </div>
   <div class='ocr_carea' id='block_1_71' title="bbox 2185 923 3835 1001">
    <p class='ocr_par' dir='ltr' id='par_1_71' title="bbox 2185 923 3835 1001">
     <span class='ocr_line' id='line_1_71' title="bbox 2185 923 3835 1001; baseline -0.001 -21"><span class='ocrx_word' id='word_1_479' title='bbox 2185 924 2469 981; x_wconf 89' lang='lat' dir='ltr'>interesse</span> <span class='ocrx_word' id='word_1_480' title='bbox 2495 930 2813 1001; x_wconf 84' lang='lat' dir='ltr'>peroptant</span> <span class='ocrx_word' id='word_1_481' title='bbox 2843 942 3239 1000; x_wconf 88' lang='lat' dir='ltr'>supernorum</span> <span class='ocrx_word' id='word_1_482' title='bbox 3292 925 3604 997; x_wconf 90' lang='lat' dir='ltr'>agminum</span> <span class='ocrx_word' id='word_1_483' title='bbox 3656 923 3835 989; x_wconf 87' lang='lat' dir='ltr'>festis,</span> 
     </span>
    </p>
   </div>
   <div class='ocr_carea' id='block_1_72' title="bbox 2183 1013 3839 1087">
    <p class='ocr_par' dir='ltr' id='par_1_72' title="bbox 2183 1013 3839 1087">
     <span class='ocr_line' id='line_1_72' title="bbox 2183 1013 3839 1087; baseline 0 -19"><span class='ocrx_word' id='word_1_484' title='bbox 2183 1013 2269 1068; x_wconf 91' lang='lat' dir='ltr'>sic</span> <span class='ocrx_word' id='word_1_485' title='bbox 2305 1013 2364 1069; x_wconf 91' lang='lat' dir='ltr'>in</span> <span class='ocrx_word' id='word_1_486' title='bbox 2418 1014 2813 1087; x_wconf 77' lang='lat' dir='ltr'>praesentibus</span> <span class='ocrx_word' id='word_1_487' title='bbox 2868 1018 3255 1071; x_wconf 77' lang='lat' dir='ltr'>exerceantur</span> <span class='ocrx_word' id='word_1_488' title='bbox 3294 1018 3640 1070; x_wconf 86' lang='lat' dir='ltr'>sanctorum</span> <span class='ocrx_word' id='word_1_489' title='bbox 3667 1017 3839 1069; x_wconf 91' lang='lat' dir='ltr'>nata-</span> 
     </span>
    </p>
   </div>
   <div class='ocr_carea' id='block_1_73' title="bbox 2183 1099 3838 1174">
    <p class='ocr_par' dir='ltr' id='par_1_73' title="bbox 2183 1099 3838 1174">
     <span class='ocr_line' id='line_1_73' title="bbox 2183 1099 3838 1174; baseline -0.001 -17"><span class='ocrx_word' id='word_1_490' title='bbox 2183 1101 2339 1171; x_wconf 86' lang='lat' dir='ltr'>litiis,</span> <span class='ocrx_word' id='word_1_491' title='bbox 2373 1108 2438 1159; x_wconf 91' lang='lat' dir='ltr'>ut</span> <span class='ocrx_word' id='word_1_492' title='bbox 2456 1119 2579 1159; x_wconf 92' lang='lat' dir='ltr'>non</span> <span class='ocrx_word' id='word_1_493' title='bbox 2612 1104 2918 1173; x_wconf 89' lang='lat' dir='ltr'>contingat</span> <span class='ocrx_word' id='word_1_494' title='bbox 2936 1103 3053 1160; x_wconf 89' lang='lat' dir='ltr'>illic</span> <span class='ocrx_word' id='word_1_495' title='bbox 3076 1104 3161 1160; x_wconf 91' lang='lat' dir='ltr'>eis</span> <span class='ocrx_word' id='word_1_496' title='bbox 3190 1103 3399 1159; x_wconf 91' lang='lat' dir='ltr'>abesse</span> <span class='ocrx_word' id='word_1_497' title='bbox 3445 1101 3736 1174; x_wconf 88' lang='lat' dir='ltr'>deinceps</span> <span class='ocrx_word' id='word_1_498' title='bbox 3764 1099 3838 1156; x_wconf 90' lang='lat' dir='ltr'>de</span> 
     </span>
    </p>
   </div>
   <div class='ocr_carea' id='block_1_74' title="bbox 2182 1191 3840 1264">
    <p class='ocr_par' dir='ltr' id='par_1_74' title="bbox 2182 1191 3840 1264">
     <span class='ocr_line' id='line_1_74' title="bbox 2182 1191 3840 1264; baseline -0.001 -18"><span class='ocrx_word' id='word_1_499' title='bbox 2182 1206 2445 1263; x_wconf 91' lang='lat' dir='ltr'>quorum</span> <span class='ocrx_word' id='word_1_500' title='bbox 2497 1192 2592 1247; x_wconf 91' lang='lat' dir='ltr'>hic</span> <span class='ocrx_word' id='word_1_501' title='bbox 2648 1192 3139 1262; x_wconf 88' lang='lat' dir='ltr'>congratulantur</span> <span class='ocrx_word' id='word_1_502' title='bbox 3184 1191 3520 1264; x_wconf 88' lang='lat' dir='ltr'>triumphis.</span> <span class='ocrx_word' id='word_1_503' title='bbox 3571 1193 3840 1263; x_wconf 83' lang='lat' dir='ltr'>Quapro-</span> 
     </span>
    </p>
   </div>
   <div class='ocr_carea' id='block_1_75' title="bbox 2182 1280 3840 1355">
    <p class='ocr_par' dir='ltr' id='par_1_75' title="bbox 2182 1280 3840 1355">
     <span class='ocr_line' id='line_1_75' title="bbox 2182 1280 3840 1355; baseline -0.001 -18"><span class='ocrx_word' id='word_1_504' title='bbox 2182 1286 2312 1353; x_wconf 90' lang='lat' dir='ltr'>pter</span> <span class='ocrx_word' id='word_1_505' title='bbox 2339 1282 2615 1354; x_wconf 65' lang='lat' dir='ltr'>praasenti</span> <span class='ocrx_word' id='word_1_506' title='bbox 2668 1282 3082 1351; x_wconf 87' lang='lat' dir='ltr'>celebratione,</span> <span class='ocrx_word' id='word_1_507' title='bbox 3140 1282 3415 1339; x_wconf 90' lang='lat' dir='ltr'>omnium</span> <span class='ocrx_word' id='word_1_508' title='bbox 3445 1280 3840 1355; x_wconf 89' lang='lat' dir='ltr'>prudentium</span> 
     </span>
    </p>
   </div>
   <div class='ocr_carea' id='block_1_76' title="bbox 2181 1369 3845 1444">
    <p class='ocr_par' dir='ltr' id='par_1_76' title="bbox 2181 1369 3845 1444">
     <span class='ocr_line' id='line_1_76' title="bbox 2181 1369 3845 1444; baseline -0.001 -20"><span class='ocrx_word' id='word_1_509' title='bbox 2181 1369 2481 1439; x_wconf 84' lang='lat' dir='ltr'>virginum</span> <span class='ocrx_word' id='word_1_510' title='bbox 2510 1370 2781 1439; x_wconf 87' lang='lat' dir='ltr'>reginam</span> <span class='ocrx_word' id='word_1_511' title='bbox 2812 1371 3032 1426; x_wconf 87' lang='lat' dir='ltr'>sedulis</span> <span class='ocrx_word' id='word_1_512' title='bbox 3060 1371 3360 1444; x_wconf 80' lang='lat' dir='ltr'>exposcite</span> <span class='ocrx_word' id='word_1_513' title='bbox 3376 1370 3680 1444; x_wconf 90' lang='lat' dir='ltr'>precibus,</span> <span class='ocrx_word' id='word_1_514' title='bbox 3705 1383 3845 1441; x_wconf 69' lang='lat' dir='ltr'>quae</span> 
     </span>
    </p>
   </div>
   <div class='ocr_carea' id='block_1_77' title="bbox 2181 1455 3848 1531">
    <p class='ocr_par' dir='ltr' id='par_1_77' title="bbox 2181 1455 3848 1531">
     <span class='ocr_line' id='line_1_77' title="bbox 2181 1455 3848 1531; baseline -0.001 -18"><span class='ocrx_word' id='word_1_515' title='bbox 2181 1458 2583 1531; x_wconf 87' lang='lat' dir='ltr'>principatum</span> <span class='ocrx_word' id='word_1_516' title='bbox 2610 1458 2837 1515; x_wconf 91' lang='lat' dir='ltr'>obtinet</span> <span class='ocrx_word' id='word_1_517' title='bbox 2881 1459 3033 1515; x_wconf 90' lang='lat' dir='ltr'>inter</span> <span class='ocrx_word' id='word_1_518' title='bbox 3073 1460 3287 1516; x_wconf 91' lang='lat' dir='ltr'>choros</span> <span class='ocrx_word' id='word_1_519' title='bbox 3345 1462 3693 1515; x_wconf 88' lang='lat' dir='ltr'>sanctarum</span> <span class='ocrx_word' id='word_1_520' title='bbox 3729 1455 3848 1512; x_wconf 88' lang='lat' dir='ltr'>vir-</span> 
     </span>
    </p>
   </div>
   <div class='ocr_carea' id='block_1_78' title="bbox 2182 1546 3851 1621">
    <p class='ocr_par' dir='ltr' id='par_1_78' title="bbox 2182 1546 3851 1621">
     <span class='ocr_line' id='line_1_78' title="bbox 2182 1546 3851 1621; baseline -0.002 -19"><span class='ocrx_word' id='word_1_521' title='bbox 2182 1546 2408 1616; x_wconf 85' lang='lat' dir='ltr'>ginum.</span> <span class='ocrx_word' id='word_1_522' title='bbox 2444 1563 2553 1603; x_wconf 92' lang='lat' dir='ltr'>suo</span> <span class='ocrx_word' id='word_1_523' title='bbox 2594 1548 2924 1604; x_wconf 88' lang='lat' dir='ltr'>interventu</span> <span class='ocrx_word' id='word_1_524' title='bbox 2980 1548 3194 1604; x_wconf 83' lang='lat' dir='ltr'>efﬁciat</span> <span class='ocrx_word' id='word_1_525' title='bbox 3222 1547 3507 1621; x_wconf 88' lang='lat' dir='ltr'>possibile</span> <span class='ocrx_word' id='word_1_526' title='bbox 3537 1562 3664 1620; x_wconf 91' lang='lat' dir='ltr'>quo</span> <span class='ocrx_word' id='word_1_527' title='bbox 3710 1561 3851 1601; x_wconf 89' lang='lat' dir='ltr'>san-</span> 
     </span>
    </p>
   </div>
   <div class='ocr_carea' id='block_1_79' title="bbox 2181 1635 3855 1707">
    <p class='ocr_par' dir='ltr' id='par_1_79' title="bbox 2181 1635 3855 1707">
     <span class='ocr_line' id='line_1_79' title="bbox 2181 1635 3855 1707; baseline -0.001 -17"><span class='ocrx_word' id='word_1_528' title='bbox 2181 1639 2285 1690; x_wconf 86' lang='lat' dir='ltr'>ctae</span> <span class='ocrx_word' id='word_1_529' title='bbox 2316 1635 2588 1691; x_wconf 77' lang='lat' dir='ltr'>Ecclesiae</span> <span class='ocrx_word' id='word_1_530' title='bbox 2618 1641 2962 1703; x_wconf 90' lang='lat' dir='ltr'>concentus,</span> <span class='ocrx_word' id='word_1_531' title='bbox 2993 1653 3129 1692; x_wconf 92' lang='lat' dir='ltr'>cum</span> <span class='ocrx_word' id='word_1_532' title='bbox 3164 1652 3299 1693; x_wconf 90' lang='lat' dir='ltr'>eam</span> <span class='ocrx_word' id='word_1_533' title='bbox 3348 1635 3563 1692; x_wconf 90' lang='lat' dir='ltr'>humili</span> <span class='ocrx_word' id='word_1_534' title='bbox 3587 1650 3720 1707; x_wconf 87' lang='lat' dir='ltr'>qua</span> <span class='ocrx_word' id='word_1_535' title='bbox 3746 1649 3855 1689; x_wconf 85' lang='lat' dir='ltr'>va-</span> 
     </span>
    </p>
   </div>
   <div class='ocr_carea' id='block_1_80' title="bbox 2179 1722 3856 1798">
    <p class='ocr_par' dir='ltr' id='par_1_80' title="bbox 2179 1722 3856 1798">
     <span class='ocr_line' id='line_1_80' title="bbox 2179 1722 3856 1798; baseline -0.001 -19"><span class='ocrx_word' id='word_1_536' title='bbox 2179 1724 2257 1780; x_wconf 92' lang='lat' dir='ltr'>let</span> <span class='ocrx_word' id='word_1_537' title='bbox 2287 1724 2650 1796; x_wconf 90' lang='lat' dir='ltr'>operatione,</span> <span class='ocrx_word' id='word_1_538' title='bbox 2692 1724 2939 1798; x_wconf 90' lang='lat' dir='ltr'>percolit</span> <span class='ocrx_word' id='word_1_539' title='bbox 2989 1724 3049 1780; x_wconf 89' lang='lat' dir='ltr'>in</span> <span class='ocrx_word' id='word_1_540' title='bbox 3091 1725 3281 1795; x_wconf 90' lang='lat' dir='ltr'>terris,</span> <span class='ocrx_word' id='word_1_541' title='bbox 3307 1724 3556 1781; x_wconf 93' lang='lat' dir='ltr'>demum</span> <span class='ocrx_word' id='word_1_542' title='bbox 3603 1724 3668 1780; x_wconf 93' lang='lat' dir='ltr'>in</span> <span class='ocrx_word' id='word_1_543' title='bbox 3702 1722 3856 1778; x_wconf 70' lang='lat' dir='ltr'>laeti—</span> 
     </span>
    </p>
   </div>
   <div class='ocr_carea' id='block_1_81' title="bbox 2181 1811 3855 1888">
    <p class='ocr_par' dir='ltr' id='par_1_81' title="bbox 2181 1811 3855 1888">
     <span class='ocr_line' id='line_1_81' title="bbox 2181 1811 3855 1888; baseline -0.001 -20"><span class='ocrx_word' id='word_1_544' title='bbox 2181 1814 2260 1869; x_wconf 91' lang='lat' dir='ltr'>tia</span> <span class='ocrx_word' id='word_1_545' title='bbox 2290 1814 2557 1886; x_wconf 89' lang='lat' dir='ltr'>perenni,</span> <span class='ocrx_word' id='word_1_546' title='bbox 2612 1814 2685 1869; x_wconf 93' lang='lat' dir='ltr'>de</span> <span class='ocrx_word' id='word_1_547' title='bbox 2722 1814 2851 1885; x_wconf 91' lang='lat' dir='ltr'>ejus</span> <span class='ocrx_word' id='word_1_548' title='bbox 2908 1819 3159 1888; x_wconf 87' lang='lat' dir='ltr'>utraque</span> <span class='ocrx_word' id='word_1_549' title='bbox 3215 1813 3593 1885; x_wconf 88' lang='lat' dir='ltr'>congaudeat</span> <span class='ocrx_word' id='word_1_550' title='bbox 3651 1811 3855 1868; x_wconf 86' lang='lat' dir='ltr'>subli-</span> 
     </span>
    </p>
   </div>
   <div class='ocr_carea' id='block_1_82' title="bbox 2179 1901 3855 1976">
    <p class='ocr_par' dir='ltr' id='par_1_82' title="bbox 2179 1901 3855 1976">
     <span class='ocr_line' id='line_1_82' title="bbox 2179 1901 3855 1976; baseline -0.001 -19"><span class='ocrx_word' id='word_1_551' title='bbox 2179 1902 2441 1958; x_wconf 90' lang='lat' dir='ltr'>matione</span> <span class='ocrx_word' id='word_1_552' title='bbox 2488 1908 2545 1958; x_wconf 89' lang='lat' dir='ltr'>et</span> <span class='ocrx_word' id='word_1_553' title='bbox 2595 1902 2802 1973; x_wconf 90' lang='lat' dir='ltr'>gloria.</span> <span class='ocrx_word' id='word_1_554' title='bbox 2853 1908 2963 1960; x_wconf 90' lang='lat' dir='ltr'>Ista</span> <span class='ocrx_word' id='word_1_555' title='bbox 3042 1908 3131 1959; x_wconf 90' lang='lat' dir='ltr'>est</span> <span class='ocrx_word' id='word_1_556' title='bbox 3180 1904 3342 1960; x_wconf 89' lang='lat' dir='ltr'>enim</span> <span class='ocrx_word' id='word_1_557' title='bbox 3391 1901 3710 1976; x_wconf 81' lang='lat' dir='ltr'>praecipua</span> <span class='ocrx_word' id='word_1_558' title='bbox 3771 1901 3855 1957; x_wconf 90' lang='lat' dir='ltr'>fe-</span> 
     </span>
    </p>
   </div>
   <div class='ocr_carea' id='block_1_83' title="bbox 2180 1989 3857 2061">
    <p class='ocr_par' dir='ltr' id='par_1_83' title="bbox 2180 1989 3857 2061">
     <span class='ocr_line' id='line_1_83' title="bbox 2180 1989 3857 2061; baseline 0 -17"><span class='ocrx_word' id='word_1_559' title='bbox 2180 1989 2427 2058; x_wconf 87' lang='lat' dir='ltr'>stivitas,</span> <span class='ocrx_word' id='word_1_560' title='bbox 2451 1989 2511 2045; x_wconf 89' lang='lat' dir='ltr'>in</span> <span class='ocrx_word' id='word_1_561' title='bbox 2555 2006 2677 2061; x_wconf 88' lang='lat' dir='ltr'>qua</span> <span class='ocrx_word' id='word_1_562' title='bbox 2732 1991 2930 2046; x_wconf 91' lang='lat' dir='ltr'>omnis</span> <span class='ocrx_word' id='word_1_563' title='bbox 2983 1990 3338 2061; x_wconf 89' lang='lat' dir='ltr'>angelorum</span> <span class='ocrx_word' id='word_1_564' title='bbox 3384 1990 3595 2046; x_wconf 90' lang='lat' dir='ltr'>militia</span> <span class='ocrx_word' id='word_1_565' title='bbox 3640 1989 3857 2045; x_wconf 81' lang='lat' dir='ltr'>exsul-</span> 
     </span>
    </p>
   </div>
   <div class='ocr_carea' id='block_1_84' title="bbox 2178 2077 3855 2152">
    <p class='ocr_par' dir='ltr' id='par_1_84' title="bbox 2178 2077 3855 2152">
     <span class='ocr_line' id='line_1_84' title="bbox 2178 2077 3855 2152; baseline 0 -18"><span class='ocrx_word' id='word_1_566' title='bbox 2178 2082 2280 2147; x_wconf 90' lang='lat' dir='ltr'>tat,</span> <span class='ocrx_word' id='word_1_567' title='bbox 2330 2077 2393 2132; x_wconf 91' lang='lat' dir='ltr'>in</span> <span class='ocrx_word' id='word_1_568' title='bbox 2468 2094 2591 2149; x_wconf 87' lang='lat' dir='ltr'>qua</span> <span class='ocrx_word' id='word_1_569' title='bbox 2647 2079 3078 2150; x_wconf 87' lang='lat' dir='ltr'>prophetarum</span> <span class='ocrx_word' id='word_1_570' title='bbox 3134 2078 3483 2152; x_wconf 88' lang='lat' dir='ltr'>panduntur</span> <span class='ocrx_word' id='word_1_571' title='bbox 3534 2077 3855 2145; x_wconf 88' lang='lat' dir='ltr'>vaticinia,</span> 
     </span>
    </p>
   </div>
   <div class='ocr_carea' id='block_1_85' title="bbox 2177 2166 3854 2239">
    <p class='ocr_par' dir='ltr' id='par_1_85' title="bbox 2177 2166 3854 2239">
     <span class='ocr_line' id='line_1_85' title="bbox 2177 2166 3854 2239; baseline 0 -17"><span class='ocrx_word' id='word_1_572' title='bbox 2177 2167 2240 2222; x_wconf 92' lang='lat' dir='ltr'>in</span> <span class='ocrx_word' id='word_1_573' title='bbox 2287 2182 2408 2239; x_wconf 92' lang='lat' dir='ltr'>qua</span> <span class='ocrx_word' id='word_1_574' title='bbox 2468 2166 2646 2223; x_wconf 89' lang='lat' dir='ltr'>etiam</span> <span class='ocrx_word' id='word_1_575' title='bbox 2722 2167 3030 2236; x_wconf 89' lang='lat' dir='ltr'>gentilium</span> <span class='ocrx_word' id='word_1_576' title='bbox 3100 2171 3442 2223; x_wconf 90' lang='lat' dir='ltr'>reserantur</span> <span class='ocrx_word' id='word_1_577' title='bbox 3496 2168 3854 2238; x_wconf 84' lang='lat' dir='ltr'>praenuntia</span> 
     </span>
    </p>
   </div>
   <div class='ocr_carea' id='block_1_86' title="bbox 2179 2254 3855 2329">
    <p class='ocr_par' dir='ltr' id='par_1_86' title="bbox 2179 2254 3855 2329">
     <span class='ocr_line' id='line_1_86' title="bbox 2179 2254 3855 2329; baseline 0.002 -20"><span class='ocrx_word' id='word_1_578' title='bbox 2179 2254 2418 2328; x_wconf 89' lang='lat' dir='ltr'>scripta,</span> <span class='ocrx_word' id='word_1_579' title='bbox 2452 2255 2513 2310; x_wconf 90' lang='lat' dir='ltr'>in</span> <span class='ocrx_word' id='word_1_580' title='bbox 2560 2272 2683 2327; x_wconf 87' lang='lat' dir='ltr'>qua</span> <span class='ocrx_word' id='word_1_581' title='bbox 2725 2255 2911 2312; x_wconf 90' lang='lat' dir='ltr'>oritur</span> <span class='ocrx_word' id='word_1_582' title='bbox 2968 2272 3193 2329; x_wconf 89' lang='lat' dir='ltr'>sponsa</span> <span class='ocrx_word' id='word_1_583' title='bbox 3219 2255 3345 2311; x_wconf 91' lang='lat' dir='ltr'>sine</span> <span class='ocrx_word' id='word_1_584' title='bbox 3398 2254 3681 2327; x_wconf 84' lang='lat' dir='ltr'>exemplo</span> <span class='ocrx_word' id='word_1_585' title='bbox 3725 2257 3855 2312; x_wconf 90' lang='lat' dir='ltr'>Deo</span> 
     </span>
    </p>
   </div>
   <div class='ocr_carea' id='block_1_87' title="bbox 2178 2343 3853 2418">
    <p class='ocr_par' dir='ltr' id='par_1_87' title="bbox 2178 2343 3853 2418">
     <span class='ocr_line' id='line_1_87' title="bbox 2178 2343 3853 2418; baseline 0.001 -19"><span class='ocrx_word' id='word_1_586' title='bbox 2178 2345 2517 2414; x_wconf 90' lang='lat' dir='ltr'>conjuncta,</span> <span class='ocrx_word' id='word_1_587' title='bbox 2547 2345 2621 2399; x_wconf 88' lang='lat' dir='ltr'>de</span> <span class='ocrx_word' id='word_1_588' title='bbox 2652 2345 2825 2415; x_wconf 90' lang='lat' dir='ltr'>cujus</span> <span class='ocrx_word' id='word_1_589' title='bbox 2856 2350 3020 2401; x_wconf 89' lang='lat' dir='ltr'>casta</span> <span class='ocrx_word' id='word_1_590' title='bbox 3049 2344 3315 2418; x_wconf 88' lang='lat' dir='ltr'>corporis</span> <span class='ocrx_word' id='word_1_591' title='bbox 3345 2343 3598 2400; x_wconf 87' lang='lat' dir='ltr'>materia</span> <span class='ocrx_word' id='word_1_592' title='bbox 3646 2343 3853 2401; x_wconf 86' lang='lat' dir='ltr'>oritur</span> 
     </span>
    </p>
   </div>
   <div class='ocr_carea' id='block_1_88' title="bbox 2174 2432 3854 2505">
    <p class='ocr_par' dir='ltr' id='par_1_88' title="bbox 2174 2432 3854 2505">
     <span class='ocr_line' id='line_1_88' title="bbox 2174 2432 3854 2505; baseline 0 -16"><span class='ocrx_word' id='word_1_593' title='bbox 2174 2433 2378 2489; x_wconf 92' lang='lat' dir='ltr'>lumen</span> <span class='ocrx_word' id='word_1_594' title='bbox 2408 2433 2469 2488; x_wconf 91' lang='lat' dir='ltr'>in</span> <span class='ocrx_word' id='word_1_595' title='bbox 2502 2432 2758 2489; x_wconf 90' lang='lat' dir='ltr'>tenebris</span> <span class='ocrx_word' id='word_1_596' title='bbox 2789 2434 2864 2489; x_wconf 90' lang='lat' dir='ltr'>ad</span> <span class='ocrx_word' id='word_1_597' title='bbox 2892 2433 3302 2490; x_wconf 81' lang='lat' dir='ltr'>exturbandas</span> <span class='ocrx_word' id='word_1_598' title='bbox 3324 2437 3596 2488; x_wconf 89' lang='lat' dir='ltr'>veterum</span> <span class='ocrx_word' id='word_1_599' title='bbox 3626 2432 3854 2505; x_wconf 88' lang='lat' dir='ltr'>piacu-</span> 
     </span>
    </p>
   </div>
   <div class='ocr_carea' id='block_1_89' title="bbox 2174 2521 3853 2595">
    <p class='ocr_par' dir='ltr' id='par_1_89' title="bbox 2174 2521 3853 2595">
     <span class='ocr_line' id='line_1_89' title="bbox 2174 2521 3853 2595; baseline 0.001 -18"><span class='ocrx_word' id='word_1_600' title='bbox 2174 2522 2373 2578; x_wconf 90' lang='lat' dir='ltr'>lorum</span> <span class='ocrx_word' id='word_1_601' title='bbox 2440 2521 2712 2576; x_wconf 90' lang='lat' dir='ltr'>nebulas.</span> <span class='ocrx_word' id='word_1_602' title='bbox 2766 2525 2899 2578; x_wconf 64' lang='lat' dir='ltr'>Haec</span> <span class='ocrx_word' id='word_1_603' title='bbox 2941 2527 3048 2593; x_wconf 91' lang='lat' dir='ltr'>est,</span> <span class='ocrx_word' id='word_1_604' title='bbox 3101 2522 3376 2595; x_wconf 90' lang='lat' dir='ltr'>inquam,</span> <span class='ocrx_word' id='word_1_605' title='bbox 3407 2521 3535 2577; x_wconf 91' lang='lat' dir='ltr'>dies</span> <span class='ocrx_word' id='word_1_606' title='bbox 3593 2521 3661 2578; x_wconf 86' lang='lat' dir='ltr'>in</span> <span class='ocrx_word' id='word_1_607' title='bbox 3719 2538 3853 2595; x_wconf 88' lang='lat' dir='ltr'>qua</span> 
     </span>
    </p>
   </div>
   <div class='ocr_carea' id='block_1_90' title="bbox 2174 2608 3849 2684">
    <p class='ocr_par' dir='ltr' id='par_1_90' title="bbox 2174 2608 3849 2684">
     <span class='ocr_line' id='line_1_90' title="bbox 2174 2608 3849 2684; baseline 0.001 -19"><span class='ocrx_word' id='word_1_608' title='bbox 2174 2608 2501 2684; x_wconf 64' lang='lat' dir='ltr'>praelucida</span> <span class='ocrx_word' id='word_1_609' title='bbox 2533 2610 2720 2682; x_wconf 89' lang='lat' dir='ltr'>stella,</span> <span class='ocrx_word' id='word_1_610' title='bbox 2754 2611 2876 2667; x_wconf 92' lang='lat' dir='ltr'>imo</span> <span class='ocrx_word' id='word_1_611' title='bbox 2907 2611 3110 2668; x_wconf 88' lang='lat' dir='ltr'>lumen</span> <span class='ocrx_word' id='word_1_612' title='bbox 3167 2609 3568 2684; x_wconf 86' lang='lat' dir='ltr'>inseparabile</span> <span class='ocrx_word' id='word_1_613' title='bbox 3622 2612 3849 2683; x_wconf 84' lang='lat' dir='ltr'>maris,</span> 
     </span>
    </p>
   </div>
   <div class='ocr_carea' id='block_1_91' title="bbox 2175 2698 3854 2771">
    <p class='ocr_par' dir='ltr' id='par_1_91' title="bbox 2175 2698 3854 2771">
     <span class='ocr_line' id='line_1_91' title="bbox 2175 2698 3854 2771; baseline 0.002 -19"><span class='ocrx_word' id='word_1_614' title='bbox 2175 2698 2289 2753; x_wconf 93' lang='lat' dir='ltr'>hoc</span> <span class='ocrx_word' id='word_1_615' title='bbox 2315 2703 2405 2752; x_wconf 90' lang='lat' dir='ltr'>est</span> <span class='ocrx_word' id='word_1_616' title='bbox 2452 2698 2634 2769; x_wconf 90' lang='lat' dir='ltr'>hujus</span> <span class='ocrx_word' id='word_1_617' title='bbox 2691 2699 2925 2771; x_wconf 88' lang='lat' dir='ltr'>mundi,</span> <span class='ocrx_word' id='word_1_618' title='bbox 2980 2700 3138 2756; x_wconf 93' lang='lat' dir='ltr'>velut</span> <span class='ocrx_word' id='word_1_619' title='bbox 3188 2702 3363 2769; x_wconf 88' lang='lat' dir='ltr'>Eous,</span> <span class='ocrx_word' id='word_1_620' title='bbox 3418 2715 3559 2755; x_wconf 90' lang='lat' dir='ltr'>cum</span> <span class='ocrx_word' id='word_1_621' title='bbox 3601 2699 3854 2756; x_wconf 88' lang='lat' dir='ltr'>decoris</span> 
     </span>
    </p>
   </div>
   <div class='ocr_carea' id='block_1_92' title="bbox 2176 2788 3853 2861">
    <p class='ocr_par' dir='ltr' id='par_1_92' title="bbox 2176 2788 3853 2861">
     <span class='ocr_line' id='line_1_92' title="bbox 2176 2788 3853 2861; baseline 0.002 -17"><span class='ocrx_word' id='word_1_622' title='bbox 2176 2788 2519 2844; x_wconf 81' lang='lat' dir='ltr'>amoenitate</span> <span class='ocrx_word' id='word_1_623' title='bbox 2550 2804 2621 2843; x_wconf 79' lang='lat' dir='ltr'>ex</span> <span class='ocrx_word' id='word_1_624' title='bbox 2653 2789 2890 2845; x_wconf 90' lang='lat' dir='ltr'>mortali</span> <span class='ocrx_word' id='word_1_625' title='bbox 2922 2790 3193 2857; x_wconf 82' lang='lat' dir='ltr'>genitura</span> <span class='ocrx_word' id='word_1_626' title='bbox 3223 2788 3454 2845; x_wconf 91' lang='lat' dir='ltr'>cunctis</span> <span class='ocrx_word' id='word_1_627' title='bbox 3474 2789 3582 2861; x_wconf 91' lang='lat' dir='ltr'>qui</span> <span class='ocrx_word' id='word_1_628' title='bbox 3608 2790 3853 2847; x_wconf 82' lang='lat' dir='ltr'>salvan-</span> 
     </span>
    </p>
   </div>
   <div class='ocr_carea' id='block_1_93' title="bbox 2175 2876 3854 2945">
    <p class='ocr_par' dir='ltr' id='par_1_93' title="bbox 2175 2876 3854 2945">
     <span class='ocr_line' id='line_1_93' title="bbox 2175 2876 3854 2945; baseline 0.002 -14"><span class='ocrx_word' id='word_1_629' title='bbox 2175 2877 2237 2931; x_wconf 92' lang='lat' dir='ltr'>di</span> <span class='ocrx_word' id='word_1_630' title='bbox 2269 2882 2407 2931; x_wconf 91' lang='lat' dir='ltr'>sunt</span> <span class='ocrx_word' id='word_1_631' title='bbox 2430 2876 2635 2932; x_wconf 78' lang='lat' dir='ltr'>illuxit.</span> <span class='ocrx_word' id='word_1_632' title='bbox 2673 2880 2802 2933; x_wconf 82' lang='lat' dir='ltr'>Haec</span> <span class='ocrx_word' id='word_1_633' title='bbox 2823 2883 2911 2933; x_wconf 89' lang='lat' dir='ltr'>est</span> <span class='ocrx_word' id='word_1_634' title='bbox 2939 2877 3298 2934; x_wconf 89' lang='lat' dir='ltr'>honoranda</span> <span class='ocrx_word' id='word_1_635' title='bbox 3322 2878 3448 2933; x_wconf 91' lang='lat' dir='ltr'>dies</span> <span class='ocrx_word' id='word_1_636' title='bbox 3496 2877 3737 2945; x_wconf 77' lang='lat' dir='ltr'>laetitiae,</span> <span class='ocrx_word' id='word_1_637' title='bbox 3792 2880 3854 2935; x_wconf 90' lang='lat' dir='ltr'>in</span> 
     </span>
    </p>
   </div>
   <div class='ocr_carea' id='block_1_94' title="bbox 2175 2964 3855 3040">
    <p class='ocr_par' dir='ltr' id='par_1_94' title="bbox 2175 2964 3855 3040">
     <span class='ocr_line' id='line_1_94' title="bbox 2175 2964 3855 3040; baseline 0.003 -21"><span class='ocrx_word' id='word_1_638' title='bbox 2175 2979 2298 3037; x_wconf 91' lang='lat' dir='ltr'>qua</span> <span class='ocrx_word' id='word_1_639' title='bbox 2316 2964 2483 3033; x_wconf 78' lang='lat' dir='ltr'>juxta</span> <span class='ocrx_word' id='word_1_640' title='bbox 2512 2965 2722 3019; x_wconf 90' lang='lat' dir='ltr'>mundi</span> <span class='ocrx_word' id='word_1_641' title='bbox 2751 2966 3069 3037; x_wconf 89' lang='lat' dir='ltr'>qualitates</span> <span class='ocrx_word' id='word_1_642' title='bbox 3098 2971 3472 3040; x_wconf 89' lang='lat' dir='ltr'>praeparatur</span> <span class='ocrx_word' id='word_1_643' title='bbox 3495 2982 3605 3022; x_wconf 84' lang='lat' dir='ltr'>vas</span> <span class='ocrx_word' id='word_1_644' title='bbox 3662 2968 3855 3039; x_wconf 87' lang='lat' dir='ltr'>virgi-</span> 
     </span>
    </p>
   </div>
   <div class='ocr_carea' id='block_1_95' title="bbox 2175 3052 3856 3125">
    <p class='ocr_par' dir='ltr' id='par_1_95' title="bbox 2175 3052 3856 3125">
     <span class='ocr_line' id='line_1_95' title="bbox 2175 3052 3856 3125; baseline 0.004 -20"><span class='ocrx_word' id='word_1_645' title='bbox 2175 3067 2377 3118; x_wconf 89' lang='lat' dir='ltr'>neum,</span> <span class='ocrx_word' id='word_1_646' title='bbox 2405 3052 2616 3107; x_wconf 87' lang='lat' dir='ltr'>divinis</span> <span class='ocrx_word' id='word_1_647' title='bbox 2639 3053 3097 3109; x_wconf 85' lang='lat' dir='ltr'>charismatibus</span> <span class='ocrx_word' id='word_1_648' title='bbox 3128 3060 3193 3111; x_wconf 92' lang='lat' dir='ltr'>ut</span> <span class='ocrx_word' id='word_1_649' title='bbox 3236 3055 3580 3125; x_wconf 88' lang='lat' dir='ltr'>margaritis</span> <span class='ocrx_word' id='word_1_650' title='bbox 3632 3055 3856 3113; x_wconf 75' lang='lat' dir='ltr'>ineffa-</span> 
     </span>
    </p>
   </div>
   <div class='ocr_carea' id='block_1_96' title="bbox 2173 3139 3855 3216">
    <p class='ocr_par' dir='ltr' id='par_1_96' title="bbox 2173 3139 3855 3216">
     <span class='ocr_line' id='line_1_96' title="bbox 2173 3139 3855 3216; baseline 0.003 -22"><span class='ocrx_word' id='word_1_651' title='bbox 2173 3139 2368 3195; x_wconf 90' lang='lat' dir='ltr'>biliter</span> <span class='ocrx_word' id='word_1_652' title='bbox 2392 3141 2690 3207; x_wconf 86' lang='lat' dir='ltr'>ornatum,</span> <span class='ocrx_word' id='word_1_653' title='bbox 2724 3141 2783 3197; x_wconf 93' lang='lat' dir='ltr'>in</span> <span class='ocrx_word' id='word_1_654' title='bbox 2816 3159 2939 3215; x_wconf 91' lang='lat' dir='ltr'>quo</span> <span class='ocrx_word' id='word_1_655' title='bbox 2969 3144 3227 3216; x_wconf 86' lang='lat' dir='ltr'>qualitas</span> <span class='ocrx_word' id='word_1_656' title='bbox 3259 3144 3362 3200; x_wconf 91' lang='lat' dir='ltr'>Dei</span> <span class='ocrx_word' id='word_1_657' title='bbox 3382 3144 3566 3200; x_wconf 85' lang='lat' dir='ltr'>mista</span> <span class='ocrx_word' id='word_1_658' title='bbox 3605 3143 3855 3201; x_wconf 87' lang='lat' dir='ltr'>homini</span> 
     </span>
    </p>
   </div>
   <div class='ocr_carea' id='block_1_97' title="bbox 2176 3229 3855 3307">
    <p class='ocr_par' dir='ltr' id='par_1_97' title="bbox 2176 3229 3855 3307">
     <span class='ocr_line' id='line_1_97' title="bbox 2176 3229 3855 3307; baseline 0.004 -23"><span class='ocrx_word' id='word_1_659' title='bbox 2176 3229 2699 3302; x_wconf 88' lang='lat' dir='ltr'>compaginaretur</span> <span class='ocrx_word' id='word_1_660' title='bbox 2727 3233 3131 3304; x_wconf 90' lang='lat' dir='ltr'>corporaliter,</span> <span class='ocrx_word' id='word_1_661' title='bbox 3152 3249 3277 3289; x_wconf 92' lang='lat' dir='ltr'>non</span> <span class='ocrx_word' id='word_1_662' title='bbox 3318 3234 3664 3289; x_wconf 90' lang='lat' dir='ltr'>secundum</span> <span class='ocrx_word' id='word_1_663' title='bbox 3710 3249 3855 3307; x_wconf 88' lang='lat' dir='ltr'>pro-</span> 
     </span>
    </p>
   </div>
   <div class='ocr_carea' id='block_1_98' title="bbox 2172 3318 3856 3396">
    <p class='ocr_par' dir='ltr' id='par_1_98' title="bbox 2172 3318 3856 3396">
     <span class='ocr_line' id='line_1_98' title="bbox 2172 3318 3856 3396; baseline 0.004 -23"><span class='ocrx_word' id='word_1_664' title='bbox 2172 3318 2579 3392; x_wconf 88' lang='lat' dir='ltr'>pagationem,</span> <span class='ocrx_word' id='word_1_665' title='bbox 2609 3320 2714 3375; x_wconf 93' lang='lat' dir='ltr'>sed</span> <span class='ocrx_word' id='word_1_666' title='bbox 2747 3321 3080 3377; x_wconf 90' lang='lat' dir='ltr'>secundum</span> <span class='ocrx_word' id='word_1_667' title='bbox 3107 3322 3355 3395; x_wconf 88' lang='lat' dir='ltr'>Spiritus</span> <span class='ocrx_word' id='word_1_668' title='bbox 3400 3322 3595 3379; x_wconf 88' lang='lat' dir='ltr'>sancti</span> <span class='ocrx_word' id='word_1_669' title='bbox 3629 3339 3856 3396; x_wconf 87' lang='lat' dir='ltr'>opera-</span> 
     </span>
    </p>
   </div>
   <div class='ocr_carea' id='block_1_99' title="bbox 2174 3407 3857 3484">
    <p class='ocr_par' dir='ltr' id='par_1_99' title="bbox 2174 3407 3857 3484">
     <span class='ocr_line' id='line_1_99' title="bbox 2174 3407 3857 3484; baseline 0.004 -22"><span class='ocrx_word' id='word_1_670' title='bbox 2174 3407 2416 3479; x_wconf 87' lang='lat' dir='ltr'>tionem.</span> <span class='ocrx_word' id='word_1_671' title='bbox 2442 3408 2604 3479; x_wconf 88' lang='lat' dir='ltr'>Quis,</span> <span class='ocrx_word' id='word_1_672' title='bbox 2627 3425 2857 3482; x_wconf 85' lang='lat' dir='ltr'>quaeso,</span> <span class='ocrx_word' id='word_1_673' title='bbox 2883 3426 3156 3484; x_wconf 88' lang='lat' dir='ltr'>unquam</span> <span class='ocrx_word' id='word_1_674' title='bbox 3186 3417 3291 3469; x_wconf 91' lang='lat' dir='ltr'>aut</span> <span class='ocrx_word' id='word_1_675' title='bbox 3306 3417 3443 3469; x_wconf 90' lang='lat' dir='ltr'>ante</span> <span class='ocrx_word' id='word_1_676' title='bbox 3473 3413 3639 3469; x_wconf 88' lang='lat' dir='ltr'>hanc</span> <span class='ocrx_word' id='word_1_677' title='bbox 3660 3413 3857 3484; x_wconf 85' lang='lat' dir='ltr'>Virgi-</span> 
     </span>
    </p>
   </div>
   <div class='ocr_carea' id='block_1_100' title="bbox 2172 3499 3854 3576">
    <p class='ocr_par' dir='ltr' id='par_1_100' title="bbox 2172 3499 3854 3576">
     <span class='ocr_line' id='line_1_100' title="bbox 2172 3499 3854 3576; baseline 0.005 -24"><span class='ocrx_word' id='word_1_678' title='bbox 2172 3513 2332 3566; x_wconf 92' lang='lat' dir='ltr'>nem,</span> <span class='ocrx_word' id='word_1_679' title='bbox 2360 3502 2463 3553; x_wconf 91' lang='lat' dir='ltr'>aut</span> <span class='ocrx_word' id='word_1_680' title='bbox 2492 3503 2628 3571; x_wconf 92' lang='lat' dir='ltr'>post</span> <span class='ocrx_word' id='word_1_681' title='bbox 2651 3499 2828 3567; x_wconf 87' lang='lat' dir='ltr'>hanc,</span> <span class='ocrx_word' id='word_1_682' title='bbox 2860 3499 2922 3555; x_wconf 91' lang='lat' dir='ltr'>in</span> <span class='ocrx_word' id='word_1_683' title='bbox 2951 3501 3117 3557; x_wconf 91' lang='lat' dir='ltr'>omni</span> <span class='ocrx_word' id='word_1_684' title='bbox 3148 3507 3444 3558; x_wconf 90' lang='lat' dir='ltr'>terrarum</span> <span class='ocrx_word' id='word_1_685' title='bbox 3473 3502 3680 3576; x_wconf 89' lang='lat' dir='ltr'>spatio</span> <span class='ocrx_word' id='word_1_686' title='bbox 3739 3520 3854 3560; x_wconf 90' lang='lat' dir='ltr'>au-</span> 
     </span>
    </p>
   </div>
   <div class='ocr_carea' id='block_1_101' title="bbox 2171 3586 3855 3664">
    <p class='ocr_par' dir='ltr' id='par_1_101' title="bbox 2171 3586 3855 3664">
     <span class='ocr_line' id='line_1_101' title="bbox 2171 3586 3855 3664; baseline 0.003 -22"><span class='ocrx_word' id='word_1_687' title='bbox 2171 3586 2297 3642; x_wconf 93' lang='lat' dir='ltr'>dire</span> <span class='ocrx_word' id='word_1_688' title='bbox 2326 3586 2529 3655; x_wconf 81' lang='lat' dir='ltr'>valuit,</span> <span class='ocrx_word' id='word_1_689' title='bbox 2557 3591 2621 3643; x_wconf 94' lang='lat' dir='ltr'>ut</span> <span class='ocrx_word' id='word_1_690' title='bbox 2671 3588 2859 3644; x_wconf 81' lang='lat' dir='ltr'>factor</span> <span class='ocrx_word' id='word_1_691' title='bbox 2913 3590 3185 3646; x_wconf 90' lang='lat' dir='ltr'>omnium</span> <span class='ocrx_word' id='word_1_692' title='bbox 3240 3607 3463 3660; x_wconf 90' lang='lat' dir='ltr'>rerum,</span> <span class='ocrx_word' id='word_1_693' title='bbox 3516 3607 3855 3664; x_wconf 87' lang='lat' dir='ltr'>possessor</span> 
     </span>
    </p>
   </div>
   <div class='ocr_carea' id='block_1_102' title="bbox 2171 3674 3851 3751">
    <p class='ocr_par' dir='ltr' id='par_1_102' title="bbox 2171 3674 3851 3751">
     <span class='ocr_line' id='line_1_102' title="bbox 2171 3674 3851 3751; baseline 0.006 -22"><span class='ocrx_word' id='word_1_694' title='bbox 2171 3674 2303 3731; x_wconf 78' lang='lat' dir='ltr'>cceli</span> <span class='ocrx_word' id='word_1_695' title='bbox 2324 3680 2380 3730; x_wconf 90' lang='lat' dir='ltr'>et</span> <span class='ocrx_word' id='word_1_696' title='bbox 2400 3680 2584 3743; x_wconf 86' lang='lat' dir='ltr'>terrae,</span> <span class='ocrx_word' id='word_1_697' title='bbox 2618 3680 2740 3732; x_wconf 80' lang='lat' dir='ltr'>Rex</span> <span class='ocrx_word' id='word_1_698' title='bbox 2776 3693 2988 3747; x_wconf 86' lang='lat' dir='ltr'>regum</span> <span class='ocrx_word' id='word_1_699' title='bbox 3017 3684 3074 3734; x_wconf 92' lang='lat' dir='ltr'>et</span> <span class='ocrx_word' id='word_1_700' title='bbox 3101 3680 3390 3736; x_wconf 90' lang='lat' dir='ltr'>Dominus</span> <span class='ocrx_word' id='word_1_701' title='bbox 3415 3680 3851 3751; x_wconf 87' lang='lat' dir='ltr'>dominorum,</span> 
     </span>
    </p>
   </div>
   <div class='ocr_carea' id='block_1_103' title="bbox 2173 3763 3853 3841">
    <p class='ocr_par' dir='ltr' id='par_1_103' title="bbox 2173 3763 3853 3841">
     <span class='ocr_line' id='line_1_103' title="bbox 2173 3763 3853 3841; baseline 0.004 -20"><span class='ocrx_word' id='word_1_702' title='bbox 2173 3763 2269 3821; x_wconf 93' lang='lat' dir='ltr'>Sol</span> <span class='ocrx_word' id='word_1_703' title='bbox 2301 3764 2562 3835; x_wconf 88' lang='lat' dir='ltr'>justitiae,</span> <span class='ocrx_word' id='word_1_704' title='bbox 2593 3764 2797 3821; x_wconf 91' lang='lat' dir='ltr'>lumen</span> <span class='ocrx_word' id='word_1_705' title='bbox 2825 3766 3249 3840; x_wconf 89' lang='lat' dir='ltr'>insuperabile,</span> <span class='ocrx_word' id='word_1_706' title='bbox 3281 3769 3437 3825; x_wconf 89' lang='lat' dir='ltr'>intra</span> <span class='ocrx_word' id='word_1_707' title='bbox 3483 3770 3757 3841; x_wconf 88' lang='lat' dir='ltr'>Virginis</span> <span class='ocrx_word' id='word_1_708' title='bbox 3784 3787 3853 3827; x_wconf 89' lang='lat' dir='ltr'>se</span> 
     </span>
    </p>
   </div>
   <div class='ocr_carea' id='block_1_104' title="bbox 2168 3852 3854 3931">
    <p class='ocr_par' dir='ltr' id='par_1_104' title="bbox 2168 3852 3854 3931">
     <span class='ocr_line' id='line_1_104' title="bbox 2168 3852 3854 3931; baseline 0.005 -21"><span class='ocrx_word' id='word_1_709' title='bbox 2168 3858 2332 3910; x_wconf 88' lang='lat' dir='ltr'>arcta</span> <span class='ocrx_word' id='word_1_710' title='bbox 2389 3852 2771 3910; x_wconf 90' lang='lat' dir='ltr'>concluderet</span> <span class='ocrx_word' id='word_1_711' title='bbox 2818 3858 3017 3929; x_wconf 85' lang='lat' dir='ltr'>septa!</span> <span class='ocrx_word' id='word_1_712' title='bbox 3076 3860 3119 3913; x_wconf 94' lang='grc' dir='ltr'><strong>Ο</strong></span> <span class='ocrx_word' id='word_1_713' title='bbox 3178 3874 3403 3931; x_wconf 87' lang='lat' dir='ltr'>magna</span> <span class='ocrx_word' id='word_1_714' title='bbox 3455 3864 3516 3915; x_wconf 89' lang='lat' dir='ltr'>et</span> <span class='ocrx_word' id='word_1_715' title='bbox 3573 3861 3854 3917; x_wconf 88' lang='lat' dir='ltr'>admira-</span> 
     </span>
    </p>
   </div>
   <div class='ocr_carea' id='block_1_105' title="bbox 2167 3941 3856 4017">
    <p class='ocr_par' dir='ltr' id='par_1_105' title="bbox 2167 3941 3856 4017">
     <span class='ocr_line' id='line_1_105' title="bbox 2167 3941 3856 4017; baseline 0.007 -21"><span class='ocrx_word' id='word_1_716' title='bbox 2167 3942 2301 3997; x_wconf 91' lang='lat' dir='ltr'>bilis</span> <span class='ocrx_word' id='word_1_717' title='bbox 2348 3941 2536 4015; x_wconf 86' lang='lat' dir='ltr'>ipsius</span> <span class='ocrx_word' id='word_1_718' title='bbox 2594 3944 2690 3998; x_wconf 92' lang='lat' dir='ltr'>Dei</span> <span class='ocrx_word' id='word_1_719' title='bbox 2751 3944 3114 4017; x_wconf 89' lang='lat' dir='ltr'>distributio,</span> <span class='ocrx_word' id='word_1_720' title='bbox 3167 3947 3290 4004; x_wconf 90' lang='lat' dir='ltr'>imo</span> <span class='ocrx_word' id='word_1_721' title='bbox 3368 3948 3717 4006; x_wconf 84' lang='lat' dir='ltr'>miseratio!</span> <span class='ocrx_word' id='word_1_722' title='bbox 3783 3955 3856 4006; x_wconf 85' lang='lat' dir='ltr'>ut</span> 
     </span>
    </p>
   </div>
   <div class='ocr_carea' id='block_1_106' title="bbox 2166 4032 3857 4107">
    <p class='ocr_par' dir='ltr' id='par_1_106' title="bbox 2166 4032 3857 4107">
     <span class='ocr_line' id='line_1_106' title="bbox 2166 4032 3857 4107; baseline 0.007 -21"><span class='ocrx_word' id='word_1_723' title='bbox 2166 4032 2325 4087; x_wconf 90' lang='lat' dir='ltr'>enim</span> <span class='ocrx_word' id='word_1_724' title='bbox 2374 4032 2810 4105; x_wconf 90' lang='lat' dir='ltr'>protoplastum</span> <span class='ocrx_word' id='word_1_725' title='bbox 2841 4041 3151 4107; x_wconf 86' lang='lat' dir='ltr'>parentem</span> <span class='ocrx_word' id='word_1_726' title='bbox 3180 4041 3237 4093; x_wconf 93' lang='lat' dir='ltr'>et</span> <span class='ocrx_word' id='word_1_727' title='bbox 3285 4040 3749 4097; x_wconf 85' lang='lat' dir='ltr'>successionem</span> <span class='ocrx_word' id='word_1_728' title='bbox 3781 4040 3857 4096; x_wconf 83' lang='lat' dir='ltr'>ﬁ-</span> 
     </span>
    </p>
   </div>
   <div class='ocr_carea' id='block_1_107' title="bbox 2165 4118 3856 4198">
    <p class='ocr_par' dir='ltr' id='par_1_107' title="bbox 2165 4118 3856 4198">
     <span class='ocr_line' id='line_1_107' title="bbox 2165 4118 3856 4198; baseline 0.009 -25"><span class='ocrx_word' id='word_1_729' title='bbox 2165 4118 2380 4175; x_wconf 89' lang='lat' dir='ltr'>liorum</span> <span class='ocrx_word' id='word_1_730' title='bbox 2421 4121 2551 4192; x_wconf 88' lang='lat' dir='ltr'>ejus</span> <span class='ocrx_word' id='word_1_731' title='bbox 2607 4121 2941 4196; x_wconf 89' lang='lat' dir='ltr'>innovaret,</span> <span class='ocrx_word' id='word_1_732' title='bbox 2971 4142 3155 4198; x_wconf 91' lang='lat' dir='ltr'>quem</span> <span class='ocrx_word' id='word_1_733' title='bbox 3185 4132 3420 4184; x_wconf 88' lang='lat' dir='ltr'>constat</span> <span class='ocrx_word' id='word_1_734' title='bbox 3447 4128 3529 4185; x_wconf 91' lang='lat' dir='ltr'>ob</span> <span class='ocrx_word' id='word_1_735' title='bbox 3560 4129 3686 4186; x_wconf 88' lang='lat' dir='ltr'>hoc</span> <span class='ocrx_word' id='word_1_736' title='bbox 3714 4131 3856 4188; x_wconf 73' lang='lat' dir='ltr'>edi-</span> 
     </span>
    </p>
   </div>
   <div class='ocr_carea' id='block_1_108' title="bbox 2166 4211 3856 4291">
    <p class='ocr_par' dir='ltr' id='par_1_108' title="bbox 2166 4211 3856 4291">
     <span class='ocr_line' id='line_1_108' title="bbox 2166 4211 3856 4291; baseline 0.009 -28"><span class='ocrx_word' id='word_1_737' title='bbox 2166 4212 2316 4276; x_wconf 92' lang='lat' dir='ltr'>tum,</span> <span class='ocrx_word' id='word_1_738' title='bbox 2346 4214 2413 4265; x_wconf 92' lang='lat' dir='ltr'>ut</span> <span class='ocrx_word' id='word_1_739' title='bbox 2438 4211 2913 4283; x_wconf 86' lang='lat' dir='ltr'>superbientium</span> <span class='ocrx_word' id='word_1_740' title='bbox 2961 4215 3313 4287; x_wconf 86' lang='lat' dir='ltr'>angelorum</span> <span class='ocrx_word' id='word_1_741' title='bbox 3361 4218 3680 4291; x_wconf 87' lang='lat' dir='ltr'>suppleret</span> <span class='ocrx_word' id='word_1_742' title='bbox 3732 4238 3856 4277; x_wconf 88' lang='lat' dir='ltr'>nu-</span> 
     </span>
    </p>
   </div>
   <div class='ocr_carea' id='block_1_109' title="bbox 2165 4300 3855 4380">
    <p class='ocr_par' dir='ltr' id='par_1_109' title="bbox 2165 4300 3855 4380">
     <span class='ocr_line' id='line_1_109' title="bbox 2165 4300 3855 4380; baseline 0.009 -29"><span class='ocrx_word' id='word_1_743' title='bbox 2165 4313 2401 4352; x_wconf 92' lang='lat' dir='ltr'>merum</span> <span class='ocrx_word' id='word_1_744' title='bbox 2467 4304 2524 4354; x_wconf 92' lang='lat' dir='ltr'>et</span> <span class='ocrx_word' id='word_1_745' title='bbox 2570 4300 2863 4370; x_wconf 91' lang='lat' dir='ltr'>ordinem,</span> <span class='ocrx_word' id='word_1_746' title='bbox 2922 4319 3044 4360; x_wconf 90' lang='lat' dir='ltr'>non</span> <span class='ocrx_word' id='word_1_747' title='bbox 3101 4304 3345 4377; x_wconf 89' lang='lat' dir='ltr'>indigne</span> <span class='ocrx_word' id='word_1_748' title='bbox 3386 4307 3639 4380; x_wconf 85' lang='lat' dir='ltr'>pertth</span> <span class='ocrx_word' id='word_1_749' title='bbox 3680 4310 3855 4367; x_wconf 84' lang='lat' dir='ltr'>intra</span> 
     </span>
    </p>
   </div>
   <div class='ocr_carea' id='block_1_110' title="bbox 2163 4385 3855 4467">
    <p class='ocr_par' dir='ltr' id='par_1_110' title="bbox 2163 4385 3855 4467">
     <span class='ocr_line' id='line_1_110' title="bbox 2163 4385 3855 4467; baseline 0.01 -28"><span class='ocrx_word' id='word_1_750' title='bbox 2163 4385 2418 4453; x_wconf 85' lang='lat' dir='ltr'>Virginis</span> <span class='ocrx_word' id='word_1_751' title='bbox 2449 4387 2650 4444; x_wconf 91' lang='lat' dir='ltr'>alvum</span> <span class='ocrx_word' id='word_1_752' title='bbox 2680 4390 2909 4446; x_wconf 69' lang='lat' dir='ltr'>ccelitus</span> <span class='ocrx_word' id='word_1_753' title='bbox 2939 4408 3000 4448; x_wconf 90' lang='lat' dir='ltr'>se</span> <span class='ocrx_word' id='word_1_754' title='bbox 3048 4395 3375 4467; x_wconf 90' lang='lat' dir='ltr'>corporari,</span> <span class='ocrx_word' id='word_1_755' title='bbox 3407 4400 3473 4451; x_wconf 88' lang='lat' dir='ltr'>ut</span> <span class='ocrx_word' id='word_1_756' title='bbox 3519 4400 3855 4455; x_wconf 88' lang='lat' dir='ltr'>consocia-</span> 
     </span>
    </p>
   </div>
   <div class='ocr_carea' id='block_1_111' title="bbox 2162 4473 3853 4545">
    <p class='ocr_par' dir='ltr' id='par_1_111' title="bbox 2162 4473 3853 4545">
     <span class='ocr_line' id='line_1_111' title="bbox 2162 4473 3853 4545; baseline 0.009 -16"><span class='ocrx_word' id='word_1_757' title='bbox 2162 4473 2282 4530; x_wconf 93' lang='lat' dir='ltr'>lem</span> <span class='ocrx_word' id='word_1_758' title='bbox 2322 4474 2580 4533; x_wconf 87' lang='lat' dir='ltr'>formam</span> <span class='ocrx_word' id='word_1_759' title='bbox 2634 4495 2757 4535; x_wconf 90' lang='lat' dir='ltr'>non</span> <span class='ocrx_word' id='word_1_760' title='bbox 2806 4482 3136 4539; x_wconf 90' lang='lat' dir='ltr'>secundum</span> <span class='ocrx_word' id='word_1_761' title='bbox 3190 4484 3411 4542; x_wconf 81' lang='lat' dir='ltr'>divinae</span> <span class='ocrx_word' id='word_1_762' title='bbox 3470 4486 3853 4545; x_wconf 72' lang='lat' dir='ltr'>substantiae</span> 
     </span>
    </p>
   </div>
   <div class='ocr_carea' id='block_1_112' title="bbox 2162 4564 3854 4650">
    <p class='ocr_par' dir='ltr' id='par_1_112' title="bbox 2162 4564 3854 4650">
     <span class='ocr_line' id='line_1_112' title="bbox 2162 4564 3854 4650; baseline 0.01 -31"><span class='ocrx_word' id='word_1_763' title='bbox 2162 4564 2562 4637; x_wconf 89' lang='lat' dir='ltr'>quantitatem</span> <span class='ocrx_word' id='word_1_764' title='bbox 2586 4567 2678 4623; x_wconf 90' lang='lat' dir='ltr'>vel</span> <span class='ocrx_word' id='word_1_765' title='bbox 2704 4570 3079 4641; x_wconf 86' lang='lat' dir='ltr'>qualitatem,</span> <span class='ocrx_word' id='word_1_766' title='bbox 3112 4573 3217 4629; x_wconf 91' lang='lat' dir='ltr'>sed</span> <span class='ocrx_word' id='word_1_767' title='bbox 3242 4574 3415 4645; x_wconf 81' lang='lat' dir='ltr'>juxta</span> <span class='ocrx_word' id='word_1_768' title='bbox 3462 4592 3854 4650; x_wconf 88' lang='lat' dir='ltr'>corporeum</span> 
     </span>
    </p>
   </div>
   <div class='ocr_carea' id='block_1_113' title="bbox 2160 4653 3851 4742">
    <p class='ocr_par' dir='ltr' id='par_1_113' title="bbox 2160 4653 3851 4742">
     <span class='ocr_line' id='line_1_113' title="bbox 2160 4653 3851 4742; baseline 0.009 -33"><span class='ocrx_word' id='word_1_769' title='bbox 2160 4653 2595 4712; x_wconf 86' lang='lat' dir='ltr'>incrementum</span> <span class='ocrx_word' id='word_1_770' title='bbox 2621 4658 2851 4732; x_wconf 89' lang='lat' dir='ltr'>absque</span> <span class='ocrx_word' id='word_1_771' title='bbox 2879 4661 3120 4717; x_wconf 89' lang='lat' dir='ltr'>macula</span> <span class='ocrx_word' id='word_1_772' title='bbox 3148 4663 3378 4735; x_wconf 90' lang='lat' dir='ltr'>peccati</span> <span class='ocrx_word' id='word_1_773' title='bbox 3404 4665 3521 4721; x_wconf 90' lang='lat' dir='ltr'>sibi</span> <span class='ocrx_word' id='word_1_774' title='bbox 3573 4684 3851 4742; x_wconf 85' lang='lat' dir='ltr'>compa.-</span> 
     </span>
    </p>
   </div>
   <div class='ocr_carea' id='block_1_114' title="bbox 2161 4746 3848 4825">
    <p class='ocr_par' dir='ltr' id='par_1_114' title="bbox 2161 4746 3848 4825">
     <span class='ocr_line' id='line_1_114' title="bbox 2161 4746 3848 4825; baseline 0.011 -27"><span class='ocrx_word' id='word_1_775' title='bbox 2161 4748 2323 4799; x_wconf 91' lang='lat' dir='ltr'>ctum</span> <span class='ocrx_word' id='word_1_776' title='bbox 2344 4760 2414 4801; x_wconf 93' lang='lat' dir='ltr'>eo</span> <span class='ocrx_word' id='word_1_777' title='bbox 2436 4746 2685 4816; x_wconf 87' lang='lat' dir='ltr'>erigeret</span> <span class='ocrx_word' id='word_1_778' title='bbox 2707 4748 2867 4805; x_wconf 91' lang='lat' dir='ltr'>unde</span> <span class='ocrx_word' id='word_1_779' title='bbox 2896 4755 2953 4804; x_wconf 94' lang='lat' dir='ltr'>et</span> <span class='ocrx_word' id='word_1_780' title='bbox 2977 4767 3190 4807; x_wconf 89' lang='lat' dir='ltr'>suasor</span> <span class='ocrx_word' id='word_1_781' title='bbox 3217 4757 3275 4809; x_wconf 88' lang='lat' dir='ltr'>et</span> <span class='ocrx_word' id='word_1_782' title='bbox 3322 4752 3419 4809; x_wconf 90' lang='lat' dir='ltr'>ille</span> <span class='ocrx_word' id='word_1_783' title='bbox 3478 4758 3848 4825; x_wconf 74' lang='lat' dir='ltr'>succubuit,</span> 
     </span>
    </p>
   </div>
   <div class='ocr_carea' id='block_1_115' title="bbox 2158 4832 3846 4915">
    <p class='ocr_par' dir='ltr' id='par_1_115' title="bbox 2158 4832 3846 4915">
     <span class='ocr_line' id='line_1_115' title="bbox 2158 4832 3846 4915; baseline 0.009 -29"><span class='ocrx_word' id='word_1_784' title='bbox 2158 4832 2392 4904; x_wconf 89' lang='lat' dir='ltr'>perﬁda</span> <span class='ocrx_word' id='word_1_785' title='bbox 2419 4834 2795 4892; x_wconf 88' lang='lat' dir='ltr'>fraudatione</span> <span class='ocrx_word' id='word_1_786' title='bbox 2836 4840 3115 4913; x_wconf 88' lang='lat' dir='ltr'>praecepti</span> <span class='ocrx_word' id='word_1_787' title='bbox 3171 4845 3423 4915; x_wconf 91' lang='lat' dir='ltr'>uterque</span> <span class='ocrx_word' id='word_1_788' title='bbox 3449 4844 3691 4914; x_wconf 88' lang='lat' dir='ltr'>ejectus</span> <span class='ocrx_word' id='word_1_789' title='bbox 3721 4852 3846 4904; x_wconf 86' lang='lat' dir='ltr'>est.</span> 
     </span>
    </p>
   </div>
   <div class='ocr_carea' id='block_1_116' title="bbox 2159 4922 3854 4998">
    <p class='ocr_par' dir='ltr' id='par_1_116' title="bbox 2159 4922 3854 4998">
     <span class='ocr_line' id='line_1_116' title="bbox 2159 4922 3854 4998; baseline 0.01 -22"><span class='ocrx_word' id='word_1_790' title='bbox 2159 4922 2304 4977; x_wconf 91' lang='lat' dir='ltr'>Ecce</span> <span class='ocrx_word' id='word_1_791' title='bbox 2334 4922 2535 4995; x_wconf 90' lang='lat' dir='ltr'>itaque</span> <span class='ocrx_word' id='word_1_792' title='bbox 2564 4925 2759 4981; x_wconf 89' lang='lat' dir='ltr'>cuncti</span> <span class='ocrx_word' id='word_1_793' title='bbox 2786 4928 2890 4998; x_wconf 92' lang='lat' dir='ltr'>qui</span> <span class='ocrx_word' id='word_1_794' title='bbox 2919 4928 2997 4983; x_wconf 91' lang='lat' dir='ltr'>ad</span> <span class='ocrx_word' id='word_1_795' title='bbox 3052 4945 3287 4986; x_wconf 91' lang='lat' dir='ltr'>sacram</span> <span class='ocrx_word' id='word_1_796' title='bbox 3333 4934 3684 4992; x_wconf 88' lang='lat' dir='ltr'>convenitis</span> <span class='ocrx_word' id='word_1_797' title='bbox 3712 4937 3854 4993; x_wconf 86' lang='lat' dir='ltr'>Vir-</span> 
     </span>
    </p>
   </div>
   <div class='ocr_carea' id='block_1_117' title="bbox 2158 5010 3849 5092">
    <p class='ocr_par' dir='ltr' id='par_1_117' title="bbox 2158 5010 3849 5092">
     <span class='ocr_line' id='line_1_117' title="bbox 2158 5010 3849 5092; baseline 0.011 -27"><span class='ocrx_word' id='word_1_798' title='bbox 2158 5010 2312 5082; x_wconf 90' lang='lat' dir='ltr'>ginis</span> <span class='ocrx_word' id='word_1_799' title='bbox 2363 5013 2753 5085; x_wconf 89' lang='lat' dir='ltr'>nativitatem,</span> <span class='ocrx_word' id='word_1_800' title='bbox 2812 5032 3022 5073; x_wconf 91' lang='lat' dir='ltr'>omnes</span> <span class='ocrx_word' id='word_1_801' title='bbox 3101 5035 3423 5092; x_wconf 88' lang='lat' dir='ltr'>corporeos</span> <span class='ocrx_word' id='word_1_802' title='bbox 3498 5023 3849 5083; x_wconf 87' lang='lat' dir='ltr'>vobiscum</span> 
     </span>
    </p>
   </div>
   <div class='ocr_carea' id='block_1_118' title="bbox 2157 5100 3851 5178">
    <p class='ocr_par' dir='ltr' id='par_1_118' title="bbox 2157 5100 3851 5178">
     <span class='ocr_line' id='line_1_118' title="bbox 2157 5100 3851 5178; baseline 0.011 -24"><span class='ocrx_word' id='word_1_803' title='bbox 2157 5100 2378 5156; x_wconf 76' lang='lat' dir='ltr'>affertis</span> <span class='ocrx_word' id='word_1_804' title='bbox 2401 5118 2631 5169; x_wconf 89' lang='lat' dir='ltr'>sensus,</span> <span class='ocrx_word' id='word_1_805' title='bbox 2663 5102 2927 5160; x_wconf 89' lang='lat' dir='ltr'>fortassis</span> <span class='ocrx_word' id='word_1_806' title='bbox 2953 5111 3010 5162; x_wconf 92' lang='lat' dir='ltr'>et</span> <span class='ocrx_word' id='word_1_807' title='bbox 3047 5108 3176 5178; x_wconf 89' lang='lat' dir='ltr'>jam</span> <span class='ocrx_word' id='word_1_808' title='bbox 3227 5125 3351 5165; x_wconf 92' lang='lat' dir='ltr'>non</span> <span class='ocrx_word' id='word_1_809' title='bbox 3389 5109 3627 5171; x_wconf 90' lang='lat' dir='ltr'>desunt</span> <span class='ocrx_word' id='word_1_810' title='bbox 3655 5116 3851 5172; x_wconf 84' lang='lat' dir='ltr'>vobis</span> 
     </span>
    </p>
   </div>
   <div class='ocr_carea' id='block_1_119' title="bbox 2155 5188 3849 5275">
    <p class='ocr_par' dir='ltr' id='par_1_119' title="bbox 2155 5188 3849 5275">
     <span class='ocr_line' id='line_1_119' title="bbox 2155 5188 3849 5275; baseline 0.012 -32"><span class='ocrx_word' id='word_1_811' title='bbox 2155 5188 2458 5245; x_wconf 90' lang='lat' dir='ltr'>interiores</span> <span class='ocrx_word' id='word_1_812' title='bbox 2489 5191 2684 5247; x_wconf 91' lang='lat' dir='ltr'>cordis</span> <span class='ocrx_word' id='word_1_813' title='bbox 2726 5192 3073 5252; x_wconf 90' lang='lat' dir='ltr'>intellectus.</span> <span class='ocrx_word' id='word_1_814' title='bbox 3108 5197 3279 5255; x_wconf 85' lang='lat' dir='ltr'>Haud</span> <span class='ocrx_word' id='word_1_815' title='bbox 3314 5199 3584 5258; x_wconf 87' lang='lat' dir='ltr'>dubium</span> <span class='ocrx_word' id='word_1_816' title='bbox 3642 5206 3849 5275; x_wconf 88' lang='lat' dir='ltr'>enim,</span> 
     </span>
    </p>
   </div>
   <div class='ocr_carea' id='block_1_120' title="bbox 2154 5278 3851 5370">
    <p class='ocr_par' dir='ltr' id='par_1_120' title="bbox 2154 5278 3851 5370">
     <span class='ocr_line' id='line_1_120' title="bbox 2154 5278 3851 5370; baseline 0.014 -39"><span class='ocrx_word' id='word_1_817' title='bbox 2154 5294 2294 5333; x_wconf 92' lang='lat' dir='ltr'>cum</span> <span class='ocrx_word' id='word_1_818' title='bbox 2318 5278 2661 5370; x_wconf 82' lang='lat' dir='ltr'>dispertitor</span> <span class='ocrx_word' id='word_1_819' title='bbox 2688 5298 2932 5339; x_wconf 89' lang='lat' dir='ltr'>suarum</span> <span class='ocrx_word' id='word_1_820' title='bbox 2972 5285 3260 5342; x_wconf 88' lang='lat' dir='ltr'>virtutum</span> <span class='ocrx_word' id='word_1_821' title='bbox 3307 5305 3851 5370; x_wconf 85' lang='lat' dir='ltr'>unumquemque</span> 
     </span>
    </p>
   </div>
   <div class='ocr_carea' id='block_1_121' title="bbox 2152 5367 3851 5455">
    <p class='ocr_par' dir='ltr' id='par_1_121' title="bbox 2152 5367 3851 5455">
     <span class='ocr_line' id='line_1_121' title="bbox 2152 5367 3851 5455; baseline 0.014 -37"><span class='ocrx_word' id='word_1_822' title='bbox 2152 5369 2415 5421; x_wconf 89' lang='lat' dir='ltr'>vestrum</span> <span class='ocrx_word' id='word_1_823' title='bbox 2442 5383 2552 5422; x_wconf 91' lang='lat' dir='ltr'>suo</span> <span class='ocrx_word' id='word_1_824' title='bbox 2589 5367 2896 5425; x_wconf 88' lang='lat' dir='ltr'>donaverit</span> <span class='ocrx_word' id='word_1_825' title='bbox 2939 5372 3122 5439; x_wconf 84' lang='lat' dir='ltr'>dono,</span> <span class='ocrx_word' id='word_1_826' title='bbox 3154 5376 3259 5447; x_wconf 90' lang='lat' dir='ltr'>qui</span> <span class='ocrx_word' id='word_1_827' title='bbox 3291 5376 3399 5433; x_wconf 86' lang='lat' dir='ltr'>scit</span> <span class='ocrx_word' id='word_1_828' title='bbox 3455 5378 3521 5436; x_wconf 89' lang='lat' dir='ltr'>in</span> <span class='ocrx_word' id='word_1_829' title='bbox 3572 5367 3851 5455; x_wconf 63' lang='lat' dir='ltr'>singulis</span> 
     </span>
    </p>
   </div>
   <div class='ocr_carea' id='block_1_122' title="bbox 2150 5453 3849 5549">
    <p class='ocr_par' dir='ltr' id='par_1_122' title="bbox 2150 5453 3849 5549">
     <span class='ocr_line' id='line_1_122' title="bbox 2150 5453 3849 5549; baseline 0.015 -43"><span class='ocrx_word' id='word_1_830' title='bbox 2150 5453 2233 5549; x_wconf 77' lang='lat' dir='ltr'>ita</span> <span class='ocrx_word' id='word_1_831' title='bbox 2260 5453 2567 5549; x_wconf 82' lang='lat' dir='ltr'>dispertire</span> <span class='ocrx_word' id='word_1_832' title='bbox 2574 5472 2707 5549; x_wconf 39' lang='lat' dir='ltr'>“sua</span> <span class='ocrx_word' id='word_1_833' title='bbox 2731 5458 2893 5515; x_wconf 91' lang='lat' dir='ltr'>dona</span> <span class='ocrx_word' id='word_1_834' title='bbox 2921 5466 2979 5517; x_wconf 91' lang='lat' dir='ltr'>et</span> <span class='ocrx_word' id='word_1_835' title='bbox 3028 5479 3281 5520; x_wconf 76' lang='lat' dir='ltr'>numera</span> <span class='ocrx_word' id='word_1_836' title='bbox 3320 5474 3507 5538; x_wconf 90' lang='lat' dir='ltr'>prout</span> <span class='ocrx_word' id='word_1_837' title='bbox 3563 5453 3849 5549; x_wconf 81' lang='lat' dir='ltr'>quisque</span> 
     </span>
    </p>
   </div>
   <div class='ocr_carea' id='block_1_123' title="bbox 2150 5541 3851 5633">
    <p class='ocr_par' dir='ltr' id='par_1_123' title="bbox 2150 5541 3851 5633">
     <span class='ocr_line' id='line_1_123' title="bbox 2150 5541 3851 5633; baseline 0.016 -38"><span class='ocrx_word' id='word_1_838' title='bbox 2150 5541 2404 5633; x_wconf 85' lang='lat' dir='ltr'>laborat,</span> <span class='ocrx_word' id='word_1_839' title='bbox 2438 5547 2501 5598; x_wconf 91' lang='lat' dir='ltr'>ut</span> <span class='ocrx_word' id='word_1_840' title='bbox 2530 5544 2816 5603; x_wconf 81' lang='lat' dir='ltr'>efﬁciatur</span> <span class='ocrx_word' id='word_1_841' title='bbox 2839 5550 2969 5619; x_wconf 91' lang='lat' dir='ltr'>ejus</span> <span class='ocrx_word' id='word_1_842' title='bbox 3018 5551 3461 5614; x_wconf 72' lang='lat' dir='ltr'>habitaculum.</span> <span class='ocrx_word' id='word_1_843' title='bbox 3528 5541 3851 5633; x_wconf 64' lang='lat' dir='ltr'>operatur</span> 
     </span>
    </p>
   </div>
   <div class='ocr_carea' id='block_1_124' title="bbox 2151 5631 3855 5728">
    <p class='ocr_par' dir='ltr' id='par_1_124' title="bbox 2151 5631 3855 5728">
     <span class='ocr_line' id='line_1_124' title="bbox 2151 5631 3855 5728; baseline 0.016 -43"><span class='ocrx_word' id='word_1_844' title='bbox 2151 5634 2350 5728; x_wconf 75' lang='lat' dir='ltr'>autem</span> <span class='ocrx_word' id='word_1_845' title='bbox 2373 5631 2508 5728; x_wconf 83' lang='lat' dir='ltr'>hoc,</span> <span class='ocrx_word' id='word_1_846' title='bbox 2540 5638 2603 5689; x_wconf 94' lang='lat' dir='ltr'>ut</span> <span class='ocrx_word' id='word_1_847' title='bbox 2630 5635 2714 5728; x_wconf 87' lang='lat' dir='ltr'>ait</span> <span class='ocrx_word' id='word_1_848' title='bbox 2728 5639 3072 5728; x_wconf 58' lang='lat' dir='ltr'>_Apostolus,</span> <span class='ocrx_word' id='word_1_849' title='bbox 3115 5657 3272 5697; x_wconf 88' lang='lat' dir='ltr'>unus</span> <span class='ocrx_word' id='word_1_850' title='bbox 3297 5647 3487 5716; x_wconf 87' lang='lat' dir='ltr'>atque</span> <span class='ocrx_word' id='word_1_851' title='bbox 3517 5631 3687 5708; x_wconf 75' lang='lat' dir='ltr'>idem</span> <span class='ocrx_word' id='word_1_852' title='bbox 3703 5656 3855 5728; x_wconf 83' lang='lat' dir='ltr'>Spi—</span> 
     </span>
    </p>
   </div>
   <div class='ocr_carea' id='block_1_125' title="bbox 2148 5719 3853 5802">
    <p class='ocr_par' dir='ltr' id='par_1_125' title="bbox 2148 5719 3853 5802">
     <span class='ocr_line' id='line_1_125' title="bbox 2148 5719 3853 5802; baseline 0.017 -28"><span class='ocrx_word' id='word_1_853' title='bbox 2148 5719 2314 5789; x_wconf 89' lang='lat' dir='ltr'>ritus,</span> <span class='ocrx_word' id='word_1_854' title='bbox 2341 5721 2446 5794; x_wconf 89' lang='lat' dir='ltr'>qui</span> <span class='ocrx_word' id='word_1_855' title='bbox 2462 5721 2524 5778; x_wconf 93' lang='lat' dir='ltr'>in</span> <span class='ocrx_word' id='word_1_856' title='bbox 2545 5724 2773 5780; x_wconf 88' lang='lat' dir='ltr'>cunctis</span> <span class='ocrx_word' id='word_1_857' title='bbox 2801 5728 3135 5786; x_wconf 87' lang='lat' dir='ltr'>secundum</span> <span class='ocrx_word' id='word_1_858' title='bbox 3156 5731 3502 5800; x_wconf 77' lang='lat' dir='ltr'>gratiarum</span> <span class='ocrx_word' id='word_1_859' title='bbox 3524 5719 3853 5802; x_wconf 71' lang='lat' dir='ltr'>rationem</span> 
     </span>
    </p>
   </div>
  </div>
