3904 6386
55 310 162 363 329

1333 305 1696 363 SERMONES
1733 304 1827 359 AD
1866 307 2212 364 POPULUM.

3382 320 3486 371 330

54 432 375 502 spargitur,
418 434 473 484 et
518 429 579 483 in
624 428 871 497 singulis
921 429 1091 483 unice
1140 428 1456 485 invenitur.
1505 428 1713 495 Erigite
1744 438 1790 488 Α
1829 429 2080 484 Insultas
2110 430 2367 503 denique
2398 432 2449 486 ei
2490 433 2674 488 modo
2720 435 2824 505 qui
2873 439 2926 489 te
2968 436 3199 491 dudum
3248 455 3355 493 suo
3392 456 3486 493 ve-

52 535 200 588 ergo
231 523 458 573 mentes
490 523 713 571 vestras
762 518 838 571 ad
888 518 1197 589 praesentis
1250 519 1456 573 matris
1506 517 1717 572 festivi-

52 612 260 673 tatem,
305 611 365 661 ut
397 606 626 660 nullum
658 606 871 660 mentis
904 606 993 660 vel
1037 606 1304 677 corporis
1347 606 1717 662 domicilium

52 711 162 749 seu
189 693 464 763 jubilatio
504 691 882 759 inveniatur,
908 710 1041 765 qua:
1082 710 1205 749 non
1238 699 1359 749 tota
1402 698 1718 765 concrepet

50 782 113 836 in
154 786 356 837 tamen
406 780 691 852 praeclara
736 781 1164 852 procreatione.
1224 782 1612 852 Congaudeat
1655 782 1713 836 in

50 872 170 925 hac
202 868 536 925 celebritate
562 874 805 941 uterque
838 887 1013 925 sexus
1040 875 1096 925 et
1125 870 1389 926 conditio
1435 872 1713 926 domino-

51 976 194 1014 rum
226 975 331 1013 seu
372 944 798 1027 subjectorum,
849 958 991 1030 quia
1050 975 1154 1030 per
1210 959 1366 1014 hanc
1420 960 1712 1028 Virginem

50 1054 451 1118 utrorumque
495 1047 653 1102 venit
706 1048 1054 1120 redemptio,
1090 1048 1309 1103 scilicet
1360 1048 1712 1104 immacula-

51 1143 147 1191 tus
178 1135 466 1192 Dominus
506 1136 822 1191 carnaliter
869 1137 1150 1208 prodiens
1195 1138 1267 1193 de
1328 1138 1478 1193 illius
1523 1142 1709 1193 utero.

50 1226 366 1282 Gaudeant
396 1242 566 1281 senes
600 1229 714 1280 Deo
746 1226 1067 1298 placentes,
1120 1229 1408 1299 quoniam
1452 1227 1528 1282 ab
1575 1227 1713 1283 aula

48 1315 187 1371 coeli
218 1314 527 1370 descendit
555 1314 648 1369 ille
678 1314 740 1369 in
770 1314 897 1383 ejus
929 1315 1137 1386 puellae
1169 1316 1417 1383 viscera,
1451 1317 1555 1388 qui
1604 1332 1711 1371 no-

44 1402 129 1456 vit
180 1418 305 1457 non
346 1402 529 1457 modo
560 1403 794 1457 animas
849 1408 1098 1472 tantum,
1146 1406 1534 1461 verumetiam
1584 1420 1713 1461 cor-

44 1507 227 1563 pora,
276 1491 354 1546 ad
408 1492 715 1546 meliorem
758 1492 1134 1562 juventutem
1188 1494 1400 1549 referre
1448 1510 1484 1549 a
1536 1495 1714 1550 veteri

44 1580 251 1646 ruina,
274 1580 445 1649 juxta
487 1581 839 1636 sententiam
879 1582 1244 1652 Davidicam,
1302 1584 1713 1640 Renovabitur

44 1676 115 1724 ut
148 1671 373 1739 aquilae
391 1672 678 1738 juventus
710 1677 813 1727 tua
867 1671 1053 1742 (Psal.
1107 1688 1200 1738 eu,
1255 1677 1352 1739 5):
1412 1671 1714 1727 Imitentur

1824 516 2016 572 neﬁco
2048 534 2229 573 suasu
2268 519 2569 588 infecerat,
2602 522 2745 593 quia
2784 523 2973 578 habes
3005 530 3175 581 tuum
3228 528 3483 599 plastem

1824 605 1946 661 sive
1975 612 2283 679 parentem
2312 609 2661 681 propitium,
2690 611 2793 682 qui
2825 628 2933 666 suo
2962 614 3266 686 triumpho
3300 617 3485 671 nobili

1821 711 2139 767 procacem
2178 698 2515 754 exturbavit
2566 699 2647 753 tui
2702 700 2888 755 hostis
2934 701 3331 760 dominatum.
3384 707 3485 761 Exi

1821 798 2005 853 nunc,
2032 801 2068 839 ο
2099 784 2277 840 fallax
2309 791 2366 841 et
2394 787 2669 844 inventor
2718 789 2944 860 antiqui
2998 789 3280 856 criminis,
3314 807 3349 845 a
3394 808 3483 845 se-

1822 871 2023 927 cundo
2054 874 2234 929 noxio
2264 891 2430 943 sexu,
2461 876 2605 947 quia
2631 876 2756 948 ipse
2788 878 2891 949 qui
2913 878 3039 933 sine
3061 878 3283 933 carnali
3305 895 3483 935 onere

1821 961 1899 1017 ab
1921 962 2134 1017 eodem
2184 963 2498 1034 pullulavit
2544 965 2773 1033 ordine,
2816 983 2990 1021 suam
3036 968 3212 1022 hodie
3257 968 3485 1036 genitri-

1821 1061 1951 1100 cem
1978 1046 2153 1101 istam
2188 1047 2322 1102 fecit
2352 1049 2589 1119 prodire
2620 1050 2681 1104 in
2708 1050 2925 1107 lucem.
2968 1055 3201 1107 Terreat
3249 1057 3301 1107 te
3346 1068 3481 1124 pro-

1822 1134 1918 1187 cul
1949 1134 2225 1189 secundae
2254 1136 2506 1205 Virginis
2541 1137 2614 1191 de
2648 1138 2797 1193 coelo
2828 1139 3096 1208 collapsa
3125 1140 3477 1207 benedictio,

1820 1222 1923 1294 qui
1952 1221 2183 1277 laetatus
2211 1240 2273 1278 es
2305 1224 2366 1278 in
2398 1224 2605 1295 prima;
2627 1226 2867 1293 virginis
2913 1228 3257 1299 opprobrio.
3307 1233 3480 1284 Nam-

1820 1326 1938 1383 que
1967 1311 2071 1383 qui
2102 1312 2409 1381 gaudebas
2440 1313 2499 1368 in
2532 1315 2779 1371 articulo
2813 1315 3168 1371 conditionis
3200 1318 3479 1372 humanm

1819 1398 2047 1471 primos
2077 1416 2249 1457 asuo
2298 1401 2449 1457 felici
2498 1403 2759 1458 incolatu
2809 1404 3155 1459 exturbasse
3206 1405 3475 1475 colonos,

1820 1503 1983 1542 nunc
2014 1504 2050 1543 a
2084 1489 2351 1544 secundo
2381 1490 2623 1546 homine
2645 1491 2767 1546 ﬁlio
2816 1491 3065 1560 Virginis
3103 1498 3336 1547 aeternae
3376 1509 3476 1547 ex-

1822 1575 2141 1632 sultatione
2173 1593 2362 1632 nexus
2394 1594 2475 1633 es.

1894 1664 2201 1734 Quocirca,
2234 1666 2525 1721 habentes
2553 1667 2631 1723 ob
2663 1666 2869 1723 oculos
2912 1668 3326 1723 sacratissimm
3364 1670 3477 1723 Vir-

44 1759 234 1814 etiam
262 1758 445 1813 ﬁdem
475 1760 859 1832 antiquorum
892 1764 1149 1828 Patrum,
1203 1778 1274 1817 ex
1317 1777 1438 1833 qua
1484 1765 1713 1816 constat

1894 1752 1974 1807 nis
2027 1754 2464 1810 sanctissimam
2523 1755 2637 1809 diei
2704 1756 3169 1825 venerationem,
3228 1773 3351 1811 non
3417 1757 3475 1812 in

43 1847 184 1903 illos
202 1846 503 1919 placuisse
523 1849 659 1914 Deo,
685 1864 793 1903 nec
816 1865 851 1903 a
871 1849 1164 1904 memoria
1184 1848 1420 1904 illorum
1438 1849 1709 1918 refugiat,

44 1935 348 2007 quoniam
378 1952 484 2007 per
507 1936 687 2007 hujus
718 1937 967 2006 Virginis
1014 1942 1257 2009 partum
1288 1938 1465 1993 etiam
1508 1938 1567 1993 in
1615 1953 1712 1992 ex-

48 2029 247 2079 trema
280 2038 486 2078 eorum
521 2029 673 2080 sorte
718 2026 1062 2081 conceditur
1106 2026 1220 2081 illis
1250 2026 1517 2097 repetitio
1556 2042 1711 2080 vera:

47 2112 285 2168 salutis.
321 2115 611 2168 Laetentur
634 2114 885 2184 juvenes
916 2113 1096 2170 fortes
1145 2115 1207 2169 in
1253 2114 1367 2170 hac
1408 2114 1524 2182 die,
1565 2130 1711 2187 quo-

46 2201 218 2257 niam
240 2201 417 2257 hodie
448 2202 668 2274 prodiit
698 2202 758 2257 in
787 2203 946 2259 hanc
974 2203 1170 2260 lucem
1201 2204 1394 2275 Virgo,
1421 2220 1493 2260 ex
1538 2205 1710 2273 cujus

46 2290 295 2346 secretis
329 2295 507 2346 natus
535 2296 622 2346 est
644 2291 900 2362 juvenis,
935 2293 1241 2364 speciosus
1270 2309 1388 2365 prae
1419 2292 1574 2349 natis
1604 2294 1711 2348 ho-

46 2380 312 2447 minum,
364 2379 438 2435 de
469 2381 641 2451 cujus
671 2380 844 2436 labiis
892 2381 1111 2437 diffusa
1141 2386 1229 2437 est
1279 2383 1476 2438 omnis
1524 2382 1713 2453 gratia

46 2470 283 2541 perlata
312 2485 417 2541 per
440 2470 874 2542 quadripartita
901 2472 1112 2527 mundi
1143 2472 1401 2528 climata.
1430 2473 1711 2528 Virtutem

46 2574 299 2632 quoque
331 2559 595 2631 corporis
634 2560 695 2615 in
745 2560 929 2615 animi
974 2562 1241 2632 vigorem
1295 2566 1709 2625 transmutent,

46 2654 105 2705 et
127 2665 241 2722 per
264 2649 445 2719 hujus
475 2666 658 2704 sacrae
688 2644 942 2719 Virginis
964 2650 1272 2707 obtentum
1290 2668 1461 2707 suam
1484 2652 1712 2709 Christo

46 2737 481 2793 commendent
532 2738 924 2808 juventutem.
988 2740 1473 2808 Congratulenter
1531 2740 1708 2795 etiam

46 2826 223 2897 pueri
278 2829 335 2880 et
377 2824 631 2880 infantes
680 2826 739 2880 in
769 2826 950 2896 hujus
994 2828 1253 2882 maxime
1284 2827 1497 2899 puellee
1545 2827 1709 2882 initio

48 2932 164 2971 sua
197 2913 427 2970 Christo
457 2919 511 2969 et
542 2914 732 2970 Mariae
761 2915 1026 2970 dicantes
1059 2917 1381 2971 crescentia
1412 2916 1706 2986 membra,

47 3003 348 3076 quoniam
372 3002 599 3059 habent
626 3019 880 3075 puerum
904 3004 1206 3074 castitatis,
1235 3010 1291 3060 et
1311 3005 1579 3078 puritatis
1601 3005 1709 3060 mi-

1818 1841 2146 1897 mundanis
2190 1842 2399 1898 laetitiis
2432 1848 2696 1899 exercete
2747 1846 2929 1901 corda
2979 1850 3190 1912 vestra,
3248 1846 3353 1900 sed
3393 1850 3476 1901 to-

1820 1935 1947 1986 tum
1978 1931 2192 1987 mentis
2217 1932 2525 2000 ingenium
2555 1933 2716 2003 figite
2769 1934 2828 1988 in
2872 1934 3174 2006 praeclarze
3223 1934 3473 2003 Virginis

1820 2036 2084 2092 superna
2108 2020 2207 2075 illa
2234 2021 2402 2087 festa,
2439 2021 2499 2075 in
2532 2021 2754 2093 quibus
2781 2022 3012 2078 diutina
3050 2023 3227 2078 laude
3266 2023 3343 2078 ab
3373 2039 3475 2079 an-

1820 2108 1967 2178 gelis
1999 2108 2227 2164 festivis
2280 2109 2610 2165 honoratur
2639 2110 2903 2166 servitiis.
2956 2115 3266 2167 Procurate
3314 2112 3475 2167 Prin-

1819 2199 2015 2271 cipem
2040 2204 2302 2254 vestram
2336 2198 2559 2255 festinis
2599 2203 2663 2254 ut
2708 2200 2914 2255 valetis
2956 2199 3235 2255 laudibus
3277 2206 3331 2257 et
3376 2202 3475 2257 be-

1819 2287 2015 2358 nignis
2067 2288 2348 2361 operibus
2414 2288 2717 2361 prosequi,
2785 2294 2850 2344 ut
2909 2290 3147 2361 possitis
3210 2307 3348 2345 cum
3406 2307 3476 2346 ea

1818 2375 2052 2447 absque
2129 2376 2577 2431 coruscantium
2637 2376 2965 2432 defectione
3048 2376 3473 2449 lampadarum

1817 2468 2055 2533 Agnum
2087 2464 2254 2536 sequi
2283 2480 2647 2536 quocunque
2678 2464 2805 2519 ierit
2832 2467 3169 2533 (Apoc.x1v,
3193 2467 3266 2537 4).
3294 2468 3475 2522 Hodie

1817 2553 2152 2625 primiceria
2182 2557 2239 2607 et
2265 2552 2498 2607 ductrix
2540 2554 2844 2623 Virginum
2877 2570 2913 2608 a
2959 2555 3176 2609 sanctis
3221 2556 3475 2628 prophe-

1819 2641 1890 2695 tis
1919 2640 2239 2696 vaticinata
2270 2642 2475 2707 oritus,
2510 2642 2997 2710 congratulentur
3027 2643 3079 2698 ei
3109 2648 3335 2699 cunctae
3364 2644 3473 2698 vir-

1819 2731 2005 2800 gines,
2038 2732 2182 2803 quia
2229 2731 2497 2786 nascitur
2521 2731 2740 2802 pudica
2788 2732 3006 2804 puella,
3065 2750 3199 2805 qua:
3249 2739 3476 2789 amato-

1817 2834 1944 2873 rem
1970 2819 2199 2891 peperit
2242 2819 2485 2885 integra:
2537 2819 2837 2875 castitatis.
2889 2821 3101 2876 Felices
3146 2820 3279 2887 illa},
3335 2838 3471 2893 quae

1819 2906 1946 2963 sine
1977 2907 2329 2977 cognitionis
2359 2907 2617 2963 ludibrio
2650 2914 2771 2964 tam
2799 2909 3113 2965 miriﬁcam
3137 2910 3233 2965 Dei
3256 2910 3471 2965 Genitri

1819 3012 1949 3051 cem
1978 3002 2274 3069 quantum
2304 2996 2366 3051 in
2390 2997 2536 3069 ipsis
2569 3002 2675 3066 est,
2707 3004 3035 3070 prosecutae
3067 2999 3284 3054 fuerint
3314 3000 3471 3072 puri-

46 3095 333 3164 nistrum,
363 3097 420 3148 et
449 3093 689 3149 Mariam
717 3094 1033 3164 singularis
1059 3096 1375 3167 pudicitiae,
1423 3113 1495 3152 ex
1539 3100 1709 3167 cujus
1741 3133 1782 3189 Ο
1816 3085 1953 3186 “ftis
1993 3086 2372 3189 conlmel‘c‘ioc
2422 3089 2573 3187 ξῖνὲζο
2620 3087 2763 3158 quia
2807 3087 3133 3189 ἓξὶυάεξῐιῐεξν
3176 3088 3473 3187 suscipitis

47 3188 223 3239 utero
258 3186 464 3236 sancto
490 3181 698 3237 Christi
748 3182 997 3238 infantia
1026 3187 1082 3239 et
1110 3188 1406 3256 suspecta.
1454 3183 1712 3239 Psallant

47 3269 347 3343 spirituali
375 3270 574 3325 lietitia
603 3270 661 3325 in
706 3270 819 3326 hac
848 3270 943 3325 die
974 3275 1030 3326 et
1056 3271 1138 3326 illi
1185 3272 1288 3344 qui
1346 3272 1492 3328 forte
1545 3288 1709 3327 exer-

46 3362 306 3416 cuerunt
358 3358 733 3414 dominatum
792 3374 973 3431 super
1021 3360 1221 3415 saeculi
1265 3361 1521 3430 negotia,
1559 3376 1709 3432 quo-

44 3451 217 3505 niam
246 3463 354 3518 per
382 3448 679 3518 Virginem
705 3447 865 3503 venit
897 3449 1181 3503 Dominus
1211 3449 1483 3505 omnium
1512 3454 1710 3521 potes-

45 3543 245 3593 tatum
297 3540 353 3591 et
407 3536 691 3591 virtutum
747 3540 804 3592 et
845 3536 1347 3593 dominationum.
1406 3536 1714 3593 Gaudeant

46 3624 300 3690 subditi,
353 3629 409 3679 et
438 3624 485 3679 si
514 3641 669 3697 quos
714 3625 930 3697 permit
975 3624 1235 3680 alienum
1278 3627 1516 3696 jugum,
1567 3642 1715 3697 quo-

43 3714 218 3769 niam
250 3712 619 3785 quandoque
650 3713 911 3770 exsolvet
938 3713 1112 3769 Filius
1142 3714 1414 3784 Virginis,
1443 3713 1566 3769 imo
1591 3714 1710 3781 Dei,

47 3804 94 3857 si
128 3802 183 3857 ei
214 3802 568 3874 placuerint,
602 3803 809 3875 iniqua
834 3802 983 3873 juga
1021 3819 1057 3858 a
1103 3803 1430 3858 cervicibus
1474 3802 1713 3858 illorum

45 3890 373 3962 depellere,
406 3906 476 3945 ac
508 3891 841 3963 superiores
869 3890 1079 3947 efﬁciet
1102 3908 1205 3947 eos
1256 3891 1542 3947 Dominus
1592 3893 1714 3946 suis

44 3986 101 4035 et
137 3995 247 4051 per
270 3995 394 4034 suae
423 3980 617 4035 Matris
640 3980 1014 4048 suffragium.

124 4070 276 4124 Cum
305 4082 448 4135 ergo
492 4067 571 4122 ad
624 4068 897 4123 omnium
948 4067 1213 4123 virorum
1266 4071 1466 4124 aetates
1509 4073 1715 4124 nostra

45 4156 373 4214 collocutio
405 4161 582 4229 atque
614 4157 943 4213 exhortatio
986 4158 1339 4231 pervenerit,
1370 4162 1600 4214 rectum
1638 4158 1717 4214 vi-

44 4248 230 4302 detur
284 4249 351 4299 ut
396 4244 473 4299 ad
524 4244 693 4300 illum
748 4261 958 4301 sexum
1016 4251 1219 4302 nostra
1262 4248 1462 4303 denuo
1500 4247 1716 4317 diriga-

45 4340 145 4391 tur
176 4333 393 4400 oratio,
422 4349 492 4387 ex
525 4350 647 4405 quo
678 4334 901 4389 scimus
931 4335 1248 4391 Dominum
1293 4336 1557 4392 carnalia
1603 4336 1713 4391 ini-

46 4425 129 4480 tia
160 4420 516 4493 sumpsisse.
548 4421 644 4477 Ille
674 4422 834 4477 enim
879 4416 1311 4479 malediCtionis
1359 4429 1562 4481 notam
1594 4425 1715 4497 pri-‘

44 4530 164 4568 mae
195 4509 444 4580 virginis
482 4510 543 4564 in
589 4510 1065 4567 benedictionem
1106 4512 1382 4568 secundae
1424 4517 1716 4569 transmu-

45 4599 199 4655 tavit
233 4596 503 4667 Virginis,
537 4597 640 4669 qui
670 4602 807 4654 ante
833 4615 1031 4655 rerum
1063 4600 1320 4655 formam
1372 4601 1717 4673 praeciverat

44 4706 121 4744 ex
154 4686 377 4741 eodem
418 4702 563 4740 sexu
593 4703 771 4742 suum
802 4688 864 4742 in
892 4688 1012 4744 ﬁne
1042 4693 1380 4760 temporum
1402 4706 1717 4761 procrean-

44 4779 203 4833 dum
233 4775 363 4830 fore
388 4774 613 4842 Filium,
647 4776 751 4849 qui
780 4778 1070 4833 universis
1099 4794 1279 4835 omne
1309 4779 1542 4834 afferret
1571 4796 1716 4849 gau-

44 4867 246 4922 dium.
282 4864 423 4920 Vere
444 4863 621 4920 beata
647 4865 1047 4922 collaudanda
1093 4867 1195 4922 Dei
1235 4867 1545 4935 beneﬁcia,
1579 4885 1716 4940 quae

44 4973 159 5029 per
192 4954 365 5010 illum
400 4970 609 5009 sexum
639 4954 1027 5012 decreverunt
1062 4957 1375 5029 provenire
1418 4962 1625 5013 nostra
1656 4957 1716 5012 in

44 5051 354 5116 tempora,
386 5058 423 5099 a
450 5060 572 5116 quo
616 5044 811 5117 primo
858 5045 1167 5116 terrigenae
1200 5046 1587 5119 propinatum
1629 5051 1718 5101 est

40 5136 281 5207 iniquae
311 5133 608 5189 suasionis
635 5134 1164 5190 medicamentum.
1196 5137 1238 5192 Ο
1286 5138 1406 5192 Eva
1448 5141 1587 5191 tunc
1625 5135 1715 5191 in-

41 5224 193 5281 felix
219 5222 232 5276 !
267 5236 392 5276 non
424 5222 618 5278 solum
648 5238 758 5295 pro
779 5223 1192 5303 inobedientiaa
1204 5224 1462 5297 piaculo,
1481 5241 1717 5280 verum-

41 5314 237 5370 etiam
309 5325 421 5383 pro
471 5312 904 5369 maledictionis
964 5313 1153 5385 titulo,
1194 5329 1355 5381 nunc
1397 5330 1539 5370 vero
1583 5314 1720 5369 felix

39 5417 164 5475 pro
190 5399 629 5455 immutationis
658 5399 934 5472 largiﬂuo
965 5400 1149 5457 dono.
1176 5404 1393 5458 Laetare
1421 5406 1501 5472 tu,
1531 5407 1721 5458 mater

40 5488 359 5557 omnium,
408 5503 532 5543 non
581 5488 777 5544 solum
817 5490 960 5563 quia
995 5490 1229 5547 evasisti
1270 5491 1720 5564 proscriptionis

42 5576 387 5646 excidium,
421 5577 525 5631 sed
555 5577 733 5634 etiam
758 5579 903 5651 quia
951 5580 1025 5635 de
1069 5584 1172 5635 tua
1217 5580 1509 5635 consimili
1555 5580 1721 5653 prole

42 5664 380 5743 profudisti
407 5680 547 5720 eum
572 5666 633 5721 in
662 5668 967 5735 saeculum,
1000 5668 1107 5740 qui
1146 5672 1198 5724 te
1248 5673 1534 5741 tuamque
1581 5686 1721 5741 pro-

42 5757 300 5831 geniem
332 5754 544 5810 mortis
591 5756 665 5811 de
716 5757 1007 5829 compede
1049 5756 1507 5814 misericorditer
1549 5758 1718 5815 eruit.

642 5848 883 5901 PATROL.
927 5848 1079 5903 CXLI

1818 3175 1947 3246 ejus
1977 3180 2197 3245 ortum,
2228 3176 2307 3232 ad
2347 3176 2519 3247 cujus
2549 3184 2657 3231 ves
2686 3191 2809 3231 non
2854 3177 3136 3232 haesitatis
3184 3178 3475 3250 pertinere

1818 3263 2207 3337 colloquium,
2238 3265 2483 3334 satagite
2509 3282 2613 3320 vos
2644 3265 2721 3320 ita
2748 3282 3019 3321 exercere
3050 3267 3107 3321 in
3135 3267 3476 3322 caelestibus

1818 3354 2093 3423 negotiis,
2124 3358 2190 3408 ut
2214 3360 2347 3425 post
2378 3358 2768 3426 exsuperatos
2796 3355 3040 3411 caducae
3087 3358 3267 3427 pestis
3317 3356 3479 3412 labo-

1818 3457 1932 3509 res,
1990 3441 2139 3497 dum
2180 3447 2425 3497 ventum
2466 3443 2637 3498 fuerit
2694 3442 2770 3497 ad
2816 3447 3213 3514 prteoptatum
3257 3444 3476 3501 divinae

1819 3535 2005 3604 portaa
2056 3530 2484 3603 spectaculum,
2524 3531 2832 3603 pulsantes
2884 3546 3006 3586 non
3055 3533 3474 3604 repudiemini,

1821 3636 1930 3676 ceu
1963 3620 2037 3675 de
2066 3619 2279 3691 ineptis
2317 3620 2650 3689 virginibus
2699 3619 2933 3688 dicitur,
2982 3636 3117 3691 quae
3167 3636 3201 3674 a
3252 3638 3475 3693 sponso

1821 3709 2153 3781 reprobataa
2212 3712 2349 3763 sunt
2412 3712 2654 3780 propter
2726 3724 2896 3762 suam
2962 3707 3256 3774 inertiam,
3327 3709 3475 3765 dum

1820 3798 1882 3853 in
1910 3797 2069 3853 vasis
2123 3797 2245 3852 suis
2275 3796 2495 3859 habere
2528 3796 2748 3862 oleum,
2782 3796 2895 3851 hoc
2927 3800 3012 3851 est
3061 3797 3223 3853 bona
3271 3814 3473 3871 opera,

1821 3886 2308 3957 neglexere;sed
2337 3886 2533 3959 potius
2566 3904 2703 3942 cum
2751 3887 2886 3959 ipso
2936 3887 3013 3942 ad
3061 3887 3319 3943 coelestia
3368 3905 3477 3961 pa-

1818 3977 1963 4047 latia
1994 3976 2190 4043 simul,
2219 3980 2273 4032 et
2303 3993 2439 4032 cum
2483 3976 2661 4033 beata
2693 3976 2978 4033 Genitrice
3025 3977 3155 4047 ejus
3200 3978 3481 4050 progredi

1818 4065 2086 4121 valeatis.
2118 4067 2265 4122 Cum
2297 4065 2473 4135 igitur
2502 4066 2613 4121 ista
2635 4066 3041 4122 solemnitatas
3085 4067 3367 4123 omnibus
3414 4067 3482 4122 ﬁ—

1822 4156 2057 4213 delibus
2087 4172 2356 4225 congrua
2386 4156 2463 4212 ab
2495 4156 2767 4212 omnium
2812 4156 3234 4213 conventiculis
3287 4159 3486 4213 catho-

1822 4245 2075 4301 licorum
2142 4245 2343 4301 debito
2404 4246 2631 4302 honore
2692 4250 3112 4318 prosequatur,
3185 4246 3482 4318 praecipue

1826 4337 2029 4389 tunca
2060 4334 2242 4389 sacris
2294 4334 2623 4403 virginibus
2671 4334 2846 4390 valde
2899 4334 3320 4406 prosequenda
3372 4337 3480 4401 est,

1824 4427 1881 4479 et
1906 4422 2286 4495 percolenda,
2318 4422 2463 4494 quia
2493 4422 2671 4477 hodie
2720 4422 2904 4477 decus
2953 4423 3315 4494 prudentum
3365 4422 3481 4477 vir-

1824 4512 2054 4581 ginum,
2094 4510 2206 4564 ﬂos
2255 4509 2476 4580 campi,
2525 4510 2685 4564 idem
2739 4514 2957 4565 sanctae
3016 4510 3305 4578 Ecclesiae,
3349 4526 3483 4581 quae

1823 4598 2270 4674 pretiosissimis
2327 4597 2607 4668 impletur
2651 4598 3010 4667 margaritis,
3063 4614 3135 4652 ex
3183 4598 3303 4653 lilio
3349 4614 3487 4653 con-

1821 4689 2092 4757 vallium,
2130 4686 2291 4743 idem
2339 4685 2658 4741 humilium
2704 4686 3020 4741 hominum
3079 4687 3369 4759 processit
3408 4688 3486 4743 ad

1823 4782 2044 4835 ortum.
2079 4776 2340 4834 Gaudete
2370 4791 2476 4848 per
2506 4790 2751 4830 omnem
2791 4774 3065 4843 modum,
3111 4792 3320 4831 omnes
3374 4777 3485 4832 vir-

1824 4868 2017 4940 gines,
2045 4883 2181 4940 quae
2213 4883 2323 4921 vos
2359 4869 2481 4920 tam
2523 4868 2729 4919 sancto
2760 4868 2817 4920 et
2843 4863 3168 4937 przelucido
3198 4866 3359 4921 dono
3387 4867 3487 4921 Dei

1824 4956 2042 5013 dilatas
2072 4955 2195 5011 fore
2228 4953 2585 5025 cognoscitis
2612 4971 2625 5021 ;
2659 4957 2891 5026 sperate
2918 4952 2977 5007 in
3005 4968 3094 5020 ea,
3128 4969 3262 5024 quae
3306 4953 3486 5025 hujus

1824 5046 1970 5103 doni
2001 5061 2249 5118 campos
2287 5044 2496 5101 effecta
2546 5048 2651 5111 est,
2698 5048 2755 5100 et
2796 5047 2932 5099 ante
2984 5048 3223 5115 partum
3254 5049 3311 5100 et
3352 5049 3492 5117 post

1824 5135 2271 5209 paturitionem.
2308 5132 2675 5203 Magniﬁcate
2719 5148 2852 5187 eam
2903 5131 3201 5187 indefessa
3250 5150 3488 5190 morum

1828 5222 2209 5289 exhibitione,
2234 5222 2525 5295 quoniam
2568 5236 2677 5293 pro
2736 5220 3173 5293 perseverantia
3219 5221 3490 5294 virginis,

1829 5328 1967 5368 cum
2023 5311 2328 5383 tympanis
2402 5308 2811 5365 exsultationis
2880 5313 2935 5365 et
2986 5308 3220 5378 laetitiae,
3285 5329 3493 5370 coram

1827 5400 2148 5475 praesentia
2177 5400 2368 5456 Matris
2410 5398 2641 5454 Domini
2680 5397 2823 5469 quia
2876 5397 2937 5453 in
2986 5398 3228 5454 sidereis
3279 5403 3491 5459 cubili-

1826 5491 1942 5546 bus
1967 5487 2263 5543 habebitis
2304 5504 2441 5543 cum
2473 5501 2544 5541 ea
2575 5485 2879 5557 gratulari,
2914 5487 2963 5542 si
3012 5493 3272 5560 coeptam
3307 5492 3494 5550 animi

1832 5578 2219 5651 corporisque
2254 5576 2648 5644 integritatem
2680 5575 2911 5633 sincera
2942 5578 3237 5650 probitate
3290 5599 3492 5640 serva-

1830 5666 2047 5724 veritis.
2081 5666 2301 5721 Hilares
2339 5670 2523 5720 estote
2547 5670 2601 5720 et
2633 5682 2761 5731 vos,
2810 5666 3023 5739 puella)
3073 5683 3203 5722 aevo
3261 5675 3499 5735 tenerae,

1832 5755 1978 5829 quia
2006 5754 2240 5811 habetis
2271 5760 2329 5811 et
2357 5770 2465 5811 vos
2496 5754 2759 5826 puellam
2797 5756 3149 5827 angelorum
3178 5758 3503 5819 Dominam

3148 5850 3202 5898 Η
