3904 6390
432 264 528 327 331
1469 255 1524 310 S.
1569 251 1903 308 FULBERTI
1944 248 2420 321 CARNDTENSIS
2462 250 2794 307 EPISCOPI.
3749 250 3841 319 33g

429 379 606 457 quasi
636 377 844 451 primis
875 374 1153 448 auspiciis
1192 390 1351 431 nunc
1392 375 1838 449 pubescentem.
1888 373 2083 428 Advo-
2116 373 2164 423 A
2202 372 2271 429 lis
2301 376 2450 430 ero?
2489 374 2569 430 ait
2612 373 2897 427 Dominus
2950 373 3091 448 (ἤδη.
3134 387 3283 439 LXVI,
3318 372 3389 442 9).
3422 393 3449 419 ››
3503 369 3673 433 Quod
3717 371 3841 422 ante

428 474 556 524 cate
590 466 833 536 angelos
863 464 941 520 ad
973 463 1305 523 custodiam
1348 464 1618 535 puritatis
1666 467 1896 532 vestrm,
1945 460 2088 533 quia

425 557 558 635 ipsa
600 556 663 617 in
709 561 907 609 tenera
947 558 1099 617 sorte
1152 552 1533 608 mundialiter
1560 552 1776 626 posita,
1816 566 1953 605 cum
1997 564 2088 604 re-

427 646 568 716 gina
613 644 879 718 ipsorum
911 642 1089 697 etiam
1119 640 1320 696 futura
1370 658 1576 697 secum
1626 657 1834 711 eorum
1884 637 2090 709 suffra-

426 734 522 811 gia
567 732 776 789 sedula
806 730 1072 795 oratione
1110 730 1519 805 contrahebat.
1564 728 1866 787 Laetamini
1909 727 2088 799 etiam

422 839 529 879 vos
557 822 687 893 jam
714 822 963 893 maturat
994 817 1271 889 virgines,
1305 823 1360 873 et
1382 835 1517 891 quae
1541 818 1686 873 forte
1705 818 1833 889 jam
1864 816 1942 877 ad
1958 815 2087 883 ani-

420 910 505 966 les
538 913 726 964 metas
758 906 1122 985 pervenistis,
1156 905 1297 979 quia
1342 922 1453 979 pro
1500 904 1773 976 longzeva
1819 919 2088 979 perseve-

420 998 615 1055 rantia
642 1000 857 1069 vestra,
891 1010 1013 1051 non
1064 993 1256 1049 solum
1288 993 1549 1066 pollicita
1578 993 1845 1066 praemia,
1880 1008 2086 1061 verum

419 1087 665 1142 laudem
706 1084 1009 1155 egregiam
1052 1100 1191 1138 cum
1230 1083 1508 1156 praesenti
1559 1082 1873 1155 captabitis
1921 1080 2086 1154 apud

421 1177 721 1233 ccelestem
751 1178 1076 1230 auctorem.
1111 1176 1188 1228 Ne
1222 1172 1585 1228 subtraliatis
1624 1188 1732 1226 vos
1761 1187 1796 1227 a
1823 1168 2084 1244 praefatae

420 1264 625 1321 matris
650 1261 1021 1343 jubilatione,
1081 1260 1440 1331 conjugatae,
1491 1265 1547 1315 et
1594 1258 1897 1330 conjugali
1934 1257 2083 1328 jugo

420 1354 723 1420 subnexus,
759 1350 1045 1424 quoniam
1074 1350 1176 1422 qui
1208 1367 1329 1405 suae
1362 1349 1545 1419 Matri,
1580 1354 1635 1404 et
1655 1350 1939 1423 omnibus
1971 1347 2083 1420 piis

418 1441 745 1514 virginibus
774 1439 1093 1513 contribuit
1122 1438 1474 1509 integritatis
1503 1438 1791 1511 palmam,
1820 1437 1949 1511 ipse
1977 1452 2084 1495 vos

416 1531 671 1590 naturali
732 1530 954 1586 {cedere
1010 1534 1222 1585 mutua
1265 1528 1644 1600 copulatione
1692 1527 1906 1601 junxit,
1959 1541 2082 1599 quo

416 1622 724 1679 decentem
756 1624 810 1676 et
837 1618 1168 1689 genuinum
1194 1622 1497 1687 servantes
1529 1617 1779 1689 modum
1795 1613 2081 1683 castitatis

2200 462 2417 518 smcula
2470 463 2703 534 genitus
2770 466 2859 515 est
2928 460 3321 525 iueil‘aliiliter,
3394 459 3647 514 Micheas
3726 458 3838 511 ait:

2198 572 2227 598 «
2258 554 2543 620 Egressus
2586 552 2714 621 ejus
2762 566 2795 604 a
2828 548 3119 621 principio
3170 566 3201 603 a
3254 548 3465 601 diebus
3515 546 3841 601 aeternitatis

2195 639 2399 713 (ΜίεΙι.
2435 659 2485 705 v,
2518 646 2594 705 2).
2628 664 2653 687 ››
2690 639 2871 693 David
2907 656 2918 692 :
2956 661 2980 686 ‹‹
3008 643 3151 691 Ante
3185 637 3371 691 solem
3403 640 3715 709 permanet
3742 652 3837 689 no-

2195 746 2334 786 men
2370 731 2498 807 ejus
2530 731 2718 800 (Psal.
2756 746 2882 796 Lxx,
2914 730 3017 800 t7).
3048 752 3073 775 η
3109 727 3385 783 Salomon
3412 726 3468 781 in
3490 723 3836 779 Proverbiis:

2195 820 2473 889 Nondum
2495 824 2663 875 erant
2694 818 2916 890 abyssi,
2954 823 3007 871 et
3035 834 3143 879 ego
3186 821 3471 887 concepta
3502 831 3685 869 eram.
3737 817 3839 868 Nec

2194 910 2340 967 dum
2369 910 2558 968 fontes
2587 926 2878 982 aquarum
2908 912 3243 978 eruperant,
3270 911 3323 959 et
3346 922 3455 971 ego
3482 903 3839 977 paturiebar.

2194 1000 2447 1065 Quando
2478 997 2857 1071 praeparabat
2887 996 3086 1065 (melos,
3119 996 3383 1064 aderam,
3415 1010 3551 1047 cum
3580 1009 3649 1061 eo
3683 1008 3839 1045 com-

2193 1105 2423 1161 ponens
2455 1089 2657 1143 omnia
2691 1089 2885 1157 (Pror.
2914 1102 3029 1153 vni,
3060 1088 3146 1143 ‘2’».
3183 1090 3268 1150 :25,
3299 1091 3386 1150 27,
3422 1084 3528 1152 30).
3569 1081 3794 1135 nIsaias
3828 1097 3838 1133 :

2195 1200 2221 1226 «
2258 1184 2319 1235 In
2346 1177 2672 1234 humilitate
2700 1176 2992 1246 judicium
3026 1175 3153 1243 ejus
3198 1173 3463 1227 ablatum
3509 1176 3613 1226 est.
3668 1173 3841 1239 Gene-

2191 1268 2483 1327 rationem
2516 1266 2643 1335 ejus
2673 1264 2803 1336 quis
2833 1263 3130 1318 enarrabit
3152 1264 3178 1317 '?
3205 1264 3342 1329 (Ian.
3376 1277 3486 1325 un,
3521 1264 3596 1323 8.)
3634 1282 3660 1306 ››
3691 1259 3837 1313 Job:

2193 1378 2217 1404 ‹‹
2256 1354 2553 1429 Sapientia
2587 1354 2681 1408 Dei
2712 1353 2892 1407 Patris
2939 1352 3097 1407 unde
3130 1351 3333 1407 venit?
3369 1353 3525 1404 Latet
3568 1348 3732 1419 enim
3772 1346 3841 1401 ab

2191 1443 2377 1515 oculis
2414 1442 2748 1507 hominum,
2798 1445 2852 1495 et
2898 1457 2932 1495 a
2976 1439 3317 1495 volucribus
3365 1437 3495 1492 cos-li
3548 1436 3843 1491 absconsa

2192 1535 2278 1585 est
2310 1530 2440 1601 (Job
2472 1546 2668 1591 xxviii,
2704 1534 2790 1601 20,
2823 1528 2932 1599 21).
2969 1549 2993 1575 ››

2263 1618 2433 1684 Quod
2464 1635 2598 1673 cum
2630 1621 2794 1672 Patre
2827 1622 2882 1671 et
2914 1616 3201 1671 Dominus
3234 1619 3338 1670 est.
3374 1613 3559 1669 David
3604 1612 3802 1685 inquit
3832 1628 3842 1664 :

416 1710 567 1766 ﬁlios
597 1709 936 1785 pl‘OCI‘ectis.
987 1711 1099 1764 Nec
1130 1706 1289 1762 enim
1342 1706 1599 1762 mllltum
1648 1706 1824 1772 longe
1874 1720 1909 1759 ἃ
1949 1718 2080 1759 cas—
2120 1719 2159 1772 B
2190 1730 2216 1755 ‹‹
2250 1708 2427 1763 Sedes
2460 1712 2559 1761 tua
2620 1710 2791 1771 Deus,
2819 1706 2877 1775 in
2921 1704 3203 1757 saeculum
3252 1702 3449 1773 saeculi
3483 1720 3494 1756 :
3544 1702 3717 1771 virga
3762 1700 3846 1753 di-

414 1799 592 1857 titatis
619 1814 864 1855 munere
892 1795 1154 1869 aberitis,
1189 1794 1239 1848 si
1261 1794 1414 1849 ﬁlios
1437 1810 1557 1849 non
1590 1809 1697 1865 pro
1721 1789 2081 1863 appetitione

414 1887 697 1949 libidinis,
726 1886 831 1943 sed
858 1901 968 1960 pro
997 1900 1201 1961 amore
1233 1880 1627 1939 successionis
1662 1880 1948 1947 educatis.
2001 1881 2079 1932 Ne

414 1975 763 2051 desperetis,
814 1991 846 2029 ο
904 1974 1013 2029 viri
1060 1972 1153 2028 vel
1200 1971 1434 2026 feminae
1483 1984 1847 2040 quocunque
1897 1966 2079 2023 modo

415 2065 726 2140 carnaiiter
753 2061 1033 2133 corrupti,
1067 2059 1359 2132 quoniam
1388 2058 1487 2127 illa
1519 2057 1771 2115 ccelestis
1819 2056 2074 2124 mansio,

412 2170 535 2215 non
566 2152 641 2208 de
668 2151 934 2220 virgineo
966 2153 1198 2205 tantum
1239 2145 1471 2216 ordine,
1505 2146 1609 2201 sed
1639 2150 1693 2200 et
1722 2144 1797 2199 de
1825 2143 2075 2216 quibus:

412 2243 557 2298 dam
586 2255 709 2296 non
738 2238 933 2293 solum
962 2236 1157 2306 justis,
1203 2234 1307 2295 sed
1344 2238 1400 2290 et
1424 2232 1783 2307 publicanis,
1836 2238 1892 2289 et
1940 2237 2075 2307 ante

410 2326 826 2403 peccatoribus
916 2323 1212 2395 impletur.
1302 2325 1654 2396 Quantoque
1737 2338 1846 2393 vos
1938 2337 2075 2381 con-

413 2416 633 2491 spicitis
666 2413 827 2490 apud
858 2412 1236 2482 maiestatem
1266 2411 1498 2467 Domini
1548 2410 1759 2468 noxios
1802 2409 2069 2483 existere,

412 2519 482 2563 eo
517 2501 777 2579 amplius
826 2500 1107 2575 respirate
1146 2500 1223 2557 ad
1273 2500 1620 2571 Genitricem
1668 2498 1901 2561 Domini
1955 2499 2073 2570 ple-

410 2607 557 2668 nam
588 2589 1056 2647 misericordiae:
1106 2588 1338 2659 habetis
1390 2588 1553 2660 apud
1611 2591 1842 2643 Patrem
1893 2587 2074 2653 advo-

410 2684 611 2735 catiun
640 2678 838 2751 ipsum
868 2677 1074 2733 Filium
1107 2676 1375 2749 Virginis,
1410 2681 1467 2731 et
1494 2676 1619 2749 ipse
1651 2674 2069 2749 propitiabitur

409 2768 665 2839 pe:catis
696 2767 902 2823 vestris
927 2770 1177 2837 tantum,
1206 2770 1271 2821 ut
1301 2764 1539 2822 veniam
1565 2764 1639 2819 de
1677 2763 1808 2836 ipso
1839 2780 1905 2819 ac
1945 2780 2071 2821 ma:

409 2859 491 2911 tre
522 2856 651 2931 ejus
683 2855 951 2928 speretis,
987 2854 1091 2926 qui
1121 2870 1259 2913 cum
1291 2856 1456 2911 Patre
1505 2856 1561 2908 et
1600 2851 1815 2923 Spiritu
1863 2856 2067 2921 sanelq

406 2943 547 3019 vivit
573 2949 630 2999 et
652 2947 862 3014 regnat
887 2946 1057 3000 Deus.
1084 2943 1194 3007 Per
1215 2940 1420 3009 omnia,
1447 2940 1665 3005 saecula
1686 2939 2062 3011 smculorum.

407 3035 615 3099 Amen.

552 3124 614 3176 In
644 3118 840 3195 natale
866 3121 968 3183 tuo
994 3116 1188 3195 nobis,
1220 3117 1324 3191 pia
1350 3119 1545 3185 Mater,
1574 3115 1801 3183 adesto,

553 3209 798 3267 Virtutes
829 3223 1078 3281 augens,
1110 3206 1423 3279 culparum
1454 3205 1722 3280 pondera
1752 3204 1973 3277 deleas.

1048 3297 1274 3352 SERMO
1314 3298 1425 3352 Vll.
1632 3304 1639 3311 ‘

733 3397 874 3446 QL'OD
902 3396 1035 3443 ΠΕΠὸ
1068 3396 1205 3436 UNUS
1233 3396 1329 3453 ES”;
1362 3395 1413 3445 IX
1436 3394 1742 3435 TRINITATE.

482 3474 708 3545 Moyses
761 3470 885 3545 ait:
944 3491 969 3533 «ε
1008 3473 1069 3524 In
1097 3466 1404 3541 principio
1457 3467 1589 3535 fecit
1638 3470 1789 3537 Deus
1848 3465 2063 3533 omium

410 3564 466 3639 et
494 3565 707 3621 terram
728 3560 894 3627 (Gen.
927 3575 966 3630 ι,
1004 3558 1071 3629 l).
1110 3579 1136 3605 »
1186 3557 1453 3628 Dixitque
1504 3559 1653 3611 Deus
1686 3574 1697 3611 :
1755 3575 1782 3606 «
1817 3554 2065 3627 Spiritus

411 3649 642 3707 Domini
689 3647 1017 3721 ferrebatur
1071 3661 1251 3719 super
1304 3661 1494 3717 aquas
1535 3644 1732 3714 (ibid,
1762 3645 1835 3714 3).
1870 3667 1895 3691 ››
1952 3646 2062 3698 Da-

407 3740 509 3796 vid
534 3737 765 3813 inquit:
801 3760 827 3787 «
858 3735 1049 3792 Verbo
1077 3733 1311 3809 Domini
1358 3734 1487 3791 creti
1536 3733 1749 3788 firmati
1803 3736 1957 3799 sunt,
2009 3736 2065 3795 et

410 3828 621 3901 spiritu
649 3826 768 3887 oris
796 3826 926 3895 ejus
956 3823 1152 3893 omnis
1179 3822 1358 3877 virtus
1417 3839 1625 3877 eorum
1660 3823 1845 3894 (Psal.
1880 3837 2059 3893 xxxii,

410 3917 485 3988 6).
516 3934 546 3987 ξ
576 3915 759 3971 Isaias
816 3912 895 3968 ait
927 3928 939 3965 :
984 3930 1013 3983 ᾳ
1044 3914 1164 3981 Ego
1195 3911 1424 3983 primus
1453 3915 1504 3965 et
1536 3926 1646 3981 ego
1679 3909 2058 3975 novissimus.

409 4009 614 4062 Manus
644 4016 887 4074 quoque
940 4015 1074 4075 mea
1118 3999 1389 4071 fundavit
1423 4003 1659 4067 terram,
1712 4002 1768 4052 et
1820 3996 2064 4067 dextera

408 4108 546 4159 mea
575 4107 783 4159 mensa
804 4093 891 4146 est
915 4088 1093 4151 crelos
1112 4090 1248 4157 (Isq.
1276 4105 1465 4165 XLVIII,
1490 4092 1570 4151 I'2,
1602 4087 1704 4156 135).
1731 4108 1755 4132 ››
1792 4087 1856 4138 Et
1881 4083 2061 4154 paulo

407 4184 546 4256 post
576 4198 591 4237 :
626 4202 652 4228 ‹‹
684 4182 749 4235 Et
776 4194 935 4235 nunc
971 4177 1252 4232 Dominus
1286 4180 1438 4231 Deus
1472 4174 1629 4247 misit
1659 4190 1773 4245 me,
1827 4176 1879 4245 et
1932 4171 2059 4245 Spi-

407 4273 551 4331 ritus
581 4271 707 4342 ejus
745 4268 936 4341 (Ibid.,
976 4272 1137 4332 16).»
1186 4271 1435 4335 Aggzeus
1470 4284 1482 4319 :
1535 4287 1561 4311 ‹‹
1600 4262 1845 4335 Spiritus
1889 4278 2059 4315 meus

407 4362 513 4439 erit
539 4360 600 4417 in
630 4358 825 4433 medio
861 4357 1031 4431 vestri
1082 4358 1255 4427 (Agg.
1291 4372 1353 4429 ιι,
1384 4356 1455 4425 ti).
1496 4378 1520 4402 υ
1561 4356 1769 4406 Postea
1800 4368 1811 4404 :
1862 4372 1887 4397 ‹‹
1920 4353 2057 4405 Ecce

405 4438 517 4522 ego
544 4447 933 4517 commovebo
965 4442 1180 4505 cuilum
1212 4447 1269 4517 et
1300 4448 1537 4513 terram,
1571 4445 1626 4494 et
1672 4439 1861 4511 veniet
1897 4438 2055 4513 desi-

404 4538 641 4599 deratus
688 4534 913 4593 cunctis
954 4532 1228 4605 gentibus
1284 4530 1477 4605 (10221.,
1530 4530 1604 4597 7).
1645 4549 1669 4573 η
1727 4526 2001 4581 Isodorus
2040 4543 2052 4580 :

407 4651 435 4677 «
468 4627 727 4685 Christus
760 4640 831 4678 ex
862 4625 1025 4679 Patre
1070 4619 1149 4690 ita
1195 4615 1454 4689 emicuit,
1508 4613 1662 4669 velut
1711 4614 1990 4691 splendor
2022 4631 2057 4687 a

402 4716 645 4784 lumine,
678 4713 836 4771 velut
884 4709 1130 4783 verbum
1158 4705 1234 4759 ab
1274 4720 1395 4772 ore,
1447 4703 1603 4775 velut
1649 4702 1935 4773 sapientia
1984 4721 2055 4758 ex

406 4806 602 4871 corde.
642 4828 663 4852 »ι
720 4800 725 4803 ’

474 4894 641 4961 Quod
677 4889 937 4958 Christus
967 4903 1001 4945 a
1041 4885 1158 4955 Deo
1192 4882 1266 4939 sit
1297 4881 1529 4949 genitus
1582 4880 1766 4936 David
1812 4881 2004 4955 inquit
2037 4899 2050 4951 ;

404 5010 430 5033 «ι
454 4985 743 5045 Dominus
762 4978 907 5035 dixit
928 4976 1003 5031 ad
1026 4989 1153 5039 me:
1176 4971 1355 5046 If‘ilius
1378 4987 1547 5045 meus
1564 4988 1625 5025 es
1644 4976 1724 5040 tu,
1749 4988 1858 5041 ego
1877 4972 2052 5047 hodie

404 5074 581 5143 genui
627 5076 677 5139 te
732 5067 919 5139 (Psat.
970 5079 1028 5135 ιι,
1058 5064 1132 5130 7).
1170 5082 1193 5107 η
1244 5060 1523 5114 Salomon
1571 5060 1630 5116 in
1676 5061 2049 5115 Proverbiis:

403 5187 429 5211 ‹‹
462 5163 599 5227 Quis
625 5155 891 5219 ascendit
915 5152 972 5215 in
1002 5148 1240 5223 cerium,
1294 5154 1469 5220 atque
1504 5149 1857 5204 descendit?
1913 5150 2051 5215 Quis

402 5248 688 5307 continuit
719 5242 987 5316 spiritum
1012 5240 1070 5313 in
1094 5238 1373 5294 mamlius
1402 5239 1521 5292 suis
1545 5242 1570 5294 ζ)
1599 5240 1735 5304 Quis
1760 5238 2055 5307 colligavit

400 5356 590 5413 aquas
620 5331 793 5405 quasi
816 5328 1203 5385 vestimento?
1226 5327 1362 5389 Quis
1392 5327 1695 5399 suscitavit
1715 5344 1925 5383 omnes
1947 5332 2053 5382 ter-

399 5428 597 5482 minos
626 5427 789 5493 terrze
817 5436 829 5485 ;
860 5415 1030 5481 Quod
1059 5431 1278 5493 nomen
1305 5420 1391 5470 est
1419 5416 1490 5483 ei,
1525 5420 1580 5470 et
1618 5415 1783 5487 quod
1828 5431 2050 5470 nomen

400 5516 503 5571 ﬁlii
531 5513 679 5584 ejus.
717 5508 762 5565 si
791 5505 989 5565 nosti?
1020 5506 1218 5576 (Prov.
1250 5522 1387 5573 xxx,
1418 5506 1490 5575 4.)
1530 5528 1554 5553 ››
1588 5504 1805 5558 Isaias:
1838 5526 1861 5550 ‹‹
1891 5506 2049 5558 Nun-

398 5604 541 5681 quid
566 5600 667 5674 qui
700 5597 842 5653 alios
875 5611 1078 5667 parere
1113 5594 1283 5661 facio,
1316 5593 1443 5665 ipse
1476 5609 1595 5646 non
1626 5592 1879 5667 pariam,
1911 5589 2053 5661 dicit

398 5678 684 5750 Dominus
707 5688 732 5763 2
766 5690 829 5743 Iit
858 5683 955 5758 qui
989 5682 1431 5753 generationem
1465 5680 1593 5753 aliis
1624 5680 1843 5751 tribuo,
1880 5678 2044 5735 steri-

2189 1795 2461 1850 rcetionis
2495 1794 2659 1861 virga
2686 1793 2849 1861 regni
2884 1792 2963 1845 tui
2993 1792 3198 1861 (l’sal.,
3232 1808 3381 1859 λιιι,
3412 1794 3482 1859 7).
3514 1814 3539 1838 ››
3564 1793 3802 1859 Moyses
3833 1806 3843 1841 :

2190 1906 2217 1931 ‹‹
2247 1880 2474 1937 Creavit
2506 1883 2655 1935 Deus
2689 1879 2993 1947 hominem
3026 1878 3099 1931 ad
3148 1877 3470 1945 imaginem
3518 1893 3720 1942 suam,
3776 1874 3845 1930 ad

2186 1969 2509 2039 imaginem
2544 1967 2641 2023 Dei
2672 1967 2891 2021 creavit
2916 1966 3077 2020 illum
3117 1970 3277 2034 (Gen.
3318 1982 3353 2035 ι,
3406 1971 3515 2027 '27).
3549 1988 3576 2013 ››
3626 1965 3846 2017 Zacha-

2185 2060 2347 2115 rias:
2398 2080 2423 2104 ‹‹
2460 2060 2592 2129 Post
2640 2056 2889 2125 gloriam
2934 2056 3092 2110 misit
3136 2072 3231 2109 me
3281 2053 3360 2108 ad
3395 2059 3597 2123 gentes
3634 2054 3840 2124 (Zur/1.

2183 2165 2241 2217 ιι,
2295 2148 2367 2214 8),
2421 2168 2448 2194 ››
2503 2149 2610 2199 etc.
2672 2148 2811 2213 Item
2865 2159 2876 2195 :
2949 2166 2973 2191 ‹‹
3026 2143 3225 2211 Lauda
3284 2147 3340 2207 et
3394 2141 3612 2217 lwtare,
3681 2142 3838 2207 Sion,

2182 2235 2325 2309 quia
2381 2250 2515 2305 ecce
2583 2231 2772 2301 venio,
2834 2237 2887 2287 et
2945 2232 3229 2301 habitabo
3278 2231 3337 2285 in
3382 2230 3579 2297 medio
3625 2230 3734 2299 tui,
3792 2236 3841 2284 et

2182 2325 2330 2380 scies
2361 2322 2502 2397 quia
2554 2321 2838 2376 Dominus
2880 2321 3243 2375 exercituum
3292 2319 3448 2389 misit
3496 2336 3592 2383 me
3636 2320 3834 2390 (ZUC/t.

2182 2432 2238 2483 ιι,
2280 2414 2381 2483 10).

2252 2500 2421 2572 Quod
2448 2500 2504 2554 in
2533 2499 2857 2554 humilitate
2890 2502 3175 2553 venturus
3206 2502 3382 2565 esset,
3417 2498 3598 2552 Isaias
3646 2497 3792 2551 dixit
3822 2514 3832 2549 :

2180 2612 2205 2638 ‹‹
2242 2589 2417 2653 Dicite
2446 2589 2577 2643 Iilim
2609 2589 2745 2644 Sion
2781 2605 2792 2641 :
2832 2590 2970 2645 Ecce
3004 2604 3104 2640 rex
3160 2591 3293 2641 tuus
3347 2587 3503 2641 venit
3533 2586 3638 2655 tibi
3674 2601 3836 2640 man-

2180 2694 2403 2741 sumus,
2440 2677 2653 2730 sedens
2686 2692 2863 2748 super
2893 2675 3127 2741 asinum
3157 2676 3296 2745 (Isu.
3322 2693 3449 2745 ix”,
3482 2680 3531 2729 II
3567 2693 3579 2745 ;
3614 2676 3833 2745 Manli.

2177 2784 2296 2831 xxx,
2332 2770 2403 2837 5).
2441 2787 2467 2814 ››
2496 2766 2779 2819 Jcrcmias
2813 2781 2824 2817 :
2860 2786 2885 2810 ‹‹
2920 2763 3041 2817 Tibi
3084 2764 3482 2836 peccavimus,
3532 2768 3835 2835 exspecta-

2179 2855 2255 2909 tio
2290 2853 2484 2927 Israel,
2512 2853 2769 2907 salvator
2798 2852 2947 2923 ejus.
2985 2856 3173 2916 Quare
3199 2853 3345 2907 sicut
3391 2852 3644 2921 colonus
3688 2852 3835 2919 futu-

2176 2959 2277 2997 rus
2309 2959 2370 2996 es
2401 2942 2460 3009 in
2493 2945 2665 3011 terra,
2698 2945 2753 2995 et
2781 2940 2952 3013 quasi
2986 2940 3174 2994 viator
3218 2941 3525 3011 declinans
3575 2942 3659 3011 ad
3711 2957 3830 2995 ma-

2177 3030 2488 3101 nendum?
2522 3031 2712 3094 Quare
2744 3030 2975 3084 futurus
3006 3045 3066 3082 es
3098 3029 3269 3107 quasi
3300 3029 3388 3097 vir
3416 3046 3629 3105 vagus,
3660 3035 3713 3101 et
3736 3027 3829 3101 qui

2176 3135 2297 3174 non
2330 3124 2519 3192 potest
2552 3117 2781 3171 salvare
2807 3120 3041 3183 (Jcrem.
3078 3134 3189 3185 xiv,
3222 3123 3274 3186 7,
3306 3120 3357 3185 8,
3391 3118 3463 3189 9).
3494 3142 3519 3166 ››

2247 3208 2417 3277 Quod
2444 3207 2805 3273 occidendus
2824 3212 2998 3275 esset,
3030 3206 3207 3277 Isaias
3230 3206 3446 3279 inquit:
3474 3230 3497 3253 ‹‹
3525 3206 3692 3263 Sicut
3713 3206 3828 3273 ovis

2174 3298 2249 3352 ad
2282 3297 2641 3367 occisionem
2672 3296 2885 3350 ductus
2916 3300 3020 3363 est,
3055 3301 3108 3349 et
3154 3295 3326 3367 quasi
3376 3312 3573 3367 agnus
3628 3311 3826 3363 coram

2173 3386 2452 3441 tondente
2485 3402 2544 3439 se
2576 3384 2701 3438 sine
2744 3400 2911 3453 voce,
2962 3383 3041 3438 sic
3088 3399 3208 3437 non
3254 3385 3486 3456 aperuit
3532 3401 3607 3455 os
3656 3400 3826 3451 suum

2175 3475 2307 3544 (Isa.
2343 3489 2456 3543 un,
2491 3479 2551 3540 7;
2584 3473 2727 3541 Act,
2751 3489 2869 3540 vin,
2905 3472 3011 3544 32).
3040 3494 3063 3519 ››
3102 3470 3340 3526 Daniel:
3377 3495 3404 3520 ‹‹
3432 3472 3524 3525 Vir
3557 3469 3824 3529 Gabriel:

2172 3566 2305 3633 Post
2332 3561 2750 3632 hebdomadas
2787 3560 3163 3635 septuaginta
3211 3560 3513 3615 occidetur
3561 3560 3824 3616 Christus

2172 3652 2349 3722 (Dan.
2385 3668 2461 3721 IX,
2497 3656 2605 3719 26).
2638 3675 2665 3699 )›
3328 3647 3336 3655 ’

2245 3741 2416 3808 Quod
2441 3743 2875 3811 resurrecturus
2903 3743 3075 3809 esset,
3113 3739 3296 3795 David
3316 3739 3396 3801 ait
3422 3757 3433 3794 :
3465 3763 3491 3788 ‹‹
3519 3744 3676 3797 Caro
3702 3753 3825 3794 mea

2172 3831 2501 3904 requiescet
2530 3830 2588 3887 in
2616 3846 2719 3902 spe
2752 3829 2937 3897 (Paul.
2970 3845 3063 3895 xv,
3098 3830 3170 3899 9),
3206 3851 3231 3877 ››
3275 3834 3383 3884 etc.
3412 3833 3554 3899 Item
3594 3848 3607 3884 :
3673 3854 3698 3877 α
3734 3832 3824 3899 Βυ-

2173 3918 2419 3987 surrexi,
2451 3922 2504 3973 et
2528 3918 2725 3972 adhuc
2756 3933 2889 3971 sum
2918 3921 3109 3983 tecum
3138 3918 3325 3987 (Psal.
3356 3934 3636 3991 (:xxxvm,
3673 3918 3771 3987 18).
3799 3938 3819 3963 η

2173 4007 2352 4077 Oseas
2386 4022 2398 4059 :
2437 4028 2461 4054 ‹‹
2485 4004 2815 4077 Viviticabit
2846 4019 2954 4075 nos
2984 4009 3119 4075 post
3142 4004 3293 4075 duos
3322 4004 3467 4073 dies,
3522 4011 3583 4077 et
3628 4006 3690 4073 in
3737 4003 3819 4057 die

2172 4092 2337 4165 tertia
2368 4092 2679 4165 suscitabit
2709 4108 2839 4163 nos,
2870 4096 2925 4147 et
2949 4092 3218 4161 vivemus
3248 4093 3305 4163 in
3336 4099 3674 4167 conspectu
3702 4092 3819 4163 cjas

2174 4180 2321 4251 (Ose,
2352 4196 2428 4247 v1,
2463 4182 2534 4251 3).
2576 4204 2600 4227 ››
3742 4170 3747 4175 ⁷

2242 4271 2318 4323 De
2359 4269 2608 4341 termino
2648 4267 2939 4339 adventus
2992 4268 3119 4341 ejus
3167 4270 3393 4339 Moyses
3453 4270 3551 4324 vel
3606 4266 3815 4324 Israel:

2169 4377 2195 4404 ‹‹
2228 4359 2352 4427 Non
2370 4356 2665 4429 auferetur
2682 4361 2977 4428 sceptrum
3006 4355 3079 4409 de
3096 4355 3273 4425 Juda,
3306 4361 3361 4411 et
3375 4357 3499 4411 dux
3513 4357 3590 4425 de
3607 4358 3815 4411 feruore

2131 4443 2139 4473 ³
2166 4444 2501 4514 ejusdonec
2523 4444 2719 4498 veniat
2740 4444 2840 4531 qui
2865 4443 3186 4499 mittendus
3214 4450 3318 4511 est,
3354 4450 3408 4499 et
3438 4446 3571 4517 ipse
3604 4444 3709 4501 erit
3731 4458 3815 4497 ex-

2167 4532 2448 4609 spectatio
2472 4531 2736 4603 gentium
2754 4529 2917 4601 (Gen.
2946 4548 3099 4601 xux,
3133 4536 3237 4591 t0).
3280 4556 3305 4581 ››
3339 4530 3553 4601 Daniel
3586 4551 3599 4588 :
3659 4556 3683 4581 ‹‹
3711 4529 3813 4587 Ad-

2164 4612 2281 4674 huc
2304 4620 2687 4693 ineloquente
2711 4619 2770 4691 in
2793 4618 3081 4685 oratione,
3108 4636 3241 4675 ecce
3260 4619 3347 4674 vir
3368 4621 3630 4693 Gabriel,
3646 4634 3812 4692 queui

2162 4708 2431 4781 videram
2448 4702 2505 4762 in
2532 4709 2756 4763 visione
2771 4724 2804 4761 a
2826 4708 3138 4780 principio,
3155 4708 3267 4764 cito
3288 4709 3507 4781 volans
3534 4708 3811 4780 tetigitme

2160 4796 2221 4851 in
2239 4801 2505 4869 tempore
2530 4796 2798 4853 sacrificii
2814 4796 3147 4869 vespertini,
3164 4802 3219 4852 et
3238 4797 3441 4869 docuit
3454 4817 3577 4875 me,
3598 4798 3809 4865 etlocu-

2163 4889 2256 4940 tus
2278 4890 2368 4942 est
2386 4885 2551 4957 mihi,
2576 4885 2838 4957 dixitque
2869 4901 2880 4939 :
2923 4884 3144 4955 Daniel,
3180 4902 3339 4941 nunc
3360 4903 3645 4957 egressus
3691 4899 3808 4956 sum

2163 4978 2227 5029 ut
2255 4974 2532 5031 docerem
2560 4979 2613 5029 te
2644 4979 2700 5047 et
2747 4968 3119 5047 intelligeres.
3169 4974 3257 5029 Ab
3302 4977 3557 5050 exordio
3579 4988 3808 5049 precum

2163 5067 2400 5135 tuarum
2419 5074 2695 5133 egressus
2717 5066 2803 5131 est
2826 5078 3021 5117 sermo
3047 5080 3058 5133 ξ
3084 5079 3195 5133 ego
3218 5068 3416 5135 autem
3441 5066 3587 5121 veni
3605 5071 3666 5121 ut
3682 5061 3809 5119 indi-

2161 5167 2359 5206 carem
2394 5151 2515 5213 tibi.
2547 5152 2688 5224 quia
2716 5151 2801 5221 vir
2831 5150 3263 5207 desideriorum
3295 5168 3376 5207 es.
3409 5157 3498 5209 Tu
3530 5171 3672 5224 ergo
3702 5150 3806 5206 ani-

2160 5240 2461 5293 madverte
2492 5255 2851 5311 sermonem,
2878 5245 2933 5293 et
2963 5240 3216 5309 intelligo
3232 5222 3562 5311 visionem:
3588 5222 3805 5315 Septua-

2160 5327 2322 5395 ginta
2349 5327 2759 5382 hebdomades
2790 5326 3297 5383 abbreviateisunt
3321 5347 3509 5403 super
3529 5330 3803 5407 populum

2158 5418 2348 5483 tuum,
2400 5420 2454 5468 et
2480 5431 2657 5488 super
2694 5414 2904 5469 urbem
2936 5421 3226 5486 sanctam,
3273 5434 3338 5472 ιιι
3368 5410 3804 5485 consummetur

2159 5502 2582 5573 praevaricatio.
2599 5508 2654 5557 et
2669 5502 2850 5557 ﬁnem
2872 5488 3802 5577 accipiatpeccatum,etdeleatur

2158 5589 2459 5663 iniquitas,
2506 5596 2560 5645 et
2591 5590 2924 5646 adducatur
2948 5591 3172 5659 justitia
3206 5594 3600 5667 sempiterna,
3633 5602 3685 5653 et
3713 5595 3798 5651 im-

2162 5679 2394 5750 pleatur
2422 5680 2565 5736 visio
2598 5686 2652 5736 et
2681 5678 3014 5769 prophetia,
3040 5686 3095 5735 et
3120 5686 3379 5751 ungatur
3405 5686 3663 5759 Sanctus
3685 5698 3799 5755 san-
