  <div class='ocr_page' id='page_1' title='image "/cluster/home/n/w/nwhite01/storage/ocr_20150623/140-141/uc1.31175018559917/742.png"; bbox 0 0 3904 6366; ppageno 0'>
   <div class='ocr_carea' id='block_1_1' title="bbox 103 265 200 316">
    <p class='ocr_par' dir='ltr' id='par_1_1' title="bbox 103 265 200 316">
     <span class='ocr_line' id='line_1_1' title="bbox 103 265 200 316; baseline 0.01 -1"><span class='ocrx_word' id='word_1_1' title='bbox 103 265 200 316; x_wconf 90' lang='grc'>333</span> 
     </span>
    </p>
   </div>
   <div class='ocr_carea' id='block_1_2' title="bbox 101 369 2140 450">
    <p class='ocr_par' dir='ltr' id='par_1_2' title="bbox 101 369 2140 450">
     <span class='ocr_line' id='line_1_2' title="bbox 101 369 2140 450; baseline -0.006 -13"><span class='ocrx_word' id='word_1_2' title='bbox 101 389 347 438; x_wconf 89' lang='lat' dir='ltr'>ctorum.</span> <span class='ocrx_word' id='word_1_3' title='bbox 385 382 537 438; x_wconf 87' lang='lat' dir='ltr'>Scito</span> <span class='ocrx_word' id='word_1_4' title='bbox 567 396 710 450; x_wconf 87' lang='lat' dir='ltr'>ergo</span> <span class='ocrx_word' id='word_1_5' title='bbox 736 384 793 436; x_wconf 92' lang='lat' dir='ltr'>et</span> <span class='ocrx_word' id='word_1_6' title='bbox 830 381 1240 436; x_wconf 80' lang='lat' dir='ltr'>animadverte</span> <span class='ocrx_word' id='word_1_7' title='bbox 1278 397 1290 434; x_wconf 90' lang='lat'><strong>:</strong></span> <span class='ocrx_word' id='word_1_8' title='bbox 1320 378 1409 432; x_wconf 83' lang='lat' dir='ltr'>Ab</span> <span class='ocrx_word' id='word_1_9' title='bbox 1439 375 1597 431; x_wconf 78' lang='lat' dir='ltr'>exitu</span> <span class='ocrx_word' id='word_1_10' title='bbox 1638 387 1751 427; x_wconf 76' lang='lat' dir='ltr'>srr-</span> <span class='ocrx_word' id='word_1_11' title='bbox 1788 372 1834 423; x_wconf 83' lang='lat' dir='ltr'><strong>A</strong></span> <span class='ocrx_word' id='word_1_12' title='bbox 1856 369 2085 439; x_wconf 75' lang='lat' dir='ltr'>justuzn</span> <span class='ocrx_word' id='word_1_13' title='bbox 2129 389 2140 425; x_wconf 88' lang='lat'><strong>:</strong></span> 
     </span>
    </p>
   </div>
   <div class='ocr_carea' id='block_1_3' title="bbox 101 462 1754 539">
    <p class='ocr_par' dir='ltr' id='par_1_3' title="bbox 101 462 1754 539">
     <span class='ocr_line' id='line_1_3' title="bbox 101 462 1754 539; baseline -0.001 -12"><span class='ocrx_word' id='word_1_14' title='bbox 101 473 314 539; x_wconf 87' lang='lat' dir='ltr'>monis,</span> <span class='ocrx_word' id='word_1_15' title='bbox 347 477 408 528; x_wconf 91' lang='lat' dir='ltr'>ut</span> <span class='ocrx_word' id='word_1_16' title='bbox 430 472 645 528; x_wconf 83' lang='lat' dir='ltr'>iterum</span> <span class='ocrx_word' id='word_1_17' title='bbox 677 471 1000 526; x_wconf 77' lang='lat' dir='ltr'>aediﬁcetur</span> <span class='ocrx_word' id='word_1_18' title='bbox 1029 470 1378 537; x_wconf 74' lang='lat' dir='ltr'>Jerusalem,</span> <span class='ocrx_word' id='word_1_19' title='bbox 1432 481 1621 538; x_wconf 83' lang='lat' dir='ltr'>nsque</span> <span class='ocrx_word' id='word_1_20' title='bbox 1674 462 1754 526; x_wconf 76' lang='lat' dir='ltr'>ad</span> 
     </span>
    </p>
   </div>
   <div class='ocr_carea' id='block_1_4' title="bbox 99 554 1751 630">
    <p class='ocr_par' dir='ltr' id='par_1_4' title="bbox 99 554 1751 630">
     <span class='ocr_line' id='line_1_4' title="bbox 99 554 1751 630; baseline -0.005 -13"><span class='ocrx_word' id='word_1_21' title='bbox 99 562 389 622; x_wconf 84' lang='lat' dir='ltr'>Christum</span> <span class='ocrx_word' id='word_1_22' title='bbox 418 561 635 616; x_wconf 90' lang='lat' dir='ltr'>ducem</span> <span class='ocrx_word' id='word_1_23' title='bbox 666 560 1078 626; x_wconf 80' lang='lat' dir='ltr'>hebdomades</span> <span class='ocrx_word' id='word_1_24' title='bbox 1110 564 1363 630; x_wconf 83' lang='lat' dir='ltr'>septem,</span> <span class='ocrx_word' id='word_1_25' title='bbox 1419 563 1475 612; x_wconf 90' lang='lat' dir='ltr'>et</span> <span class='ocrx_word' id='word_1_26' title='bbox 1522 554 1751 610; x_wconf 83' lang='lat' dir='ltr'>hebdo—</span> 
     </span>
    </p>
   </div>
   <div class='ocr_carea' id='block_1_5' title="bbox 96 645 1751 718">
    <p class='ocr_par' dir='ltr' id='par_1_5' title="bbox 96 645 1751 718">
     <span class='ocr_line' id='line_1_5' title="bbox 96 645 1751 718; baseline -0.002 -14"><span class='ocrx_word' id='word_1_27' title='bbox 96 651 305 704; x_wconf 88' lang='lat' dir='ltr'>mades</span> <span class='ocrx_word' id='word_1_28' title='bbox 337 650 646 718; x_wconf 79' lang='lat' dir='ltr'>sexaginta</span> <span class='ocrx_word' id='word_1_29' title='bbox 677 649 810 704; x_wconf 70' lang='lat' dir='ltr'>dua:</span> <span class='ocrx_word' id='word_1_30' title='bbox 843 653 1014 703; x_wconf 87' lang='lat' dir='ltr'>erunt</span> <span class='ocrx_word' id='word_1_31' title='bbox 1047 667 1060 714; x_wconf 88' lang='lat'><strong>;</strong></span> <span class='ocrx_word' id='word_1_32' title='bbox 1094 652 1149 704; x_wconf 91' lang='lat' dir='ltr'>et</span> <span class='ocrx_word' id='word_1_33' title='bbox 1206 665 1448 703; x_wconf 79' lang='lat' dir='ltr'>rursum</span> <span class='ocrx_word' id='word_1_34' title='bbox 1493 645 1751 701; x_wconf 61' lang='lat' dir='ltr'>aediﬁca-</span> 
     </span>
    </p>
   </div>
   <div class='ocr_carea' id='block_1_6' title="bbox 96 735 1755 809">
    <p class='ocr_par' dir='ltr' id='par_1_6' title="bbox 96 735 1755 809">
     <span class='ocr_line' id='line_1_6' title="bbox 96 735 1755 809; baseline -0.005 -17"><span class='ocrx_word' id='word_1_35' title='bbox 96 738 274 807; x_wconf 88' lang='lat' dir='ltr'>bitur,</span> <span class='ocrx_word' id='word_1_36' title='bbox 305 739 516 809; x_wconf 80' lang='lat' dir='ltr'>platea,</span> <span class='ocrx_word' id='word_1_37' title='bbox 551 743 606 793; x_wconf 92' lang='lat' dir='ltr'>et</span> <span class='ocrx_word' id='word_1_38' title='bbox 631 738 786 792; x_wconf 88' lang='lat' dir='ltr'>muri</span> <span class='ocrx_word' id='word_1_39' title='bbox 827 738 887 792; x_wconf 91' lang='lat' dir='ltr'>in</span> <span class='ocrx_word' id='word_1_40' title='bbox 945 737 1222 805; x_wconf 80' lang='lat' dir='ltr'>angustia</span> <span class='ocrx_word' id='word_1_41' title='bbox 1283 742 1640 808; x_wconf 79' lang='lat' dir='ltr'>temporum.</span> <span class='ocrx_word' id='word_1_42' title='bbox 1693 735 1755 786; x_wconf 81' lang='lat' dir='ltr'>Et</span> 
     </span>
    </p>
   </div>
   <div class='ocr_carea' id='block_1_7' title="bbox 97 825 1757 898">
    <p class='ocr_par' dir='ltr' id='par_1_7' title="bbox 97 825 1757 898">
     <span class='ocr_line' id='line_1_7' title="bbox 97 825 1757 898; baseline 0.001 -19"><span class='ocrx_word' id='word_1_43' title='bbox 97 834 232 898; x_wconf 88' lang='lat' dir='ltr'>post</span> <span class='ocrx_word' id='word_1_44' title='bbox 261 828 672 884; x_wconf 85' lang='lat' dir='ltr'>hebdomades</span> <span class='ocrx_word' id='word_1_45' title='bbox 703 828 1011 897; x_wconf 76' lang='lat' dir='ltr'>sexaginta</span> <span class='ocrx_word' id='word_1_46' title='bbox 1041 828 1195 882; x_wconf 88' lang='lat' dir='ltr'>duas</span> <span class='ocrx_word' id='word_1_47' title='bbox 1248 827 1550 882; x_wconf 86' lang='lat' dir='ltr'>occidetur</span> <span class='ocrx_word' id='word_1_48' title='bbox 1601 825 1757 881; x_wconf 80' lang='lat' dir='ltr'>Chri-</span> 
     </span>
    </p>
   </div>
   <div class='ocr_carea' id='block_1_8' title="bbox 99 916 1754 989">
    <p class='ocr_par' dir='ltr' id='par_1_8' title="bbox 99 916 1754 989">
     <span class='ocr_line' id='line_1_8' title="bbox 99 916 1754 989; baseline -0.001 -19"><span class='ocrx_word' id='word_1_49' title='bbox 99 922 226 971; x_wconf 87' lang='lat' dir='ltr'>stus</span> <span class='ocrx_word' id='word_1_50' title='bbox 261 935 272 970; x_wconf 91' lang='lat'><em>:</em></span> <span class='ocrx_word' id='word_1_51' title='bbox 308 921 363 978; x_wconf 88' lang='lat' dir='ltr'>et</span> <span class='ocrx_word' id='word_1_52' title='bbox 387 933 508 971; x_wconf 91' lang='lat' dir='ltr'>non</span> <span class='ocrx_word' id='word_1_53' title='bbox 546 917 653 971; x_wconf 88' lang='lat' dir='ltr'>erit</span> <span class='ocrx_word' id='word_1_54' title='bbox 678 917 804 986; x_wconf 87' lang='lat' dir='ltr'>ejus</span> <span class='ocrx_word' id='word_1_55' title='bbox 836 916 1114 988; x_wconf 87' lang='lat' dir='ltr'>populus,</span> <span class='ocrx_word' id='word_1_56' title='bbox 1137 917 1239 989; x_wconf 88' lang='lat' dir='ltr'>qui</span> <span class='ocrx_word' id='word_1_57' title='bbox 1266 933 1403 972; x_wconf 89' lang='lat' dir='ltr'>eum</span> <span class='ocrx_word' id='word_1_58' title='bbox 1430 920 1754 984; x_wconf 78' lang='lat' dir='ltr'>negaturus</span> 
     </span>
    </p>
   </div>
   <div class='ocr_carea' id='block_1_9' title="bbox 98 1004 1754 1076">
    <p class='ocr_par' dir='ltr' id='par_1_9' title="bbox 98 1004 1754 1076">
     <span class='ocr_line' id='line_1_9' title="bbox 98 1004 1754 1076; baseline -0.001 -17"><span class='ocrx_word' id='word_1_59' title='bbox 98 1011 183 1060; x_wconf 87' lang='lat' dir='ltr'>est</span> <span class='ocrx_word' id='word_1_60' title='bbox 243 1009 302 1060; x_wconf 79' lang='lat' dir='ltr'>Et</span> <span class='ocrx_word' id='word_1_61' title='bbox 325 1006 621 1060; x_wconf 89' lang='lat' dir='ltr'>civitatem</span> <span class='ocrx_word' id='word_1_62' title='bbox 652 1011 707 1060; x_wconf 92' lang='lat' dir='ltr'>et</span> <span class='ocrx_word' id='word_1_63' title='bbox 733 1006 1137 1066; x_wconf 86' lang='lat' dir='ltr'>sanctuarium</span> <span class='ocrx_word' id='word_1_64' title='bbox 1156 1005 1468 1076; x_wconf 73' lang='lat' dir='ltr'>dissipabit</span> <span class='ocrx_word' id='word_1_65' title='bbox 1494 1004 1754 1076; x_wconf 89' lang='lat' dir='ltr'>populus</span> 
     </span>
    </p>
   </div>
   <div class='ocr_carea' id='block_1_10' title="bbox 99 1094 1756 1163">
    <p class='ocr_par' dir='ltr' id='par_1_10' title="bbox 99 1094 1756 1163">
     <span class='ocr_line' id='line_1_10' title="bbox 99 1094 1756 1163; baseline -0.001 -15"><span class='ocrx_word' id='word_1_66' title='bbox 99 1112 238 1160; x_wconf 81' lang='lat' dir='ltr'>cum</span> <span class='ocrx_word' id='word_1_67' title='bbox 273 1095 420 1148; x_wconf 83' lang='lat' dir='ltr'>duce</span> <span class='ocrx_word' id='word_1_68' title='bbox 452 1099 724 1162; x_wconf 90' lang='lat' dir='ltr'>venturo,</span> <span class='ocrx_word' id='word_1_69' title='bbox 775 1099 830 1147; x_wconf 92' lang='lat' dir='ltr'>et</span> <span class='ocrx_word' id='word_1_70' title='bbox 887 1094 1020 1148; x_wconf 89' lang='lat' dir='ltr'>tinis</span> <span class='ocrx_word' id='word_1_71' title='bbox 1066 1095 1194 1162; x_wconf 83' lang='lat' dir='ltr'>ejus</span> <span class='ocrx_word' id='word_1_72' title='bbox 1224 1094 1487 1162; x_wconf 88' lang='lat' dir='ltr'>vastitas,</span> <span class='ocrx_word' id='word_1_73' title='bbox 1537 1098 1592 1148; x_wconf 91' lang='lat' dir='ltr'>et</span> <span class='ocrx_word' id='word_1_74' title='bbox 1621 1096 1756 1163; x_wconf 90' lang='lat' dir='ltr'>post</span> 
     </span>
    </p>
   </div>
   <div class='ocr_carea' id='block_1_11' title="bbox 99 1182 1755 1244">
    <p class='ocr_par' dir='ltr' id='par_1_11' title="bbox 99 1182 1755 1244">
     <span class='ocr_line' id='line_1_11' title="bbox 99 1182 1755 1244; baseline -0.001 -8"><span class='ocrx_word' id='word_1_75' title='bbox 99 1183 282 1240; x_wconf 85' lang='lat' dir='ltr'>ﬁnem</span> <span class='ocrx_word' id='word_1_76' title='bbox 314 1183 451 1237; x_wconf 92' lang='lat' dir='ltr'>belli</span> <span class='ocrx_word' id='word_1_77' title='bbox 481 1187 701 1244; x_wconf 86' lang='lat' dir='ltr'>statuta</span> <span class='ocrx_word' id='word_1_78' title='bbox 748 1182 1058 1238; x_wconf 88' lang='lat' dir='ltr'>desolatio.</span> <span class='ocrx_word' id='word_1_79' title='bbox 1111 1182 1499 1238; x_wconf 84' lang='lat' dir='ltr'>Contirmabit</span> <span class='ocrx_word' id='word_1_80' title='bbox 1554 1187 1755 1236; x_wconf 86' lang='lat' dir='ltr'>autem</span> 
     </span>
    </p>
   </div>
   <div class='ocr_carea' id='block_1_12' title="bbox 99 1271 1757 1344">
    <p class='ocr_par' dir='ltr' id='par_1_12' title="bbox 99 1271 1757 1344">
     <span class='ocr_line' id='line_1_12' title="bbox 99 1271 1757 1344; baseline 0.002 -21"><span class='ocrx_word' id='word_1_81' title='bbox 99 1279 340 1344; x_wconf 79' lang='lat' dir='ltr'>pactum</span> <span class='ocrx_word' id='word_1_82' title='bbox 371 1271 573 1338; x_wconf 82' lang='lat' dir='ltr'>multis</span> <span class='ocrx_word' id='word_1_83' title='bbox 602 1272 988 1326; x_wconf 86' lang='lat' dir='ltr'>hebdomada</span> <span class='ocrx_word' id='word_1_84' title='bbox 1010 1289 1150 1327; x_wconf 91' lang='lat' dir='ltr'>una.</span> <span class='ocrx_word' id='word_1_85' title='bbox 1175 1276 1238 1327; x_wconf 91' lang='lat' dir='ltr'>Et</span> <span class='ocrx_word' id='word_1_86' title='bbox 1259 1273 1318 1326; x_wconf 93' lang='lat' dir='ltr'>in</span> <span class='ocrx_word' id='word_1_87' title='bbox 1340 1272 1588 1326; x_wconf 89' lang='lat' dir='ltr'>dimidio</span> <span class='ocrx_word' id='word_1_88' title='bbox 1615 1271 1757 1326; x_wconf 89' lang='lat' dir='ltr'>heb-</span> 
     </span>
    </p>
   </div>
   <div class='ocr_carea' id='block_1_13' title="bbox 99 1360 1756 1431">
    <p class='ocr_par' dir='ltr' id='par_1_13' title="bbox 99 1360 1756 1431">
     <span class='ocr_line' id='line_1_13' title="bbox 99 1360 1756 1431; baseline -0.001 -17"><span class='ocrx_word' id='word_1_89' title='bbox 99 1361 378 1416; x_wconf 86' lang='lat' dir='ltr'>domadis</span> <span class='ocrx_word' id='word_1_90' title='bbox 411 1360 641 1416; x_wconf 76' lang='lat' dir='ltr'>deﬁciet</span> <span class='ocrx_word' id='word_1_91' title='bbox 671 1361 867 1416; x_wconf 78' lang='lat' dir='ltr'>hostia</span> <span class='ocrx_word' id='word_1_92' title='bbox 897 1365 953 1415; x_wconf 91' lang='lat' dir='ltr'>et</span> <span class='ocrx_word' id='word_1_93' title='bbox 984 1361 1342 1416; x_wconf 79' lang='lat' dir='ltr'>sacrificium</span> <span class='ocrx_word' id='word_1_94' title='bbox 1364 1367 1419 1416; x_wconf 89' lang='lat' dir='ltr'>et</span> <span class='ocrx_word' id='word_1_95' title='bbox 1446 1361 1505 1415; x_wconf 92' lang='lat' dir='ltr'>in</span> <span class='ocrx_word' id='word_1_96' title='bbox 1534 1360 1756 1431; x_wconf 86' lang='lat' dir='ltr'>templo</span> 
     </span>
    </p>
   </div>
   <div class='ocr_carea' id='block_1_14' title="bbox 99 1449 1757 1522">
    <p class='ocr_par' dir='ltr' id='par_1_14' title="bbox 99 1449 1757 1522">
     <span class='ocr_line' id='line_1_14' title="bbox 99 1449 1757 1522; baseline 0.001 -19"><span class='ocrx_word' id='word_1_97' title='bbox 99 1451 207 1507; x_wconf 84' lang='lat' dir='ltr'>erit</span> <span class='ocrx_word' id='word_1_98' title='bbox 238 1450 606 1505; x_wconf 84' lang='lat' dir='ltr'>abominatio</span> <span class='ocrx_word' id='word_1_99' title='bbox 639 1449 1041 1516; x_wconf 89' lang='lat' dir='ltr'>desolationis,</span> <span class='ocrx_word' id='word_1_100' title='bbox 1075 1456 1131 1506; x_wconf 88' lang='lat' dir='ltr'>et</span> <span class='ocrx_word' id='word_1_101' title='bbox 1158 1467 1346 1522; x_wconf 88' lang='lat' dir='ltr'>usque</span> <span class='ocrx_word' id='word_1_102' title='bbox 1377 1451 1455 1505; x_wconf 89' lang='lat' dir='ltr'>ad</span> <span class='ocrx_word' id='word_1_103' title='bbox 1477 1467 1757 1504; x_wconf 89' lang='lat' dir='ltr'>consum-</span> 
     </span>
    </p>
   </div>
   <div class='ocr_carea' id='block_1_15' title="bbox 98 1541 1753 1612">
    <p class='ocr_par' dir='ltr' id='par_1_15' title="bbox 98 1541 1753 1612">
     <span class='ocr_line' id='line_1_15' title="bbox 98 1541 1753 1612; baseline 0 -16"><span class='ocrx_word' id='word_1_104' title='bbox 98 1542 426 1598; x_wconf 83' lang='lat' dir='ltr'>mationem</span> <span class='ocrx_word' id='word_1_105' title='bbox 458 1547 512 1598; x_wconf 91' lang='lat' dir='ltr'>et</span> <span class='ocrx_word' id='word_1_106' title='bbox 542 1541 724 1604; x_wconf 77' lang='lat' dir='ltr'>tinem</span> <span class='ocrx_word' id='word_1_107' title='bbox 773 1541 1178 1612; x_wconf 74' lang='lat' dir='ltr'>perseverabit</span> <span class='ocrx_word' id='word_1_108' title='bbox 1231 1541 1519 1598; x_wconf 88' lang='lat' dir='ltr'>desolatio</span> <span class='ocrx_word' id='word_1_109' title='bbox 1576 1542 1753 1609; x_wconf 88' lang='lat' dir='ltr'>(Dan.</span> 
     </span>
    </p>
   </div>
   <div class='ocr_carea' id='block_1_16' title="bbox 98 1636 485 1701">
    <p class='ocr_par' dir='ltr' id='par_1_16' title="bbox 98 1636 485 1701">
     <span class='ocr_line' id='line_1_16' title="bbox 98 1636 485 1701; baseline -0.013 -16"><span class='ocrx_word' id='word_1_110' title='bbox 98 1648 175 1701; x_wconf 67' lang='lat' dir='ltr'>IX,</span> <span class='ocrx_word' id='word_1_111' title='bbox 461 1656 485 1680; x_wconf 82' lang='grc'>›)</span> 
     </span>
    </p>
   </div>
   <div class='ocr_carea' id='block_1_17' title="bbox 172 1720 1756 1791">
    <p class='ocr_par' dir='ltr' id='par_1_17' title="bbox 172 1720 1756 1791">
     <span class='ocr_line' id='line_1_17' title="bbox 172 1720 1756 1791; baseline 0.001 -15"><span class='ocrx_word' id='word_1_112' title='bbox 172 1744 196 1769; x_wconf 72' lang='grc' dir='ltr'>(ι</span> <span class='ocrx_word' id='word_1_113' title='bbox 245 1721 513 1788; x_wconf 79' lang='lat' dir='ltr'>Domine,</span> <span class='ocrx_word' id='word_1_114' title='bbox 548 1720 682 1791; x_wconf 81' lang='lat' dir='ltr'>quis</span> <span class='ocrx_word' id='word_1_115' title='bbox 713 1720 960 1775; x_wconf 84' lang='lat' dir='ltr'>credidit</span> <span class='ocrx_word' id='word_1_116' title='bbox 991 1721 1218 1777; x_wconf 90' lang='lat' dir='ltr'>auditui</span> <span class='ocrx_word' id='word_1_117' title='bbox 1250 1727 1451 1777; x_wconf 90' lang='lat' dir='ltr'>nostro</span> <span class='ocrx_word' id='word_1_118' title='bbox 1483 1722 1508 1776; x_wconf 86' lang='lat'><strong>?</strong></span> <span class='ocrx_word' id='word_1_119' title='bbox 1540 1727 1594 1778; x_wconf 93' lang='lat' dir='ltr'>et</span> <span class='ocrx_word' id='word_1_120' title='bbox 1623 1722 1756 1778; x_wconf 89' lang='lat' dir='ltr'>bra-</span> 
     </span>
    </p>
   </div>
   <div class='ocr_carea' id='block_1_18' title="bbox 99 1809 1760 1875">
    <p class='ocr_par' dir='ltr' id='par_1_18' title="bbox 99 1809 1760 1875">
     <span class='ocr_line' id='line_1_18' title="bbox 99 1809 1760 1875; baseline 0.002 -11"><span class='ocrx_word' id='word_1_121' title='bbox 99 1811 304 1864; x_wconf 86' lang='lat' dir='ltr'>chium</span> <span class='ocrx_word' id='word_1_122' title='bbox 366 1810 614 1875; x_wconf 82' lang='lat' dir='ltr'>Domini,</span> <span class='ocrx_word' id='word_1_123' title='bbox 677 1809 771 1864; x_wconf 90' lang='lat' dir='ltr'>cui</span> <span class='ocrx_word' id='word_1_124' title='bbox 819 1809 1146 1864; x_wconf 88' lang='lat' dir='ltr'>revelatum</span> <span class='ocrx_word' id='word_1_125' title='bbox 1205 1814 1290 1865; x_wconf 88' lang='lat' dir='ltr'>est</span> <span class='ocrx_word' id='word_1_126' title='bbox 1312 1811 1338 1864; x_wconf 69' lang='lat'>‘2</span> <span class='ocrx_word' id='word_1_127' title='bbox 1389 1814 1452 1865; x_wconf 84' lang='lat' dir='ltr'>Et</span> <span class='ocrx_word' id='word_1_128' title='bbox 1482 1812 1760 1867; x_wconf 85' lang='lat' dir='ltr'>ascendet</span> 
     </span>
    </p>
   </div>
   <div class='ocr_carea' id='block_1_19' title="bbox 101 1899 1760 1967">
    <p class='ocr_par' dir='ltr' id='par_1_19' title="bbox 101 1899 1760 1967">
     <span class='ocr_line' id='line_1_19' title="bbox 101 1899 1760 1967; baseline 0.003 -15"><span class='ocrx_word' id='word_1_129' title='bbox 101 1900 252 1960; x_wconf 80' lang='lat' dir='ltr'>sicut</span> <span class='ocrx_word' id='word_1_130' title='bbox 282 1899 600 1967; x_wconf 76' lang='lat' dir='ltr'>virgultum</span> <span class='ocrx_word' id='word_1_131' title='bbox 636 1915 842 1954; x_wconf 89' lang='lat' dir='ltr'>coram</span> <span class='ocrx_word' id='word_1_132' title='bbox 867 1916 957 1962; x_wconf 92' lang='lat' dir='ltr'>eo,</span> <span class='ocrx_word' id='word_1_133' title='bbox 1016 1905 1071 1955; x_wconf 91' lang='lat' dir='ltr'>et</span> <span class='ocrx_word' id='word_1_134' title='bbox 1109 1901 1258 1954; x_wconf 88' lang='lat' dir='ltr'>sicut</span> <span class='ocrx_word' id='word_1_135' title='bbox 1284 1901 1453 1955; x_wconf 83' lang='lat' dir='ltr'>radix</span> <span class='ocrx_word' id='word_1_136' title='bbox 1501 1901 1574 1956; x_wconf 91' lang='lat' dir='ltr'>de</span> <span class='ocrx_word' id='word_1_137' title='bbox 1607 1906 1760 1957; x_wconf 87' lang='lat' dir='ltr'>terra</span> 
     </span>
    </p>
   </div>
   <div class='ocr_carea' id='block_1_20' title="bbox 101 1988 1762 2060">
    <p class='ocr_par' dir='ltr' id='par_1_20' title="bbox 101 1988 1762 2060">
     <span class='ocr_line' id='line_1_20' title="bbox 101 1988 1762 2060; baseline 0.002 -18"><span class='ocrx_word' id='word_1_138' title='bbox 101 1989 319 2044; x_wconf 86' lang='lat' dir='ltr'>sitienti</span> <span class='ocrx_word' id='word_1_139' title='bbox 361 2006 372 2042; x_wconf 92' lang='lat'><strong>:</strong></span> <span class='ocrx_word' id='word_1_140' title='bbox 430 2005 550 2042; x_wconf 86' lang='lat' dir='ltr'>non</span> <span class='ocrx_word' id='word_1_141' title='bbox 578 1993 666 2042; x_wconf 87' lang='lat' dir='ltr'>est</span> <span class='ocrx_word' id='word_1_142' title='bbox 696 1988 923 2059; x_wconf 86' lang='lat' dir='ltr'>species</span> <span class='ocrx_word' id='word_1_143' title='bbox 954 1989 1006 2044; x_wconf 89' lang='lat' dir='ltr'>ei</span> <span class='ocrx_word' id='word_1_144' title='bbox 1033 2006 1224 2060; x_wconf 89' lang='lat' dir='ltr'>neque</span> <span class='ocrx_word' id='word_1_145' title='bbox 1256 1990 1435 2046; x_wconf 90' lang='lat' dir='ltr'>decor</span> <span class='ocrx_word' id='word_1_146' title='bbox 1468 2008 1480 2044; x_wconf 92' lang='lat'><strong>:</strong></span> <span class='ocrx_word' id='word_1_147' title='bbox 1515 1995 1571 2045; x_wconf 90' lang='lat' dir='ltr'>et</span> <span class='ocrx_word' id='word_1_148' title='bbox 1617 1990 1762 2045; x_wconf 86' lang='lat' dir='ltr'>vidi-</span> 
     </span>
    </p>
   </div>
   <div class='ocr_carea' id='block_1_21' title="bbox 99 2079 1762 2149">
    <p class='ocr_par' dir='ltr' id='par_1_21' title="bbox 99 2079 1762 2149">
     <span class='ocr_line' id='line_1_21' title="bbox 99 2079 1762 2149; baseline 0 -17"><span class='ocrx_word' id='word_1_149' title='bbox 99 2094 238 2133; x_wconf 89' lang='lat' dir='ltr'>mus</span> <span class='ocrx_word' id='word_1_150' title='bbox 266 2093 426 2142; x_wconf 84' lang='lat' dir='ltr'>eum,</span> <span class='ocrx_word' id='word_1_151' title='bbox 473 2082 527 2134; x_wconf 87' lang='lat' dir='ltr'>et</span> <span class='ocrx_word' id='word_1_152' title='bbox 557 2093 677 2131; x_wconf 88' lang='lat' dir='ltr'>non</span> <span class='ocrx_word' id='word_1_153' title='bbox 710 2083 834 2132; x_wconf 90' lang='lat' dir='ltr'>erat</span> <span class='ocrx_word' id='word_1_154' title='bbox 860 2082 1154 2149; x_wconf 87' lang='lat' dir='ltr'>aspectus,</span> <span class='ocrx_word' id='word_1_155' title='bbox 1205 2084 1261 2134; x_wconf 90' lang='lat' dir='ltr'>et</span> <span class='ocrx_word' id='word_1_156' title='bbox 1290 2079 1762 2134; x_wconf 89' lang='lat' dir='ltr'>desideravimus</span> 
     </span>
    </p>
   </div>
   <div class='ocr_carea' id='block_1_22' title="bbox 101 2167 1758 2238">
    <p class='ocr_par' dir='ltr' id='par_1_22' title="bbox 101 2167 1758 2238">
     <span class='ocr_line' id='line_1_22' title="bbox 101 2167 1758 2238; baseline 0.001 -17"><span class='ocrx_word' id='word_1_157' title='bbox 101 2184 240 2222; x_wconf 85' lang='lat' dir='ltr'>eum</span> <span class='ocrx_word' id='word_1_158' title='bbox 271 2185 282 2220; x_wconf 87' lang='lat'><strong>:</strong></span> <span class='ocrx_word' id='word_1_159' title='bbox 318 2167 666 2236; x_wconf 84' lang='lat' dir='ltr'>despectum</span> <span class='ocrx_word' id='word_1_160' title='bbox 699 2172 753 2221; x_wconf 90' lang='lat' dir='ltr'>et</span> <span class='ocrx_word' id='word_1_161' title='bbox 779 2167 1175 2222; x_wconf 87' lang='lat' dir='ltr'>novissimum</span> <span class='ocrx_word' id='word_1_162' title='bbox 1229 2168 1517 2238; x_wconf 89' lang='lat' dir='ltr'>virorum,</span> <span class='ocrx_word' id='word_1_163' title='bbox 1565 2169 1758 2223; x_wconf 87' lang='lat' dir='ltr'>virum</span> 
     </span>
    </p>
   </div>
   <div class='ocr_carea' id='block_1_23' title="bbox 100 2255 1764 2329">
    <p class='ocr_par' dir='ltr' id='par_1_23' title="bbox 100 2255 1764 2329">
     <span class='ocr_line' id='line_1_23' title="bbox 100 2255 1764 2329; baseline 0.002 -20"><span class='ocrx_word' id='word_1_164' title='bbox 100 2257 380 2311; x_wconf 88' lang='lat' dir='ltr'>dolorum</span> <span class='ocrx_word' id='word_1_165' title='bbox 409 2262 464 2310; x_wconf 88' lang='lat' dir='ltr'>et</span> <span class='ocrx_word' id='word_1_166' title='bbox 494 2255 776 2310; x_wconf 87' lang='lat' dir='ltr'>scientem</span> <span class='ocrx_word' id='word_1_167' title='bbox 826 2256 1274 2324; x_wconf 80' lang='lat' dir='ltr'>inﬁrmitatem;</span> <span class='ocrx_word' id='word_1_168' title='bbox 1330 2263 1386 2312; x_wconf 89' lang='lat' dir='ltr'>et</span> <span class='ocrx_word' id='word_1_169' title='bbox 1440 2258 1614 2329; x_wconf 91' lang='lat' dir='ltr'>quasi</span> <span class='ocrx_word' id='word_1_170' title='bbox 1663 2258 1764 2314; x_wconf 87' lang='lat' dir='ltr'>ab-</span> 
     </span>
    </p>
   </div>
   <div class='ocr_carea' id='block_1_24' title="bbox 102 2343 1762 2416">
    <p class='ocr_par' dir='ltr' id='par_1_24' title="bbox 102 2343 1762 2416">
     <span class='ocr_line' id='line_1_24' title="bbox 102 2343 1762 2416; baseline 0.001 -19"><span class='ocrx_word' id='word_1_171' title='bbox 102 2344 409 2398; x_wconf 79' lang='lat' dir='ltr'>sconditus</span> <span class='ocrx_word' id='word_1_172' title='bbox 431 2343 628 2398; x_wconf 84' lang='lat' dir='ltr'>vultus</span> <span class='ocrx_word' id='word_1_173' title='bbox 661 2344 789 2411; x_wconf 81' lang='lat' dir='ltr'>ejus</span> <span class='ocrx_word' id='word_1_174' title='bbox 820 2347 875 2398; x_wconf 91' lang='lat' dir='ltr'>et</span> <span class='ocrx_word' id='word_1_175' title='bbox 904 2344 1243 2415; x_wconf 88' lang='lat' dir='ltr'>despectus,</span> <span class='ocrx_word' id='word_1_176' title='bbox 1269 2345 1428 2399; x_wconf 92' lang='lat' dir='ltr'>unde</span> <span class='ocrx_word' id='word_1_177' title='bbox 1455 2361 1565 2399; x_wconf 90' lang='lat' dir='ltr'>nec</span> <span class='ocrx_word' id='word_1_178' title='bbox 1590 2361 1762 2416; x_wconf 53' lang='lat' dir='ltr'>repu-</span> 
     </span>
    </p>
   </div>
   <div class='ocr_carea' id='block_1_25' title="bbox 103 2431 1764 2503">
    <p class='ocr_par' dir='ltr' id='par_1_25' title="bbox 103 2431 1764 2503">
     <span class='ocr_line' id='line_1_25' title="bbox 103 2431 1764 2503; baseline 0.001 -18"><span class='ocrx_word' id='word_1_179' title='bbox 103 2433 363 2486; x_wconf 87' lang='lat' dir='ltr'>tavimus</span> <span class='ocrx_word' id='word_1_180' title='bbox 389 2448 546 2486; x_wconf 90' lang='lat' dir='ltr'>eum.</span> <span class='ocrx_word' id='word_1_181' title='bbox 581 2433 715 2484; x_wconf 81' lang='lat' dir='ltr'>Vere</span> <span class='ocrx_word' id='word_1_182' title='bbox 747 2431 1067 2499; x_wconf 86' lang='lat' dir='ltr'>languores</span> <span class='ocrx_word' id='word_1_183' title='bbox 1101 2437 1334 2487; x_wconf 88' lang='lat' dir='ltr'>nostros</span> <span class='ocrx_word' id='word_1_184' title='bbox 1361 2432 1487 2503; x_wconf 90' lang='lat' dir='ltr'>ipse</span> <span class='ocrx_word' id='word_1_185' title='bbox 1529 2433 1674 2499; x_wconf 83' lang='lat' dir='ltr'>tulit,</span> <span class='ocrx_word' id='word_1_186' title='bbox 1709 2437 1764 2486; x_wconf 94' lang='lat' dir='ltr'>et</span> 
     </span>
    </p>
   </div>
   <div class='ocr_carea' id='block_1_26' title="bbox 102 2520 1761 2593">
    <p class='ocr_par' dir='ltr' id='par_1_26' title="bbox 102 2520 1761 2593">
     <span class='ocr_line' id='line_1_26' title="bbox 102 2520 1761 2593; baseline 0.001 -19"><span class='ocrx_word' id='word_1_187' title='bbox 102 2521 341 2576; x_wconf 86' lang='lat' dir='ltr'>dolores</span> <span class='ocrx_word' id='word_1_188' title='bbox 373 2526 612 2575; x_wconf 86' lang='lat' dir='ltr'>nostros</span> <span class='ocrx_word' id='word_1_189' title='bbox 647 2521 772 2591; x_wconf 65' lang='lat' dir='ltr'>ipse</span> <span class='ocrx_word' id='word_1_190' title='bbox 820 2520 1091 2591; x_wconf 83' lang='lat' dir='ltr'>portavit,</span> <span class='ocrx_word' id='word_1_191' title='bbox 1145 2527 1199 2577; x_wconf 90' lang='lat' dir='ltr'>et</span> <span class='ocrx_word' id='word_1_192' title='bbox 1254 2538 1364 2576; x_wconf 91' lang='lat' dir='ltr'>nos</span> <span class='ocrx_word' id='word_1_193' title='bbox 1418 2522 1761 2593; x_wconf 82' lang='lat' dir='ltr'>putavimus</span> 
     </span>
    </p>
   </div>
   <div class='ocr_carea' id='block_1_27' title="bbox 101 2609 1763 2681">
    <p class='ocr_par' dir='ltr' id='par_1_27' title="bbox 101 2609 1763 2681">
     <span class='ocr_line' id='line_1_27' title="bbox 101 2609 1763 2681; baseline 0.001 -18"><span class='ocrx_word' id='word_1_194' title='bbox 101 2625 240 2664; x_wconf 92' lang='lat' dir='ltr'>eum</span> <span class='ocrx_word' id='word_1_195' title='bbox 269 2609 444 2681; x_wconf 88' lang='lat' dir='ltr'>quasi</span> <span class='ocrx_word' id='word_1_196' title='bbox 473 2609 798 2679; x_wconf 87' lang='lat' dir='ltr'>leprosum,</span> <span class='ocrx_word' id='word_1_197' title='bbox 832 2612 889 2671; x_wconf 87' lang='lat' dir='ltr'>et</span> <span class='ocrx_word' id='word_1_198' title='bbox 913 2624 1266 2679; x_wconf 88' lang='lat' dir='ltr'>percussum</span> <span class='ocrx_word' id='word_1_199' title='bbox 1297 2625 1333 2664; x_wconf 90' lang='lat' dir='ltr'>a</span> <span class='ocrx_word' id='word_1_200' title='bbox 1373 2612 1511 2678; x_wconf 91' lang='lat' dir='ltr'>Deo,</span> <span class='ocrx_word' id='word_1_201' title='bbox 1557 2614 1614 2665; x_wconf 87' lang='lat' dir='ltr'>et</span> <span class='ocrx_word' id='word_1_202' title='bbox 1654 2610 1763 2665; x_wconf 88' lang='lat' dir='ltr'>hu-</span> 
     </span>
    </p>
   </div>
   <div class='ocr_carea' id='block_1_28' title="bbox 105 2696 1764 2769">
    <p class='ocr_par' dir='ltr' id='par_1_28' title="bbox 105 2696 1764 2769">
     <span class='ocr_line' id='line_1_28' title="bbox 105 2696 1764 2769; baseline -0.001 -15"><span class='ocrx_word' id='word_1_203' title='bbox 105 2699 418 2754; x_wconf 89' lang='lat' dir='ltr'>miliatum.</span> <span class='ocrx_word' id='word_1_204' title='bbox 458 2701 582 2769; x_wconf 86' lang='lat' dir='ltr'>Ipse</span> <span class='ocrx_word' id='word_1_205' title='bbox 610 2702 810 2752; x_wconf 74' lang='lat' dir='ltr'>autem</span> <span class='ocrx_word' id='word_1_206' title='bbox 854 2696 1196 2752; x_wconf 86' lang='lat' dir='ltr'>vulneratus</span> <span class='ocrx_word' id='word_1_207' title='bbox 1247 2702 1332 2752; x_wconf 91' lang='lat' dir='ltr'>est</span> <span class='ocrx_word' id='word_1_208' title='bbox 1375 2702 1615 2768; x_wconf 89' lang='lat' dir='ltr'>propter</span> <span class='ocrx_word' id='word_1_209' title='bbox 1658 2698 1764 2752; x_wconf 90' lang='lat' dir='ltr'>ini-</span> 
     </span>
    </p>
   </div>
   <div class='ocr_carea' id='block_1_29' title="bbox 103 2785 1763 2858">
    <p class='ocr_par' dir='ltr' id='par_1_29' title="bbox 103 2785 1763 2858">
     <span class='ocr_line' id='line_1_29' title="bbox 103 2785 1763 2858; baseline 0 -17"><span class='ocrx_word' id='word_1_210' title='bbox 103 2788 359 2858; x_wconf 88' lang='lat' dir='ltr'>quitates</span> <span class='ocrx_word' id='word_1_211' title='bbox 391 2791 646 2851; x_wconf 85' lang='lat' dir='ltr'>nostras,</span> <span class='ocrx_word' id='word_1_212' title='bbox 707 2785 934 2840; x_wconf 85' lang='lat' dir='ltr'>attritus</span> <span class='ocrx_word' id='word_1_213' title='bbox 992 2789 1080 2838; x_wconf 91' lang='lat' dir='ltr'>est</span> <span class='ocrx_word' id='word_1_214' title='bbox 1134 2789 1376 2856; x_wconf 84' lang='lat' dir='ltr'>propter</span> <span class='ocrx_word' id='word_1_215' title='bbox 1407 2785 1627 2840; x_wconf 87' lang='lat' dir='ltr'>scelera</span> <span class='ocrx_word' id='word_1_216' title='bbox 1659 2801 1763 2841; x_wconf 90' lang='lat' dir='ltr'>no-</span> 
     </span>
    </p>
   </div>
   <div class='ocr_carea' id='block_1_30' title="bbox 103 2873 1761 2944">
    <p class='ocr_par' dir='ltr' id='par_1_30' title="bbox 103 2873 1761 2944">
     <span class='ocr_line' id='line_1_30' title="bbox 103 2873 1761 2944; baseline 0.001 -17"><span class='ocrx_word' id='word_1_217' title='bbox 103 2881 242 2930; x_wconf 86' lang='lat' dir='ltr'>stra.</span> <span class='ocrx_word' id='word_1_218' title='bbox 279 2874 595 2944; x_wconf 91' lang='lat' dir='ltr'>Disciplina</span> <span class='ocrx_word' id='word_1_219' title='bbox 622 2873 786 2944; x_wconf 82' lang='lat' dir='ltr'>pacis</span> <span class='ocrx_word' id='word_1_220' title='bbox 817 2877 1032 2926; x_wconf 70' lang='lat' dir='ltr'>nostrae</span> <span class='ocrx_word' id='word_1_221' title='bbox 1062 2888 1240 2943; x_wconf 87' lang='lat' dir='ltr'>super</span> <span class='ocrx_word' id='word_1_222' title='bbox 1269 2889 1426 2940; x_wconf 92' lang='lat' dir='ltr'>eum,</span> <span class='ocrx_word' id='word_1_223' title='bbox 1481 2878 1536 2929; x_wconf 89' lang='lat' dir='ltr'>et</span> <span class='ocrx_word' id='word_1_224' title='bbox 1577 2874 1761 2929; x_wconf 79' lang='lat' dir='ltr'>livore</span> 
     </span>
    </p>
   </div>
   <div class='ocr_carea' id='block_1_31' title="bbox 104 2962 1760 3033">
    <p class='ocr_par' dir='ltr' id='par_1_31' title="bbox 104 2962 1760 3033">
     <span class='ocr_line' id='line_1_31' title="bbox 104 2962 1760 3033; baseline 0.002 -19"><span class='ocrx_word' id='word_1_225' title='bbox 104 2962 230 3030; x_wconf 85' lang='lat' dir='ltr'>ejus</span> <span class='ocrx_word' id='word_1_226' title='bbox 267 2963 461 3018; x_wconf 85' lang='lat' dir='ltr'>sanati</span> <span class='ocrx_word' id='word_1_227' title='bbox 492 2979 718 3017; x_wconf 87' lang='lat' dir='ltr'>sumus.</span> <span class='ocrx_word' id='word_1_228' title='bbox 755 2964 972 3016; x_wconf 84' lang='lat' dir='ltr'>Omnes</span> <span class='ocrx_word' id='word_1_229' title='bbox 1004 2977 1117 3016; x_wconf 90' lang='lat' dir='ltr'>nos</span> <span class='ocrx_word' id='word_1_230' title='bbox 1155 2963 1329 3033; x_wconf 91' lang='lat' dir='ltr'>quasi</span> <span class='ocrx_word' id='word_1_231' title='bbox 1357 2979 1500 3018; x_wconf 91' lang='lat' dir='ltr'>oves</span> <span class='ocrx_word' id='word_1_232' title='bbox 1541 2963 1760 3018; x_wconf 88' lang='lat' dir='ltr'>erravi-</span> 
     </span>
    </p>
   </div>
   <div class='ocr_carea' id='block_1_32' title="bbox 1358 245 2239 310">
    <p class='ocr_par' dir='ltr' id='par_1_32' title="bbox 1358 245 2239 310">
     <span class='ocr_line' id='line_1_32' title="bbox 1358 245 2239 310; baseline -0.008 -1"><span class='ocrx_word' id='word_1_233' title='bbox 1358 247 1721 310; x_wconf 79' lang='lat' dir='ltr'>SERMONES</span> <span class='ocrx_word' id='word_1_234' title='bbox 1759 245 1852 300; x_wconf 83' lang='lat' dir='ltr'>AD</span> <span class='ocrx_word' id='word_1_235' title='bbox 1891 247 2239 304; x_wconf 84' lang='lat' dir='ltr'>POPULUM.</span> 
     </span>
    </p>
   </div>
   <div class='ocr_carea' id='block_1_33' title="bbox 3407 254 3510 309">
    <p class='ocr_par' dir='ltr' id='par_1_33' title="bbox 3407 254 3510 309">
     <span class='ocr_line' id='line_1_33' title="bbox 3407 254 3510 309; baseline -0.01 0"><span class='ocrx_word' id='word_1_236' title='bbox 3407 254 3510 309; x_wconf 77' lang='grc'>334</span> 
     </span>
    </p>
   </div>
   <div class='ocr_carea' id='block_1_34' title="bbox 2189 371 3512 450">
    <p class='ocr_par' dir='ltr' id='par_1_34' title="bbox 2189 371 3512 450">
     <span class='ocr_line' id='line_1_34' title="bbox 2189 371 3512 450; baseline 0.007 -27"><span class='ocrx_word' id='word_1_237' title='bbox 2189 371 2316 443; x_wconf 83' lang='lat' dir='ltr'>ipse</span> <span class='ocrx_word' id='word_1_238' title='bbox 2369 377 2457 429; x_wconf 90' lang='lat' dir='ltr'>est</span> <span class='ocrx_word' id='word_1_239' title='bbox 2509 373 2771 428; x_wconf 84' lang='lat' dir='ltr'>exoratio</span> <span class='ocrx_word' id='word_1_240' title='bbox 2827 390 2938 446; x_wconf 89' lang='lat' dir='ltr'>pro</span> <span class='ocrx_word' id='word_1_241' title='bbox 2985 375 3246 450; x_wconf 90' lang='lat' dir='ltr'>peccatis</span> <span class='ocrx_word' id='word_1_242' title='bbox 3297 376 3512 432; x_wconf 85' lang='lat' dir='ltr'>nostris</span> 
     </span>
    </p>
   </div>
   <div class='ocr_carea' id='block_1_35' title="bbox 1861 460 3514 530">
    <p class='ocr_par' dir='ltr' id='par_1_35' title="bbox 1861 460 3514 530">
     <span class='ocr_line' id='line_1_35' title="bbox 1861 460 3514 530; baseline 0.006 -17"><span class='ocrx_word' id='word_1_243' title='bbox 1861 460 2055 530; x_wconf 79' lang='lat' dir='ltr'>(Ibid.,</span> <span class='ocrx_word' id='word_1_244' title='bbox 2089 464 2165 519; x_wconf 75' lang='lat'>&#39;2).</span> <span class='ocrx_word' id='word_1_245' title='bbox 2202 483 2230 510; x_wconf 87' lang='lat'>»</span> <span class='ocrx_word' id='word_1_246' title='bbox 2261 463 2518 517; x_wconf 88' lang='lat' dir='ltr'>Jacobus</span> <span class='ocrx_word' id='word_1_247' title='bbox 2549 463 2665 518; x_wconf 87' lang='lat' dir='ltr'>ait:</span> <span class='ocrx_word' id='word_1_248' title='bbox 2701 486 2726 513; x_wconf 87' lang='lat'><strong>«</strong></span> <span class='ocrx_word' id='word_1_249' title='bbox 2763 464 3136 522; x_wconf 87' lang='lat' dir='ltr'>Conﬁtemini</span> <span class='ocrx_word' id='word_1_250' title='bbox 3167 466 3514 523; x_wconf 83' lang='lat' dir='ltr'>alterutrum</span> 
     </span>
    </p>
   </div>
   <div class='ocr_carea' id='block_1_36' title="bbox 1821 553 3516 625">
    <p class='ocr_par' dir='ltr' id='par_1_36' title="bbox 1821 553 3516 625">
     <span class='ocr_line' id='line_1_36' title="bbox 1821 553 3516 625; baseline 0.006 -22"><span class='ocrx_word' id='word_1_251' title='bbox 1821 582 1831 592; x_wconf 86' lang='lat'><strong>-</strong></span> <span class='ocrx_word' id='word_1_252' title='bbox 1859 555 2105 620; x_wconf 89' lang='lat' dir='ltr'>peccata</span> <span class='ocrx_word' id='word_1_253' title='bbox 2133 556 2348 617; x_wconf 86' lang='lat' dir='ltr'>vestra,</span> <span class='ocrx_word' id='word_1_254' title='bbox 2383 556 2439 607; x_wconf 93' lang='lat' dir='ltr'>et</span> <span class='ocrx_word' id='word_1_255' title='bbox 2463 557 2626 608; x_wconf 89' lang='lat' dir='ltr'>orate</span> <span class='ocrx_word' id='word_1_256' title='bbox 2656 569 2766 625; x_wconf 91' lang='lat' dir='ltr'>pro</span> <span class='ocrx_word' id='word_1_257' title='bbox 2793 553 3068 622; x_wconf 84' lang='lat' dir='ltr'>invicem,</span> <span class='ocrx_word' id='word_1_258' title='bbox 3101 561 3166 612; x_wconf 92' lang='lat' dir='ltr'>ut</span> <span class='ocrx_word' id='word_1_259' title='bbox 3204 555 3516 612; x_wconf 87' lang='lat' dir='ltr'>salvemini</span> 
     </span>
    </p>
   </div>
   <div class='ocr_carea' id='block_1_37' title="bbox 1861 639 3519 720">
    <p class='ocr_par' dir='ltr' id='par_1_37' title="bbox 1861 639 3519 720">
     <span class='ocr_line' id='line_1_37' title="bbox 1861 639 3519 720; baseline 0.007 -30"><span class='ocrx_word' id='word_1_260' title='bbox 1861 639 2107 707; x_wconf 78' lang='lat' dir='ltr'>(Jacob.,</span> <span class='ocrx_word' id='word_1_261' title='bbox 2132 656 2184 704; x_wconf 87' lang='lat' dir='ltr'>v,</span> <span class='ocrx_word' id='word_1_262' title='bbox 2215 641 2300 709; x_wconf 78' lang='lat' dir='ltr'>l6)</span> <span class='ocrx_word' id='word_1_263' title='bbox 2332 657 2361 691; x_wconf 85' lang='grc'><strong>›</strong></span> <span class='ocrx_word' id='word_1_264' title='bbox 2389 640 2730 705; x_wconf 84' lang='lat' dir='ltr'>Fulgentius</span> <span class='ocrx_word' id='word_1_265' title='bbox 2764 660 2775 697; x_wconf 91' lang='lat'><strong>:</strong></span> <span class='ocrx_word' id='word_1_266' title='bbox 2814 663 2840 690; x_wconf 92' lang='grc'>‹‹</span> <span class='ocrx_word' id='word_1_267' title='bbox 2874 643 3244 716; x_wconf 77' lang='lat' dir='ltr'>Quocumque</span> <span class='ocrx_word' id='word_1_268' title='bbox 3291 649 3519 720; x_wconf 90' lang='lat' dir='ltr'>tempo-</span> 
     </span>
    </p>
   </div>
   <div class='ocr_carea' id='block_1_38' title="bbox 1859 729 3514 803">
    <p class='ocr_par' dir='ltr' id='par_1_38' title="bbox 1859 729 3514 803">
     <span class='ocr_line' id='line_1_38' title="bbox 1859 729 3514 803; baseline 0.007 -22"><span class='ocrx_word' id='word_1_269' title='bbox 1859 743 1922 782; x_wconf 90' lang='lat' dir='ltr'>re</span> <span class='ocrx_word' id='word_1_270' title='bbox 1959 729 2143 782; x_wconf 92' lang='lat' dir='ltr'>homo</span> <span class='ocrx_word' id='word_1_271' title='bbox 2169 729 2351 798; x_wconf 90' lang='lat' dir='ltr'>egerit</span> <span class='ocrx_word' id='word_1_272' title='bbox 2379 729 2808 802; x_wconf 77' lang='lat' dir='ltr'>paenitentiam,</span> <span class='ocrx_word' id='word_1_273' title='bbox 2842 748 3026 802; x_wconf 89' lang='lat' dir='ltr'>quam</span> <span class='ocrx_word' id='word_1_274' title='bbox 3055 733 3198 789; x_wconf 89' lang='lat' dir='ltr'>libet</span> <span class='ocrx_word' id='word_1_275' title='bbox 3226 750 3514 803; x_wconf 88' lang='lat' dir='ltr'>annosus,</span> 
     </span>
    </p>
   </div>
   <div class='ocr_carea' id='block_1_39' title="bbox 1862 817 3517 896">
    <p class='ocr_par' dir='ltr' id='par_1_39' title="bbox 1862 817 3517 896">
     <span class='ocr_line' id='line_1_39' title="bbox 1862 817 3517 896; baseline 0.006 -27"><span class='ocrx_word' id='word_1_276' title='bbox 1862 817 1911 870; x_wconf 91' lang='lat' dir='ltr'>si</span> <span class='ocrx_word' id='word_1_277' title='bbox 1939 822 2057 872; x_wconf 90' lang='lat' dir='ltr'>toto</span> <span class='ocrx_word' id='word_1_278' title='bbox 2075 818 2252 872; x_wconf 90' lang='lat' dir='ltr'>corde</span> <span class='ocrx_word' id='word_1_279' title='bbox 2274 818 2697 875; x_wconf 87' lang='lat' dir='ltr'>renuntiaverit</span> <span class='ocrx_word' id='word_1_280' title='bbox 2716 821 2976 894; x_wconf 89' lang='lat' dir='ltr'>peccatis</span> <span class='ocrx_word' id='word_1_281' title='bbox 2998 823 3392 894; x_wconf 63' lang='lat' dir='ltr'>praeter1tis,et</span> <span class='ocrx_word' id='word_1_282' title='bbox 3406 840 3517 896; x_wconf 90' lang='lat' dir='ltr'>pro</span> 
     </span>
    </p>
   </div>
   <div class='ocr_carea' id='block_1_40' title="bbox 1861 906 3519 986">
    <p class='ocr_par' dir='ltr' id='par_1_40' title="bbox 1861 906 3519 986">
     <span class='ocr_line' id='line_1_40' title="bbox 1861 906 3519 986; baseline 0.005 -26"><span class='ocrx_word' id='word_1_283' title='bbox 1861 906 1943 960; x_wconf 90' lang='lat' dir='ltr'>eis</span> <span class='ocrx_word' id='word_1_284' title='bbox 1973 906 2033 960; x_wconf 91' lang='lat' dir='ltr'>in</span> <span class='ocrx_word' id='word_1_285' title='bbox 2059 912 2385 979; x_wconf 90' lang='lat' dir='ltr'>conspectu</span> <span class='ocrx_word' id='word_1_286' title='bbox 2413 909 2648 964; x_wconf 89' lang='lat' dir='ltr'>Domini</span> <span class='ocrx_word' id='word_1_287' title='bbox 2679 925 2801 965; x_wconf 93' lang='lat' dir='ltr'>non</span> <span class='ocrx_word' id='word_1_288' title='bbox 2833 911 3027 967; x_wconf 90' lang='lat' dir='ltr'>solum</span> <span class='ocrx_word' id='word_1_289' title='bbox 3075 912 3361 986; x_wconf 89' lang='lat' dir='ltr'>corporis,</span> <span class='ocrx_word' id='word_1_290' title='bbox 3412 913 3519 970; x_wconf 91' lang='lat' dir='ltr'>sed</span> 
     </span>
    </p>
   </div>
   <div class='ocr_carea' id='block_1_41' title="bbox 1861 997 3519 1076">
    <p class='ocr_par' dir='ltr' id='par_1_41' title="bbox 1861 997 3519 1076">
     <span class='ocr_line' id='line_1_41' title="bbox 1861 997 3519 1076; baseline 0.005 -25"><span class='ocrx_word' id='word_1_291' title='bbox 1861 997 2040 1054; x_wconf 91' lang='lat' dir='ltr'>etiam</span> <span class='ocrx_word' id='word_1_292' title='bbox 2071 998 2267 1052; x_wconf 90' lang='lat' dir='ltr'>cordis</span> <span class='ocrx_word' id='word_1_293' title='bbox 2296 997 2599 1070; x_wconf 87' lang='lat' dir='ltr'>lacrymas</span> <span class='ocrx_word' id='word_1_294' title='bbox 2631 999 2866 1069; x_wconf 84' lang='lat' dir='ltr'>fuderit,</span> <span class='ocrx_word' id='word_1_295' title='bbox 2923 1007 2978 1058; x_wconf 92' lang='lat' dir='ltr'>et</span> <span class='ocrx_word' id='word_1_296' title='bbox 3031 1003 3330 1060; x_wconf 82' lang='lat' dir='ltr'>malorum</span> <span class='ocrx_word' id='word_1_297' title='bbox 3381 1019 3519 1076; x_wconf 90' lang='lat' dir='ltr'>ope-</span> 
     </span>
    </p>
   </div>
   <div class='ocr_carea' id='block_1_42' title="bbox 1862 1086 3515 1163">
    <p class='ocr_par' dir='ltr' id='par_1_42' title="bbox 1862 1086 3515 1163">
     <span class='ocr_line' id='line_1_42' title="bbox 1862 1086 3515 1163; baseline 0.005 -23"><span class='ocrx_word' id='word_1_298' title='bbox 1862 1102 1995 1142; x_wconf 93' lang='lat' dir='ltr'>rum</span> <span class='ocrx_word' id='word_1_299' title='bbox 2046 1086 2316 1142; x_wconf 88' lang='lat' dir='ltr'>maculas</span> <span class='ocrx_word' id='word_1_300' title='bbox 2367 1088 2542 1143; x_wconf 86' lang='lat' dir='ltr'>bonis</span> <span class='ocrx_word' id='word_1_301' title='bbox 2591 1090 2875 1160; x_wconf 88' lang='lat' dir='ltr'>operibus</span> <span class='ocrx_word' id='word_1_302' title='bbox 2929 1091 3153 1147; x_wconf 86' lang='lat' dir='ltr'>diluere</span> <span class='ocrx_word' id='word_1_303' title='bbox 3204 1093 3515 1163; x_wconf 84' lang='lat' dir='ltr'>curaverit,</span> 
     </span>
    </p>
   </div>
   <div class='ocr_carea' id='block_1_43' title="bbox 1863 1175 3520 1249">
    <p class='ocr_par' dir='ltr' id='par_1_43' title="bbox 1863 1175 3520 1249">
     <span class='ocr_line' id='line_1_43' title="bbox 1863 1175 3520 1249; baseline 0.004 -19"><span class='ocrx_word' id='word_1_304' title='bbox 1863 1175 2132 1231; x_wconf 90' lang='lat' dir='ltr'>omnium</span> <span class='ocrx_word' id='word_1_305' title='bbox 2159 1183 2544 1249; x_wconf 89' lang='lat' dir='ltr'>peccatorum</span> <span class='ocrx_word' id='word_1_306' title='bbox 2574 1178 3011 1248; x_wconf 81' lang='lat' dir='ltr'>indulgentiam</span> <span class='ocrx_word' id='word_1_307' title='bbox 3040 1181 3305 1238; x_wconf 82' lang='lat' dir='ltr'>habebit.</span> <span class='ocrx_word' id='word_1_308' title='bbox 3338 1204 3365 1230; x_wconf 75' lang='grc' dir='ltr'><strong>υ</strong></span> <span class='ocrx_word' id='word_1_309' title='bbox 3390 1185 3520 1237; x_wconf 83' lang='lat' dir='ltr'>Eze-</span> 
     </span>
    </p>
   </div>
   <div class='ocr_carea' id='block_1_44' title="bbox 1864 1267 3518 1340">
    <p class='ocr_par' dir='ltr' id='par_1_44' title="bbox 1864 1267 3518 1340">
     <span class='ocr_line' id='line_1_44' title="bbox 1864 1267 3518 1340; baseline 0.004 -20"><span class='ocrx_word' id='word_1_310' title='bbox 1864 1267 2118 1321; x_wconf 86' lang='lat' dir='ltr'>chie1:«</span> <span class='ocrx_word' id='word_1_311' title='bbox 2147 1269 2202 1322; x_wconf 91' lang='lat' dir='ltr'>Si</span> <span class='ocrx_word' id='word_1_312' title='bbox 2228 1267 2449 1340; x_wconf 90' lang='lat' dir='ltr'>impius</span> <span class='ocrx_word' id='word_1_313' title='bbox 2503 1268 2685 1336; x_wconf 89' lang='lat' dir='ltr'>egerit</span> <span class='ocrx_word' id='word_1_314' title='bbox 2738 1269 3150 1340; x_wconf 84' lang='lat' dir='ltr'>paenitentiam</span> <span class='ocrx_word' id='word_1_315' title='bbox 3201 1271 3279 1326; x_wconf 89' lang='lat' dir='ltr'>ab</span> <span class='ocrx_word' id='word_1_316' title='bbox 3323 1271 3518 1327; x_wconf 92' lang='lat' dir='ltr'>omni-</span> 
     </span>
    </p>
   </div>
   <div class='ocr_carea' id='block_1_45' title="bbox 1861 1355 3523 1430">
    <p class='ocr_par' dir='ltr' id='par_1_45' title="bbox 1861 1355 3523 1430">
     <span class='ocr_line' id='line_1_45' title="bbox 1861 1355 3523 1430; baseline 0.002 -20"><span class='ocrx_word' id='word_1_317' title='bbox 1861 1355 1978 1410; x_wconf 83' lang='lat' dir='ltr'>bus</span> <span class='ocrx_word' id='word_1_318' title='bbox 2008 1357 2265 1427; x_wconf 86' lang='lat' dir='ltr'>peccatis</span> <span class='ocrx_word' id='word_1_319' title='bbox 2297 1357 2437 1424; x_wconf 88' lang='lat' dir='ltr'>suis,</span> <span class='ocrx_word' id='word_1_320' title='bbox 2470 1373 2606 1429; x_wconf 66' lang='lat' dir='ltr'>quae</span> <span class='ocrx_word' id='word_1_321' title='bbox 2645 1363 2924 1430; x_wconf 88' lang='lat' dir='ltr'>operatus</span> <span class='ocrx_word' id='word_1_322' title='bbox 2953 1362 3059 1425; x_wconf 87' lang='lat' dir='ltr'>est,</span> <span class='ocrx_word' id='word_1_323' title='bbox 3092 1363 3148 1414; x_wconf 93' lang='lat' dir='ltr'>ct</span> <span class='ocrx_word' id='word_1_324' title='bbox 3178 1359 3523 1417; x_wconf 89' lang='lat' dir='ltr'>custodierit</span> 
     </span>
    </p>
   </div>
   <div class='ocr_carea' id='block_1_46' title="bbox 1863 1448 3521 1519">
    <p class='ocr_par' dir='ltr' id='par_1_46' title="bbox 1863 1448 3521 1519">
     <span class='ocr_line' id='line_1_46' title="bbox 1863 1448 3521 1519; baseline 0.004 -19"><span class='ocrx_word' id='word_1_325' title='bbox 1863 1451 2160 1517; x_wconf 65' lang='lat' dir='ltr'>praecepta</span> <span class='ocrx_word' id='word_1_326' title='bbox 2189 1463 2325 1502; x_wconf 91' lang='lat' dir='ltr'>mea</span> <span class='ocrx_word' id='word_1_327' title='bbox 2354 1449 2654 1518; x_wconf 89' lang='lat' dir='ltr'>universa,</span> <span class='ocrx_word' id='word_1_328' title='bbox 2714 1452 2770 1504; x_wconf 90' lang='lat' dir='ltr'>et</span> <span class='ocrx_word' id='word_1_329' title='bbox 2812 1448 3012 1504; x_wconf 85' lang='lat' dir='ltr'>fecerit</span> <span class='ocrx_word' id='word_1_330' title='bbox 3053 1449 3366 1519; x_wconf 86' lang='lat' dir='ltr'>justitiam,</span> <span class='ocrx_word' id='word_1_331' title='bbox 3398 1450 3521 1506; x_wconf 86' lang='lat' dir='ltr'>vita</span> 
     </span>
    </p>
   </div>
   <div class='ocr_carea' id='block_1_47' title="bbox 1863 1536 3519 1614">
    <p class='ocr_par' dir='ltr' id='par_1_47' title="bbox 1863 1536 3519 1614">
     <span class='ocr_line' id='line_1_47' title="bbox 1863 1536 3519 1614; baseline 0.003 -24"><span class='ocrx_word' id='word_1_332' title='bbox 1863 1536 2035 1597; x_wconf 84' lang='lat' dir='ltr'>vivet,</span> <span class='ocrx_word' id='word_1_333' title='bbox 2079 1540 2136 1591; x_wconf 92' lang='lat' dir='ltr'>et</span> <span class='ocrx_word' id='word_1_334' title='bbox 2164 1552 2284 1592; x_wconf 91' lang='lat' dir='ltr'>non</span> <span class='ocrx_word' id='word_1_335' title='bbox 2307 1536 2622 1593; x_wconf 89' lang='lat' dir='ltr'>morietur:</span> <span class='ocrx_word' id='word_1_336' title='bbox 2648 1537 2920 1595; x_wconf 90' lang='lat' dir='ltr'>omnium</span> <span class='ocrx_word' id='word_1_337' title='bbox 2949 1537 3332 1610; x_wconf 87' lang='lat' dir='ltr'>iniquitatum</span> <span class='ocrx_word' id='word_1_338' title='bbox 3368 1539 3519 1614; x_wconf 78' lang='lat' dir='ltr'>ejus,</span> 
     </span>
    </p>
   </div>
   <div class='ocr_carea' id='block_1_48' title="bbox 1864 1627 3518 1700">
    <p class='ocr_par' dir='ltr' id='par_1_48' title="bbox 1864 1627 3518 1700">
     <span class='ocr_line' id='line_1_48' title="bbox 1864 1627 3518 1700; baseline 0.004 -21"><span class='ocrx_word' id='word_1_339' title='bbox 1864 1642 2015 1697; x_wconf 87' lang='lat' dir='ltr'>quas</span> <span class='ocrx_word' id='word_1_340' title='bbox 2041 1631 2320 1698; x_wconf 88' lang='lat' dir='ltr'>operatus</span> <span class='ocrx_word' id='word_1_341' title='bbox 2351 1631 2587 1693; x_wconf 91' lang='lat' dir='ltr'>est,non</span> <span class='ocrx_word' id='word_1_342' title='bbox 2606 1627 2970 1683; x_wconf 88' lang='lat' dir='ltr'>recordabor</span> <span class='ocrx_word' id='word_1_343' title='bbox 3002 1647 3013 1684; x_wconf 92' lang='lat'>:</span> <span class='ocrx_word' id='word_1_344' title='bbox 3054 1627 3112 1683; x_wconf 89' lang='lat' dir='ltr'>in</span> <span class='ocrx_word' id='word_1_345' title='bbox 3131 1628 3359 1699; x_wconf 90' lang='lat' dir='ltr'>justitia</span> <span class='ocrx_word' id='word_1_346' title='bbox 3388 1645 3518 1700; x_wconf 88' lang='lat' dir='ltr'>sua,</span> 
     </span>
    </p>
   </div>
   <div class='ocr_carea' id='block_1_49' title="bbox 1797 1717 3521 1788">
    <p class='ocr_par' dir='ltr' id='par_1_49' title="bbox 1797 1717 3521 1788">
     <span class='ocr_line' id='line_1_49' title="bbox 1797 1717 3521 1788; baseline 0.001 -16"><span class='ocrx_word' id='word_1_347' title='bbox 1797 1719 1840 1772; x_wconf 93' lang='lat' dir='ltr'>B</span> <span class='ocrx_word' id='word_1_348' title='bbox 1865 1732 2054 1787; x_wconf 86' lang='lat' dir='ltr'>quam</span> <span class='ocrx_word' id='word_1_349' title='bbox 2085 1722 2366 1788; x_wconf 88' lang='lat' dir='ltr'>operatus</span> <span class='ocrx_word' id='word_1_350' title='bbox 2399 1722 2504 1785; x_wconf 86' lang='lat' dir='ltr'>est,</span> <span class='ocrx_word' id='word_1_351' title='bbox 2523 1717 2698 1773; x_wconf 82' lang='lat' dir='ltr'>vivet.</span> <span class='ocrx_word' id='word_1_352' title='bbox 2724 1717 3003 1788; x_wconf 87' lang='lat' dir='ltr'>Nunquid</span> <span class='ocrx_word' id='word_1_353' title='bbox 3025 1717 3342 1774; x_wconf 87' lang='lat' dir='ltr'>voluntatis</span> <span class='ocrx_word' id='word_1_354' title='bbox 3371 1735 3521 1774; x_wconf 65' lang='lat' dir='ltr'>meae</span> 
     </span>
    </p>
   </div>
   <div class='ocr_carea' id='block_1_50' title="bbox 1868 1805 3524 1878">
    <p class='ocr_par' dir='ltr' id='par_1_50' title="bbox 1868 1805 3524 1878">
     <span class='ocr_line' id='line_1_50' title="bbox 1868 1805 3524 1878; baseline 0.003 -18"><span class='ocrx_word' id='word_1_355' title='bbox 1868 1810 1957 1860; x_wconf 88' lang='lat' dir='ltr'>est</span> <span class='ocrx_word' id='word_1_356' title='bbox 1985 1822 2148 1861; x_wconf 89' lang='lat' dir='ltr'>mors</span> <span class='ocrx_word' id='word_1_357' title='bbox 2173 1806 2395 1878; x_wconf 87' lang='lat' dir='ltr'>impii?</span> <span class='ocrx_word' id='word_1_358' title='bbox 2446 1805 2586 1861; x_wconf 90' lang='lat' dir='ltr'>dicit</span> <span class='ocrx_word' id='word_1_359' title='bbox 2638 1805 2925 1861; x_wconf 87' lang='lat' dir='ltr'>Dominus</span> <span class='ocrx_word' id='word_1_360' title='bbox 2981 1809 3154 1874; x_wconf 91' lang='lat' dir='ltr'>Deus,</span> <span class='ocrx_word' id='word_1_361' title='bbox 3204 1812 3258 1862; x_wconf 92' lang='lat' dir='ltr'>et</span> <span class='ocrx_word' id='word_1_362' title='bbox 3305 1823 3430 1864; x_wconf 90' lang='lat' dir='ltr'>non</span> <span class='ocrx_word' id='word_1_363' title='bbox 3459 1813 3524 1866; x_wconf 89' lang='lat' dir='ltr'>ut</span> 
     </span>
    </p>
   </div>
   <div class='ocr_carea' id='block_1_51' title="bbox 1868 1895 3516 1954">
    <p class='ocr_par' dir='ltr' id='par_1_51' title="bbox 1868 1895 3516 1954">
     <span class='ocr_line' id='line_1_51' title="bbox 1868 1895 3516 1954; baseline 0.003 -5"><span class='ocrx_word' id='word_1_364' title='bbox 1868 1899 2237 1952; x_wconf 83' lang='lat' dir='ltr'>convertatur</span> <span class='ocrx_word' id='word_1_365' title='bbox 2267 1911 2303 1951; x_wconf 91' lang='lat' dir='ltr'>a</span> <span class='ocrx_word' id='word_1_366' title='bbox 2331 1895 2439 1949; x_wconf 86' lang='lat' dir='ltr'>viis</span> <span class='ocrx_word' id='word_1_367' title='bbox 2475 1895 2597 1949; x_wconf 91' lang='lat' dir='ltr'>suis</span> <span class='ocrx_word' id='word_1_368' title='bbox 2632 1899 2687 1952; x_wconf 90' lang='lat' dir='ltr'>et</span> <span class='ocrx_word' id='word_1_369' title='bbox 2713 1895 2918 1952; x_wconf 82' lang='lat' dir='ltr'>vivat?</span> <span class='ocrx_word' id='word_1_370' title='bbox 2969 1896 3026 1952; x_wconf 92' lang='lat' dir='ltr'>Si</span> <span class='ocrx_word' id='word_1_371' title='bbox 3051 1901 3263 1953; x_wconf 75' lang='lat' dir='ltr'>autem</span> <span class='ocrx_word' id='word_1_372' title='bbox 3294 1903 3516 1954; x_wconf 88' lang='lat' dir='ltr'>averte-</span> 
     </span>
    </p>
   </div>
   <div class='ocr_carea' id='block_1_52' title="bbox 1866 1985 3522 2059">
    <p class='ocr_par' dir='ltr' id='par_1_52' title="bbox 1866 1985 3522 2059">
     <span class='ocr_line' id='line_1_52' title="bbox 1866 1985 3522 2059; baseline 0.002 -19"><span class='ocrx_word' id='word_1_373' title='bbox 1866 1986 1939 2042; x_wconf 89' lang='lat' dir='ltr'>rit</span> <span class='ocrx_word' id='word_1_374' title='bbox 1969 2001 2029 2040; x_wconf 77' lang='lat' dir='ltr'>se</span> <span class='ocrx_word' id='word_1_375' title='bbox 2052 1985 2247 2055; x_wconf 81' lang='lat' dir='ltr'>justus</span> <span class='ocrx_word' id='word_1_376' title='bbox 2280 2002 2315 2040; x_wconf 92' lang='lat' dir='ltr'>a</span> <span class='ocrx_word' id='word_1_377' title='bbox 2338 1985 2565 2056; x_wconf 80' lang='lat' dir='ltr'>justitia</span> <span class='ocrx_word' id='word_1_378' title='bbox 2618 2001 2748 2055; x_wconf 84' lang='lat' dir='ltr'>sua,</span> <span class='ocrx_word' id='word_1_379' title='bbox 2801 1988 2859 2041; x_wconf 89' lang='lat' dir='ltr'>et</span> <span class='ocrx_word' id='word_1_380' title='bbox 2905 1985 3104 2041; x_wconf 90' lang='lat' dir='ltr'>fecerit</span> <span class='ocrx_word' id='word_1_381' title='bbox 3149 1986 3522 2059; x_wconf 87' lang='lat' dir='ltr'>iniquitatem</span> 
     </span>
    </p>
   </div>
   <div class='ocr_carea' id='block_1_53' title="bbox 1868 2073 3522 2147">
    <p class='ocr_par' dir='ltr' id='par_1_53' title="bbox 1868 2073 3522 2147">
     <span class='ocr_line' id='line_1_53' title="bbox 1868 2073 3522 2147; baseline 0.002 -18"><span class='ocrx_word' id='word_1_382' title='bbox 1868 2073 2202 2129; x_wconf 90' lang='lat' dir='ltr'>secundum</span> <span class='ocrx_word' id='word_1_383' title='bbox 2231 2090 2440 2129; x_wconf 89' lang='lat' dir='ltr'>omnes</span> <span class='ocrx_word' id='word_1_384' title='bbox 2471 2073 2952 2129; x_wconf 85' lang='lat' dir='ltr'>abominationes</span> <span class='ocrx_word' id='word_1_385' title='bbox 2979 2090 3131 2146; x_wconf 87' lang='lat' dir='ltr'>quas</span> <span class='ocrx_word' id='word_1_386' title='bbox 3162 2077 3395 2147; x_wconf 87' lang='lat' dir='ltr'>operari</span> <span class='ocrx_word' id='word_1_387' title='bbox 3425 2093 3522 2133; x_wconf 89' lang='lat' dir='ltr'>so-</span> 
     </span>
    </p>
   </div>
   <div class='ocr_carea' id='block_1_54' title="bbox 1867 2161 3521 2238">
    <p class='ocr_par' dir='ltr' id='par_1_54' title="bbox 1867 2161 3521 2238">
     <span class='ocr_line' id='line_1_54' title="bbox 1867 2161 3521 2238; baseline 0.003 -20"><span class='ocrx_word' id='word_1_388' title='bbox 1867 2163 1946 2219; x_wconf 92' lang='lat' dir='ltr'>let</span> <span class='ocrx_word' id='word_1_389' title='bbox 1973 2163 2214 2235; x_wconf 90' lang='lat' dir='ltr'>impius,</span> <span class='ocrx_word' id='word_1_390' title='bbox 2247 2162 2521 2234; x_wconf 90' lang='lat' dir='ltr'>nunquid</span> <span class='ocrx_word' id='word_1_391' title='bbox 2550 2161 2756 2217; x_wconf 87' lang='lat' dir='ltr'>vivet?</span> <span class='ocrx_word' id='word_1_392' title='bbox 2810 2165 3028 2219; x_wconf 91' lang='lat' dir='ltr'>Omnes</span> <span class='ocrx_word' id='word_1_393' title='bbox 3080 2164 3322 2234; x_wconf 75' lang='lat' dir='ltr'>justitiae</span> <span class='ocrx_word' id='word_1_394' title='bbox 3371 2167 3521 2238; x_wconf 89' lang='lat' dir='ltr'>ejus,</span> 
     </span>
    </p>
   </div>
   <div class='ocr_carea' id='block_1_55' title="bbox 1869 2252 3526 2325">
    <p class='ocr_par' dir='ltr' id='par_1_55' title="bbox 1869 2252 3526 2325">
     <span class='ocr_line' id='line_1_55' title="bbox 1869 2252 3526 2325; baseline 0.004 -17"><span class='ocrx_word' id='word_1_395' title='bbox 1869 2270 2020 2324; x_wconf 89' lang='lat' dir='ltr'>quas</span> <span class='ocrx_word' id='word_1_396' title='bbox 2049 2253 2395 2322; x_wconf 85' lang='lat' dir='ltr'>fecerit,non</span> <span class='ocrx_word' id='word_1_397' title='bbox 2424 2252 2929 2310; x_wconf 87' lang='lat' dir='ltr'>recordabuntur:</span> <span class='ocrx_word' id='word_1_398' title='bbox 2949 2253 3011 2308; x_wconf 92' lang='lat' dir='ltr'>in</span> <span class='ocrx_word' id='word_1_399' title='bbox 3036 2255 3526 2325; x_wconf 73' lang='lat' dir='ltr'>praevaricatione</span> 
     </span>
    </p>
   </div>
   <div class='ocr_carea' id='block_1_56' title="bbox 1868 2342 3524 2419">
    <p class='ocr_par' dir='ltr' id='par_1_56' title="bbox 1868 2342 3524 2419">
     <span class='ocr_line' id='line_1_56' title="bbox 1868 2342 3524 2419; baseline 0.002 -21"><span class='ocrx_word' id='word_1_400' title='bbox 1868 2360 1990 2415; x_wconf 91' lang='lat' dir='ltr'>qua</span> <span class='ocrx_word' id='word_1_401' title='bbox 2019 2343 2440 2415; x_wconf 69' lang='lat' dir='ltr'>praavaricatus</span> <span class='ocrx_word' id='word_1_402' title='bbox 2471 2346 2577 2408; x_wconf 88' lang='lat' dir='ltr'>est,</span> <span class='ocrx_word' id='word_1_403' title='bbox 2610 2347 2666 2397; x_wconf 91' lang='lat' dir='ltr'>et</span> <span class='ocrx_word' id='word_1_404' title='bbox 2692 2342 2752 2396; x_wconf 90' lang='lat' dir='ltr'>in</span> <span class='ocrx_word' id='word_1_405' title='bbox 2783 2347 3030 2415; x_wconf 89' lang='lat' dir='ltr'>peccato</span> <span class='ocrx_word' id='word_1_406' title='bbox 3056 2360 3168 2400; x_wconf 90' lang='lat' dir='ltr'>suo</span> <span class='ocrx_word' id='word_1_407' title='bbox 3195 2346 3359 2417; x_wconf 90' lang='lat' dir='ltr'>quod</span> <span class='ocrx_word' id='word_1_408' title='bbox 3385 2363 3524 2419; x_wconf 85' lang='lat' dir='ltr'>pec-</span> 
     </span>
    </p>
   </div>
   <div class='ocr_carea' id='block_1_57' title="bbox 1869 2431 3524 2504">
    <p class='ocr_par' dir='ltr' id='par_1_57' title="bbox 1869 2431 3524 2504">
     <span class='ocr_line' id='line_1_57' title="bbox 1869 2431 3524 2504; baseline 0.002 -18"><span class='ocrx_word' id='word_1_409' title='bbox 1869 2432 2042 2498; x_wconf 86' lang='lat' dir='ltr'>cavit,</span> <span class='ocrx_word' id='word_1_410' title='bbox 2072 2432 2134 2486; x_wconf 92' lang='lat' dir='ltr'>in</span> <span class='ocrx_word' id='word_1_411' title='bbox 2162 2431 2308 2503; x_wconf 90' lang='lat' dir='ltr'>ipsis</span> <span class='ocrx_word' id='word_1_412' title='bbox 2340 2431 2644 2487; x_wconf 90' lang='lat' dir='ltr'>morietur.</span> <span class='ocrx_word' id='word_1_413' title='bbox 2678 2433 3178 2504; x_wconf 86' lang='lat' dir='ltr'>Unumquemque</span> <span class='ocrx_word' id='word_1_414' title='bbox 3193 2433 3366 2503; x_wconf 80' lang='lat' dir='ltr'>juxta</span> <span class='ocrx_word' id='word_1_415' title='bbox 3395 2436 3524 2492; x_wconf 87' lang='lat' dir='ltr'>vias</span> 
     </span>
    </p>
   </div>
   <div class='ocr_carea' id='block_1_58' title="bbox 1871 2520 3524 2591">
    <p class='ocr_par' dir='ltr' id='par_1_58' title="bbox 1871 2520 3524 2591">
     <span class='ocr_line' id='line_1_58' title="bbox 1871 2520 3524 2591; baseline 0.004 -17"><span class='ocrx_word' id='word_1_416' title='bbox 1871 2537 2014 2576; x_wconf 90' lang='lat' dir='ltr'>suas</span> <span class='ocrx_word' id='word_1_417' title='bbox 2039 2521 2328 2591; x_wconf 80' lang='lat' dir='ltr'>judicabo</span> <span class='ocrx_word' id='word_1_418' title='bbox 2356 2521 2576 2576; x_wconf 90' lang='lat' dir='ltr'>domus</span> <span class='ocrx_word' id='word_1_419' title='bbox 2617 2520 2814 2586; x_wconf 88' lang='lat' dir='ltr'>Israel,</span> <span class='ocrx_word' id='word_1_420' title='bbox 2870 2521 2951 2577; x_wconf 91' lang='lat' dir='ltr'>ait</span> <span class='ocrx_word' id='word_1_421' title='bbox 3003 2522 3310 2579; x_wconf 87' lang='lat' dir='ltr'>Dominus.</span> <span class='ocrx_word' id='word_1_422' title='bbox 3372 2527 3524 2581; x_wconf 87' lang='lat' dir='ltr'>Con-</span> 
     </span>
    </p>
   </div>
   <div class='ocr_carea' id='block_1_59' title="bbox 1867 2609 3526 2685">
    <p class='ocr_par' dir='ltr' id='par_1_59' title="bbox 1867 2609 3526 2685">
     <span class='ocr_line' id='line_1_59' title="bbox 1867 2609 3526 2685; baseline 0.003 -21"><span class='ocrx_word' id='word_1_423' title='bbox 1867 2610 2163 2666; x_wconf 89' lang='lat' dir='ltr'>vertimini</span> <span class='ocrx_word' id='word_1_424' title='bbox 2193 2614 2249 2665; x_wconf 92' lang='lat' dir='ltr'>et</span> <span class='ocrx_word' id='word_1_425' title='bbox 2275 2609 2429 2679; x_wconf 83' lang='lat' dir='ltr'>agite</span> <span class='ocrx_word' id='word_1_426' title='bbox 2457 2609 2870 2681; x_wconf 75' lang='lat' dir='ltr'>paenitentiam</span> <span class='ocrx_word' id='word_1_427' title='bbox 2902 2610 2979 2666; x_wconf 90' lang='lat' dir='ltr'>ab</span> <span class='ocrx_word' id='word_1_428' title='bbox 3010 2612 3293 2668; x_wconf 88' lang='lat' dir='ltr'>omnibus</span> <span class='ocrx_word' id='word_1_429' title='bbox 3311 2613 3526 2685; x_wconf 89' lang='lat' dir='ltr'>iniqui-</span> 
     </span>
    </p>
   </div>
   <div class='ocr_carea' id='block_1_60' title="bbox 1869 2698 3526 2774">
    <p class='ocr_par' dir='ltr' id='par_1_60' title="bbox 1869 2698 3526 2774">
     <span class='ocr_line' id='line_1_60' title="bbox 1869 2698 3526 2774; baseline 0.002 -20"><span class='ocrx_word' id='word_1_430' title='bbox 1869 2698 2087 2754; x_wconf 90' lang='lat' dir='ltr'>tatibus</span> <span class='ocrx_word' id='word_1_431' title='bbox 2113 2698 2340 2765; x_wconf 87' lang='lat' dir='ltr'>vestris,</span> <span class='ocrx_word' id='word_1_432' title='bbox 2374 2703 2430 2752; x_wconf 92' lang='lat' dir='ltr'>et</span> <span class='ocrx_word' id='word_1_433' title='bbox 2457 2714 2581 2754; x_wconf 87' lang='lat' dir='ltr'>non</span> <span class='ocrx_word' id='word_1_434' title='bbox 2607 2698 2714 2754; x_wconf 90' lang='lat' dir='ltr'>erit</span> <span class='ocrx_word' id='word_1_435' title='bbox 2740 2698 2911 2754; x_wconf 87' lang='lat' dir='ltr'>vobis</span> <span class='ocrx_word' id='word_1_436' title='bbox 2937 2699 2994 2755; x_wconf 92' lang='lat' dir='ltr'>in</span> <span class='ocrx_word' id='word_1_437' title='bbox 3026 2701 3264 2763; x_wconf 89' lang='lat' dir='ltr'>ruinam</span> <span class='ocrx_word' id='word_1_438' title='bbox 3307 2702 3526 2774; x_wconf 86' lang='lat' dir='ltr'>iniqui-</span> 
     </span>
    </p>
   </div>
   <div class='ocr_carea' id='block_1_61' title="bbox 1868 2787 3523 2860">
    <p class='ocr_par' dir='ltr' id='par_1_61' title="bbox 1868 2787 3523 2860">
     <span class='ocr_line' id='line_1_61' title="bbox 1868 2787 3523 2860; baseline 0.002 -17"><span class='ocrx_word' id='word_1_439' title='bbox 1868 2791 1980 2843; x_wconf 88' lang='lat' dir='ltr'>tas.</span> <span class='ocrx_word' id='word_1_440' title='bbox 2009 2787 2275 2857; x_wconf 91' lang='lat' dir='ltr'>Projicite</span> <span class='ocrx_word' id='word_1_441' title='bbox 2306 2803 2341 2842; x_wconf 91' lang='lat' dir='ltr'>a</span> <span class='ocrx_word' id='word_1_442' title='bbox 2381 2787 2547 2842; x_wconf 81' lang='lat' dir='ltr'>vobis</span> <span class='ocrx_word' id='word_1_443' title='bbox 2600 2803 2811 2842; x_wconf 90' lang='lat' dir='ltr'>omnes</span> <span class='ocrx_word' id='word_1_444' title='bbox 2859 2788 3376 2860; x_wconf 76' lang='lat' dir='ltr'>praevaricationes</span> <span class='ocrx_word' id='word_1_445' title='bbox 3421 2807 3523 2846; x_wconf 89' lang='lat' dir='ltr'>ve-</span> 
     </span>
    </p>
   </div>
   <div class='ocr_carea' id='block_1_62' title="bbox 1869 2875 3524 2948">
    <p class='ocr_par' dir='ltr' id='par_1_62' title="bbox 1869 2875 3524 2948">
     <span class='ocr_line' id='line_1_62' title="bbox 1869 2875 3524 2948; baseline 0.003 -18"><span class='ocrx_word' id='word_1_446' title='bbox 1869 2882 2038 2943; x_wconf 87' lang='lat' dir='ltr'>stras,</span> <span class='ocrx_word' id='word_1_447' title='bbox 2071 2877 2132 2932; x_wconf 89' lang='lat' dir='ltr'>in</span> <span class='ocrx_word' id='word_1_448' title='bbox 2161 2877 2381 2948; x_wconf 88' lang='lat' dir='ltr'>quibus</span> <span class='ocrx_word' id='word_1_449' title='bbox 2404 2875 2780 2948; x_wconf 66' lang='lat' dir='ltr'>praevaricati</span> <span class='ocrx_word' id='word_1_450' title='bbox 2817 2876 2978 2944; x_wconf 90' lang='lat' dir='ltr'>estis,</span> <span class='ocrx_word' id='word_1_451' title='bbox 3029 2881 3086 2932; x_wconf 90' lang='lat' dir='ltr'>et</span> <span class='ocrx_word' id='word_1_452' title='bbox 3132 2877 3307 2935; x_wconf 86' lang='lat' dir='ltr'>facite</span> <span class='ocrx_word' id='word_1_453' title='bbox 3352 2878 3524 2934; x_wconf 90' lang='lat' dir='ltr'>vobis</span> 
     </span>
    </p>
   </div>
   <div class='ocr_carea' id='block_1_63' title="bbox 1869 2965 3529 3038">
    <p class='ocr_par' dir='ltr' id='par_1_63' title="bbox 1869 2965 3529 3038">
     <span class='ocr_line' id='line_1_63' title="bbox 1869 2965 3529 3038; baseline 0.003 -19"><span class='ocrx_word' id='word_1_454' title='bbox 1869 2981 1970 3020; x_wconf 90' lang='lat' dir='ltr'>cor</span> <span class='ocrx_word' id='word_1_455' title='bbox 2000 2981 2225 3020; x_wconf 90' lang='lat' dir='ltr'>novum</span> <span class='ocrx_word' id='word_1_456' title='bbox 2248 2969 2305 3020; x_wconf 89' lang='lat' dir='ltr'>et</span> <span class='ocrx_word' id='word_1_457' title='bbox 2334 2965 2607 3036; x_wconf 88' lang='lat' dir='ltr'>spiritum</span> <span class='ocrx_word' id='word_1_458' title='bbox 2637 2981 2864 3021; x_wconf 92' lang='lat' dir='ltr'>novum</span> <span class='ocrx_word' id='word_1_459' title='bbox 2897 2983 2909 3020; x_wconf 90' lang='lat'><strong>:</strong></span> <span class='ocrx_word' id='word_1_460' title='bbox 2944 2970 3000 3021; x_wconf 91' lang='lat' dir='ltr'>et</span> <span class='ocrx_word' id='word_1_461' title='bbox 3042 2983 3053 3021; x_wconf 90' lang='lat'><strong>:</strong></span> <span class='ocrx_word' id='word_1_462' title='bbox 3092 2982 3277 3038; x_wconf 88' lang='lat' dir='ltr'>quare</span> <span class='ocrx_word' id='word_1_463' title='bbox 3308 2967 3529 3024; x_wconf 71' lang='lat' dir='ltr'>morie-</span> 
     </span>
    </p>
   </div>
   <div class='ocr_carea' id='block_1_64' title="bbox 103 3049 3525 3127">
    <p class='ocr_par' dir='ltr' id='par_1_64' title="bbox 103 3049 3525 3127">
     <span class='ocr_line' id='line_1_64' title="bbox 103 3049 3525 3127; baseline 0.003 -25"><span class='ocrx_word' id='word_1_464' title='bbox 103 3065 261 3105; x_wconf 88' lang='lat' dir='ltr'>mus.</span> <span class='ocrx_word' id='word_1_465' title='bbox 299 3049 720 3121; x_wconf 83' lang='lat' dir='ltr'>Unusquisque</span> <span class='ocrx_word' id='word_1_466' title='bbox 763 3049 824 3102; x_wconf 89' lang='lat' dir='ltr'>iu</span> <span class='ocrx_word' id='word_1_467' title='bbox 871 3050 1025 3104; x_wconf 81' lang='lat' dir='ltr'>viam</span> <span class='ocrx_word' id='word_1_468' title='bbox 1081 3067 1255 3105; x_wconf 89' lang='lat' dir='ltr'>suam</span> <span class='ocrx_word' id='word_1_469' title='bbox 1309 3050 1628 3106; x_wconf 88' lang='lat' dir='ltr'>declinavit</span> <span class='ocrx_word' id='word_1_470' title='bbox 1661 3071 1672 3106; x_wconf 90' lang='lat'>:</span> <span class='ocrx_word' id='word_1_471' title='bbox 1707 3056 1763 3107; x_wconf 89' lang='lat' dir='ltr'>et</span> <span class='ocrx_word' id='word_1_472' title='bbox 1801 3069 1842 3125; x_wconf 70' lang='grc' dir='ltr'>ο</span> <span class='ocrx_word' id='word_1_473' title='bbox 1868 3055 2036 3126; x_wconf 87' lang='lat' dir='ltr'>mini,</span> <span class='ocrx_word' id='word_1_474' title='bbox 2067 3055 2284 3110; x_wconf 92' lang='lat' dir='ltr'>domus</span> <span class='ocrx_word' id='word_1_475' title='bbox 2317 3054 2540 3109; x_wconf 88' lang='lat' dir='ltr'>Israel?</span> <span class='ocrx_word' id='word_1_476' title='bbox 2569 3053 2714 3126; x_wconf 88' lang='lat' dir='ltr'>quia</span> <span class='ocrx_word' id='word_1_477' title='bbox 2734 3055 2874 3110; x_wconf 91' lang='lat' dir='ltr'>nolo</span> <span class='ocrx_word' id='word_1_478' title='bbox 2913 3059 3165 3112; x_wconf 89' lang='lat' dir='ltr'>mortem</span> <span class='ocrx_word' id='word_1_479' title='bbox 3197 3056 3525 3127; x_wconf 89' lang='lat' dir='ltr'>morientis,</span> 
     </span>
    </p>
   </div>
   <div class='ocr_carea' id='block_1_65' title="bbox 103 3138 1758 3211">
    <p class='ocr_par' dir='ltr' id='par_1_65' title="bbox 103 3138 1758 3211">
     <span class='ocr_line' id='line_1_65' title="bbox 103 3138 1758 3211; baseline 0.004 -23"><span class='ocrx_word' id='word_1_480' title='bbox 103 3138 396 3194; x_wconf 87' lang='lat' dir='ltr'>Dominus</span> <span class='ocrx_word' id='word_1_481' title='bbox 448 3138 650 3211; x_wconf 90' lang='lat' dir='ltr'>posuit</span> <span class='ocrx_word' id='word_1_482' title='bbox 704 3138 766 3192; x_wconf 90' lang='lat' dir='ltr'>in</span> <span class='ocrx_word' id='word_1_483' title='bbox 817 3154 886 3193; x_wconf 90' lang='lat' dir='ltr'>eo</span> <span class='ocrx_word' id='word_1_484' title='bbox 930 3138 1270 3211; x_wconf 85' lang='lat' dir='ltr'>iniquitates</span> <span class='ocrx_word' id='word_1_485' title='bbox 1324 3141 1594 3196; x_wconf 89' lang='lat' dir='ltr'>omnium</span> <span class='ocrx_word' id='word_1_486' title='bbox 1649 3157 1758 3195; x_wconf 92' lang='lat' dir='ltr'>no-</span> 
     </span>
    </p>
   </div>
   <div class='ocr_carea' id='block_1_66' title="bbox 106 3227 1763 3302">
    <p class='ocr_par' dir='ltr' id='par_1_66' title="bbox 106 3227 1763 3302">
     <span class='ocr_line' id='line_1_66' title="bbox 106 3227 1763 3302; baseline 0.003 -22"><span class='ocrx_word' id='word_1_487' title='bbox 106 3233 322 3286; x_wconf 75' lang='lat' dir='ltr'>strtun.</span> <span class='ocrx_word' id='word_1_488' title='bbox 355 3228 599 3284; x_wconf 80' lang='lat' dir='ltr'>Oblatas</span> <span class='ocrx_word' id='word_1_489' title='bbox 629 3232 718 3282; x_wconf 87' lang='lat' dir='ltr'>est</span> <span class='ocrx_word' id='word_1_490' title='bbox 747 3227 890 3298; x_wconf 86' lang='lat' dir='ltr'>quia</span> <span class='ocrx_word' id='word_1_491' title='bbox 917 3227 1042 3298; x_wconf 82' lang='lat' dir='ltr'>ipse</span> <span class='ocrx_word' id='word_1_492' title='bbox 1085 3228 1290 3295; x_wconf 89' lang='lat' dir='ltr'>voluit,</span> <span class='ocrx_word' id='word_1_493' title='bbox 1350 3235 1406 3286; x_wconf 84' lang='lat' dir='ltr'>et</span> <span class='ocrx_word' id='word_1_494' title='bbox 1451 3245 1573 3285; x_wconf 88' lang='lat' dir='ltr'>non</span> <span class='ocrx_word' id='word_1_495' title='bbox 1626 3245 1763 3302; x_wconf 89' lang='lat' dir='ltr'>ape-</span> 
     </span>
    </p>
   </div>
   <div class='ocr_carea' id='block_1_67' title="bbox 103 3316 1764 3374">
    <p class='ocr_par' dir='ltr' id='par_1_67' title="bbox 103 3316 1764 3374">
     <span class='ocr_line' id='line_1_67' title="bbox 103 3316 1764 3374; baseline 0.003 -5"><span class='ocrx_word' id='word_1_496' title='bbox 103 3317 217 3373; x_wconf 93' lang='lat' dir='ltr'>ruit</span> <span class='ocrx_word' id='word_1_497' title='bbox 244 3333 317 3371; x_wconf 87' lang='lat' dir='ltr'>os</span> <span class='ocrx_word' id='word_1_498' title='bbox 346 3333 543 3372; x_wconf 90' lang='lat' dir='ltr'>suum.</span> <span class='ocrx_word' id='word_1_499' title='bbox 585 3316 742 3374; x_wconf 87' lang='lat' dir='ltr'>Sicut</span> <span class='ocrx_word' id='word_1_500' title='bbox 795 3317 920 3370; x_wconf 88' lang='lat' dir='ltr'>ovis</span> <span class='ocrx_word' id='word_1_501' title='bbox 975 3317 1054 3372; x_wconf 85' lang='lat' dir='ltr'>ad</span> <span class='ocrx_word' id='word_1_502' title='bbox 1105 3317 1468 3372; x_wconf 90' lang='lat' dir='ltr'>occisionem</span> <span class='ocrx_word' id='word_1_503' title='bbox 1515 3318 1764 3374; x_wconf 90' lang='lat' dir='ltr'>ducetur</span> 
     </span>
    </p>
   </div>
   <div class='ocr_carea' id='block_1_68' title="bbox 103 3405 1766 3476">
    <p class='ocr_par' dir='ltr' id='par_1_68' title="bbox 103 3405 1766 3476">
     <span class='ocr_line' id='line_1_68' title="bbox 103 3405 1766 3476; baseline 0.001 -15"><span class='ocrx_word' id='word_1_504' title='bbox 103 3405 284 3476; x_wconf 84' lang='lat' dir='ltr'>quasi</span> <span class='ocrx_word' id='word_1_505' title='bbox 340 3421 533 3474; x_wconf 88' lang='lat' dir='ltr'>agnus</span> <span class='ocrx_word' id='word_1_506' title='bbox 587 3421 790 3460; x_wconf 90' lang='lat' dir='ltr'>coram</span> <span class='ocrx_word' id='word_1_507' title='bbox 843 3405 1123 3460; x_wconf 90' lang='lat' dir='ltr'>tondente</span> <span class='ocrx_word' id='word_1_508' title='bbox 1174 3422 1237 3460; x_wconf 91' lang='lat' dir='ltr'>se</span> <span class='ocrx_word' id='word_1_509' title='bbox 1286 3406 1675 3474; x_wconf 88' lang='lat' dir='ltr'>obmutescet,</span> <span class='ocrx_word' id='word_1_510' title='bbox 1709 3411 1766 3463; x_wconf 91' lang='lat' dir='ltr'>et</span> 
     </span>
    </p>
   </div>
   <div class='ocr_carea' id='block_1_69' title="bbox 105 3494 1764 3566">
    <p class='ocr_par' dir='ltr' id='par_1_69' title="bbox 105 3494 1764 3566">
     <span class='ocr_line' id='line_1_69' title="bbox 105 3494 1764 3566; baseline 0.002 -18"><span class='ocrx_word' id='word_1_511' title='bbox 105 3511 226 3560; x_wconf 81' lang='lat' dir='ltr'>non</span> <span class='ocrx_word' id='word_1_512' title='bbox 260 3495 484 3565; x_wconf 86' lang='lat' dir='ltr'>aperiet</span> <span class='ocrx_word' id='word_1_513' title='bbox 533 3511 600 3549; x_wconf 87' lang='lat' dir='ltr'>os</span> <span class='ocrx_word' id='word_1_514' title='bbox 655 3510 852 3549; x_wconf 89' lang='lat' dir='ltr'>suum.</span> <span class='ocrx_word' id='word_1_515' title='bbox 915 3497 993 3548; x_wconf 86' lang='lat' dir='ltr'>De</span> <span class='ocrx_word' id='word_1_516' title='bbox 1045 3494 1321 3564; x_wconf 82' lang='lat' dir='ltr'>angustia</span> <span class='ocrx_word' id='word_1_517' title='bbox 1355 3499 1411 3550; x_wconf 91' lang='lat' dir='ltr'>et</span> <span class='ocrx_word' id='word_1_518' title='bbox 1439 3495 1512 3550; x_wconf 93' lang='lat' dir='ltr'>de</span> <span class='ocrx_word' id='word_1_519' title='bbox 1538 3497 1764 3566; x_wconf 87' lang='lat' dir='ltr'>judicio</span> 
     </span>
    </p>
   </div>
   <div class='ocr_carea' id='block_1_70' title="bbox 107 3583 1765 3655">
    <p class='ocr_par' dir='ltr' id='par_1_70' title="bbox 107 3583 1765 3655">
     <span class='ocr_line' id='line_1_70' title="bbox 107 3583 1765 3655; baseline 0.003 -19"><span class='ocrx_word' id='word_1_520' title='bbox 107 3585 381 3640; x_wconf 89' lang='lat' dir='ltr'>sublatus</span> <span class='ocrx_word' id='word_1_521' title='bbox 411 3589 524 3638; x_wconf 91' lang='lat' dir='ltr'>est.</span> <span class='ocrx_word' id='word_1_522' title='bbox 558 3583 1006 3639; x_wconf 87' lang='lat' dir='ltr'>Generationem</span> <span class='ocrx_word' id='word_1_523' title='bbox 1051 3584 1179 3653; x_wconf 88' lang='lat' dir='ltr'>ejus</span> <span class='ocrx_word' id='word_1_524' title='bbox 1229 3584 1363 3655; x_wconf 89' lang='lat' dir='ltr'>quis</span> <span class='ocrx_word' id='word_1_525' title='bbox 1412 3586 1712 3641; x_wconf 86' lang='lat' dir='ltr'>enarrabit</span> <span class='ocrx_word' id='word_1_526' title='bbox 1738 3588 1765 3641; x_wconf 89' lang='lat'><strong><em>?</em></strong></span> 
     </span>
    </p>
   </div>
   <div class='ocr_carea' id='block_1_71' title="bbox 108 3671 1766 3746">
    <p class='ocr_par' dir='ltr' id='par_1_71' title="bbox 108 3671 1766 3746">
     <span class='ocr_line' id='line_1_71' title="bbox 108 3671 1766 3746; baseline 0 -18"><span class='ocrx_word' id='word_1_527' title='bbox 108 3675 256 3738; x_wconf 84' lang='lat' dir='ltr'>Quia</span> <span class='ocrx_word' id='word_1_528' title='bbox 308 3673 609 3728; x_wconf 88' lang='lat' dir='ltr'>abscissus</span> <span class='ocrx_word' id='word_1_529' title='bbox 657 3676 744 3726; x_wconf 88' lang='lat' dir='ltr'>est</span> <span class='ocrx_word' id='word_1_530' title='bbox 795 3672 868 3727; x_wconf 90' lang='lat' dir='ltr'>de</span> <span class='ocrx_word' id='word_1_531' title='bbox 925 3677 1077 3728; x_wconf 86' lang='lat' dir='ltr'>terra</span> <span class='ocrx_word' id='word_1_532' title='bbox 1133 3671 1475 3728; x_wconf 87' lang='lat' dir='ltr'>viventium.</span> <span class='ocrx_word' id='word_1_533' title='bbox 1526 3678 1766 3746; x_wconf 81' lang='lat' dir='ltr'>Propter</span> 
     </span>
    </p>
   </div>
   <div class='ocr_carea' id='block_1_72' title="bbox 108 3760 1766 3836">
    <p class='ocr_par' dir='ltr' id='par_1_72' title="bbox 108 3760 1766 3836">
     <span class='ocr_line' id='line_1_72' title="bbox 108 3760 1766 3836; baseline 0.001 -20"><span class='ocrx_word' id='word_1_534' title='bbox 108 3765 302 3820; x_wconf 82' lang='lat' dir='ltr'>scelus</span> <span class='ocrx_word' id='word_1_535' title='bbox 333 3762 540 3834; x_wconf 92' lang='lat' dir='ltr'>populi</span> <span class='ocrx_word' id='word_1_536' title='bbox 566 3761 682 3816; x_wconf 90' lang='lat' dir='ltr'>mei</span> <span class='ocrx_word' id='word_1_537' title='bbox 712 3760 975 3833; x_wconf 83' lang='lat' dir='ltr'>percussi</span> <span class='ocrx_word' id='word_1_538' title='bbox 1006 3777 1164 3815; x_wconf 87' lang='lat' dir='ltr'>eum.</span> <span class='ocrx_word' id='word_1_539' title='bbox 1222 3764 1287 3815; x_wconf 83' lang='lat' dir='ltr'>Et</span> <span class='ocrx_word' id='word_1_540' title='bbox 1333 3761 1501 3818; x_wconf 86' lang='lat' dir='ltr'>dabit</span> <span class='ocrx_word' id='word_1_541' title='bbox 1547 3764 1766 3836; x_wconf 89' lang='lat' dir='ltr'>impios</span> 
     </span>
    </p>
   </div>
   <div class='ocr_carea' id='block_1_73' title="bbox 105 3850 1766 3923">
    <p class='ocr_par' dir='ltr' id='par_1_73' title="bbox 105 3850 1766 3923">
     <span class='ocr_line' id='line_1_73' title="bbox 105 3850 1766 3923; baseline 0.001 -17"><span class='ocrx_word' id='word_1_542' title='bbox 105 3868 211 3922; x_wconf 90' lang='lat' dir='ltr'>pro</span> <span class='ocrx_word' id='word_1_543' title='bbox 246 3852 577 3923; x_wconf 82' lang='lat' dir='ltr'>sepultura,</span> <span class='ocrx_word' id='word_1_544' title='bbox 613 3856 666 3904; x_wconf 90' lang='lat' dir='ltr'>et</span> <span class='ocrx_word' id='word_1_545' title='bbox 688 3850 930 3905; x_wconf 88' lang='lat' dir='ltr'>divitem</span> <span class='ocrx_word' id='word_1_546' title='bbox 960 3866 1068 3921; x_wconf 86' lang='lat' dir='ltr'>pro</span> <span class='ocrx_word' id='word_1_547' title='bbox 1100 3854 1285 3905; x_wconf 92' lang='lat' dir='ltr'>morte</span> <span class='ocrx_word' id='word_1_548' title='bbox 1317 3866 1428 3905; x_wconf 89' lang='lat' dir='ltr'>sua</span> <span class='ocrx_word' id='word_1_549' title='bbox 1461 3868 1474 3904; x_wconf 88' lang='lat'>:</span> <span class='ocrx_word' id='word_1_550' title='bbox 1508 3867 1578 3906; x_wconf 91' lang='lat' dir='ltr'>eo</span> <span class='ocrx_word' id='word_1_551' title='bbox 1599 3853 1766 3923; x_wconf 88' lang='lat' dir='ltr'>quod</span> 
     </span>
    </p>
   </div>
   <div class='ocr_carea' id='block_1_74' title="bbox 107 3940 1766 4015">
    <p class='ocr_par' dir='ltr' id='par_1_74' title="bbox 107 3940 1766 4015">
     <span class='ocr_line' id='line_1_74' title="bbox 107 3940 1766 4015; baseline 0.003 -21"><span class='ocrx_word' id='word_1_552' title='bbox 107 3941 483 4015; x_wconf 84' lang='lat' dir='ltr'>iniquitatem</span> <span class='ocrx_word' id='word_1_553' title='bbox 508 3957 632 3997; x_wconf 90' lang='lat' dir='ltr'>non</span> <span class='ocrx_word' id='word_1_554' title='bbox 657 3941 876 4004; x_wconf 85' lang='lat' dir='ltr'>fecerit,</span> <span class='ocrx_word' id='word_1_555' title='bbox 936 3957 1043 3995; x_wconf 90' lang='lat' dir='ltr'>nec</span> <span class='ocrx_word' id='word_1_556' title='bbox 1099 3940 1272 3995; x_wconf 90' lang='lat' dir='ltr'>dolus</span> <span class='ocrx_word' id='word_1_557' title='bbox 1321 3940 1495 3998; x_wconf 87' lang='lat' dir='ltr'>fuerit</span> <span class='ocrx_word' id='word_1_558' title='bbox 1546 3941 1608 3996; x_wconf 92' lang='lat' dir='ltr'>in</span> <span class='ocrx_word' id='word_1_559' title='bbox 1664 3959 1766 3999; x_wconf 88' lang='lat' dir='ltr'>ore</span> 
     </span>
    </p>
   </div>
   <div class='ocr_carea' id='block_1_75' title="bbox 107 4031 1763 4100">
    <p class='ocr_par' dir='ltr' id='par_1_75' title="bbox 107 4031 1763 4100">
     <span class='ocr_line' id='line_1_75' title="bbox 107 4031 1763 4100; baseline 0.002 -16"><span class='ocrx_word' id='word_1_560' title='bbox 107 4033 253 4100; x_wconf 84' lang='lat' dir='ltr'>ejus.</span> <span class='ocrx_word' id='word_1_561' title='bbox 293 4035 356 4086; x_wconf 77' lang='lat' dir='ltr'>Et</span> <span class='ocrx_word' id='word_1_562' title='bbox 380 4032 664 4087; x_wconf 90' lang='lat' dir='ltr'>Dominus</span> <span class='ocrx_word' id='word_1_563' title='bbox 689 4031 940 4086; x_wconf 88' lang='lat' dir='ltr'>voluerit</span> <span class='ocrx_word' id='word_1_564' title='bbox 983 4035 1290 4090; x_wconf 66' lang='lat' dir='ltr'>conterere~</span> <span class='ocrx_word' id='word_1_565' title='bbox 1331 4047 1472 4086; x_wconf 89' lang='lat' dir='ltr'>eum</span> <span class='ocrx_word' id='word_1_566' title='bbox 1513 4031 1576 4086; x_wconf 90' lang='lat' dir='ltr'>in</span> <span class='ocrx_word' id='word_1_567' title='bbox 1599 4033 1763 4088; x_wconf 85' lang='lat' dir='ltr'>intir—</span> 
     </span>
    </p>
   </div>
   <div class='ocr_carea' id='block_1_76' title="bbox 106 4119 1763 4192">
    <p class='ocr_par' dir='ltr' id='par_1_76' title="bbox 106 4119 1763 4192">
     <span class='ocr_line' id='line_1_76' title="bbox 106 4119 1763 4192; baseline 0.002 -18"><span class='ocrx_word' id='word_1_568' title='bbox 106 4121 333 4180; x_wconf 88' lang='lat' dir='ltr'>mitate.</span> <span class='ocrx_word' id='word_1_569' title='bbox 398 4120 452 4176; x_wconf 89' lang='lat' dir='ltr'>Si</span> <span class='ocrx_word' id='word_1_570' title='bbox 503 4119 797 4191; x_wconf 86' lang='lat' dir='ltr'>possuerit</span> <span class='ocrx_word' id='word_1_571' title='bbox 842 4136 951 4190; x_wconf 88' lang='lat' dir='ltr'>pro</span> <span class='ocrx_word' id='word_1_572' title='bbox 984 4125 1228 4190; x_wconf 88' lang='lat' dir='ltr'>peccato</span> <span class='ocrx_word' id='word_1_573' title='bbox 1271 4119 1536 4174; x_wconf 87' lang='lat' dir='ltr'>animam</span> <span class='ocrx_word' id='word_1_574' title='bbox 1568 4138 1763 4192; x_wconf 89' lang='lat' dir='ltr'>suam,</span> 
     </span>
    </p>
   </div>
   <div class='ocr_carea' id='block_1_77' title="bbox 105 4208 1768 4277">
    <p class='ocr_par' dir='ltr' id='par_1_77' title="bbox 105 4208 1768 4277">
     <span class='ocr_line' id='line_1_77' title="bbox 105 4208 1768 4277; baseline 0.003 -16"><span class='ocrx_word' id='word_1_575' title='bbox 105 4209 336 4266; x_wconf 83' lang='lat' dir='ltr'>videbit</span> <span class='ocrx_word' id='word_1_576' title='bbox 393 4225 596 4264; x_wconf 88' lang='lat' dir='ltr'>semen</span> <span class='ocrx_word' id='word_1_577' title='bbox 653 4208 994 4277; x_wconf 66' lang='lat' dir='ltr'>longaevum</span> <span class='ocrx_word' id='word_1_578' title='bbox 1043 4213 1099 4261; x_wconf 89' lang='lat' dir='ltr'>et</span> <span class='ocrx_word' id='word_1_579' title='bbox 1139 4208 1412 4263; x_wconf 86' lang='lat' dir='ltr'>voluntas</span> <span class='ocrx_word' id='word_1_580' title='bbox 1443 4210 1677 4265; x_wconf 87' lang='lat' dir='ltr'>Domini</span> <span class='ocrx_word' id='word_1_581' title='bbox 1704 4211 1768 4267; x_wconf 90' lang='lat' dir='ltr'>in</span> 
     </span>
    </p>
   </div>
   <div class='ocr_carea' id='block_1_78' title="bbox 104 4296 1768 4368">
    <p class='ocr_par' dir='ltr' id='par_1_78' title="bbox 104 4296 1768 4368">
     <span class='ocr_line' id='line_1_78' title="bbox 104 4296 1768 4368; baseline 0.002 -17"><span class='ocrx_word' id='word_1_582' title='bbox 104 4313 298 4354; x_wconf 86' lang='lat' dir='ltr'>manu</span> <span class='ocrx_word' id='word_1_583' title='bbox 329 4299 458 4368; x_wconf 85' lang='lat' dir='ltr'>ejus</span> <span class='ocrx_word' id='word_1_584' title='bbox 489 4297 790 4365; x_wconf 84' lang='lat' dir='ltr'>dirigetur.</span> <span class='ocrx_word' id='word_1_585' title='bbox 822 4300 930 4351; x_wconf 86' lang='lat' dir='ltr'>Pro</span> <span class='ocrx_word' id='word_1_586' title='bbox 962 4313 1031 4352; x_wconf 90' lang='lat' dir='ltr'>eo</span> <span class='ocrx_word' id='word_1_587' title='bbox 1062 4297 1226 4368; x_wconf 86' lang='lat' dir='ltr'>quod</span> <span class='ocrx_word' id='word_1_588' title='bbox 1247 4296 1543 4352; x_wconf 85' lang='lat' dir='ltr'>laboravit</span> <span class='ocrx_word' id='word_1_589' title='bbox 1564 4297 1768 4354; x_wconf 87' lang='lat' dir='ltr'>anima.</span> 
     </span>
    </p>
   </div>
   <div class='ocr_carea' id='block_1_79' title="bbox 107 4385 1844 4466">
    <p class='ocr_par' dir='ltr' id='par_1_79' title="bbox 107 4385 1844 4466">
     <span class='ocr_line' id='line_1_79' title="bbox 107 4385 1844 4466; baseline 0.002 -26"><span class='ocrx_word' id='word_1_590' title='bbox 107 4388 259 4456; x_wconf 87' lang='lat' dir='ltr'>ejus,</span> <span class='ocrx_word' id='word_1_591' title='bbox 294 4387 514 4443; x_wconf 87' lang='lat' dir='ltr'>videbit</span> <span class='ocrx_word' id='word_1_592' title='bbox 545 4392 600 4441; x_wconf 92' lang='lat' dir='ltr'>et</span> <span class='ocrx_word' id='word_1_593' title='bbox 627 4386 986 4442; x_wconf 83' lang='lat' dir='ltr'>saturabitur</span> <span class='ocrx_word' id='word_1_594' title='bbox 1015 4403 1026 4439; x_wconf 91' lang='lat'>:</span> <span class='ocrx_word' id='word_1_595' title='bbox 1058 4385 1120 4440; x_wconf 90' lang='lat' dir='ltr'>in</span> <span class='ocrx_word' id='word_1_596' title='bbox 1153 4386 1393 4442; x_wconf 89' lang='lat' dir='ltr'>scientia</span> <span class='ocrx_word' id='word_1_597' title='bbox 1421 4403 1532 4441; x_wconf 90' lang='lat' dir='ltr'>sua</span> <span class='ocrx_word' id='word_1_598' title='bbox 1553 4386 1764 4457; x_wconf 85' lang='lat' dir='ltr'>justiﬁ-</span> <span class='ocrx_word' id='word_1_599' title='bbox 1799 4412 1844 4466; x_wconf 77' lang='grc' dir='ltr'>ι)</span> 
     </span>
    </p>
   </div>
   <div class='ocr_carea' id='block_1_80' title="bbox 107 4476 1762 4551">
    <p class='ocr_par' dir='ltr' id='par_1_80' title="bbox 107 4476 1762 4551">
     <span class='ocr_line' id='line_1_80' title="bbox 107 4476 1762 4551; baseline 0.002 -22"><span class='ocrx_word' id='word_1_600' title='bbox 107 4477 414 4551; x_wconf 89' lang='lat' dir='ltr'>cabitipse</span> <span class='ocrx_word' id='word_1_601' title='bbox 436 4481 633 4547; x_wconf 79' lang='lat' dir='ltr'>justus</span> <span class='ocrx_word' id='word_1_602' title='bbox 665 4492 870 4530; x_wconf 87' lang='lat' dir='ltr'>servus</span> <span class='ocrx_word' id='word_1_603' title='bbox 902 4492 1071 4530; x_wconf 89' lang='lat' dir='ltr'>meus</span> <span class='ocrx_word' id='word_1_604' title='bbox 1111 4476 1350 4546; x_wconf 88' lang='lat' dir='ltr'>multos,</span> <span class='ocrx_word' id='word_1_605' title='bbox 1405 4481 1460 4543; x_wconf 88' lang='lat' dir='ltr'>et</span> <span class='ocrx_word' id='word_1_606' title='bbox 1488 4477 1762 4549; x_wconf 88' lang='lat' dir='ltr'>iniquita-</span> 
     </span>
    </p>
   </div>
   <div class='ocr_carea' id='block_1_81' title="bbox 105 4566 1777 4640">
    <p class='ocr_par' dir='ltr' id='par_1_81' title="bbox 105 4566 1777 4640">
     <span class='ocr_line' id='line_1_81' title="bbox 105 4566 1777 4640; baseline 0.001 -18"><span class='ocrx_word' id='word_1_607' title='bbox 105 4571 190 4623; x_wconf 91' lang='lat' dir='ltr'>tes</span> <span class='ocrx_word' id='word_1_608' title='bbox 216 4586 431 4626; x_wconf 89' lang='lat' dir='ltr'>eorum</span> <span class='ocrx_word' id='word_1_609' title='bbox 457 4568 584 4639; x_wconf 90' lang='lat' dir='ltr'>ipse</span> <span class='ocrx_word' id='word_1_610' title='bbox 612 4566 894 4638; x_wconf 86' lang='lat' dir='ltr'>portabit.</span> <span class='ocrx_word' id='word_1_611' title='bbox 931 4566 1065 4622; x_wconf 90' lang='lat' dir='ltr'>Ideo</span> <span class='ocrx_word' id='word_1_612' title='bbox 1092 4566 1443 4638; x_wconf 88' lang='lat' dir='ltr'>dispertiam</span> <span class='ocrx_word' id='word_1_613' title='bbox 1487 4568 1539 4622; x_wconf 92' lang='lat' dir='ltr'>ei</span> <span class='ocrx_word' id='word_1_614' title='bbox 1590 4568 1777 4640; x_wconf 75' lang='lat' dir='ltr'>pluri-</span> 
     </span>
    </p>
   </div>
   <div class='ocr_carea' id='block_1_82' title="bbox 105 4655 1794 4727">
    <p class='ocr_par' dir='ltr' id='par_1_82' title="bbox 105 4655 1794 4727">
     <span class='ocr_line' id='line_1_82' title="bbox 105 4655 1794 4727; baseline 0.001 -16"><span class='ocrx_word' id='word_1_615' title='bbox 105 4672 259 4724; x_wconf 90' lang='lat' dir='ltr'>mos,</span> <span class='ocrx_word' id='word_1_616' title='bbox 287 4663 345 4713; x_wconf 85' lang='lat' dir='ltr'>et</span> <span class='ocrx_word' id='word_1_617' title='bbox 369 4657 608 4711; x_wconf 85' lang='lat' dir='ltr'>fortium</span> <span class='ocrx_word' id='word_1_618' title='bbox 642 4655 865 4712; x_wconf 88' lang='lat' dir='ltr'>dividet</span> <span class='ocrx_word' id='word_1_619' title='bbox 895 4656 1105 4727; x_wconf 85' lang='lat' dir='ltr'>spolia,</span> <span class='ocrx_word' id='word_1_620' title='bbox 1141 4672 1248 4726; x_wconf 90' lang='lat' dir='ltr'>pro</span> <span class='ocrx_word' id='word_1_621' title='bbox 1288 4672 1356 4712; x_wconf 89' lang='lat' dir='ltr'>eo</span> <span class='ocrx_word' id='word_1_622' title='bbox 1391 4657 1556 4727; x_wconf 83' lang='lat' dir='ltr'>quod</span> <span class='ocrx_word' id='word_1_623' title='bbox 1589 4657 1794 4722; x_wconf 78' lang='lat' dir='ltr'>tradi-,</span> 
     </span>
    </p>
   </div>
   <div class='ocr_carea' id='block_1_83' title="bbox 105 4744 1774 4812">
    <p class='ocr_par' dir='ltr' id='par_1_83' title="bbox 105 4744 1774 4812">
     <span class='ocr_line' id='line_1_83' title="bbox 105 4744 1774 4812; baseline 0.001 -14"><span class='ocrx_word' id='word_1_624' title='bbox 105 4745 190 4801; x_wconf 90' lang='lat' dir='ltr'>dit</span> <span class='ocrx_word' id='word_1_625' title='bbox 242 4748 310 4802; x_wconf 91' lang='lat' dir='ltr'>in</span> <span class='ocrx_word' id='word_1_626' title='bbox 356 4751 612 4801; x_wconf 87' lang='lat' dir='ltr'>mortem</span> <span class='ocrx_word' id='word_1_627' title='bbox 666 4744 931 4800; x_wconf 84' lang='lat' dir='ltr'>animam</span> <span class='ocrx_word' id='word_1_628' title='bbox 965 4761 1158 4812; x_wconf 86' lang='lat' dir='ltr'>suam,</span> <span class='ocrx_word' id='word_1_629' title='bbox 1211 4749 1434 4800; x_wconf 86' lang='lat' dir='ltr'>etcum</span> <span class='ocrx_word' id='word_1_630' title='bbox 1473 4745 1774 4802; x_wconf 46' lang='lat' dir='ltr'>sceleratis»</span> 
     </span>
    </p>
   </div>
   <div class='ocr_carea' id='block_1_84' title="bbox 104 4833 1769 4907">
    <p class='ocr_par' dir='ltr' id='par_1_84' title="bbox 104 4833 1769 4907">
     <span class='ocr_line' id='line_1_84' title="bbox 104 4833 1769 4907; baseline 0.002 -19"><span class='ocrx_word' id='word_1_631' title='bbox 104 4841 422 4907; x_wconf 85' lang='lat' dir='ltr'>reputatus</span> <span class='ocrx_word' id='word_1_632' title='bbox 450 4839 553 4889; x_wconf 86' lang='lat' dir='ltr'>est.</span> <span class='ocrx_word' id='word_1_633' title='bbox 590 4837 653 4888; x_wconf 82' lang='lat' dir='ltr'>Et</span> <span class='ocrx_word' id='word_1_634' title='bbox 696 4835 821 4904; x_wconf 88' lang='lat' dir='ltr'>ipse</span> <span class='ocrx_word' id='word_1_635' title='bbox 869 4838 1113 4904; x_wconf 84' lang='lat' dir='ltr'>peccata</span> <span class='ocrx_word' id='word_1_636' title='bbox 1164 4833 1490 4888; x_wconf 87' lang='lat' dir='ltr'>multorum</span> <span class='ocrx_word' id='word_1_637' title='bbox 1532 4835 1678 4904; x_wconf 89' lang='lat' dir='ltr'>tulit,</span> <span class='ocrx_word' id='word_1_638' title='bbox 1711 4839 1769 4892; x_wconf 85' lang='lat' dir='ltr'>et</span> 
     </span>
    </p>
   </div>
   <div class='ocr_carea' id='block_1_85' title="bbox 105 4923 1768 4996">
    <p class='ocr_par' dir='ltr' id='par_1_85' title="bbox 105 4923 1768 4996">
     <span class='ocr_line' id='line_1_85' title="bbox 105 4923 1768 4996; baseline 0.003 -18"><span class='ocrx_word' id='word_1_639' title='bbox 105 4939 215 4995; x_wconf 91' lang='lat' dir='ltr'>pro</span> <span class='ocrx_word' id='word_1_640' title='bbox 248 4923 762 4994; x_wconf 79' lang='lat' dir='ltr'>trangressoribus</span> <span class='ocrx_word' id='word_1_641' title='bbox 794 4923 982 4977; x_wconf 88' lang='lat' dir='ltr'>oravit</span> <span class='ocrx_word' id='word_1_642' title='bbox 1019 4925 1154 4993; x_wconf 72' lang='lat' dir='ltr'>(Isa.</span> <span class='ocrx_word' id='word_1_643' title='bbox 1191 4924 1322 4992; x_wconf 79' lang='lat' dir='ltr'>Lm),</span> <span class='ocrx_word' id='word_1_644' title='bbox 1365 4946 1390 4972; x_wconf 86' lang='grc'>››</span> <span class='ocrx_word' id='word_1_645' title='bbox 1423 4928 1486 4978; x_wconf 93' lang='lat' dir='ltr'>ut</span> <span class='ocrx_word' id='word_1_646' title='bbox 1515 4941 1637 4982; x_wconf 89' lang='lat' dir='ltr'>non</span> <span class='ocrx_word' id='word_1_647' title='bbox 1667 4941 1768 4996; x_wconf 89' lang='lat' dir='ltr'>pe-</span> 
     </span>
    </p>
   </div>
   <div class='ocr_carea' id='block_1_86' title="bbox 106 5012 1235 5085">
    <p class='ocr_par' dir='ltr' id='par_1_86' title="bbox 106 5012 1235 5085">
     <span class='ocr_line' id='line_1_86' title="bbox 106 5012 1235 5085; baseline -0.002 -19"><span class='ocrx_word' id='word_1_648' title='bbox 106 5013 312 5085; x_wconf 86' lang='lat' dir='ltr'>rirent,</span> <span class='ocrx_word' id='word_1_649' title='bbox 347 5013 490 5068; x_wconf 90' lang='lat' dir='ltr'>dicit</span> <span class='ocrx_word' id='word_1_650' title='bbox 521 5013 805 5068; x_wconf 86' lang='lat' dir='ltr'>Dominus</span> <span class='ocrx_word' id='word_1_651' title='bbox 837 5012 1235 5082; x_wconf 87' lang='lat' dir='ltr'>omnipotens.</span> 
     </span>
    </p>
   </div>
   <div class='ocr_carea' id='block_1_87' title="bbox 177 5099 1774 5172">
    <p class='ocr_par' dir='ltr' id='par_1_87' title="bbox 177 5099 1774 5172">
     <span class='ocr_line' id='line_1_87' title="bbox 177 5099 1774 5172; baseline 0.002 -14"><span class='ocrx_word' id='word_1_652' title='bbox 177 5102 450 5159; x_wconf 85' lang='lat' dir='ltr'>Christus</span> <span class='ocrx_word' id='word_1_653' title='bbox 483 5101 562 5157; x_wconf 92' lang='lat' dir='ltr'>ait</span> <span class='ocrx_word' id='word_1_654' title='bbox 595 5118 606 5155; x_wconf 89' lang='lat'><strong>:</strong></span> <span class='ocrx_word' id='word_1_655' title='bbox 645 5123 671 5149; x_wconf 82' lang='lat'><strong>«</strong></span> <span class='ocrx_word' id='word_1_656' title='bbox 701 5099 997 5156; x_wconf 88' lang='lat' dir='ltr'>Gaudium</span> <span class='ocrx_word' id='word_1_657' title='bbox 1023 5105 1112 5155; x_wconf 90' lang='lat' dir='ltr'>est</span> <span class='ocrx_word' id='word_1_658' title='bbox 1138 5100 1363 5168; x_wconf 84' lang='lat' dir='ltr'>angelis</span> <span class='ocrx_word' id='word_1_659' title='bbox 1415 5118 1595 5172; x_wconf 88' lang='lat' dir='ltr'>super</span> <span class='ocrx_word' id='word_1_660' title='bbox 1647 5119 1774 5162; x_wconf 69' lang='lat' dir='ltr'>uno,</span> 
     </span>
    </p>
   </div>
   <div class='ocr_carea' id='block_1_88' title="bbox 104 5188 1769 5262">
    <p class='ocr_par' dir='ltr' id='par_1_88' title="bbox 104 5188 1769 5262">
     <span class='ocr_line' id='line_1_88' title="bbox 104 5188 1769 5262; baseline 0.001 -18"><span class='ocrx_word' id='word_1_661' title='bbox 104 5195 424 5261; x_wconf 83' lang='lat' dir='ltr'>peccatore</span> <span class='ocrx_word' id='word_1_662' title='bbox 453 5188 862 5262; x_wconf 75' lang='lat' dir='ltr'>paenitentiam</span> <span class='ocrx_word' id='word_1_663' title='bbox 897 5194 1328 5259; x_wconf 84' lang='lat' dir='ltr'>agente,quam</span> <span class='ocrx_word' id='word_1_664' title='bbox 1361 5205 1537 5261; x_wconf 90' lang='lat' dir='ltr'>super</span> <span class='ocrx_word' id='word_1_665' title='bbox 1563 5207 1769 5246; x_wconf 90' lang='lat' dir='ltr'>mona-</span> 
     </span>
    </p>
   </div>
   <div class='ocr_carea' id='block_1_89' title="bbox 106 5277 1768 5350">
    <p class='ocr_par' dir='ltr' id='par_1_89' title="bbox 106 5277 1768 5350">
     <span class='ocr_line' id='line_1_89' title="bbox 106 5277 1768 5350; baseline -0.001 -14"><span class='ocrx_word' id='word_1_666' title='bbox 106 5281 275 5348; x_wconf 84' lang='lat' dir='ltr'>ginta</span> <span class='ocrx_word' id='word_1_667' title='bbox 327 5296 546 5335; x_wconf 84' lang='lat' dir='ltr'>novem</span> <span class='ocrx_word' id='word_1_668' title='bbox 573 5277 766 5349; x_wconf 86' lang='lat' dir='ltr'>justis,</span> <span class='ocrx_word' id='word_1_669' title='bbox 821 5278 923 5349; x_wconf 90' lang='lat' dir='ltr'>qui</span> <span class='ocrx_word' id='word_1_670' title='bbox 973 5294 1095 5332; x_wconf 90' lang='lat' dir='ltr'>non</span> <span class='ocrx_word' id='word_1_671' title='bbox 1121 5277 1390 5346; x_wconf 87' lang='lat' dir='ltr'>indigent</span> <span class='ocrx_word' id='word_1_672' title='bbox 1419 5280 1768 5350; x_wconf 64' lang='lat' dir='ltr'>paenitentia</span> 
     </span>
    </p>
   </div>
   <div class='ocr_carea' id='block_1_90' title="bbox 105 5366 1770 5439">
    <p class='ocr_par' dir='ltr' id='par_1_90' title="bbox 105 5366 1770 5439">
     <span class='ocr_line' id='line_1_90' title="bbox 105 5366 1770 5439; baseline 0.001 -16"><span class='ocrx_word' id='word_1_673' title='bbox 105 5368 275 5437; x_wconf 81' lang='lat' dir='ltr'>(Luc.</span> <span class='ocrx_word' id='word_1_674' title='bbox 312 5385 407 5435; x_wconf 83' lang='lat' dir='ltr'>xv,</span> <span class='ocrx_word' id='word_1_675' title='bbox 441 5370 516 5439; x_wconf 83' lang='lat'>7).</span> <span class='ocrx_word' id='word_1_676' title='bbox 553 5391 579 5417; x_wconf 87' lang='grc'>››</span> <span class='ocrx_word' id='word_1_677' title='bbox 609 5369 776 5421; x_wconf 84' lang='lat' dir='ltr'>.Ioan.</span> <span class='ocrx_word' id='word_1_678' title='bbox 820 5367 1028 5437; x_wconf 83' lang='lat' dir='ltr'>Apost,</span> <span class='ocrx_word' id='word_1_679' title='bbox 1081 5366 1163 5421; x_wconf 91' lang='lat' dir='ltr'>sic</span> <span class='ocrx_word' id='word_1_680' title='bbox 1208 5367 1306 5434; x_wconf 91' lang='lat' dir='ltr'>ait,</span> <span class='ocrx_word' id='word_1_681' title='bbox 1363 5368 1511 5423; x_wconf 89' lang='lat' dir='ltr'>inter</span> <span class='ocrx_word' id='word_1_682' title='bbox 1560 5373 1770 5424; x_wconf 59' lang='lat' dir='ltr'>cretera</span> 
     </span>
    </p>
   </div>
   <div class='ocr_carea' id='block_1_91' title="bbox 104 5454 1772 5528">
    <p class='ocr_par' dir='ltr' id='par_1_91' title="bbox 104 5454 1772 5528">
     <span class='ocr_line' id='line_1_91' title="bbox 104 5454 1772 5528; baseline 0.001 -18"><span class='ocrx_word' id='word_1_683' title='bbox 104 5457 182 5512; x_wconf 89' lang='lat' dir='ltr'>ad</span> <span class='ocrx_word' id='word_1_684' title='bbox 207 5458 350 5528; x_wconf 40' lang='lat' dir='ltr'>jam,</span> <span class='ocrx_word' id='word_1_685' title='bbox 376 5455 703 5528; x_wconf 86' lang='lat' dir='ltr'>baptizatos</span> <span class='ocrx_word' id='word_1_686' title='bbox 737 5470 748 5506; x_wconf 92' lang='lat'><strong><em>:</em></strong></span> <span class='ocrx_word' id='word_1_687' title='bbox 785 5475 813 5500; x_wconf 76' lang='grc' dir='ltr'>α</span> <span class='ocrx_word' id='word_1_688' title='bbox 848 5454 1053 5520; x_wconf 82' lang='lat' dir='ltr'>Filioli,</span> <span class='ocrx_word' id='word_1_689' title='bbox 1086 5455 1210 5509; x_wconf 50' lang='lat' dir='ltr'>haec</span> <span class='ocrx_word' id='word_1_690' title='bbox 1244 5455 1436 5512; x_wconf 88' lang='lat' dir='ltr'>scribo</span> <span class='ocrx_word' id='word_1_691' title='bbox 1491 5456 1660 5511; x_wconf 89' lang='lat' dir='ltr'>vobis</span> <span class='ocrx_word' id='word_1_692' title='bbox 1708 5462 1772 5516; x_wconf 85' lang='lat' dir='ltr'>ut</span> 
     </span>
    </p>
   </div>
   <div class='ocr_carea' id='block_1_92' title="bbox 103 5543 1768 5618">
    <p class='ocr_par' dir='ltr' id='par_1_92' title="bbox 103 5543 1768 5618">
     <span class='ocr_line' id='line_1_92' title="bbox 103 5543 1768 5618; baseline 0.001 -19"><span class='ocrx_word' id='word_1_693' title='bbox 103 5561 228 5602; x_wconf 86' lang='lat' dir='ltr'>non</span> <span class='ocrx_word' id='word_1_694' title='bbox 252 5545 512 5618; x_wconf 87' lang='lat' dir='ltr'>peccetis</span> <span class='ocrx_word' id='word_1_695' title='bbox 543 5543 602 5613; x_wconf 88' lang='grc' dir='ltr'>(Ι</span> <span class='ocrx_word' id='word_1_696' title='bbox 622 5544 798 5596; x_wconf 85' lang='lat' dir='ltr'>Joan.</span> <span class='ocrx_word' id='word_1_697' title='bbox 831 5559 886 5608; x_wconf 80' lang='grc' dir='ltr'>ιι,</span> <span class='ocrx_word' id='word_1_698' title='bbox 931 5544 994 5612; x_wconf 77' lang='grc'>1).</span> <span class='ocrx_word' id='word_1_699' title='bbox 1023 5565 1048 5590; x_wconf 79' lang='lat' dir='ltr'><em>n</em></span> <span class='ocrx_word' id='word_1_700' title='bbox 1089 5546 1186 5597; x_wconf 86' lang='lat' dir='ltr'>Et:</span> <span class='ocrx_word' id='word_1_701' title='bbox 1238 5566 1262 5591; x_wconf 91' lang='grc'><em>‹‹</em></span> <span class='ocrx_word' id='word_1_702' title='bbox 1304 5544 1358 5599; x_wconf 87' lang='lat' dir='ltr'>Si</span> <span class='ocrx_word' id='word_1_703' title='bbox 1390 5545 1525 5616; x_wconf 88' lang='lat' dir='ltr'>quis</span> <span class='ocrx_word' id='word_1_704' title='bbox 1557 5562 1768 5617; x_wconf 86' lang='lat' dir='ltr'>pecca—</span> 
     </span>
    </p>
   </div>
   <div class='ocr_carea' id='block_1_93' title="bbox 105 5631 1766 5703">
    <p class='ocr_par' dir='ltr' id='par_1_93' title="bbox 105 5631 1766 5703">
     <span class='ocr_line' id='line_1_93' title="bbox 105 5631 1766 5703; baseline 0.002 -16"><span class='ocrx_word' id='word_1_705' title='bbox 105 5636 274 5703; x_wconf 81' lang='lat' dir='ltr'>verit,</span> <span class='ocrx_word' id='word_1_706' title='bbox 340 5634 703 5700; x_wconf 81' lang='lat' dir='ltr'>advoeatum</span> <span class='ocrx_word' id='word_1_707' title='bbox 758 5631 1051 5685; x_wconf 84' lang='lat' dir='ltr'>habemus</span> <span class='ocrx_word' id='word_1_708' title='bbox 1101 5633 1262 5702; x_wconf 79' lang='lat' dir='ltr'>apud</span> <span class='ocrx_word' id='word_1_709' title='bbox 1307 5636 1537 5687; x_wconf 82' lang='lat' dir='ltr'>Patrem</span> <span class='ocrx_word' id='word_1_710' title='bbox 1569 5636 1766 5690; x_wconf 85' lang='lat' dir='ltr'>Jesum</span> 
     </span>
    </p>
   </div>
   <div class='ocr_carea' id='block_1_94' title="bbox 1870 3142 3521 3217">
    <p class='ocr_par' dir='ltr' id='par_1_94' title="bbox 1870 3142 3521 3217">
     <span class='ocr_line' id='line_1_94' title="bbox 1870 3142 3521 3217; baseline 0.002 -19"><span class='ocrx_word' id='word_1_711' title='bbox 1870 3143 2010 3198; x_wconf 91' lang='lat' dir='ltr'>dicit</span> <span class='ocrx_word' id='word_1_712' title='bbox 2039 3143 2326 3198; x_wconf 89' lang='lat' dir='ltr'>Dominus</span> <span class='ocrx_word' id='word_1_713' title='bbox 2357 3145 2534 3212; x_wconf 89' lang='lat' dir='ltr'>Deus,</span> <span class='ocrx_word' id='word_1_714' title='bbox 2589 3142 2953 3199; x_wconf 89' lang='lat' dir='ltr'>revertimini</span> <span class='ocrx_word' id='word_1_715' title='bbox 3000 3147 3057 3200; x_wconf 89' lang='lat' dir='ltr'>et</span> <span class='ocrx_word' id='word_1_716' title='bbox 3101 3144 3521 3217; x_wconf 79' lang='lat' dir='ltr'>vivite(Ezech.</span> 
     </span>
    </p>
   </div>
   <div class='ocr_carea' id='block_1_95' title="bbox 1869 3235 2447 3303">
    <p class='ocr_par' dir='ltr' id='par_1_95' title="bbox 1869 3235 2447 3303">
     <span class='ocr_line' id='line_1_95' title="bbox 1869 3235 2447 3303; baseline -0.009 -16"><span class='ocrx_word' id='word_1_717' title='bbox 1869 3236 2060 3299; x_wconf 64' lang='lat'>21-24,</span> <span class='ocrx_word' id='word_1_718' title='bbox 2093 3235 2301 3303; x_wconf 74' lang='lat'>30-32).</span> <span class='ocrx_word' id='word_1_719' title='bbox 2339 3254 2366 3283; x_wconf 82' lang='grc'><strong>››</strong></span> <span class='ocrx_word' id='word_1_720' title='bbox 2445 3270 2447 3273; x_wconf 91' lang='grc'>.</span> 
     </span>
    </p>
   </div>
   <div class='ocr_carea' id='block_1_96' title="bbox 2499 3324 2906 3379">
    <p class='ocr_par' dir='ltr' id='par_1_96' title="bbox 2499 3324 2906 3379">
     <span class='ocr_line' id='line_1_96' title="bbox 2499 3324 2906 3379; baseline 0 -1"><span class='ocrx_word' id='word_1_721' title='bbox 2499 3324 2725 3379; x_wconf 78' lang='lat' dir='ltr'>SERMO</span> <span class='ocrx_word' id='word_1_722' title='bbox 2770 3324 2906 3378; x_wconf 85' lang='lat' dir='ltr'>VIII.</span> 
     </span>
    </p>
   </div>
   <div class='ocr_carea' id='block_1_97' title="bbox 2448 3413 2942 3482">
    <p class='ocr_par' dir='ltr' id='par_1_97' title="bbox 2448 3413 2942 3482">
     <span class='ocr_line' id='line_1_97' title="bbox 2448 3413 2942 3482; baseline -0.004 -14"><span class='ocrx_word' id='word_1_723' title='bbox 2448 3413 2942 3482; x_wconf 79' lang='lat' dir='ltr'>(Fragmentum).</span> 
     </span>
    </p>
   </div>
   <div class='ocr_carea' id='block_1_98' title="bbox 1944 3500 3530 3570">
    <p class='ocr_par' dir='ltr' id='par_1_98' title="bbox 1944 3500 3530 3570">
     <span class='ocr_line' id='line_1_98' title="bbox 1944 3500 3530 3570; baseline 0.004 -18"><span class='ocrx_word' id='word_1_724' title='bbox 1944 3500 2062 3552; x_wconf 88' lang='lat' dir='ltr'>Hoc</span> <span class='ocrx_word' id='word_1_725' title='bbox 2092 3513 2232 3553; x_wconf 88' lang='lat' dir='ltr'>vero</span> <span class='ocrx_word' id='word_1_726' title='bbox 2265 3501 2530 3569; x_wconf 88' lang='lat' dir='ltr'>tempore</span> <span class='ocrx_word' id='word_1_727' title='bbox 2560 3504 2770 3570; x_wconf 90' lang='lat' dir='ltr'>postea</span> <span class='ocrx_word' id='word_1_728' title='bbox 2793 3514 2980 3570; x_wconf 89' lang='lat' dir='ltr'>quam</span> <span class='ocrx_word' id='word_1_729' title='bbox 3018 3501 3370 3558; x_wconf 87' lang='lat' dir='ltr'>resurrectio</span> <span class='ocrx_word' id='word_1_730' title='bbox 3421 3506 3530 3558; x_wconf 87' lang='lat' dir='ltr'>Do-</span> 
     </span>
    </p>
   </div>
   <div class='ocr_carea' id='block_1_99' title="bbox 1873 3582 3526 3658">
    <p class='ocr_par' dir='ltr' id='par_1_99' title="bbox 1873 3582 3526 3658">
     <span class='ocr_line' id='line_1_99' title="bbox 1873 3582 3526 3658; baseline 0.005 -22"><span class='ocrx_word' id='word_1_731' title='bbox 1873 3582 2020 3640; x_wconf 87' lang='lat' dir='ltr'>mini</span> <span class='ocrx_word' id='word_1_732' title='bbox 2040 3585 2225 3639; x_wconf 87' lang='lat' dir='ltr'>nostri</span> <span class='ocrx_word' id='word_1_733' title='bbox 2247 3587 2382 3641; x_wconf 87' lang='lat' dir='ltr'>Jesu</span> <span class='ocrx_word' id='word_1_734' title='bbox 2405 3587 2632 3653; x_wconf 85' lang='lat' dir='ltr'>Christi,</span> <span class='ocrx_word' id='word_1_735' title='bbox 2659 3586 3208 3644; x_wconf 84' lang='lat' dir='ltr'>manifestissimum</span> <span class='ocrx_word' id='word_1_736' title='bbox 3230 3589 3526 3658; x_wconf 88' lang='lat' dir='ltr'>judicium</span> 
     </span>
    </p>
   </div>
   <div class='ocr_carea' id='block_1_100' title="bbox 1873 3672 3527 3749">
    <p class='ocr_par' dir='ltr' id='par_1_100' title="bbox 1873 3672 3527 3749">
     <span class='ocr_line' id='line_1_100' title="bbox 1873 3672 3527 3749; baseline 0.004 -23"><span class='ocrx_word' id='word_1_737' title='bbox 1873 3676 2090 3727; x_wconf 60' lang='lat' dir='ltr'>nostrae</span> <span class='ocrx_word' id='word_1_738' title='bbox 2112 3672 2422 3742; x_wconf 88' lang='lat' dir='ltr'>libertatis,</span> <span class='ocrx_word' id='word_1_739' title='bbox 2454 3673 2661 3741; x_wconf 77' lang='lat' dir='ltr'>illuxit,</span> <span class='ocrx_word' id='word_1_740' title='bbox 2677 3690 2786 3729; x_wconf 90' lang='lat' dir='ltr'>nec</span> <span class='ocrx_word' id='word_1_741' title='bbox 2811 3691 3019 3730; x_wconf 89' lang='lat' dir='ltr'>eorum</span> <span class='ocrx_word' id='word_1_742' title='bbox 3050 3675 3358 3744; x_wconf 90' lang='lat' dir='ltr'>signorum</span> <span class='ocrx_word' id='word_1_743' title='bbox 3388 3693 3527 3749; x_wconf 64' lang='lat' dir='ltr'>qua)</span> 
     </span>
    </p>
   </div>
   <div class='ocr_carea' id='block_1_101' title="bbox 1867 3759 3523 3836">
    <p class='ocr_par' dir='ltr' id='par_1_101' title="bbox 1867 3759 3523 3836">
     <span class='ocr_line' id='line_1_101' title="bbox 1867 3759 3523 3836; baseline 0.004 -22"><span class='ocrx_word' id='word_1_744' title='bbox 1867 3760 1998 3830; x_wconf 90' lang='lat' dir='ltr'>jam</span> <span class='ocrx_word' id='word_1_745' title='bbox 2027 3759 2409 3830; x_wconf 82' lang='lat' dir='ltr'>intelligimus</span> <span class='ocrx_word' id='word_1_746' title='bbox 2439 3762 2784 3834; x_wconf 85' lang='lat' dir='ltr'>operatione</span> <span class='ocrx_word' id='word_1_747' title='bbox 2812 3763 2978 3832; x_wconf 86' lang='lat' dir='ltr'>gravi</span> <span class='ocrx_word' id='word_1_748' title='bbox 3020 3765 3249 3820; x_wconf 88' lang='lat' dir='ltr'>onerati</span> <span class='ocrx_word' id='word_1_749' title='bbox 3292 3783 3523 3836; x_wconf 86' lang='lat' dir='ltr'>sumus,</span> 
     </span>
    </p>
   </div>
   <div class='ocr_carea' id='block_1_102' title="bbox 1876 3849 3529 3927">
    <p class='ocr_par' dir='ltr' id='par_1_102' title="bbox 1876 3849 3529 3927">
     <span class='ocr_line' id='line_1_102' title="bbox 1876 3849 3529 3927; baseline 0.007 -25"><span class='ocrx_word' id='word_1_750' title='bbox 1876 3849 1982 3904; x_wconf 93' lang='lat' dir='ltr'>sed</span> <span class='ocrx_word' id='word_1_751' title='bbox 2012 3849 2292 3921; x_wconf 84' lang='lat' dir='ltr'>quaedam</span> <span class='ocrx_word' id='word_1_752' title='bbox 2330 3866 2526 3922; x_wconf 89' lang='lat' dir='ltr'>pauca</span> <span class='ocrx_word' id='word_1_753' title='bbox 2573 3867 2682 3924; x_wconf 89' lang='lat' dir='ltr'>pro</span> <span class='ocrx_word' id='word_1_754' title='bbox 2730 3851 2932 3908; x_wconf 89' lang='lat' dir='ltr'>multis</span> <span class='ocrx_word' id='word_1_755' title='bbox 2983 3853 3318 3927; x_wconf 86' lang='lat' dir='ltr'>eademque</span> <span class='ocrx_word' id='word_1_756' title='bbox 3369 3855 3529 3914; x_wconf 85' lang='lat' dir='ltr'>factu</span> 
     </span>
    </p>
   </div>
   <div class='ocr_carea' id='block_1_103' title="bbox 1874 3936 3532 4014">
    <p class='ocr_par' dir='ltr' id='par_1_103' title="bbox 1874 3936 3532 4014">
     <span class='ocr_line' id='line_1_103' title="bbox 1874 3936 3532 4014; baseline 0.005 -22"><span class='ocrx_word' id='word_1_757' title='bbox 1874 3936 2156 3994; x_wconf 86' lang='lat' dir='ltr'>facillima</span> <span class='ocrx_word' id='word_1_758' title='bbox 2177 3943 2234 3996; x_wconf 90' lang='lat' dir='ltr'>et</span> <span class='ocrx_word' id='word_1_759' title='bbox 2252 3939 2664 3997; x_wconf 89' lang='lat' dir='ltr'>observatione</span> <span class='ocrx_word' id='word_1_760' title='bbox 2693 3939 3048 4012; x_wconf 88' lang='lat' dir='ltr'>castissima,</span> <span class='ocrx_word' id='word_1_761' title='bbox 3070 3943 3196 4014; x_wconf 90' lang='lat' dir='ltr'>ipse</span> <span class='ocrx_word' id='word_1_762' title='bbox 3242 3944 3532 4001; x_wconf 88' lang='lat' dir='ltr'>Dominus</span> 
     </span>
    </p>
   </div>
   <div class='ocr_carea' id='block_1_104' title="bbox 1876 4028 3532 4107">
    <p class='ocr_par' dir='ltr' id='par_1_104' title="bbox 1876 4028 3532 4107">
     <span class='ocr_line' id='line_1_104' title="bbox 1876 4028 3532 4107; baseline 0.004 -25"><span class='ocrx_word' id='word_1_763' title='bbox 1876 4032 1934 4083; x_wconf 84' lang='lat' dir='ltr'>et</span> <span class='ocrx_word' id='word_1_764' title='bbox 1959 4028 2287 4100; x_wconf 89' lang='lat' dir='ltr'>apostolica</span> <span class='ocrx_word' id='word_1_765' title='bbox 2313 4029 2554 4085; x_wconf 86' lang='lat' dir='ltr'>tradidit</span> <span class='ocrx_word' id='word_1_766' title='bbox 2581 4029 2914 4102; x_wconf 89' lang='lat' dir='ltr'>disciplina.</span> <span class='ocrx_word' id='word_1_767' title='bbox 2954 4032 3144 4088; x_wconf 88' lang='lat' dir='ltr'>Secuti</span> <span class='ocrx_word' id='word_1_768' title='bbox 3171 4037 3227 4088; x_wconf 91' lang='lat' dir='ltr'>et</span> <span class='ocrx_word' id='word_1_769' title='bbox 3245 4033 3532 4107; x_wconf 90' lang='lat' dir='ltr'>baptismi</span> 
     </span>
    </p>
   </div>
   <div class='ocr_carea' id='block_1_105' title="bbox 1877 4120 3530 4193">
    <p class='ocr_par' dir='ltr' id='par_1_105' title="bbox 1877 4120 3530 4193">
     <span class='ocr_line' id='line_1_105' title="bbox 1877 4120 3530 4193; baseline 0.004 -22"><span class='ocrx_word' id='word_1_770' title='bbox 1877 4123 2321 4174; x_wconf 86' lang='lat' dir='ltr'>sacramentum</span> <span class='ocrx_word' id='word_1_771' title='bbox 2346 4123 2402 4176; x_wconf 90' lang='lat' dir='ltr'>et</span> <span class='ocrx_word' id='word_1_772' title='bbox 2439 4120 2758 4176; x_wconf 90' lang='lat' dir='ltr'>celebratio</span> <span class='ocrx_word' id='word_1_773' title='bbox 2809 4121 3074 4193; x_wconf 89' lang='lat' dir='ltr'>corporis</span> <span class='ocrx_word' id='word_1_774' title='bbox 3123 4126 3179 4178; x_wconf 89' lang='lat' dir='ltr'>et</span> <span class='ocrx_word' id='word_1_775' title='bbox 3222 4123 3530 4193; x_wconf 86' lang='lat' dir='ltr'>sanguinis</span> 
     </span>
    </p>
   </div>
   <div class='ocr_carea' id='block_1_106' title="bbox 1876 4207 3527 4284">
    <p class='ocr_par' dir='ltr' id='par_1_106' title="bbox 1876 4207 3527 4284">
     <span class='ocr_line' id='line_1_106' title="bbox 1876 4207 3527 4284; baseline 0.004 -23"><span class='ocrx_word' id='word_1_776' title='bbox 1876 4207 2132 4279; x_wconf 87' lang='lat' dir='ltr'>Domini,</span> <span class='ocrx_word' id='word_1_777' title='bbox 2161 4225 2294 4280; x_wconf 78' lang='lat' dir='ltr'>quae</span> <span class='ocrx_word' id='word_1_778' title='bbox 2324 4209 2758 4281; x_wconf 86' lang='lat' dir='ltr'>unusquisque,</span> <span class='ocrx_word' id='word_1_779' title='bbox 2807 4226 2943 4264; x_wconf 91' lang='lat' dir='ltr'>cum</span> <span class='ocrx_word' id='word_1_780' title='bbox 2982 4210 3252 4282; x_wconf 90' lang='lat' dir='ltr'>percipit,</span> <span class='ocrx_word' id='word_1_781' title='bbox 3285 4229 3406 4284; x_wconf 88' lang='lat' dir='ltr'>quo</span> <span class='ocrx_word' id='word_1_782' title='bbox 3437 4228 3527 4267; x_wconf 86' lang='lat' dir='ltr'>re-</span> 
     </span>
    </p>
   </div>
   <div class='ocr_carea' id='block_1_107' title="bbox 1875 4293 3527 4367">
    <p class='ocr_par' dir='ltr' id='par_1_107' title="bbox 1875 4293 3527 4367">
     <span class='ocr_line' id='line_1_107' title="bbox 1875 4293 3527 4367; baseline 0.004 -19"><span class='ocrx_word' id='word_1_783' title='bbox 1875 4293 2140 4350; x_wconf 89' lang='lat' dir='ltr'>ferantur</span> <span class='ocrx_word' id='word_1_784' title='bbox 2168 4296 2434 4352; x_wconf 89' lang='lat' dir='ltr'>imbutus</span> <span class='ocrx_word' id='word_1_785' title='bbox 2465 4297 2752 4367; x_wconf 90' lang='lat' dir='ltr'>agnoscit,</span> <span class='ocrx_word' id='word_1_786' title='bbox 2785 4301 2850 4352; x_wconf 92' lang='lat' dir='ltr'>ut</span> <span class='ocrx_word' id='word_1_787' title='bbox 2870 4313 2939 4353; x_wconf 86' lang='lat' dir='ltr'>ea</span> <span class='ocrx_word' id='word_1_788' title='bbox 2968 4313 3092 4354; x_wconf 89' lang='lat' dir='ltr'>non</span> <span class='ocrx_word' id='word_1_789' title='bbox 3130 4299 3354 4355; x_wconf 86' lang='lat' dir='ltr'>carnali</span> <span class='ocrx_word' id='word_1_790' title='bbox 3407 4315 3527 4354; x_wconf 90' lang='lat' dir='ltr'>ser-</span> 
     </span>
    </p>
   </div>
   <div class='ocr_carea' id='block_1_108' title="bbox 1875 4384 3453 4458">
    <p class='ocr_par' dir='ltr' id='par_1_108' title="bbox 1875 4384 3453 4458">
     <span class='ocr_line' id='line_1_108' title="bbox 1875 4384 3453 4458; baseline 0.004 -20"><span class='ocrx_word' id='word_1_791' title='bbox 1875 4384 2076 4451; x_wconf 89' lang='lat' dir='ltr'>vitute,</span> <span class='ocrx_word' id='word_1_792' title='bbox 2111 4385 2218 4439; x_wconf 91' lang='lat' dir='ltr'>sed</span> <span class='ocrx_word' id='word_1_793' title='bbox 2248 4385 2538 4457; x_wconf 90' lang='lat' dir='ltr'>spirituali</span> <span class='ocrx_word' id='word_1_794' title='bbox 2568 4386 2766 4458; x_wconf 85' lang='lat' dir='ltr'>potius</span> <span class='ocrx_word' id='word_1_795' title='bbox 2791 4386 3058 4442; x_wconf 87' lang='lat' dir='ltr'>libertate</span> <span class='ocrx_word' id='word_1_796' title='bbox 3083 4404 3453 4444; x_wconf 88' lang='lat' dir='ltr'>veneremur.</span> 
     </span>
    </p>
   </div>
   <div class='ocr_carea' id='block_1_109' title="bbox 1949 4473 3528 4545">
    <p class='ocr_par' dir='ltr' id='par_1_109' title="bbox 1949 4473 3528 4545">
     <span class='ocr_line' id='line_1_109' title="bbox 1949 4473 3528 4545; baseline 0.003 -18"><span class='ocrx_word' id='word_1_797' title='bbox 1949 4475 2085 4529; x_wconf 83' lang='lat' dir='ltr'>Nisi</span> <span class='ocrx_word' id='word_1_798' title='bbox 2103 4475 2627 4543; x_wconf 71' lang='lat' dir='ltr'>manducaveriiis,</span> <span class='ocrx_word' id='word_1_799' title='bbox 2659 4473 2872 4544; x_wconf 89' lang='lat' dir='ltr'>inquit,</span> <span class='ocrx_word' id='word_1_800' title='bbox 2931 4491 3170 4531; x_wconf 79' lang='lat' dir='ltr'>carnem</span> <span class='ocrx_word' id='word_1_801' title='bbox 3197 4478 3316 4545; x_wconf 81' lang='lat' dir='ltr'>ﬁlii</span> <span class='ocrx_word' id='word_1_802' title='bbox 3341 4477 3528 4534; x_wconf 87' lang='lat' dir='ltr'>homi-</span> 
     </span>
    </p>
   </div>
   <div class='ocr_carea' id='block_1_110' title="bbox 1880 4562 3529 4632">
    <p class='ocr_par' dir='ltr' id='par_1_110' title="bbox 1880 4562 3529 4632">
     <span class='ocr_line' id='line_1_110' title="bbox 1880 4562 3529 4632; baseline 0.003 -16"><span class='ocrx_word' id='word_1_803' title='bbox 1880 4563 1972 4617; x_wconf 86' lang='lat' dir='ltr'>nis</span> <span class='ocrx_word' id='word_1_804' title='bbox 1998 4568 2049 4617; x_wconf 80' lang='lat' dir='ltr'>et</span> <span class='ocrx_word' id='word_1_805' title='bbox 2082 4563 2430 4632; x_wconf 84' lang='lat' dir='ltr'>sanguinem</span> <span class='ocrx_word' id='word_1_806' title='bbox 2463 4562 2742 4628; x_wconf 81' lang='lat' dir='ltr'>biberitis,</span> <span class='ocrx_word' id='word_1_807' title='bbox 2775 4578 2896 4617; x_wconf 81' lang='lat' dir='ltr'>non</span> <span class='ocrx_word' id='word_1_808' title='bbox 2925 4562 3211 4619; x_wconf 82' lang='lat' dir='ltr'>habebitis</span> <span class='ocrx_word' id='word_1_809' title='bbox 3254 4566 3436 4621; x_wconf 84' lang='lat' dir='ltr'>vitam</span> <span class='ocrx_word' id='word_1_810' title='bbox 3467 4567 3529 4621; x_wconf 76' lang='lat' dir='ltr'>in</span> 
     </span>
    </p>
   </div>
   <div class='ocr_carea' id='block_1_111' title="bbox 1879 4649 3532 4725">
    <p class='ocr_par' dir='ltr' id='par_1_111' title="bbox 1879 4649 3532 4725">
     <span class='ocr_line' id='line_1_111' title="bbox 1879 4649 3532 4725; baseline 0.003 -19"><span class='ocrx_word' id='word_1_811' title='bbox 1879 4652 2058 4706; x_wconf 87' lang='lat' dir='ltr'>vobis.</span> <span class='ocrx_word' id='word_1_812' title='bbox 2094 4650 2341 4707; x_wconf 90' lang='lat' dir='ltr'>Facinus</span> <span class='ocrx_word' id='word_1_813' title='bbox 2365 4650 2457 4706; x_wconf 90' lang='lat' dir='ltr'>vel</span> <span class='ocrx_word' id='word_1_814' title='bbox 2483 4649 2776 4720; x_wconf 86' lang='lat' dir='ltr'>ﬂagitium</span> <span class='ocrx_word' id='word_1_815' title='bbox 2802 4650 3033 4706; x_wconf 87' lang='lat' dir='ltr'>videtur</span> <span class='ocrx_word' id='word_1_816' title='bbox 3057 4651 3287 4722; x_wconf 90' lang='lat' dir='ltr'>jubere.</span> <span class='ocrx_word' id='word_1_817' title='bbox 3319 4655 3532 4725; x_wconf 86' lang='lat' dir='ltr'>Figura</span> 
     </span>
    </p>
   </div>
   <div class='ocr_carea' id='block_1_112' title="bbox 1877 4739 3531 4812">
    <p class='ocr_par' dir='ltr' id='par_1_112' title="bbox 1877 4739 3531 4812">
     <span class='ocr_line' id='line_1_112' title="bbox 1877 4739 3531 4812; baseline 0.003 -16"><span class='ocrx_word' id='word_1_818' title='bbox 1877 4756 2020 4810; x_wconf 90' lang='lat' dir='ltr'>ergo</span> <span class='ocrx_word' id='word_1_819' title='bbox 2050 4744 2138 4797; x_wconf 89' lang='lat' dir='ltr'>est</span> <span class='ocrx_word' id='word_1_820' title='bbox 2168 4740 2298 4810; x_wconf 68' lang='grc'>(54),</span> <span class='ocrx_word' id='word_1_821' title='bbox 2331 4739 2487 4795; x_wconf 88' lang='lat' dir='ltr'>dicet</span> <span class='ocrx_word' id='word_1_822' title='bbox 2508 4739 2840 4806; x_wconf 69' lang='lat' dir='ltr'>haereticus,</span> <span class='ocrx_word' id='word_1_823' title='bbox 2874 4739 3226 4812; x_wconf 65' lang='lat' dir='ltr'>praecipiens</span> <span class='ocrx_word' id='word_1_824' title='bbox 3266 4743 3531 4800; x_wconf 81' lang='lat' dir='ltr'>Passieni</span> 
     </span>
    </p>
   </div>
   <div class='ocr_carea' id='block_1_113' title="bbox 1877 4829 3532 4900">
    <p class='ocr_par' dir='ltr' id='par_1_113' title="bbox 1877 4829 3532 4900">
     <span class='ocr_line' id='line_1_113' title="bbox 1877 4829 3532 4900; baseline 0.003 -14"><span class='ocrx_word' id='word_1_825' title='bbox 1877 4829 2111 4886; x_wconf 90' lang='lat' dir='ltr'>Domini</span> <span class='ocrx_word' id='word_1_826' title='bbox 2141 4847 2270 4886; x_wconf 89' lang='lat' dir='ltr'>esse</span> <span class='ocrx_word' id='word_1_827' title='bbox 2299 4829 2874 4886; x_wconf 89' lang='lat' dir='ltr'>communicandum</span> <span class='ocrx_word' id='word_1_828' title='bbox 2903 4833 3154 4900; x_wconf 90' lang='lat' dir='ltr'>tantum,</span> <span class='ocrx_word' id='word_1_829' title='bbox 3183 4834 3243 4888; x_wconf 86' lang='lat' dir='ltr'>et</span> <span class='ocrx_word' id='word_1_830' title='bbox 3271 4833 3532 4891; x_wconf 87' lang='lat' dir='ltr'>suaviter</span> 
     </span>
    </p>
   </div>
   <div class='ocr_carea' id='block_1_114' title="bbox 1877 4918 3534 4996">
    <p class='ocr_par' dir='ltr' id='par_1_114' title="bbox 1877 4918 3534 4996">
     <span class='ocr_line' id='line_1_114' title="bbox 1877 4918 3534 4996; baseline 0.003 -21"><span class='ocrx_word' id='word_1_831' title='bbox 1877 4924 2057 4991; x_wconf 89' lang='lat' dir='ltr'>atque</span> <span class='ocrx_word' id='word_1_832' title='bbox 2085 4919 2300 4977; x_wconf 89' lang='lat' dir='ltr'>utiliter</span> <span class='ocrx_word' id='word_1_833' title='bbox 2322 4918 2772 4976; x_wconf 87' lang='lat' dir='ltr'>recondendum</span> <span class='ocrx_word' id='word_1_834' title='bbox 2802 4918 2863 4973; x_wconf 93' lang='lat' dir='ltr'>in</span> <span class='ocrx_word' id='word_1_835' title='bbox 2889 4919 3200 4987; x_wconf 88' lang='lat' dir='ltr'>memoria,</span> <span class='ocrx_word' id='word_1_836' title='bbox 3233 4922 3399 4993; x_wconf 89' lang='lat' dir='ltr'>quod</span> <span class='ocrx_word' id='word_1_837' title='bbox 3418 4939 3534 4996; x_wconf 76' lang='lat' dir='ltr'>pro</span> 
     </span>
    </p>
   </div>
   <div class='ocr_carea' id='block_1_115' title="bbox 1875 5007 3240 5079">
    <p class='ocr_par' dir='ltr' id='par_1_115' title="bbox 1875 5007 3240 5079">
     <span class='ocr_line' id='line_1_115' title="bbox 1875 5007 3240 5079; baseline 0 -15"><span class='ocrx_word' id='word_1_838' title='bbox 1875 5008 2052 5065; x_wconf 88' lang='lat' dir='ltr'>nobis</span> <span class='ocrx_word' id='word_1_839' title='bbox 2080 5025 2219 5065; x_wconf 88' lang='lat' dir='ltr'>caro</span> <span class='ocrx_word' id='word_1_840' title='bbox 2247 5009 2376 5079; x_wconf 89' lang='lat' dir='ltr'>ejus</span> <span class='ocrx_word' id='word_1_841' title='bbox 2404 5008 2688 5064; x_wconf 81' lang='lat' dir='ltr'>cruciﬁxa</span> <span class='ocrx_word' id='word_1_842' title='bbox 2712 5011 2769 5064; x_wconf 92' lang='lat' dir='ltr'>et</span> <span class='ocrx_word' id='word_1_843' title='bbox 2796 5007 3108 5066; x_wconf 86' lang='lat' dir='ltr'>vulnerata</span> <span class='ocrx_word' id='word_1_844' title='bbox 3147 5009 3240 5064; x_wconf 90' lang='lat' dir='ltr'>sit.</span> 
     </span>
    </p>
   </div>
   <div class='ocr_carea' id='block_1_116' title="bbox 1950 5098 3540 5165">
    <p class='ocr_par' dir='ltr' id='par_1_116' title="bbox 1950 5098 3540 5165">
     <span class='ocr_line' id='line_1_116' title="bbox 1950 5098 3540 5165; baseline 0.004 -13"><span class='ocrx_word' id='word_1_845' title='bbox 1950 5099 2064 5165; x_wconf 77' lang='lat' dir='ltr'>Qui</span> <span class='ocrx_word' id='word_1_846' title='bbox 2089 5099 2416 5154; x_wconf 82' lang='lat' dir='ltr'>manducat</span> <span class='ocrx_word' id='word_1_847' title='bbox 2436 5112 2626 5154; x_wconf 83' lang='lat' dir='ltr'>meam</span> <span class='ocrx_word' id='word_1_848' title='bbox 2657 5111 2895 5153; x_wconf 84' lang='lat' dir='ltr'>carnem</span> <span class='ocrx_word' id='word_1_849' title='bbox 2925 5103 2980 5152; x_wconf 84' lang='lat' dir='ltr'>et</span> <span class='ocrx_word' id='word_1_850' title='bbox 3011 5098 3154 5153; x_wconf 76' lang='lat' dir='ltr'>bibit</span> <span class='ocrx_word' id='word_1_851' title='bbox 3184 5115 3376 5158; x_wconf 85' lang='lat' dir='ltr'>meum</span> <span class='ocrx_word' id='word_1_852' title='bbox 3397 5117 3540 5160; x_wconf 57' lang='lat' dir='ltr'>sana</span> 
     </span>
    </p>
   </div>
   <div class='ocr_carea' id='block_1_117' title="bbox 1875 5187 3532 5267">
    <p class='ocr_par' dir='ltr' id='par_1_117' title="bbox 1875 5187 3532 5267">
     <span class='ocr_line' id='line_1_117' title="bbox 1875 5187 3532 5267; baseline 0.007 -27"><span class='ocrx_word' id='word_1_853' title='bbox 1875 5189 2135 5257; x_wconf 83' lang='lat' dir='ltr'>guinem,</span> <span class='ocrx_word' id='word_1_854' title='bbox 2198 5187 2372 5243; x_wconf 86' lang='lat' dir='ltr'>habet</span> <span class='ocrx_word' id='word_1_855' title='bbox 2414 5189 2598 5242; x_wconf 82' lang='lat' dir='ltr'>vitam</span> <span class='ocrx_word' id='word_1_856' title='bbox 2641 5191 2944 5243; x_wconf 72' lang='lat' dir='ltr'>aeternam.</span> <span class='ocrx_word' id='word_1_857' title='bbox 3007 5187 3111 5243; x_wconf 85' lang='lat' dir='ltr'>Hic</span> <span class='ocrx_word' id='word_1_858' title='bbox 3162 5192 3532 5267; x_wconf 85' lang='lat' dir='ltr'>quandoque</span> 
     </span>
    </p>
   </div>
   <div class='ocr_carea' id='block_1_118' title="bbox 1876 5275 3531 5352">
    <p class='ocr_par' dir='ltr' id='par_1_118' title="bbox 1876 5275 3531 5352">
     <span class='ocr_line' id='line_1_118' title="bbox 1876 5275 3531 5352; baseline 0.007 -22"><span class='ocrx_word' id='word_1_859' title='bbox 1876 5290 1982 5347; x_wconf 92' lang='lat' dir='ltr'>per</span> <span class='ocrx_word' id='word_1_860' title='bbox 2011 5275 2213 5332; x_wconf 90' lang='lat' dir='ltr'>cibum</span> <span class='ocrx_word' id='word_1_861' title='bbox 2240 5281 2296 5332; x_wconf 94' lang='lat' dir='ltr'>et</span> <span class='ocrx_word' id='word_1_862' title='bbox 2324 5279 2533 5348; x_wconf 87' lang='lat' dir='ltr'>potum</span> <span class='ocrx_word' id='word_1_863' title='bbox 2566 5275 2906 5331; x_wconf 88' lang='lat' dir='ltr'>societatem</span> <span class='ocrx_word' id='word_1_864' title='bbox 2953 5275 3076 5332; x_wconf 84' lang='lat' dir='ltr'>vult</span> <span class='ocrx_word' id='word_1_865' title='bbox 3117 5277 3364 5352; x_wconf 78' lang='lat' dir='ltr'>intelligi</span> <span class='ocrx_word' id='word_1_866' title='bbox 3406 5300 3531 5340; x_wconf 85' lang='lat' dir='ltr'>cor-</span> 
     </span>
    </p>
   </div>
   <div class='ocr_carea' id='block_1_119' title="bbox 1875 5365 3532 5438">
    <p class='ocr_par' dir='ltr' id='par_1_119' title="bbox 1875 5365 3532 5438">
     <span class='ocr_line' id='line_1_119' title="bbox 1875 5365 3532 5438; baseline 0.007 -17"><span class='ocrx_word' id='word_1_867' title='bbox 1875 5365 2036 5437; x_wconf 91' lang='lat' dir='ltr'>poris</span> <span class='ocrx_word' id='word_1_868' title='bbox 2063 5370 2119 5422; x_wconf 88' lang='lat' dir='ltr'>et</span> <span class='ocrx_word' id='word_1_869' title='bbox 2146 5365 2558 5421; x_wconf 90' lang='lat' dir='ltr'>membrorum</span> <span class='ocrx_word' id='word_1_870' title='bbox 2579 5380 2846 5434; x_wconf 90' lang='lat' dir='ltr'>suorum,</span> <span class='ocrx_word' id='word_1_871' title='bbox 2877 5366 3044 5438; x_wconf 88' lang='lat' dir='ltr'>quod</span> <span class='ocrx_word' id='word_1_872' title='bbox 3073 5372 3164 5425; x_wconf 87' lang='lat' dir='ltr'>est</span> <span class='ocrx_word' id='word_1_873' title='bbox 3189 5378 3398 5431; x_wconf 86' lang='lat' dir='ltr'>sancta</span> <span class='ocrx_word' id='word_1_874' title='bbox 3428 5377 3532 5431; x_wconf 87' lang='lat' dir='ltr'>Ec-</span> 
     </span>
    </p>
   </div>
   <div class='ocr_carea' id='block_1_120' title="bbox 1878 5453 3536 5530">
    <p class='ocr_par' dir='ltr' id='par_1_120' title="bbox 1878 5453 3536 5530">
     <span class='ocr_line' id='line_1_120' title="bbox 1878 5453 3536 5530; baseline 0.008 -20"><span class='ocrx_word' id='word_1_875' title='bbox 1878 5455 2075 5525; x_wconf 85' lang='lat' dir='ltr'>clesia,</span> <span class='ocrx_word' id='word_1_876' title='bbox 2107 5455 2166 5511; x_wconf 90' lang='lat' dir='ltr'>in</span> <span class='ocrx_word' id='word_1_877' title='bbox 2198 5453 2634 5528; x_wconf 68' lang='lat' dir='ltr'>praedestinatis</span> <span class='ocrx_word' id='word_1_878' title='bbox 2663 5459 2720 5510; x_wconf 90' lang='lat' dir='ltr'>et</span> <span class='ocrx_word' id='word_1_879' title='bbox 2747 5456 2972 5512; x_wconf 88' lang='lat' dir='ltr'>vocatis</span> <span class='ocrx_word' id='word_1_880' title='bbox 3002 5461 3058 5514; x_wconf 90' lang='lat' dir='ltr'>et</span> <span class='ocrx_word' id='word_1_881' title='bbox 3096 5459 3432 5530; x_wconf 86' lang='lat' dir='ltr'>justiﬁcatis</span> <span class='ocrx_word' id='word_1_882' title='bbox 3479 5470 3536 5523; x_wconf 88' lang='lat' dir='ltr'>et</span> 
     </span>
    </p>
   </div>
   <div class='ocr_carea' id='block_1_121' title="bbox 1879 5543 3534 5628">
    <p class='ocr_par' dir='ltr' id='par_1_121' title="bbox 1879 5543 3534 5628">
     <span class='ocr_line' id='line_1_121' title="bbox 1879 5543 3534 5628; baseline 0 -29"><span class='ocrx_word' id='word_1_883' title='bbox 1879 5545 2222 5613; x_wconf 85' lang='lat' dir='ltr'>gloriﬁcatis</span> <span class='ocrx_word' id='word_1_884' title='bbox 2250 5543 2465 5600; x_wconf 87' lang='lat' dir='ltr'>sanctis</span> <span class='ocrx_word' id='word_1_885' title='bbox 2497 5549 2552 5599; x_wconf 92' lang='lat' dir='ltr'>et</span> <span class='ocrx_word' id='word_1_886' title='bbox 2596 5544 2875 5602; x_wconf 88' lang='lat' dir='ltr'>ﬁdelibus</span> <span class='ocrx_word' id='word_1_887' title='bbox 2915 5547 3064 5617; x_wconf 89' lang='lat' dir='ltr'>ejus.</span> <span class='ocrx_word' id='word_1_888' title='bbox 3118 5553 3386 5614; x_wconf 86' lang='lat' dir='ltr'>Quorum</span> <span class='ocrx_word' id='word_1_889' title='bbox 3415 5556 3534 5628; x_wconf 74' lang='lat' dir='ltr'>pri-</span> 
     </span>
    </p>
   </div>
   <div class='ocr_carea' id='block_1_122' title="bbox 1879 5633 3540 5707">
    <p class='ocr_par' dir='ltr' id='par_1_122' title="bbox 1879 5633 3540 5707">
     <span class='ocr_line' id='line_1_122' title="bbox 1879 5633 3540 5707; baseline 0.008 -18"><span class='ocrx_word' id='word_1_890' title='bbox 1879 5651 2046 5689; x_wconf 86' lang='lat' dir='ltr'>mum</span> <span class='ocrx_word' id='word_1_891' title='bbox 2073 5634 2200 5701; x_wconf 83' lang='lat' dir='ltr'>jam</span> <span class='ocrx_word' id='word_1_892' title='bbox 2225 5634 2445 5689; x_wconf 88' lang='lat' dir='ltr'>factum</span> <span class='ocrx_word' id='word_1_893' title='bbox 2477 5638 2565 5688; x_wconf 91' lang='lat' dir='ltr'>est</span> <span class='ocrx_word' id='word_1_894' title='bbox 2593 5633 2655 5689; x_wconf 91' lang='lat' dir='ltr'>id</span> <span class='ocrx_word' id='word_1_895' title='bbox 2681 5639 2772 5690; x_wconf 88' lang='lat' dir='ltr'>est</span> <span class='ocrx_word' id='word_1_896' title='bbox 2800 5637 3246 5707; x_wconf 80' lang='lat' dir='ltr'>praedestinatio</span> <span class='ocrx_word' id='word_1_897' title='bbox 3281 5661 3293 5698; x_wconf 95' lang='lat'>:</span> <span class='ocrx_word' id='word_1_898' title='bbox 3325 5662 3540 5702; x_wconf 62' lang='lat' dir='ltr'>secunn</span> 
     </span>
    </p>
   </div>
   <div class='ocr_carea' id='block_1_123' title="bbox 174 5717 3494 5797">
    <p class='ocr_par' dir='ltr' id='par_1_123' title="bbox 174 5717 3494 5797">
     <span class='ocr_line' id='line_1_123' title="bbox 174 5717 3494 5797; baseline 0.007 -32"><span class='ocrx_word' id='word_1_899' title='bbox 174 5727 294 5797; x_wconf 63' lang='grc'>(54)</span> <span class='ocrx_word' id='word_1_900' title='bbox 341 5717 744 5792; x_wconf 58' lang='lat' dir='ltr'>interpretatio</span> <span class='ocrx_word' id='word_1_901' title='bbox 769 5722 854 5772; x_wconf 89' lang='lat' dir='ltr'>est</span> <span class='ocrx_word' id='word_1_902' title='bbox 884 5719 1138 5790; x_wconf 76' lang='lat' dir='ltr'>mystica</span> <span class='ocrx_word' id='word_1_903' title='bbox 1164 5724 1220 5774; x_wconf 89' lang='lat' dir='ltr'>et</span> <span class='ocrx_word' id='word_1_904' title='bbox 1249 5726 1389 5776; x_wconf 86' lang='lat' dir='ltr'>nota</span> <span class='ocrx_word' id='word_1_905' title='bbox 1419 5723 1544 5776; x_wconf 60' lang='lat' dir='ltr'>haec</span> <span class='ocrx_word' id='word_1_906' title='bbox 1579 5723 1701 5778; x_wconf 89' lang='lat' dir='ltr'>duo</span> <span class='ocrx_word' id='word_1_907' title='bbox 1726 5720 1929 5793; x_wconf 69' lang='lat' dir='ltr'>verba,</span> <span class='ocrx_word' id='word_1_908' title='bbox 1965 5723 2118 5778; x_wconf 80' lang='lat' dir='ltr'>dicet</span> <span class='ocrx_word' id='word_1_909' title='bbox 2152 5721 2485 5792; x_wconf 67' lang='lat' dir='ltr'>haereticus,</span> <span class='ocrx_word' id='word_1_910' title='bbox 2517 5736 2644 5780; x_wconf 84' lang='lat' dir='ltr'>non</span> <span class='ocrx_word' id='word_1_911' title='bbox 2669 5722 2879 5788; x_wconf 82' lang='lat' dir='ltr'>haberi</span> <span class='ocrx_word' id='word_1_912' title='bbox 2899 5724 2962 5781; x_wconf 89' lang='lat' dir='ltr'>in</span> <span class='ocrx_word' id='word_1_913' title='bbox 2990 5742 3105 5782; x_wconf 91' lang='lat' dir='ltr'>ms.</span> <span class='ocrx_word' id='word_1_914' title='bbox 3157 5731 3224 5784; x_wconf 84' lang='grc' dir='ltr'>Ι).</span> <span class='ocrx_word' id='word_1_915' title='bbox 3256 5734 3494 5790; x_wconf 79' lang='lat' dir='ltr'>Petavii.</span> 
     </span>
    </p>
   </div>
  </div>
