3958 6412
283 304 291 309 ’
353 294 459 349 333i

1414 287 1469 343 s.
1514 258 1850 342 FULBERTi
1888 279 2367 341 CARNOTENSIS
2407 285 2740 345 EPISCOPI.

3690 294 3811 349 336

346 415 494 470 dum
526 417 585 471 et
613 414 849 470 tertium
880 411 1104 468 factum
1134 414 1241 480 est,
1274 415 1331 467 et
1358 410 1425 466 ﬁt
1454 415 1512 466 et
1538 409 1659 479 ﬁet,
1691 409 1753 465 id
1782 413 1871 465 est
1900 424 2006 464 vo-
2047 410 2095 462 Α
2125 405 2317 463 fessus
2342 415 2452 465 est.
2488 413 2555 467 Et
2572 410 2708 468 ideo
2738 411 3016 485 quamvis
3048 410 3207 468 dicat
3244 411 3323 468 ad
3349 428 3463 469 nos
3521 431 3535 469 :
3578 413 3807 483 Amen,

347 505 501 562 catio
530 508 587 560 et
610 502 957 575 justiﬁcatio
991 520 1003 557 :
1038 504 1323 573 quartum
1352 515 1496 555 vero
1525 515 1688 555 nunc
1718 499 1780 554 in
1803 498 2010 572 spe,in

345 612 408 652 re
440 599 640 650 autem
672 594 937 648 futurum
987 596 1097 660 est,
1158 589 1219 645 id
1276 594 1364 646 est
1418 589 1790 659 gloriﬁcatio.
1824 589 2011 660 Hujus

344 685 429 742 rei
486 686 950 746 sacramentum,
1008 678 1073 734 id
1123 683 1214 734 est
1246 720 1260 745 ,
1320 678 1563 733 unitatis
1612 676 1883 750 corpOris
1955 679 2013 731 et

346 770 654 843 sanguinis
686 768 919 838 Christi,
952 766 1171 823 alicubi
1198 766 1463 840 quotidie
1491 766 1664 822 certis
1685 763 2010 822 intervallis

344 863 577 919 dierum
635 860 697 915 in
753 857 1063 914 Dominica
1118 872 1331 912 mensa
1386 859 1781 929 praeparatur,
1832 859 1889 911 et
1934 853 2010 910 de

344 967 559 1009 mensa
612 947 921 1005 Dominica
965 947 1222 1001 sumitur
1254 962 1267 1000 :
1300 943 1669 1017 quibusdam
1691 943 1769 1001 ad
1797 943 2007 1015 vitam,

342 1040 716 1115 quibusdam
745 1037 820 1094 ad
848 1036 1111 1092 exitium.
1142 1038 1253 1091 Res
1284 1051 1425 1090 vero
1455 1035 1588 1108 ipsa
1617 1035 1789 1105 cujus
1815 1049 2011 1090 sacra-

342 1135 614 1187 mentum
637 1131 743 1196 est,
773 1125 937 1181 omni
967 1123 1199 1180 homini
1227 1122 1308 1179 ad
1343 1122 1548 1193 vitam,
1580 1122 1731 1178 nulli
1775 1121 1855 1178 ad
1885 1121 2007 1178 exi-

341 1221 514 1288 tium,
545 1218 889 1291 quicunque
915 1215 1045 1285 ejus
1071 1213 1374 1287 particeps
1407 1212 1599 1269 fuerit.
1644 1217 1773 1286 Ipse
1804 1211 2005 1269 Domi-

340 1326 456 1366 nus
485 1306 667 1381 paulo
697 1310 834 1378 post
861 1303 1107 1376 exponit
1152 1301 1302 1375 quid
1350 1302 1424 1358 sit
1472 1302 1843 1358 manducare
1882 1317 2008 1357 cor-

341 1414 456 1471 pus
487 1397 617 1467 ejus
647 1399 706 1450 et
735 1392 1093 1463 sanguinem
1118 1390 1344 1447 bibere.
1383 1392 1497 1460 Qui
1524 1391 1851 1447 manducat
1871 1406 2007 1447 car-

342 1503 473 1543 nem
501 1500 692 1540 meam
725 1489 780 1540 et
820 1482 963 1537 bibit
992 1496 1189 1537 meum
1217 1482 1595 1552 sanguinem,
1642 1481 1705 1535 in
1750 1494 1843 1536 me
1880 1495 2007 1536 ma-

341 1581 461 1647 net,
489 1580 543 1631 et
568 1588 673 1644 ego
703 1574 764 1627 in
794 1571 922 1626 illo.
958 1572 1077 1625 Hoc
1126 1572 1218 1624 est
1264 1584 1407 1639 ergo
1446 1568 1817 1623 manducare
1844 1567 2005 1623 illam

341 1682 562 1732 escam,
595 1669 652 1719 et
679 1662 848 1719 illum
878 1664 1091 1733 potum
1118 1658 1343 1727 bibere,
1386 1658 1447 1715 in
1480 1658 1709 1715 Christo
1740 1674 2006 1728 manere,

2120 497 2310 554 Amen
2342 499 2476 556 dico
2508 501 2691 569 vobis,
2723 502 2847 557 nisi
2870 500 3381 558 manducavcritis
3402 517 3647 559 carnem
3676 504 3813 573 ﬁlii

2122 587 2400 657 hominis,
2431 595 2487 647 et
2518 590 2782 647 biberitis
2808 593 2938 662 ejus
2968 593 3345 663 sanguinem,
3386 596 3521 660 etc.,
3553 608 3679 650 non
3706 599 3808 650 ta.-

2121 692 2264 733 men
2294 694 2430 734 eam
2457 682 2519 735 ut
2545 679 2808 736 hominis
2836 679 3017 736 unius
3043 696 3115 737 ex
3144 680 3323 737 nobis
3356 680 3658 739 aestimare
3688 682 3810 739 de-

2120 764 2339 822 bemus
2368 767 2702 840 (quomodo
2732 768 2895 825 enim
2912 769 3087 841 juxta
3115 778 3395 826 naturam
3436 787 3612 828 suam
3638 771 3806 828 vivi-

2118 854 2351 911 ﬁcatrix
2375 873 2504 913 esse
2535 873 2677 914 caro
2728 858 2992 914 hominis
3021 858 3315 932 poterit?)
3374 859 3480 915 sed
3537 864 3602 917 ut
3655 876 3809 917 vere

2118 945 2430 1018 propriam
2458 946 2589 1018 ejus
2615 946 2858 1016 factam,
2886 947 2991 1021 qui
3022 953 3267 1022 propter
3302 964 3415 1005 nos
3453 948 3635 1006 Filius
3682 951 3811 1007 ho-

2118 1034 2298 1090 minis
2338 1039 2395 1091 et
2436 1034 2630 1092 factus
2679 1042 2770 1093 est
2809 1041 2867 1093 et
2912 1042 3185 1093 vocatus.
3242 1037 3537 1110 Sylvester
3582 1055 3752 1114 papa
3792 1071 3808 1108 ε

2120 1146 2148 1173 ‹‹
2180 1123 2410 1180 Primus
2438 1124 2634 1182 Adam
2664 1141 2849 1182 suasu
2893 1128 3186 1199 serpentis
3222 1131 3478 1183 mortem
3522 1127 3809 1195 incurrit,

2117 1214 2193 1280 et,
2226 1211 2449 1281 ejectus
2478 1211 2554 1268 de
2597 1213 2881 1284 paradiso
2910 1212 3262 1269 deliciarum
3311 1214 3432 1282 Dei,
3489 1214 3552 1271 in
3581 1214 3807 1272 labore

2116 1304 2175 1355 et
2203 1299 2421 1356 sudore
2452 1300 2575 1356 edit
2602 1316 2846 1374 panem.
2879 1305 3057 1358 Terra
3086 1306 3289 1358 autem
3332 1302 3408 1359 de
3436 1318 3562 1376 qua
3590 1302 3799 1360 factus

2117 1392 2224 1457 est,
2254 1387 2427 1459 virgo
2453 1393 2597 1446 erat.
2623 1389 2896 1462 Oportuit
2923 1405 3066 1460 ergo
3096 1390 3433 1447 secundum
3472 1391 3667 1448 Adam
3720 1391 3811 1448 de

2118 1476 2348 1548 virgine
2380 1478 2548 1534 nasci
2568 1477 2674 1551 qui
2704 1483 3043 1552 serpentem
3060 1484 3390 1536 tentantem
3418 1496 3480 1537 se
3506 1480 3803 1550 vinceret,

2119 1570 2176 1621 et
2203 1566 2514 1622 hominem
2544 1566 2619 1622 de
2650 1567 2990 1640 captivitate
3021 1568 3152 1639 ejus
3181 1568 3287 1641 qui
3325 1569 3590 1642 primum
3642 1568 3812 1625 vice-

2118 1659 2210 1711 rat
2236 1654 2532 1712 liberaret.
2563 1656 2861 1720 Quoniam
2898 1656 3002 1729 qui
3033 1658 3175 1713 Adae
3202 1657 3391 1714 victor
3416 1659 3477 1715 in
3507 1658 3810 1732 paradiso

340 1762 397 1812 et
418 1755 585 1810 illum
614 1755 960 1808 manentem
988 1748 1050 1804 in
1090 1765 1152 1803 se
1182 1748 1425 1804 habere.
1484 1752 1565 1804 Ac
1609 1764 1717 1821 per
1765 1748 1880 1803 hoc
1906 1748 2010 1821 qui
2042 1764 2081 1816 Β
2119 1744 2440 1812 exstiterat,
2470 1745 2599 1817 ipse
2629 1750 2883 1802 tentator
2908 1746 3145 1802 Domini
3170 1746 3362 1802 factus
3387 1747 3558 1803 estin
3588 1747 3810 1805 deser-

339 1861 464 1902 non
494 1847 698 1899 manet
727 1842 786 1896 in
817 1838 1069 1905 Christo,
1102 1842 1158 1894 et
1185 1837 1247 1893 in
1285 1854 1409 1910 quo
1441 1853 1564 1893 non
1607 1842 1813 1906 manet
1844 1838 2009 1895 Chri-

340 1940 489 2002 stus,
520 1928 942 2005 proculdubio
995 1942 1120 1982 non
1168 1926 1500 1982 manducet
1557 1926 1688 1997 ejus
1740 1942 2005 1996 carnem,

338 2039 449 2079 nec
474 2019 623 2077 bibit
642 2018 773 2089 ejus
807 2014 1189 2085 sanguinem,
1208 2016 1391 2071 etiam
1421 2014 1470 2069 si
1502 2019 1679 2070 tantae
1701 2014 1784 2070 rei
1816 2031 2011 2073 sacra-

339 2115 609 2169 mentum
642 2106 722 2163 ad
746 2105 1043 2177 judicium
1071 2103 1186 2159 sibi
1218 2093 1543 2159 manducet
1568 2106 1624 2157 et
1652 2102 1844 2158 bibat.
1865 2105 2010 2157 Item

338 2201 523 2278 paulo
548 2203 685 2273 post
714 2195 1083 2266 Augustinus
1111 2197 1277 2249 tract.
1312 2198 1381 2249 26
1412 2210 1424 2246 :
1478 2214 1505 2240 ‹ς
1558 2191 1807 2263 Signum
1865 2191 2011 2264 quia

344 2286 737 2348 manducavit
760 2289 817 2341 et
842 2283 1008 2350 bibit,
1031 2283 1147 2338 hoc
1167 2285 1256 2337 est
1285 2298 1297 2335 :
1321 2281 1371 2336 si
1390 2285 1596 2336 manet
1634 2284 1691 2336 et
1733 2284 2012 2336 manetur

342 2380 390 2436 si
411 2378 639 2435 habitat
660 2392 729 2432 ac
745 2369 1191 2437 inhabitatur,si
1210 2370 1394 2425 haeret
1410 2373 1467 2424 et
1486 2383 1608 2424 non
1627 2368 1957 2425 deseratur.
1982 2390 2009 2419 »

510 2468 769 2535 Haymo,
793 2476 972 2530 super
996 2458 1332 2529 Epistolam
1364 2458 1446 2513 ad
1472 2456 1836 2514 Corinthios.

415 2560 564 2614 Caro
590 2567 779 2627 quam
797 2548 1058 2604 Verbum
1092 2546 1190 2602 Dei
1219 2545 1408 2601 Patris
1439 2545 1771 2618 assumpsit
1797 2545 1861 2601 in
1891 2550 2013 2603 ute-

341 2664 409 2705 ro
438 2642 718 2715 Virginali
748 2639 809 2695 in
835 2637 1059 2693 unitate
1097 2651 1219 2690 suae
1257 2650 1552 2708 personae,
1595 2640 1652 2691 et
1697 2636 1875 2708 panis
1905 2635 2013 2709 qui

343 2737 728 2793 consecratur
758 2729 821 2784 in
853 2724 1130 2791 Ecclesia,
1164 2740 1355 2780 unum
1386 2740 1606 2796 corpus
1640 2724 1854 2781 Christi
1883 2741 1895 2780 :
1930 2725 2013 2782 ita

341 2826 450 2881 iste
480 2822 655 2896 panis
686 2816 896 2875 transit
923 2815 984 2869 in
1011 2829 1230 2886 corpus
1272 2813 1504 2878 Christi,
1547 2829 1658 2869 nec
1704 2818 1845 2869 sunt
1886 2813 2010 2870 duo

342 2926 618 2985 corpora,
652 2906 756 2963 sed
784 2920 974 2961 unum
1001 2917 1244 2973 corpus.
1299 2900 1628 2957 Divinitatis
1674 2902 1836 2958 enim
1881 2902 2008 2976 ple-

341 3000 574 3066 nitudo,
607 3013 744 3070 qure
775 2994 884 3050 fuit
910 2993 972 3048 in
1001 2991 1123 3062 illo,
1178 2990 1365 3063 replet
1410 2992 1595 3047 istum
1640 3008 1900 3064 panem;
1954 2998 2011 3048 et

342 3093 480 3165 ipsa
507 3086 785 3143 divinitas
816 3081 1010 3152 Verbi,
1042 3096 1179 3153 quae
1209 3079 1417 3152 implet
1446 3080 1666 3135 caelum
1697 3085 1755 3136 et
1787 3085 2010 3137 terram

344 3187 401 3237 et
430 3175 637 3235 omnia
665 3189 801 3246 quae
831 3172 893 3227 in
923 3170 1007 3226 eis
1033 3173 1190 3237 sunt,
1222 3169 1356 3241 ipsa
1384 3169 1572 3241 replet
1593 3184 1813 3241 corpus
1845 3170 2008 3227 Chri-

348 3269 419 3324 sti
445 3264 609 3340 quod
641 3280 676 3318 a
708 3259 908 3316 multis
934 3257 1347 3313 sacerdotibus
1371 3273 1479 3330 per
1524 3258 1866 3315 universum
1919 3275 2011 3315 or-

343 3358 487 3414 bem
517 3350 940 3419 sanctiﬁcatur,
998 3353 1055 3404 et
1104 3347 1247 3403 facit
1297 3364 1487 3403 unum
1532 3364 1751 3421 corpus
1797 3349 2009 3406 Christi

345 3462 494 3502 esse.
528 3447 592 3498 Et
613 3442 763 3497 sicut
790 3438 884 3493 ille
914 3436 1089 3510 panis
1116 3442 1173 3491 et
1198 3436 1445 3506 sanguis
1472 3436 1532 3492 in
1583 3452 1801 3510 corpus
1849 3438 2009 3494 Chri-

347 3535 418 3591 sti
448 3533 782 3593 transeunt,
815 3528 893 3583 ita
923 3542 1123 3581 omnis
1153 3526 1255 3599 qui
1283 3526 1343 3581 in
1372 3524 1635 3582 Ecclesia
1680 3526 1861 3596 digne
1911 3544 2007 3583 co-

344 3623 532 3681 medit
558 3618 725 3687 illud,
759 3633 950 3673 unum
1001 3632 1223 3688 corpus
1276 3615 1485 3672 Christi
1529 3620 1636 3687 est,
1682 3616 1832 3672 sicut
1879 3616 2006 3690 ipse

345 3712 493 3769 dixit
525 3728 537 3766 :
569 3710 684 3777 Qui
708 3707 1035 3763 manducet
1060 3719 1304 3761 carnem
1333 3720 1523 3761 meam
1556 3710 1609 3760 et
1642 3705 1785 3761 bibit
1813 3721 2006 3762 meum

344 3801 718 3871 sanguinem,
746 3798 808 3851 in
833 3811 926 3851 me
954 3799 1174 3859 manet,
1207 3800 1260 3850 et
1293 3809 1396 3865 ego
1424 3794 1487 3849 in
1525 3794 1633 3850 illo
1688 3794 1883 3865 (Joan.
1925 3812 2003 3863 vr,

347 3890 455 3959 57).
488 3891 709 3943 Tamen
738 3884 839 3939 illa
858 3900 999 3939 caro
1029 3899 1219 3955 quam
1249 3882 1594 3955 assumpsit,
1610 3887 1667 3939 et
1680 3882 1787 3939 iste
1807 3884 2003 3956 panis,

348 3977 669 4047 omnisque
701 3972 977 4038 Ecclesia,
1010 3987 1132 4027 non
1162 3970 1390 4026 faciunt
1417 3972 1525 4027 tria
1563 3987 1818 4044 corpora
1843 3973 2006 4030 Chri-

350 4065 445 4131 sti,
471 4063 578 4120 sed
602 4077 792 4118 unum
823 4075 1064 4132 corpus.
1095 4062 1162 4114 Et
1192 4058 1341 4114 sicut
1369 4059 1474 4131 qui
1504 4060 1739 4132 corpori
1778 4065 1835 4117 et
1865 4078 2006 4118 san-

348 4154 515 4225 guini
545 4150 756 4209 Christi
781 4148 1250 4216 communicant,
1305 4164 1495 4203 unum
1530 4164 1748 4222 corpus
1772 4166 1911 4207 cum
1936 4168 2008 4208 eo

347 4243 706 4311 efﬁciuntur,
765 4238 847 4294 sic
891 4243 947 4295 et
994 4237 1097 4310 qui
1144 4237 1614 4307 communicant,
1656 4238 1906 4296 scienter
1933 4240 2008 4297 de

345 4328 713 4402 idolothytis,
746 4343 937 4383 unum
968 4342 1108 4382 cum
1132 4324 1378 4382 diabolo
1408 4341 1627 4399 corpus
1658 4327 1935 4386 existunt.

669 4418 743 4473 In
772 4415 1053 4487 Symbolo
1100 4415 1391 4485 Ephesini
1426 4416 1682 4471 concilii.

418 4506 797 4566 Neccessario
827 4511 884 4561 et
928 4505 1044 4561 hoc
1092 4503 1461 4560 addiscimus
1515 4522 1527 4561 :
1581 4505 2006 4562 annuntiantes

346 4598 509 4656 enim
562 4595 897 4653 secundum
951 4610 1194 4651 carnem
1243 4598 1499 4650 mortem
1547 4594 1836 4666 unigeniti

346 4686 469 4754 Dei,
498 4686 559 4741 id
589 4690 677 4740 est
702 4688 841 4740 Jesu
870 4682 1099 4749 Christi,
1128 4686 1185 4737 et
1207 4682 1705 4738 resurrectionem
1754 4684 1904 4754 ejus,
1955 4689 2013 4741 et

344 4775 407 4831 in
440 4773 602 4830 caelis
628 4772 1042 4829 ascensionem
1072 4771 1295 4844 pariter
1319 4770 1690 4839 conﬁtentes,
1730 4770 2009 4828 incruen—

346 4868 471 4919 tam
503 4861 878 4918 celebramus
903 4860 964 4916 in
1009 4859 1273 4915 ecclesiis
1323 4860 1595 4923 sacriﬁcii
1640 4860 2005 4918 servitutem.

349 4952 440 5009 Sic
466 4951 645 5007 etiam
669 4950 749 5006 ad
800 4949 1085 5021 mysticas
1141 4947 1586 5004 benedictiones
1639 4950 2005 5019 accedimus,

346 5045 402 5097 et
428 5038 894 5108 sanctiﬁcamur,
921 5036 1242 5111 participes
1274 5037 1465 5094 sancti
1495 5038 1763 5112 corporis
1786 5043 1843 5094 et
1871 5054 2007 5111 pre-

344 5127 481 5185 tiosi
508 5127 817 5197 sanguinis
848 5126 1079 5194 Christi,
1113 5126 1389 5182 omnium
1416 5132 1690 5183 nostrum
1720 5128 2010 5201 Redemp-

344 5216 490 5272 toris
538 5215 728 5271 eﬂ‘ecti
755 5232 768 5269 :
800 5232 924 5271 non
974 5219 1040 5271 ut
1095 5230 1484 5272 communem
1532 5231 1774 5272 carnem
1819 5216 2007 5290 perci-

344 5304 581 5377 pientes
614 5302 794 5373 (quod
822 5303 978 5359 absit
1004 5304 1064 5375 l),
1122 5320 1234 5360 nec
1285 5308 1351 5360 ut
1396 5303 1507 5359 viri
1546 5304 1898 5360 sanctiﬁcati
1952 5310 2010 5362 et

344 5389 540 5445 Verbo
562 5389 863 5457 conjuncti
892 5391 1224 5448 secundum
1253 5392 1557 5463 dignitatis
1590 5393 2009 5464 unitatem,aut

348 5478 431 5533 sic
476 5473 744 5531 divinam
793 5478 1164 5548 possidentes
1206 5481 1662 5547 habitationem,
1712 5481 1819 5539 sed
1867 5499 2006 5539 vere

344 5560 792 5619 viviﬁcatricem
848 5569 905 5620 et
950 5565 1135 5635 ipsius
1187 5570 1359 5625 Verbi
1398 5572 1707 5644 propriam
1760 5571 2001 5630 factam.

346 5650 478 5705 Vita
505 5648 666 5703 enim
693 5652 1039 5707 naturaliter
1067 5658 1133 5709 ut
1163 5659 1315 5713 Deus
1361 5660 1638 5727 existens,
1684 5661 1827 5733 quia
1869 5678 2005 5735 pro-

344 5736 495 5813 priae
527 5738 689 5794 carni
720 5741 920 5795 unitus
951 5742 1058 5808 est,
1089 5742 1533 5803 viviticatricem
1563 5765 1698 5806 eam
1715 5765 1843 5805 esse
1869 5766 2005 5822 pro-

2120 1838 2180 1890 to
2210 1852 2222 1889 :
2257 1838 2320 1890 ut
2345 1834 2452 1907 qui
2477 1834 2701 1891 vicerat
2726 1835 3219 1904 manducantem,
3261 1835 3599 1892 vinceretur
3643 1853 3682 1894 a
3705 1837 3810 1909 je-

2113 1924 2390 1996 junante.
2422 1926 2488 1979 Et
2518 1923 2673 1980 sicut
2700 1928 2956 1981 mortem
2998 1940 3121 1980 non
3158 1924 3472 1980 inveniunt
3520 1924 3637 1981 nisi
3688 1926 3814 1998 qui

2118 2012 2245 2069 nati
2266 2016 2409 2069 sunt
2429 2029 2502 2068 ex
2526 2028 2705 2069 carne
2722 2013 2863 2068 Adae
2875 2054 2887 2079 ,
2900 2012 2982 2069 ita
3000 2012 3186 2068 vitam
3207 2028 3331 2068 non
3346 2013 3660 2070 inveniunt
3676 2014 3814 2070 nisi

2119 2100 2225 2174 qui
2255 2100 2445 2157 renati
2476 2100 2717 2157 fuerunt
2739 2116 2812 2156 ex
2840 2116 3003 2173 aqua
3028 2104 3085 2156 et
3106 2100 3327 2172 Spiritu
3350 2106 3581 2173 sancto,
3596 2105 3653 2157 et
3668 2118 3815 2158 car-

2119 2204 2261 2244 nem
2290 2188 2500 2245 Christi
2530 2194 2588 2245 et
2616 2188 2975 2259 sanguinem
3026 2205 3150 2244 suae
3198 2189 3363 2244 carni
3415 2193 3473 2244 et
3511 2190 3809 2260 sanguini

2122 2277 2521 2346 sociaverunt,
2561 2278 2667 2351 qui
2694 2277 2836 2334 vicit
2886 2276 3219 2345 diabolum,
3269 2276 3626 2350 paradisum
3652 2277 3808 2334 red-

2120 2365 2293 2430 didit,
2323 2370 2381 2422 et
2404 2365 2539 2421 vitae
2573 2371 2808 2422 aeternae
2835 2365 3093 2437 januam
3122 2364 3420 2438 patefecit.
3466 2388 3495 2416 »

2765 2456 2995 2512 SERMO
3060 2458 3143 2511 IX.

2516 2558 2582 2598 DE
2619 2560 3061 2600 ANNUNTIATIORE
3104 2559 3392 2601 DOMINICA.

2228 2632 2404 2704 (Opp.
2435 2632 2503 2687 S;
2532 2632 2690 2703 Aug.
2723 2635 2869 2688 tom.
2901 2634 2965 2701 V,
2989 2632 3288 2706 Append.,
3322 2649 3500 2690 serm.
3534 2636 3679 2702 194).

2197 2725 2246 2777 1.
2285 2722 2429 2777 Evao
2457 2720 2705 2790 damna,
2737 2727 2793 2777 et
2839 2721 3053 2777 Mariae
3102 2722 3404 2791 beneﬁcia.
3446 2722 3632 2779 Adest
3677 2739 3802 2781 no-

2119 2808 2237 2876 bis,
2269 2808 2656 2876 dilectissimi,
2689 2813 2932 2882 optatus
2960 2810 3089 2866 dies
3115 2809 3307 2867 beatae
3335 2826 3405 2867 ac
3426 2811 3803 2869 venerabilis

2121 2914 2359 2972 semper
2390 2898 2641 2969 Virginis
2674 2898 2865 2955 Mariae
2899 2916 2912 2955 :
2946 2898 3082 2955 ideo
3125 2916 3265 2955 cum
3306 2917 3548 2957 summa
3596 2901 3805 2958 exsul-

2120 2988 2341 3043 tatione
2381 2987 2642 3058 gaudeat
2670 2991 2826 3044 terra
2864 2992 3089 3058 nostra,
3125 2992 3304 3045 tanta;
3358 2989 3611 3060 Virginis
3657 2989 3803 3047 illu-

2121 3080 2307 3132 strata
2329 3076 2425 3131 die
2456 3074 2730 3131 solemni.
2761 3079 2894 3132 Haec
2934 3081 3024 3132 est
3068 3078 3230 3135 enim
3281 3078 3391 3134 ﬂos
3439 3079 3661 3153 campi,
3712 3079 3801 3136 de

2068 3150 2082 3169 ⁸
2120 3181 2246 3237 qua
2273 3168 2472 3221 ortum
2501 3168 2590 3221 est
2631 3164 2962 3237 pretiosum
3000 3166 3191 3222 lilium
3240 3150 3625 3236 convallium,
3682 3184 3804 3242 per

2119 3253 2293 3324 cujus
2322 3257 2563 3325 partum
2593 3258 2862 3309 mutatur
2889 3258 3126 3325 natura,
3153 3255 3801 3330 protoplastorumque

2119 3341 2349 3398 deletur
2374 3346 2430 3398 et
2459 3341 2655 3414 culpa.
2684 3342 3005 3399 Praecisum
3034 3349 3123 3400 est
3150 3345 3212 3400 in
3243 3360 3315 3400 ea
3341 3344 3489 3401 illud
3516 3347 3651 3401 Eva:
3695 3346 3800 3402 in-

2118 3430 2410 3488 felicitatis
2438 3430 2702 3501 elogium
2731 3447 2854 3505 quo
2883 3432 3119 3501 dicitur,
3172 3435 3245 3490 In
3292 3435 3543 3491 tristitia
3584 3436 3798 3505 paries

2116 3522 2274 3591 ﬁlios
2298 3522 2466 3588 (Gen.
2494 3537 2573 3576 Ill.
2612 3524 2698 3589 16)
2731 3538 2744 3577 :
2786 3521 2930 3594 quia
2981 3522 3094 3579 ista
3131 3522 3194 3578 in
3224 3522 3424 3579 laetitia
3464 3524 3795 3581 Dominum

2118 3610 2447 3684 parturivit.
2482 3613 2602 3667 Eva
2622 3610 2784 3667 enim
2812 3611 2979 3678 luxit,
3008 3611 3125 3669 ista
3153 3612 3434 3669 exultavit
3470 3631 3483 3681 ;
3537 3616 3658 3669 Eva
3696 3613 3796 3670 la-

2118 3716 2378 3773 crymas,
2404 3702 2582 3757 Maria
2612 3700 2904 3769 gaudium
2948 3700 3009 3756 in
3041 3707 3245 3758 ventre
3275 3702 3532 3775 portavit
3572 3719 3587 3758 :
3641 3703 3797 3776 quia

2117 3790 2218 3847 illa
2267 3794 2668 3863 peccatorem,
2722 3791 2835 3847 ista
2898 3790 3083 3847 edidit
3138 3791 3541 3849 innocentem.
3610 3791 3799 3862 Virgo

2116 3879 2342 3953 quippe
2374 3882 2596 3951 genuit,
2629 3882 2773 3956 quia
2802 3882 2968 3953 virgo
2993 3883 3267 3956 concepit
3294 3901 3307 3952 ;
3355 3883 3645 3941 inviolata
3681 3901 3798 3959 pe-

2118 3970 2287 4042 perit,
2315 3972 2461 4044 quia
2486 3972 2549 4028 in
2570 3976 2866 4045 conceptu
2894 3972 3081 4031 libido
3110 3990 3235 4031 non
3283 3974 3410 4031 fuit.
3464 3974 3798 4049 Utrobique

2118 4058 2499 4129 miraculum,
2527 4065 2585 4116 et
2610 4061 2737 4118 sine
2769 4062 3148 4136 corruptione
3179 4063 3451 4134 gravida,
3482 4068 3539 4120 et
3561 4064 3623 4120 in
3654 4080 3798 4137 par-

2118 4152 2184 4205 tu
2245 4149 2416 4221 virgo
2471 4166 2789 4224 puerpera.
2844 4152 3161 4209 Descendit
3215 4153 3467 4223 angelus
3520 4153 3595 4209 de
3636 4154 3797 4211 coelo

2118 4237 2339 4293 missus
2371 4256 2409 4295 a
2437 4241 2603 4295 Patre
2632 4242 2750 4295 Deo
2790 4240 2851 4295 in
2877 4246 3098 4297 nostrae
3152 4240 3584 4314 redemptionis
3613 4258 3794 4298 exor-

2119 4326 2310 4397 dium,
2338 4326 2413 4383 ad
2442 4327 2684 4384 beatam
2736 4328 3121 4386 salutandam
3173 4330 3417 4387 Mariam
3449 4349 3462 4386 :
3493 4331 3640 4399 Ave,
3694 4331 3793 4387 in-

2121 4415 2253 4488 quit
2277 4416 2527 4486 angelus
2558 4416 2637 4473 ad
2681 4433 2839 4489 eam,
2884 4420 3089 4489 gratia
3127 4420 3336 4489 plena,
3388 4421 3677 4476 Dominus
3703 4426 3793 4477 te-

2123 4520 2276 4561 cum.
2308 4504 2556 4577 lmpleta
2576 4510 2665 4562 est
2688 4522 2829 4577 ergo
2860 4507 3037 4563 Maria
3068 4508 3277 4577 gratia,
3301 4513 3359 4563 et
3380 4511 3500 4564 Eva
3527 4514 3793 4566 vacuata

2120 4596 2210 4649 est
2237 4608 2275 4649 a
2312 4592 2510 4666 culpa.
2552 4594 2879 4652 Maledictio
2910 4599 3040 4652 Eva:
3062 4596 3125 4652 in
3148 4596 3630 4654 benedictionem
3657 4615 3793 4654 mu-

2118 4685 2277 4741 tatur
2304 4682 2497 4739 Mariae
2530 4701 2544 4738 :
2575 4685 2722 4753 Ave,
2754 4686 2959 4757 gratia
2982 4687 3191 4757 plena,
3223 4688 3513 4743 Dominus
3568 4692 3784 4743 tecum.

2117 4774 2337 4828 Tecum
2365 4773 2654 4830 Dominus
2682 4774 2745 4830 in
2772 4775 2971 4844 corde,
3006 4780 3202 4831 tecum
3240 4774 3302 4831 in
3332 4780 3550 4846 ventre,
3583 4780 3783 4832 tecum

2116 4860 2179 4917 in
2204 4866 2393 4930 utero,
2426 4867 2624 4919 tecum
2654 4864 2717 4919 in
2742 4864 2984 4921 auxilio.

2187 4955 2241 5007 2.
2281 4952 2484 5009 Maria
2527 4969 2758 5010 omnem
2806 4960 3053 5025 superat
3113 4955 3373 5012 laudem.
3426 4953 3733 5012 Gratulare
3766 5000 3781 5026 ,

2115 5039 2295 5097 beata
2356 5040 2531 5113 Virgo
2588 5061 2601 5099 :
2659 5042 2927 5099 Christus
3000 5058 3106 5099 rex
3162 5058 3195 5099 e
3246 5043 3398 5100 caelo
3461 5058 3573 5099 suo
3622 5044 3785 5101 venit

2115 5128 2178 5184 in
2221 5134 2457 5186 uterum
2510 5135 2704 5202 tuum,
2760 5148 2833 5189 ex
2888 5132 3024 5188 sinu
3079 5132 3264 5189 Patris
3310 5133 3372 5189 in
3420 5137 3662 5189 uterum
3697 5133 3782 5189 di-

2118 5222 2337 5288 gnatur
2392 5219 2754 5277 descendere
2806 5221 3034 5279 matris.
3066 5222 3415 5293 Benedicta,
3446 5221 3660 5295 inquit,
3693 5227 3777 5291 tu,

2116 5308 2179 5362 in
2226 5307 2598 5378 mulieribus,
2617 5320 2770 5382 ‘qute
2817 5310 3000 5366 vitam
3053 5314 3109 5367 et
3146 5311 3288 5366 viris
3335 5316 3392 5367 et
3429 5310 3781 5367 mulieribus

2114 5394 2419 5468 peperisti.
2496 5398 2673 5453 Mater
2753 5399 2986 5469 generis
3043 5402 3235 5456 nostri
3283 5414 3531 5472 pmnam
3586 5398 3780 5455 intulit

2115 5483 2390 5552 mundo;
2447 5484 2704 5541 Genitrix
2753 5488 2989 5546 Domini
3039 5489 3227 5547 nostri
3280 5488 3535 5545 salutem
3588 5487 3782 5544 attulit

2114 5571 2365 5628 mundo.
2447 5572 2689 5629 Auctrix
2771 5577 2998 5647 peccati
3056 5580 3215 5646 Eva;
3300 5577 3529 5633 auctrix
3585 5576 3776 5633 meriti

2112 5661 2328 5727 Maria;
2374 5661 2499 5717 Eva
2550 5662 2879 5721 occidendo
2926 5666 3137 5736 obfuit,
3187 5666 3366 5724 Maria
3414 5665 3777 5722 viviﬁcando

2113 5750 2354 5823 profuit.
2409 5750 2514 5810 111a
2567 5754 2904 5825 percussit;
2966 5755 3079 5812 ista
3158 5756 3412 5813 sanavit.
3482 5758 3594 5812 Pro
3646 5755 3777 5812 ino-
