3958 6428
222 280 325 334 337

1499 278 1866 336 SERMONES
1903 282 1997 336 AD
2036 283 2382 343 POPULUM.

3553 284 3656 334 338

207 383 511 456 bedientia
538 398 699 456 enim
729 399 1071 457 obedientia
1110 406 1535 469 commutatur,
1593 402 1742 458 ﬁdes
1765 419 1874 475 pro
1912 410 1960 461 A
1983 406 2336 478 integritatis
2363 409 2736 480 dignitatem.
2773 411 2919 463 Nam
2965 405 3069 478 qui
3097 410 3272 476 terra,
3303 405 3452 460 mari
3478 382 3658 459 caelo-

207 489 462 563 perﬁdia
490 493 937 562 compensatur.
977 493 1130 548 Laata
1149 491 1329 561 igitur
1355 491 1532 549 Maria
1565 495 1758 562 gestat
1792 492 1878 548 in-

205 579 454 646 fantem,
488 579 762 636 exultans
792 579 1171 653 amplexatur
1220 581 1434 650 ﬁlium,
1467 587 1666 655 portat
1693 599 1730 638 a
1753 597 1876 654 quo

205 669 578 741 portabatur.
614 672 728 725 Nec
754 669 1022 738 fortuitu,
1057 675 1122 727 ut
1149 670 1388 741 ﬁngunt
1419 671 1757 744 Sabelliani,
1785 689 1874 728 re-

205 757 360 828 perit
385 757 708 830 parvulum
735 775 748 825 ;
778 758 883 813 sed
912 759 1179 815 decursis
1205 776 1422 816 novem
1441 760 1751 816 mensibus
1779 777 1879 833 pe-

203 845 362 918 perit
388 845 964 902 Christum.Plaudat
988 863 1150 904 nunc
1176 849 1418 918 organis
1440 849 1697 918 Maria,et
1726 849 1877 904 inter

205 933 444 990 veloces
466 934 749 990 articulos
797 939 1090 1009 tympana
1133 953 1441 1010 puerperae
1493 941 1872 1010 concrepent.

206 1021 544 1078 Concinant
571 1021 838 1079 laetantes
893 1025 1078 1095 chori,
1114 1030 1172 1082 et
1208 1027 1640 1082 alternantibus
1665 1027 1878 1082 modu-

203 1110 278 1166 lis
341 1110 658 1167 dulcisona
710 1111 980 1169 carmina
1032 1115 1373 1184 misceatur.
1435 1116 1647 1172 Audite
1696 1115 1875 1186 igitur

204 1200 727 1272 quemadmodum
782 1202 1199 1275 tympanistria
1253 1209 1461 1261 nostra
1500 1205 1869 1262 cantavcrit:

204 1289 290 1346 ait
305 1290 467 1346 enim
500 1307 512 1345 :
542 1292 894 1361 Magniﬁca!
915 1294 1118 1349 anima
1150 1309 1281 1350 mea
1305 1297 1658 1363 Dominum;
1690 1301 1745 1351 et
1775 1310 1874 1350 ear-

201 1381 454 1436 suttavit
485 1381 733 1450 spiritus
764 1397 925 1437 meus
957 1383 1019 1437 in
1073 1384 1192 1440 Deo
1240 1385 1505 1440 salutari
1525 1400 1650 1440 meo
1679 1398 1700 1454 ;
1731 1399 1874 1455 quia

201 1470 467 1538 respexit
495 1470 894 1526 humilitatem
937 1472 1180 1528 anciiiw
1218 1488 1340 1528 sua
1369 1486 1392 1544 ,'
1420 1487 1549 1529 ecce
1597 1474 1751 1528 enim
1799 1489 1875 1529 ea:

204 1556 320 1612 hoc
362 1557 593 1613 beatam
622 1573 712 1613 me
743 1558 939 1615 dicent
990 1575 1188 1615 omnes
1243 1563 1673 1630 generationes.
1720 1559 1871 1626 Quia

191 1646 345 1716 fecit
374 1647 526 1703 mihi
547 1663 770 1717 magna
801 1651 907 1719 qui
933 1655 1141 1718 potens
1173 1655 1276 1705 est.
1308 1651 1501 1706 Causa
1529 1648 1708 1719 igitur
1736 1651 1870 1702 tan-

199 1734 715 1792 taeinvalescentis
750 1736 962 1793 laetitiae
1021 1742 1147 1793 erat
1201 1737 1561 1793 miraculum
1617 1753 1862 1792 novum.
1897 1765 1940 1817 Β

193 1825 400 1879 Novus
437 1825 627 1881 Mariae
673 1830 881 1897 partus
936 1831 1176 1898 partum
1217 1829 1350 1882 Evae
1400 1825 1593 1898 evicit,
1627 1830 1683 1883 et
1739 1829 1872 1881 Even

198 1909 515 1984 planctum
543 1912 733 1968 Mariae
759 1918 972 1969 cantus
1004 1913 1271 1970 exclusit.

275 2005 328 2056 3.
359 2002 581 2057 Mundi
599 2003 764 2058 satus
787 2017 861 2058 ea:
888 2003 1102 2058 Mariae
1123 2019 1366 2060 assensu
1400 2003 1636 2072 pendet.
1668 1999 1871 2058 Maria

194 2089 403 2147 Mater
433 2097 487 2147 et
518 2093 708 2162 virgo.
741 2093 959 2161 Nupsit
982 2093 1100 2162 ipsi
1121 2094 1261 2148 Deo.
1284 2094 1559 2149 Jeremia:
1575 2093 1646 2148 de
1669 2092 1870 2147 Maria

190 2179 539 2248 prophetia.
570 2179 834 2252 Denique
876 2185 1014 2253 post
1066 2179 1222 2235 illius
1268 2179 1700 2236 benedictionis
1723 2195 1870 2252 prae-

195 2267 462 2337 sagium,
494 2267 643 2322 dum
669 2268 843 2324 tacita
905 2284 1114 2324 secum
1144 2269 1318 2338 Virgo
1365 2268 1582 2324 mentis
1622 2268 1870 2323 alterca-

192 2354 359 2411 tione
389 2355 757 2426 contligeret,
786 2357 984 2430 qualis
1027 2362 1182 2414 esset
1210 2358 1324 2415 ista
1380 2357 1675 2424 salutatio,
1720 2373 1872 2412 nun-

190 2444 315 2502 tius
343 2445 579 2502 interim
609 2447 862 2503 caelestis
887 2449 1234 2521 exsequitur
1256 2450 1468 2520 (Luca)
1496 2467 1510 2505 :
1539 2450 1626 2504 Ne
1639 2450 1864 2518 timeas,

186 2536 441 2606 Maria;
472 2539 755 2594 invenisti
794 2541 1059 2610 gratiam
1102 2540 1268 2609 apud
1319 2540 1657 2595 Dominum.
1713 2540 1868 2594 Ecce

188 2627 491 2696 concipias
512 2629 576 2683 in
606 2635 774 2685 utero
805 2635 859 2684 et
880 2630 1086 2699 paries
1133 2629 1350 2698 ﬁlium,
1381 2634 1438 2685 et
1481 2629 1716 2684 vocabis
1767 2643 1866 2683 no-

186 2730 330 2773 men
362 2717 490 2786 ejus
518 2719 738 2774 Jesum.
768 2722 839 2773 At
866 2718 966 2773 illa
995 2735 1008 2773 :
1045 2719 1364 2786 Quomodo,
1413 2717 1625 2790 inquit,
1653 2719 1757 2787 ﬁet
1786 2718 1864 2772 is-

187 2805 328 2876 tud,
353 2808 640 2877 quoniam
665 2809 860 2863 virum
884 2823 1002 2864 non
1030 2823 1315 2878 cognosco
1339 2811 1366 2863 ?
1414 2809 1480 2863 Et
1509 2806 1759 2877 angelus
1785 2805 1864 2862 ad

187 2911 332 2952 eam
361 2913 374 2951 :
403 2896 690 2967 Spiritus,
724 2896 822 2963 ait,
881 2903 1124 2954 sanctus
1177 2898 1551 2968 superveniet
1582 2897 1645 2952 in
1686 2901 1762 2968 te,
1809 2901 1864 2952 et

189 2987 391 3041 virtus
435 2986 737 3042 Attissimi
791 2987 1165 3043 obumbrabit
1215 2987 1373 3057 tibi;
1418 2986 1665 3057 ideoque
1705 2985 1864 3057 quod

189 3082 478 3172 nascetur
506 3091 581 3133 ea:
607 3081 662 3132 te
687 3078 1000 3145 Sanctum,
1025 3078 1339 3134 vocabitur
1361 3077 1557 3133 Filius
1580 3077 1708 3172 Dei.
1724 3077 1752 3129 J
1760 3091 1861 3131 am
1890 3118 1931 3172 Ο

188 3161 413 3221 audisti
440 3167 728 3238 quomodo
757 3168 858 3236 ﬁet
891 3167 1019 3235 hoc,
1049 3167 1348 3239 responde
1378 3181 1539 3222 nunc
1570 3162 1858 3233 verbum;

187 3259 255 3311 ut
285 3255 436 3329 quid
481 3256 737 3313 turbaris
759 3258 943 3313 modo
972 3258 999 3313 ?
1021 3257 1256 3313 Audisti
1286 3257 1576 3329 quomodo
1600 3258 1702 3326 ﬁet
1729 3257 1860 3326 hoc,

184 3345 336 3419 quia
362 3346 626 3416 Spiritus
651 3353 892 3403 sanctus
921 3349 1294 3417 superveniet
1317 3350 1380 3403 in
1412 3352 1488 3418 te,
1519 3351 1584 3402 ut
1626 3345 1859 3418 prolem

186 3435 428 3506 gignas,
471 3441 526 3492 et
553 3435 954 3506 virginitatem
978 3453 1099 3493 non
1131 3436 1351 3508 perdas
1385 3455 1396 3491 :
1439 3435 1630 3490 ﬁlium
1661 3434 1858 3506 profe-

184 3540 309 3591 ras,
335 3529 393 3581 et
415 3528 553 3598 post
581 3530 823 3598 partum
853 3525 1200 3598 incorrupta
1216 3540 1594 3598 permaneas.
1621 3525 1664 3580 Ο
1683 3523 1860 3580 beata

184 3614 387 3679 Maria,
418 3614 705 3671 saeculum
736 3631 917 3672 omne
948 3615 1253 3687 captivum
1280 3620 1451 3671 tuum
1506 3613 1860 3686 deprecatur

186 3717 516 3758 assensum
541 3719 554 3758 :
581 3707 656 3773 te,
689 3704 961 3772 Domina,
985 3703 1252 3759 mundus
1270 3721 1391 3758 suae
1414 3701 1554 3758 ﬁdei
1581 3701 1855 3757 obsidem

183 3788 476 3849 fecit.Noli
497 3794 717 3850 morari
723 3794 922 3865 ,Virgo
946 3811 958 3849 :
986 3792 1197 3849 nuntio
1237 3791 1582 3848 festinanter
1604 3805 1854 3862 respon-

184 3881 260 3938 de
292 3882 568 3954 verbum,
601 3887 658 3940 et
687 3883 924 3956 suscipe
953 3883 1145 3939 ﬁlium
1174 3900 1188 3950 ;
1220 3881 1300 3938 da
1345 3880 1550 3948 ﬁdem,
1607 3885 1664 3936 et
1707 3881 1859 3936 senti

184 3971 490 4028 virtutem.
524 3973 700 4043 Ecce,
724 3972 938 4048 inquit,
963 3973 1192 4029 ancilla
1250 3971 1492 4027 Domini
1519 3987 1540 4026 .·
1575 3971 1687 4040 ﬁat
1712 3968 1863 4025 mihi

184 4062 512 4119 secundum
586 4062 829 4119 verbum
880 4067 1069 4117 tuum.
1121 4065 1236 4117 Nec
1288 4076 1480 4131 mora,
1548 4058 1859 4116 revertitur

183 4151 454 4220 nuntius,
473 4156 530 4208 et
552 4151 910 4222 virginalem
935 4151 1275 4208 thalamum
1304 4150 1635 4220 ingreditur
1666 4148 1857 4206 Chris—
1935 4201 1976 4234 .

185 4243 302 4297 tus.
342 4239 600 4298 Efﬁcitur
631 4241 830 4297 subito
863 4256 1185 4313 praegnans
1215 4241 1395 4296 beata
1427 4240 1527 4296 Dei
1574 4239 1852 4309 genitrix,

186 4333 243 4387 et
280 4336 497 4388 cuncta
526 4347 633 4404 per
663 4329 882 4386 saecula
908 4329 1271 4402 praedicatur
1307 4329 1447 4385 hinc
1501 4328 1660 4384 felix.
1707 4328 1857 4382 Con-

187 4421 341 4494 cepit
370 4437 513 4476 mox
567 4420 647 4476 ad
698 4419 1108 4475 credulitatem
1160 4419 1348 4486 verbi,
1407 4418 1591 4474 virilis
1645 4417 1858 4487 ignara

186 4509 466 4565 consortii
496 4527 508 4564 :
543 4508 824 4581 impletur
852 4512 1054 4565 uterus
1087 4507 1252 4564 nullo
1282 4508 1553 4564 humano
1591 4506 1855 4580 pollutus

185 4599 488 4673 amplexu.
525 4602 727 4655 Exstat
763 4598 966 4671 itaque
998 4598 1172 4669 virgo
1201 4615 1340 4653 cum
1367 4597 1645 4668 concipit,
1685 4596 1856 4665 virgo

185 4689 456 4759 gravida,
488 4690 658 4759 virgo
699 4705 838 4744 cum
869 4688 1046 4761 parit,
1096 4693 1152 4744 et
1181 4688 1353 4757 virgo
1397 4691 1540 4760 post
1591 4690 1852 4758 partum.

187 4780 478 4837 Praeclara
507 4795 650 4850 ergo
679 4778 783 4834 illa
839 4777 1216 4848 virginitatis,
1274 4781 1332 4833 et
1361 4776 1620 4847 gloriosa
1657 4775 1858 4830 fecun-

185 4867 361 4926 ditas.
390 4869 656 4926 Exsultat
683 4867 883 4936 Maria,
916 4871 971 4924 et
999 4870 1255 4923 matrem
1299 4882 1361 4922 se
1403 4865 1538 4921 laeta
1582 4864 1852 4930 miratur,

185 4963 244 5014 et
269 4959 344 5015 de
369 4959 588 5032 Spiritu
617 4963 826 5014 sancto
853 4973 917 5013 sc
944 4956 1250 5031 peperisse
1278 4955 1501 5025 gaudet
1531 4972 1544 5010 :
1574 4969 1684 5010 nec
1713 4953 1858 5026 quia

186 5049 415 5122 peperit
434 5048 666 5122 inupta,
717 5051 1003 5115 terretur;
1039 5045 1144 5101 sed
1194 5045 1340 5118 quia
1377 5044 1688 5116 gemuerit,
1716 5059 1856 5098 cum

187 5138 580 5195 exsultatione
626 5138 897 5194 miratur.
959 5136 1341 5192 Gaudeamus
1405 5149 1546 5204 ergo
1599 5138 1656 5189 et
1719 5148 1852 5202 nos,

187 5225 418 5297 fratres,
445 5228 507 5283 in
531 5227 627 5283 die
667 5231 844 5284 tanta:
892 5224 1168 5295 Virginis,
1222 5239 1359 5297 quae
1403 5223 1552 5279 dum
1599 5222 1855 5296 despon-

187 5321 417 5373 saretur
447 5316 644 5387 fabro,
677 5315 810 5372 cceli
838 5313 1045 5388 nupsit
1093 5313 1436 5370 architecto.
1492 5310 1855 5368 Promittitur

187 5405 346 5461 enim
376 5406 430 5463 ei
454 5405 613 5462 ﬁlius
638 5422 748 5480 per
772 5404 1173 5462 visitationem
1196 5403 1386 5460 sancti
1419 5401 1687 5476 Spiritus.
1720 5403 1853 5456 Haec

187 5491 285 5551 illa
314 5495 567 5552 audiens
597 5494 839 5565 gaudet,
888 5494 1173 5567 cupitque
1222 5491 1377 5549 effici
1430 5496 1642 5549 mater.
1698 5489 1852 5556 Quid

186 5581 362 5651 igitur
391 5583 636 5651 mirum,
667 5582 717 5638 si
749 5582 876 5639 sine
903 5582 1285 5656 corruptione
1327 5580 1612 5650 nascitur,
1642 5579 1748 5652 qui
1777 5577 1851 5634 de

188 5672 654 5729 sanctiﬁcatione
694 5672 1073 5745 concipitur:
1125 5687 1249 5727 non
1271 5671 1433 5726 enim
1489 5669 1740 5725 decebat
1788 5671 1853 5723 ut

187 5758 283 5818 ille
306 5761 414 5835 qui
442 5760 618 5819 nobis
647 5761 938 5820 afferebat
966 5761 1243 5830 salutem,
1276 5759 1454 5818 matri
1506 5759 1852 5836 praeriperet

1986 513 2105 568 que
2129 514 2253 553 non
2283 498 2534 572 capitur,
2577 498 2732 553 intra
2763 497 2941 552 unius
2992 494 3331 567 corpusculi
3377 494 3654 548 membra

1987 586 2324 660 suscipitur.
2360 592 2492 643 Haec
2524 591 2613 642 est
2641 587 2741 642 illa
2771 585 3006 641 novitas
3037 584 3304 639 Jeremiae
3346 583 3652 656 prophetae

1986 674 2262 731 vaticinio
2327 675 2768 747 praenuntiata:
2824 673 3050 739 Faciet,
3103 672 3313 743 inquit,
3364 672 3654 726 Dominus

1984 780 2203 820 novum
2233 781 2414 834 super
2444 771 2667 820 terram
2696 782 2708 830 ;
2741 763 2970 834 femina
3020 762 3414 816 circumdabit
3456 761 3652 815 virum

1986 851 2222 922 (Jcrcm.
2256 869 2417 916 xxxn,
2441 853 2552 923 ’22).
2615 853 2657 907 Ο
2686 849 2911 906 femina
2962 865 3140 920 super
3183 848 3436 903 feminas
3475 850 3654 901 bene-

1966 938 2162 1016 dicta,
2198 957 2328 1011 quee
2356 939 2551 994 virum
2578 938 2826 994 omnino
2870 954 2995 992 non
3019 937 3202 1001 novit,
3238 940 3294 991 et
3313 935 3505 990 virum
3539 951 3650 990 suo

1985 1033 2150 1084 utero
2183 1029 2574 1084 circumdedit
2603 1029 2615 1082 !
2651 1027 2994 1083 Circumdat
3019 1027 3209 1080 virum
3229 1025 3407 1080 Maria
3434 1024 3649 1093 angelo

1981 1117 2164 1172 ﬁdem
2195 1117 2399 1173 dando
2435 1118 2620 1190 ;quia
2659 1120 2779 1172 Eva
2837 1115 3096 1188 perdidit
3136 1114 3333 1169 virum
3388 1101 3649 1186 serpenti

1984 1206 2432 1262 consentiendo.

2051 1299 2106 1351 4.
2137 1297 2358 1367 Angeli
2383 1297 2464 1352 ad
2520 1297 2780 1352 Mariam
2821 1295 3020 1351 verba.
3054 1295 3268 1349 Maria:
3317 1292 3648 1348 obedientia

1982 1387 2452 1441 commendatur.
2494 1384 2720 1440 Salutat
2751 1382 3000 1452 angelus
3052 1381 3318 1454 puellam
3358 1379 3467 1433 viri
3493 1379 3648 1433 salu-

1982 1473 2219 1529 tationis
2248 1474 2524 1543 ignaram
2560 1492 2573 1539 ;
2611 1476 2858 1528 terretur
2915 1471 3088 1539 Virgo
3146 1469 3407 1524 novitate
3439 1467 3646 1522 verbo-

1981 1579 2136 1616 rum.
2168 1562 2255 1616 Ad
2289 1578 2477 1634 quam
2505 1561 2775 1631 angelus,
2813 1564 2875 1614 ut
2932 1558 3206 1630 superius
3263 1556 3640 1628 protulimus,

1980 1649 2127 1705 dixit
2160 1667 2171 1703 :
2197 1653 2285 1706 Ne
2311 1652 2539 1716 timeas,
2590 1650 2792 1705 Maria
2822 1662 2842 1718 ,'
2872 1648 3155 1704 invenisti
3179 1647 3330 1701 enim
3382 1646 3642 1714 gratiam

1980 1739 2146 1808 apud
2175 1741 2513 1795 Dominum.
2550 1743 2627 1794 Ne
2657 1737 2869 1810 inquit,
2899 1754 2935 1792 a
2986 1738 3313 1808 conspectu
3343 1751 3500 1799 meo,
3535 1737 3645 1788 Ma-

1981 1831 2067 1883 ter
2100 1828 2334 1883 Domini
2367 1829 2505 1895 mei,
2559 1827 2873 1882 terrearis:
2916 1841 3027 1896 ego
3068 1823 3474 1895 conceptionis
3528 1829 3643 1877 tuae

1980 1917 2248 1972 minister
2273 1917 2506 1984 adveni,
2541 1932 2664 1971 non
2703 1919 2769 1970 ut
2797 1914 3192 1982 virginitatem
3233 1905 3532 1968 amitteres
3557 1911 3644 1966 in-

1979 2005 2204 2061 terveni
2235 2025 2246 2072 ;
2274 2005 2402 2078 ipse
2434 2021 2529 2060 me
2551 2005 2710 2060 misit
2739 2004 2816 2059 ad
2844 2008 2918 2073 te,
2942 2002 3047 2074 qui
3077 2007 3164 2057 est
3201 2001 3539 2056 nasciturus
3570 2015 3643 2054 ex

1980 2098 2051 2149 te.
2085 2096 2391 2164 Concipies
2416 2095 2576 2150 enim
2607 2100 2659 2150 et
2681 2095 2880 2162 paries
2907 2093 3102 2161 ﬁlium
3134 2104 3156 2161 ;
3186 2107 3306 2144 non
3327 2089 3644 2159 cujuslibet

1979 2184 2174 2238 meriti
2224 2183 2554 2249 hominem,
2615 2183 2720 2237 sed
2770 2181 2945 2237 totius
2994 2179 3192 2235 smculi
3253 2179 3638 2233 Salvatorem.

1979 2273 2209 2344 Recole,
2242 2273 2438 2339 Maria,
2467 2272 2528 2326 in
2578 2271 2731 2327 libro
2763 2270 2928 2324 Isaiae
2954 2269 3284 2341 prophetae,
3349 2266 3644 2334 virginem

1976 2378 2163 2433 quam
2193 2362 2524 2434 parituram
2553 2360 2745 2430 legisti
2779 2359 2919 2430 (Isa.
2945 2375 3044 2423 vn,
3084 2357 3202 2428 1i);
3256 2362 3311 2411 et
3331 2355 3525 2424 gaude
3555 2359 3641 2410 at-

1975 2467 2095 2522 que
2125 2450 2376 2516 exsulta,
2405 2449 2550 2522 quia
2580 2453 2642 2504 tu
2674 2465 2804 2503 esse
2824 2445 3114 2502 meruisti.
3141 2449 3223 2500 ’l‘u
3254 2445 3336 2499 ibi
3368 2443 3643 2516 przeﬁgu-

1975 2544 2106 2595 rata
2131 2557 2193 2594 es
2223 2539 2418 2608 Virgo,
2454 2543 2516 2594 tu
2569 2554 2704 2593 ecce
2736 2536 3036 2607 concipias
3066 2535 3126 2589 in
3177 2539 3364 2600 utero,
3397 2549 3521 2587 non
3564 2532 3639 2587 de

1973 2629 2119 2699 viro,
2153 2629 2258 2684 sed
2279 2628 2353 2683 de
2379 2628 2597 2700 Spiritu
2627 2630 2833 2681 sancto
2865 2642 2877 2679 :
2932 2628 2988 2679 et
3015 2623 3265 2693 gravida
3294 2622 3427 2687 eris,
3461 2626 3518 2676 et
3547 2621 3639 2675 in-

1974 2723 2254 2790 corrupta
2311 2715 2715 2790 permanebis.
2773 2714 2974 2768 Paries
3029 2711 3275 2783 quidem
3323 2710 3536 2775 filium,
3583 2715 3641 2765 et

1972 2807 2323 2877 virginitatis
2381 2822 2506 2861 non
2553 2803 2796 2877 patieris
2857 2800 3303 2857 detrimentum.
3359 2797 3638 2853 Eﬂicieris

1972 2897 2242 2968 gravida,
2272 2901 2329 2952 et
2353 2895 2467 2951 eris
2492 2899 2683 2950 mater
2709 2907 2945 2963 semper
2974 2890 3214 2945 intacta.
3248 2887 3470 2944 Senties
3490 2903 3639 2960 pon-

1970 2987 2114 3043 dera
2144 2986 2385 3055 ventris,
2413 2985 2466 3040 ei
2492 2984 2788 3057 pudorem
2819 2995 2942 3036 non
2962 2979 3179 3052 perdes
3212 2976 3514 3032 castitatis.
3549 2981 3637 3030 ln-

1971 3080 2304 3133 tumescent
2331 3075 2521 3130 ubera
2552 3079 2673 3140 tua,
2706 3077 2761 3127 et
2794 3072 3015 3126 intacta
3072 3070 3319 3122 manent
3358 3064 3638 3132 genitalia

1971 3174 2092 3222 tua.
2127 3169 2199 3220 At
2226 3164 2325 3219 illa
2356 3163 2540 3218 dixit:
2577 3164 2730 3217 Ecce
2761 3160 2992 3215 ancilia
3022 3156 3265 3211 Domini
3291 3170 3314 3210 .'
3354 3155 3462 3222 ﬁat
3489 3154 3640 3208 mihi

1971 3255 2293 3313 secundum
2327 3254 2569 3310 verbum
2601 3257 2788 3306 tuum.
2821 3250 2863 3305 Ο
2888 3247 3023 3303 felix
3047 3243 3406 3308 obedientia,
3441 3259 3476 3298 ο
3497 3243 3636 3297 insi-

1972 3347 2102 3417 gnis
2127 3345 2339 3416 gratia,
2371 3359 2508 3415 qua:
2547 3341 2694 3396 dum
2748 3338 2932 3394 ﬁdem
2959 3335 3262 3392 humiliter
3289 3333 3470 3398 dedit,
3505 3332 3638 3388 coeli

1967 3435 2030 3490 in
2058 3451 2120 3490 se
2149 3434 2429 3507 opiﬁcem
2455 3429 2824 3502 corporavit!
2864 3424 3131 3498 Implevit
3150 3423 3211 3478 in
3233 3439 3304 3477 ea
3328 3422 3635 3491 Dominus,

1966 3523 2132 3597 quod
2163 3522 2394 3578 dudum
2417 3519 2810 3592 praedixerat:
2847 3514 3250 3569 Oberlientiam
3277 3512 3438 3566 maio
3454 3526 3634 3580 quam

1966 3594 2350 3680 sacriﬁcium,
2383 3614 2434 3664 et
2466 3608 2773 3663 scientiam
2803 3604 2916 3658 Dei
2933 3603 3077 3670 plus
3117 3615 3295 3670 quam
3329 3594 3645 3655 holocauti

1967 3701 2131 3771 (Osee
2159 3716 2233 3765 v1,
2265 3698 2338 3768 6).
2377 3700 2506 3751 Haec
2533 3694 2640 3749 fuit
2668 3709 2806 3747 vera
2835 3687 3176 3745 obedientia
3211 3686 3376 3740 omni
3406 3686 3630 3740 sacrifi-

1967 3789 2056 3844 cio
2089 3787 2330 3857 gratior,
2377 3786 2507 3840 htBC
2544 3782 2824 3838 voluntas
2879 3777 3106 3834 cunctis
3165 3775 3372 3831 hostiis
3427 3790 3633 3846 accep-

1966 3879 2078 3935 tior
2110 3894 2124 3944 ;
2156 3875 2297 3932 hinc
2326 3871 2657 3947 promeruit
2686 3868 2960 3939 gloriam,
2993 3881 3178 3938 quam
3210 3864 3341 3936 ipsa
3368 3868 3633 3936 postmo-

1965 3969 2113 4024 dum
2143 3964 2368 4038 plausit
2398 3983 2412 4020 :
2438 3964 2612 4029 Ecce,
2642 3960 2741 4027 ait,
2774 3975 2849 4014 ea:
2907 3958 3016 4014 hoc
3058 3956 3288 4011 beatam
3319 3969 3411 4008 me
3435 3953 3632 4007 dicent

1967 4071 2163 4114 omnes
2193 4054 2626 4126 generationes.

2122 4144 2220 4199 Ad
2251 4145 2481 4198 beatam
2524 4140 2824 4210 Virginem
2843 4135 3131 4206 precatio.
3159 4135 3201 4188 Ο
3228 4132 3407 4187 beata
3432 4129 3629 4194 Maria,

1966 4221 2071 4307 qui
2083 4233 2185 4290 tibi
2205 4233 2385 4304 digne
2405 4230 2598 4286 valeat
2613 4230 2751 4300 jura
2775 4227 3105 4297 gratiarum
3127 4239 3194 4277 ac
3211 4221 3461 4277 laudum
3483 4236 3632 4291 pra:-

1967 4324 2141 4380 conia
2158 4321 2670 4396 impendere,quae
2689 4315 2978 4385 singulari
3001 4319 3102 4369 tuo
3125 4327 3373 4367 assensu
3399 4307 3630 4363 mundo

1969 4412 2310 4470 succurristi
2332 4410 2564 4483 perdito
2593 4409 2620 4464 ?
2652 4410 2811 4472 Quas
2845 4404 2950 4460 tibi
2978 4402 3189 4458 laudes
3213 4399 3497 4468 fragilitas
3521 4397 3631 4450 hu-

1970 4502 2135 4558 mani
2157 4500 2388 4570 generis
2413 4496 2734 4571 persolvat,
2769 4509 2906 4565 quae
2966 4491 3094 4546 solo
3127 4495 3225 4544 tuo
3267 4484 3629 4542 commercio

1965 4588 2363 4663 recuperandi
2393 4586 2625 4642 aditum
2655 4582 2882 4638 invenit
2911 4581 2937 4636 ‘I
2966 4579 3182 4650 Accipe
3222 4577 3422 4646 itaque
3448 4589 3631 4645 quas-

1967 4696 2205 4752 cunque
2237 4677 2437 4745 exiles,
2488 4687 2887 4746 quascunque
2947 4666 3170 4724 meritis
3209 4665 3324 4720 tuis
3366 4663 3628 4734 impares

1968 4771 2295 4843 gratiarum
2319 4768 2618 4824 actiones:
2653 4768 2711 4818 et
2735 4777 2874 4817 cum
2892 4757 3223 4830 susceperis
3254 4753 3628 4826 vota,culpas

1965 4841 2202 4918 nostras
2232 4855 2464 4914 orando
2496 4867 2737 4910 excusa.
2763 4848 3018 4905 Admitte
3048 4849 3282 4901 nostras
3313 4859 3518 4915 preces
3544 4841 3630 4896 in-

1967 4955 2056 5007 tra
2086 4947 2416 5005 sacrarium
2447 4940 2865 5006 exauditionis,
2921 4939 3160 5008 reporta
3202 4932 3377 4988 nobis
3399 4929 3628 4985 antido-

1963 5133 2142 5203 perte
2163 5125 2493 5197 ingerimus
2527 5141 2539 5178 :
2571 5122 2680 5177 ﬁat
2706 5114 3078 5191 impetrabile
3109 5111 3274 5185 quod
3289 5109 3412 5164 fida
3428 5113 3625 5203 mente

1962 5197 2290 5291 poscimus.
2332 5211 2545 5285 Accipe
2573 5208 2740 5282 quod
2794 5203 3123 5268 offerimus,
3191 5199 3418 5254 redona
3459 5197 3624 5269 quod

1963 5289 2250 5378 rogamus
2277 5323 2289 5372 ;
2323 5316 2544 5357 excusa
2582 5296 2748 5370 quod
2771 5295 3066 5351 timemus.
3102 5289 3276 5362 (Quia
3302 5295 3363 5344 tu
3394 5303 3456 5343 es
3486 5302 3625 5358 spes

1962 5375 2141 5452 unica
2169 5396 2575 5467 peccatorum,
2597 5402 2704 5459 per
2750 5389 2804 5440 te
2835 5397 3149 5456 speramus
3172 5379 3413 5435 veniam
3443 5375 3624 5432 delic-

1961 5491 2160 5542 torum
2196 5502 2209 5551 ;
2242 5485 2298 5538 et
2322 5481 2385 5536 in
2418 5483 2491 5548 te,
2524 5473 2894 5541 beatissima,
2952 5475 3299 5527 nostrorum
3357 5471 3444 5523 est
3499 5482 3626 5520 exs-

1959 5573 2217 5650 pectatio
2237 5566 2668 5644 praemiorum.)
2705 5566 2920 5621 Sancta
2949 5561 3147 5628 Maria,
3167 5574 3416 5615 succurc
3446 5555 3624 5610 mise-

1958 5665 2066 5736 ris,
2087 5665 2235 5736 juva
2265 5657 2700 5733 pusillanimes,
2733 5653 2933 5710 refove
2958 5650 3205 5717 ﬂebiles,
3238 5663 3342 5703 ora
3374 5661 3482 5717 pro
3521 5659 3627 5736 po-

1959 5729 2129 5829 pulo,
2161 5729 2452 5808 interveni
2479 5762 2590 5821 pro
2621 5744 2779 5804 clero
2806 5740 3101 5800 intercedc
3130 5754 3240 5812 pro
3275 5736 3490 5791 devoto
3543 5729 3621 5784 fc-
