  <div class='ocr_page' id='page_1' title='image "/cluster/home/n/w/nwhite01/storage/ocr_20150623/140-141/uc1.31175018559917/745.png"; bbox 0 0 3958 6408; ppageno 0'>
   <div class='ocr_carea' id='block_1_1' title="bbox 391 279 495 334">
    <p class='ocr_par' dir='ltr' id='par_1_1' title="bbox 391 279 495 334">
     <span class='ocr_line' id='line_1_1' title="bbox 391 279 495 334; baseline 0 0"><span class='ocrx_word' id='word_1_1' title='bbox 391 279 495 334; x_wconf 84' lang='grc'><strong>339</strong></span> 
     </span>
    </p>
   </div>
   <div class='ocr_carea' id='block_1_2' title="bbox 389 401 2048 478">
    <p class='ocr_par' dir='ltr' id='par_1_2' title="bbox 389 401 2048 478">
     <span class='ocr_line' id='line_1_2' title="bbox 389 401 2048 478; baseline 0.001 -20"><span class='ocrx_word' id='word_1_2' title='bbox 389 401 592 459; x_wconf 86' lang='lat' dir='ltr'><strong>mineo</strong></span> <span class='ocrx_word' id='word_1_3' title='bbox 619 418 787 460; x_wconf 82' lang='lat' dir='ltr'><strong>sexu.</strong></span> <span class='ocrx_word' id='word_1_4' title='bbox 810 404 1072 462; x_wconf 87' lang='lat' dir='ltr'><strong>Sentiam</strong></span> <span class='ocrx_word' id='word_1_5' title='bbox 1101 418 1310 460; x_wconf 85' lang='lat' dir='ltr'><strong>omnes</strong></span> <span class='ocrx_word' id='word_1_6' title='bbox 1363 409 1534 460; x_wconf 90' lang='lat' dir='ltr'><strong>tuum</strong></span> <span class='ocrx_word' id='word_1_7' title='bbox 1572 405 1886 477; x_wconf 85' lang='lat' dir='ltr'><strong>juvamen,</strong></span> <span class='ocrx_word' id='word_1_8' title='bbox 1917 403 2048 478; x_wconf 89' lang='lat' dir='ltr'><strong>qui-</strong></span> 
     </span>
    </p>
   </div>
   <div class='ocr_carea' id='block_1_3' title="bbox 390 491 2046 563">
    <p class='ocr_par' dir='ltr' id='par_1_3' title="bbox 390 491 2046 563">
     <span class='ocr_line' id='line_1_3' title="bbox 390 491 2046 563; baseline 0.001 -16"><span class='ocrx_word' id='word_1_9' title='bbox 390 505 628 563; x_wconf 87' lang='lat' dir='ltr'><strong>cunque</strong></span> <span class='ocrx_word' id='word_1_10' title='bbox 644 491 948 548; x_wconf 85' lang='lat' dir='ltr'><strong>celebrant</strong></span> <span class='ocrx_word' id='word_1_11' title='bbox 962 497 1128 548; x_wconf 89' lang='lat' dir='ltr'><strong>tuam</strong></span> <span class='ocrx_word' id='word_1_12' title='bbox 1149 493 1806 550; x_wconf 81' lang='lat' dir='ltr'><strong>commemorationem.</strong></span> <span class='ocrx_word' id='word_1_13' title='bbox 1828 493 2046 549; x_wconf 87' lang='lat' dir='ltr'><strong>Assiste</strong></span> 
     </span>
    </p>
   </div>
   <div class='ocr_carea' id='block_1_4' title="bbox 387 575 2045 654">
    <p class='ocr_par' dir='ltr' id='par_1_4' title="bbox 387 575 2045 654">
     <span class='ocr_line' id='line_1_4' title="bbox 387 575 2045 654; baseline 0.001 -18"><span class='ocrx_word' id='word_1_14' title='bbox 387 583 602 653; x_wconf 87' lang='lat' dir='ltr'><strong>parata</strong></span> <span class='ocrx_word' id='word_1_15' title='bbox 627 581 779 638; x_wconf 87' lang='lat' dir='ltr'><strong>votis</strong></span> <span class='ocrx_word' id='word_1_16' title='bbox 807 575 1204 653; x_wconf 88' lang='lat' dir='ltr'><strong>poscentium,</strong></span> <span class='ocrx_word' id='word_1_17' title='bbox 1237 585 1293 637; x_wconf 89' lang='lat' dir='ltr'><strong>et</strong></span> <span class='ocrx_word' id='word_1_18' title='bbox 1319 583 1582 654; x_wconf 86' lang='lat' dir='ltr'><strong>repende</strong></span> <span class='ocrx_word' id='word_1_19' title='bbox 1621 581 1906 639; x_wconf 82' lang='lat' dir='ltr'><strong>omnibus</strong></span> <span class='ocrx_word' id='word_1_20' title='bbox 1936 597 2045 654; x_wconf 92' lang='lat' dir='ltr'><strong>op-</strong></span> 
     </span>
    </p>
   </div>
   <div class='ocr_carea' id='block_1_5' title="bbox 389 699 2166 736">
    <p class='ocr_par' dir='ltr' id='par_1_5' title="bbox 389 699 2166 736">
     <span class='ocr_line' id='line_1_5' title="bbox 389 699 2166 736; baseline 0.002 -5"><span class='ocrx_word' id='word_1_21' title='bbox 389 699 2166 736; x_wconf 37' lang='grc' dir='ltr'><strong>Μ</strong></span> 
     </span>
    </p>
   </div>
   <div class='ocr_carea' id='block_1_6' title="bbox 2214 699 2328 736">
    <p class='ocr_par' dir='ltr' id='par_1_6' title="bbox 2226 706 2328 728">
     <span class='ocr_line' id='line_1_6' title="bbox 2226 706 2328 728; baseline -0.01 -9"><span class='ocrx_word' id='word_1_22' title='bbox 2226 712 2230 719; x_wconf 71' lang='grc' dir='ltr'><em>ε</em></span> <span class='ocrx_word' id='word_1_23' title='bbox 2244 706 2290 728; x_wconf 59' lang='grc' dir='ltr'><strong>ιτ.</strong></span> <span class='ocrx_word' id='word_1_24' title='bbox 2310 707 2328 716; x_wconf 69' lang='grc' dir='ltr'><strong>ια’</strong></span> 
     </span>
    </p>
   </div>
   <div class='ocr_carea' id='block_1_7' title="bbox 1429 252 2773 339">
    <p class='ocr_par' dir='ltr' id='par_1_7' title="bbox 1429 252 2773 339">
     <span class='ocr_line' id='line_1_7' title="bbox 1429 252 2773 339; baseline -0.007 0"><span class='ocrx_word' id='word_1_25' title='bbox 1429 284 1486 339; x_wconf 91' lang='lat' dir='ltr'><strong>s.</strong></span> <span class='ocrx_word' id='word_1_26' title='bbox 1529 252 1864 338; x_wconf 63' lang='lat' dir='ltr'><strong>runcari</strong></span> <span class='ocrx_word' id='word_1_27' title='bbox 1901 271 2382 336; x_wconf 63' lang='lat' dir='ltr'><strong>CABNOTENSIS</strong></span> <span class='ocrx_word' id='word_1_28' title='bbox 2439 277 2773 334; x_wconf 87' lang='lat' dir='ltr'><strong>EPISCOPI.</strong></span> 
     </span>
    </p>
   </div>
   <div class='ocr_carea' id='block_1_8' title="bbox 3727 281 3849 335">
    <p class='ocr_par' dir='ltr' id='par_1_8' title="bbox 3727 281 3849 335">
     <span class='ocr_line' id='line_1_8' title="bbox 3727 281 3849 335; baseline 0 0"><span class='ocrx_word' id='word_1_29' title='bbox 3727 281 3849 335; x_wconf 70' lang='grc'><strong>340</strong></span> 
     </span>
    </p>
   </div>
   <div class='ocr_carea' id='block_1_9' title="bbox 2155 399 3847 474">
    <p class='ocr_par' dir='ltr' id='par_1_9' title="bbox 2155 399 3847 474">
     <span class='ocr_line' id='line_1_9' title="bbox 2155 399 3847 474; baseline 0 -16"><span class='ocrx_word' id='word_1_30' title='bbox 2155 405 2346 460; x_wconf 89' lang='lat' dir='ltr'><strong>tatum</strong></span> <span class='ocrx_word' id='word_1_31' title='bbox 2366 401 2664 458; x_wconf 75' lang='lat' dir='ltr'><strong>effectum.</strong></span> <span class='ocrx_word' id='word_1_32' title='bbox 2693 401 2774 458; x_wconf 90' lang='lat' dir='ltr'><strong>Sit</strong></span> <span class='ocrx_word' id='word_1_33' title='bbox 2793 401 2899 458; x_wconf 90' lang='lat' dir='ltr'><strong>tibi</strong></span> <span class='ocrx_word' id='word_1_34' title='bbox 2929 401 3196 458; x_wconf 89' lang='lat' dir='ltr'><strong>studium</strong></span> <span class='ocrx_word' id='word_1_35' title='bbox 3225 399 3469 457; x_wconf 87' lang='lat' dir='ltr'><strong>assidue</strong></span> <span class='ocrx_word' id='word_1_36' title='bbox 3499 413 3676 458; x_wconf 86' lang='lat' dir='ltr'><strong>orare</strong></span> <span class='ocrx_word' id='word_1_37' title='bbox 3717 409 3847 474; x_wconf 81' lang='lat' dir='ltr'><strong>pro</strong></span> 
     </span>
    </p>
   </div>
   <div class='ocr_carea' id='block_1_10' title="bbox 2155 484 3846 564">
    <p class='ocr_par' dir='ltr' id='par_1_10' title="bbox 2155 484 3846 564">
     <span class='ocr_line' id='line_1_10' title="bbox 2155 484 3846 564; baseline -0.001 -17"><span class='ocrx_word' id='word_1_38' title='bbox 2155 484 2384 564; x_wconf 75' lang='lat' dir='ltr'><strong>populo</strong></span> <span class='ocrx_word' id='word_1_39' title='bbox 2411 490 2531 559; x_wconf 91' lang='lat' dir='ltr'><strong>Dei,</strong></span> <span class='ocrx_word' id='word_1_40' title='bbox 2559 507 2695 564; x_wconf 75' lang='lat' dir='ltr'><strong>quae</strong></span> <span class='ocrx_word' id='word_1_41' title='bbox 2737 491 3004 547; x_wconf 81' lang='lat' dir='ltr'><strong>meruisti</strong></span> <span class='ocrx_word' id='word_1_42' title='bbox 3048 489 3364 546; x_wconf 81' lang='lat' dir='ltr'><strong>benedicta</strong></span> <span class='ocrx_word' id='word_1_43' title='bbox 3391 489 3652 562; x_wconf 83' lang='lat' dir='ltr'><strong>pretium</strong></span> <span class='ocrx_word' id='word_1_44' title='bbox 3674 490 3846 546; x_wconf 83' lang='lat' dir='ltr'><strong>ferre</strong></span> 
     </span>
    </p>
   </div>
   <div class='ocr_carea' id='block_1_11' title="bbox 2155 579 3759 654">
    <p class='ocr_par' dir='ltr' id='par_1_11' title="bbox 2155 579 3759 654">
     <span class='ocr_line' id='line_1_11' title="bbox 2155 579 3759 654; baseline -0.001 -18"><span class='ocrx_word' id='word_1_45' title='bbox 2155 579 2369 637; x_wconf 89' lang='lat' dir='ltr'><strong>mundi</strong></span> <span class='ocrx_word' id='word_1_46' title='bbox 2397 581 2503 654; x_wconf 87' lang='lat' dir='ltr'><strong>qui</strong></span> <span class='ocrx_word' id='word_1_47' title='bbox 2527 580 2672 638; x_wconf 88' lang='lat' dir='ltr'><strong>vivit</strong></span> <span class='ocrx_word' id='word_1_48' title='bbox 2697 585 2755 636; x_wconf 90' lang='lat' dir='ltr'><strong>et</strong></span> <span class='ocrx_word' id='word_1_49' title='bbox 2782 582 2994 650; x_wconf 75' lang='lat' dir='ltr'><strong>regnat</strong></span> <span class='ocrx_word' id='word_1_50' title='bbox 3017 579 3082 636; x_wconf 89' lang='lat' dir='ltr'><strong>in</strong></span> <span class='ocrx_word' id='word_1_51' title='bbox 3112 579 3332 637; x_wconf 61' lang='lat' dir='ltr'><strong>saecula</strong></span> <span class='ocrx_word' id='word_1_52' title='bbox 3363 580 3759 636; x_wconf 68' lang='lat' dir='ltr'><strong>saeculorum.</strong></span> 
     </span>
    </p>
   </div>
   <div class='ocr_carea' id='block_1_12' title="bbox 2365 706 2625 718">
    <p class='ocr_par' dir='ltr' id='par_1_12' title="bbox 2365 706 2625 718">
     <span class='ocr_line' id='line_1_12' title="bbox 2365 706 2625 718; baseline 0 -4"><span class='ocrx_word' id='word_1_53' title='bbox 2365 706 2435 717; x_wconf 44' lang='lat'><strong>..,—-</strong></span> <span class='ocrx_word' id='word_1_54' title='bbox 2469 706 2625 718; x_wconf 55' lang='grc' dir='ltr'><strong>..υτ-...4,</strong></span> 
     </span>
    </p>
   </div>
   <div class='ocr_carea' id='block_1_13' title="bbox 1307 819 2852 910">
    <p class='ocr_par' dir='ltr' id='par_1_13' title="bbox 1307 819 2852 910">
     <span class='ocr_line' id='line_1_13' title="bbox 1307 819 2852 910; baseline 0 -4"><span class='ocrx_word' id='word_1_55' title='bbox 1307 821 1450 906; x_wconf 86' lang='lat' dir='ltr'><strong>DE</strong></span> <span class='ocrx_word' id='word_1_56' title='bbox 1529 821 2032 910; x_wconf 82' lang='lat' dir='ltr'><strong>PECCATIS</strong></span> <span class='ocrx_word' id='word_1_57' title='bbox 2099 819 2852 908; x_wconf 74' lang='lat' dir='ltr'><strong>CAPITALIBUS.</strong></span> 
     </span>
    </p>
   </div>
   <div class='ocr_carea' id='block_1_14' title="bbox 809 1115 1618 1186">
    <p class='ocr_par' dir='ltr' id='par_1_14' title="bbox 809 1115 1618 1186">
     <span class='ocr_line' id='line_1_14' title="bbox 809 1115 1618 1186; baseline 0.009 -16"><span class='ocrx_word' id='word_1_58' title='bbox 809 1115 898 1172; x_wconf 87' lang='lat' dir='ltr'><strong>De</strong></span> <span class='ocrx_word' id='word_1_59' title='bbox 919 1117 1273 1186; x_wconf 66' lang='lat' dir='ltr'><strong>parhitenlia</strong></span> <span class='ocrx_word' id='word_1_60' title='bbox 1305 1119 1618 1177; x_wconf 77' lang='lat' dir='ltr'><strong>(uicorum.</strong></span> 
     </span>
    </p>
   </div>
   <div class='ocr_carea' id='block_1_15' title="bbox 457 1202 2048 1282">
    <p class='ocr_par' dir='ltr' id='par_1_15' title="bbox 457 1202 2048 1282">
     <span class='ocr_line' id='line_1_15' title="bbox 457 1202 2048 1282; baseline 0.004 -25"><span class='ocrx_word' id='word_1_61' title='bbox 457 1202 511 1258; x_wconf 91' lang='lat' dir='ltr'><strong>Si</strong></span> <span class='ocrx_word' id='word_1_62' title='bbox 547 1203 682 1274; x_wconf 88' lang='lat' dir='ltr'><strong>quis</strong></span> <span class='ocrx_word' id='word_1_63' title='bbox 705 1204 1016 1261; x_wconf 88' lang='lat' dir='ltr'><strong>hominem</strong></span> <span class='ocrx_word' id='word_1_64' title='bbox 1041 1207 1325 1262; x_wconf 90' lang='lat' dir='ltr'><strong>occiderit</strong></span> <span class='ocrx_word' id='word_1_65' title='bbox 1349 1214 1582 1280; x_wconf 89' lang='lat' dir='ltr'><strong>sponte,</strong></span> <span class='ocrx_word' id='word_1_66' title='bbox 1615 1213 1846 1282; x_wconf 84' lang='lat' dir='ltr'><strong>septem</strong></span> <span class='ocrx_word' id='word_1_67' title='bbox 1874 1208 2048 1265; x_wconf 91' lang='lat' dir='ltr'><strong>annis</strong></span> 
     </span>
    </p>
   </div>
   <div class='ocr_carea' id='block_1_16' title="bbox 382 1291 2051 1372">
    <p class='ocr_par' dir='ltr' id='par_1_16' title="bbox 382 1291 2051 1372">
     <span class='ocr_line' id='line_1_16' title="bbox 382 1291 2051 1372; baseline 0.005 -27"><span class='ocrx_word' id='word_1_68' title='bbox 382 1291 686 1363; x_wconf 69' lang='lat' dir='ltr'><strong>poeniteat.</strong></span> <span class='ocrx_word' id='word_1_69' title='bbox 719 1293 775 1350; x_wconf 90' lang='lat' dir='ltr'><strong>Si</strong></span> <span class='ocrx_word' id='word_1_70' title='bbox 805 1291 1190 1363; x_wconf 88' lang='lat' dir='ltr'><strong>immeritum,</strong></span> <span class='ocrx_word' id='word_1_71' title='bbox 1223 1295 1434 1353; x_wconf 89' lang='lat' dir='ltr'><strong>decem</strong></span> <span class='ocrx_word' id='word_1_72' title='bbox 1463 1299 1637 1355; x_wconf 86' lang='lat' dir='ltr'><strong>annis</strong></span> <span class='ocrx_word' id='word_1_73' title='bbox 1662 1299 1965 1372; x_wconf 82' lang='lat' dir='ltr'><strong>poeniteat.</strong></span> <span class='ocrx_word' id='word_1_74' title='bbox 1993 1298 2051 1355; x_wconf 93' lang='lat' dir='ltr'><strong>Si</strong></span> 
     </span>
    </p>
   </div>
   <div class='ocr_carea' id='block_1_17' title="bbox 381 1380 2052 1462">
    <p class='ocr_par' dir='ltr' id='par_1_17' title="bbox 381 1380 2052 1462">
     <span class='ocr_line' id='line_1_17' title="bbox 381 1380 2052 1462; baseline 0.005 -26"><span class='ocrx_word' id='word_1_75' title='bbox 381 1380 728 1453; x_wconf 85' lang='lat' dir='ltr'><strong>diaconum,</strong></span> <span class='ocrx_word' id='word_1_76' title='bbox 750 1385 1207 1456; x_wconf 90' lang='lat' dir='ltr'><strong>quatuordecim</strong></span> <span class='ocrx_word' id='word_1_77' title='bbox 1237 1386 1411 1443; x_wconf 89' lang='lat' dir='ltr'><strong>annis</strong></span> <span class='ocrx_word' id='word_1_78' title='bbox 1449 1389 1753 1462; x_wconf 74' lang='lat' dir='ltr'><strong>pceniteat.</strong></span> <span class='ocrx_word' id='word_1_79' title='bbox 1809 1389 1864 1446; x_wconf 88' lang='lat' dir='ltr'><strong>Si</strong></span> <span class='ocrx_word' id='word_1_80' title='bbox 1886 1405 2052 1461; x_wconf 64' lang='lat' dir='ltr'><strong>pres«</strong></span> 
     </span>
    </p>
   </div>
   <div class='ocr_carea' id='block_1_18' title="bbox 380 1469 2046 1551">
    <p class='ocr_par' dir='ltr' id='par_1_18' title="bbox 380 1469 2046 1551">
     <span class='ocr_line' id='line_1_18' title="bbox 380 1469 2046 1551; baseline 0.004 -26"><span class='ocrx_word' id='word_1_81' title='bbox 380 1469 682 1543; x_wconf 89' lang='lat' dir='ltr'><strong>byterum,</strong></span> <span class='ocrx_word' id='word_1_82' title='bbox 713 1471 923 1544; x_wconf 87' lang='lat' dir='ltr'><strong>viginti</strong></span> <span class='ocrx_word' id='word_1_83' title='bbox 971 1477 1029 1530; x_wconf 90' lang='lat' dir='ltr'><strong>et</strong></span> <span class='ocrx_word' id='word_1_84' title='bbox 1074 1491 1198 1531; x_wconf 90' lang='lat' dir='ltr'><strong>uno</strong></span> <span class='ocrx_word' id='word_1_85' title='bbox 1237 1493 1400 1534; x_wconf 90' lang='lat' dir='ltr'><strong>anno</strong></span> <span class='ocrx_word' id='word_1_86' title='bbox 1456 1477 1758 1550; x_wconf 73' lang='lat' dir='ltr'><strong>poeniteat.</strong></span> <span class='ocrx_word' id='word_1_87' title='bbox 1801 1474 1858 1534; x_wconf 91' lang='lat' dir='ltr'><strong>Si</strong></span> <span class='ocrx_word' id='word_1_88' title='bbox 1908 1477 2046 1551; x_wconf 89' lang='lat' dir='ltr'><strong>quis</strong></span> 
     </span>
    </p>
   </div>
   <div class='ocr_carea' id='block_1_19' title="bbox 380 1558 2050 1639">
    <p class='ocr_par' dir='ltr' id='par_1_19' title="bbox 380 1558 2050 1639">
     <span class='ocr_line' id='line_1_19' title="bbox 380 1558 2050 1639; baseline 0.006 -26"><span class='ocrx_word' id='word_1_89' title='bbox 380 1558 691 1616; x_wconf 89' lang='lat' dir='ltr'><strong>hominem</strong></span> <span class='ocrx_word' id='word_1_90' title='bbox 719 1577 843 1617; x_wconf 90' lang='lat' dir='ltr'><strong>non</strong></span> <span class='ocrx_word' id='word_1_91' title='bbox 870 1568 1081 1634; x_wconf 79' lang='lat' dir='ltr'><strong>sponte</strong></span> <span class='ocrx_word' id='word_1_92' title='bbox 1112 1563 1414 1637; x_wconf 91' lang='lat' dir='ltr'><strong>occiderit,</strong></span> <span class='ocrx_word' id='word_1_93' title='bbox 1473 1566 1661 1622; x_wconf 86' lang='lat' dir='ltr'><strong>tribus</strong></span> <span class='ocrx_word' id='word_1_94' title='bbox 1700 1567 1874 1624; x_wconf 90' lang='lat' dir='ltr'><strong>annis</strong></span> <span class='ocrx_word' id='word_1_95' title='bbox 1926 1583 2050 1639; x_wconf 74' lang='lat' dir='ltr'><strong>poe-</strong></span> 
     </span>
    </p>
   </div>
   <div class='ocr_carea' id='block_1_20' title="bbox 382 1647 2046 1727">
    <p class='ocr_par' dir='ltr' id='par_1_20' title="bbox 382 1647 2046 1727">
     <span class='ocr_line' id='line_1_20' title="bbox 382 1647 2046 1727; baseline 0.005 -25"><span class='ocrx_word' id='word_1_96' title='bbox 382 1647 585 1704; x_wconf 90' lang='lat' dir='ltr'><strong>niteat.</strong></span> <span class='ocrx_word' id='word_1_97' title='bbox 623 1648 680 1706; x_wconf 92' lang='lat' dir='ltr'><strong>Si</strong></span> <span class='ocrx_word' id='word_1_98' title='bbox 711 1649 956 1722; x_wconf 91' lang='lat' dir='ltr'><strong>publico</strong></span> <span class='ocrx_word' id='word_1_99' title='bbox 984 1651 1162 1721; x_wconf 87' lang='lat' dir='ltr'><strong>bello,</strong></span> <span class='ocrx_word' id='word_1_100' title='bbox 1197 1669 1320 1709; x_wconf 91' lang='lat' dir='ltr'><strong>uno</strong></span> <span class='ocrx_word' id='word_1_101' title='bbox 1342 1670 1504 1710; x_wconf 90' lang='lat' dir='ltr'><strong>anno</strong></span> <span class='ocrx_word' id='word_1_102' title='bbox 1525 1655 1895 1727; x_wconf 76' lang='lat' dir='ltr'><strong>poeniteat.Si</strong></span> <span class='ocrx_word' id='word_1_103' title='bbox 1912 1655 2046 1727; x_wconf 90' lang='lat' dir='ltr'><strong>quis</strong></span> 
     </span>
    </p>
   </div>
   <div class='ocr_carea' id='block_1_21' title="bbox 381 1733 2046 1818">
    <p class='ocr_par' dir='ltr' id='par_1_21' title="bbox 381 1733 2046 1818">
     <span class='ocr_line' id='line_1_21' title="bbox 381 1733 2046 1818; baseline 0.005 -27"><span class='ocrx_word' id='word_1_104' title='bbox 381 1733 692 1792; x_wconf 86' lang='lat' dir='ltr'><strong>hominem</strong></span> <span class='ocrx_word' id='word_1_105' title='bbox 723 1737 1136 1810; x_wconf 87' lang='lat' dir='ltr'><strong>debilitaverit,</strong></span> <span class='ocrx_word' id='word_1_106' title='bbox 1171 1742 1365 1798; x_wconf 89' lang='lat' dir='ltr'><strong>tribus</strong></span> <span class='ocrx_word' id='word_1_107' title='bbox 1420 1745 1828 1817; x_wconf 80' lang='lat' dir='ltr'><strong>quadragenis</strong></span> <span class='ocrx_word' id='word_1_108' title='bbox 1853 1745 2046 1818; x_wconf 82' lang='lat' dir='ltr'><strong>poeni-</strong></span> 
     </span>
    </p>
   </div>
   <div class='ocr_carea' id='block_1_22' title="bbox 381 1826 2042 1905">
    <p class='ocr_par' dir='ltr' id='par_1_22' title="bbox 381 1826 2042 1905">
     <span class='ocr_line' id='line_1_22' title="bbox 381 1826 2042 1905; baseline 0.005 -25"><span class='ocrx_word' id='word_1_109' title='bbox 381 1829 518 1882; x_wconf 89' lang='lat' dir='ltr'><strong>teat.</strong></span> <span class='ocrx_word' id='word_1_110' title='bbox 557 1826 614 1884; x_wconf 88' lang='lat' dir='ltr'><strong>Si</strong></span> <span class='ocrx_word' id='word_1_111' title='bbox 643 1827 780 1900; x_wconf 90' lang='lat' dir='ltr'><strong>quis</strong></span> <span class='ocrx_word' id='word_1_112' title='bbox 811 1829 1156 1886; x_wconf 83' lang='lat' dir='ltr'><strong>mémbrum</strong></span> <span class='ocrx_word' id='word_1_113' title='bbox 1210 1832 1541 1905; x_wconf 82' lang='lat' dir='ltr'><strong>principale</strong></span> <span class='ocrx_word' id='word_1_114' title='bbox 1598 1833 1775 1888; x_wconf 89' lang='lat' dir='ltr'><strong>alicui</strong></span> <span class='ocrx_word' id='word_1_115' title='bbox 1828 1833 2042 1901; x_wconf 86' lang='lat' dir='ltr'><strong>tulerit,</strong></span> 
     </span>
    </p>
   </div>
   <div class='ocr_carea' id='block_1_23' title="bbox 379 1914 2048 1994">
    <p class='ocr_par' dir='ltr' id='par_1_23' title="bbox 379 1914 2048 1994">
     <span class='ocr_line' id='line_1_23' title="bbox 379 1914 2048 1994; baseline 0.005 -25"><span class='ocrx_word' id='word_1_116' title='bbox 379 1914 570 1970; x_wconf 89' lang='lat' dir='ltr'><strong>tribus</strong></span> <span class='ocrx_word' id='word_1_117' title='bbox 597 1917 772 1972; x_wconf 90' lang='lat' dir='ltr'><strong>annis</strong></span> <span class='ocrx_word' id='word_1_118' title='bbox 803 1923 859 1974; x_wconf 92' lang='lat' dir='ltr'><strong>et</strong></span> <span class='ocrx_word' id='word_1_119' title='bbox 888 1918 1138 1976; x_wconf 87' lang='lat' dir='ltr'><strong>dimidio</strong></span> <span class='ocrx_word' id='word_1_120' title='bbox 1165 1921 1469 1992; x_wconf 71' lang='lat' dir='ltr'><strong>pmniteat.</strong></span> <span class='ocrx_word' id='word_1_121' title='bbox 1533 1921 1590 1978; x_wconf 91' lang='lat' dir='ltr'><strong>Si</strong></span> <span class='ocrx_word' id='word_1_122' title='bbox 1617 1921 1754 1994; x_wconf 87' lang='lat' dir='ltr'><strong>quis</strong></span> <span class='ocrx_word' id='word_1_123' title='bbox 1787 1921 2048 1977; x_wconf 89' lang='lat' dir='ltr'><strong>sodomi—</strong></span> 
     </span>
    </p>
   </div>
   <div class='ocr_carea' id='block_1_24' title="bbox 380 2003 2047 2084">
    <p class='ocr_par' dir='ltr' id='par_1_24' title="bbox 380 2003 2047 2084">
     <span class='ocr_line' id='line_1_24' title="bbox 380 2003 2047 2084; baseline 0.004 -25"><span class='ocrx_word' id='word_1_124' title='bbox 380 2003 532 2060; x_wconf 89' lang='lat' dir='ltr'><strong>ticus</strong></span> <span class='ocrx_word' id='word_1_125' title='bbox 560 2004 656 2062; x_wconf 91' lang='lat' dir='ltr'><strong>vel</strong></span> <span class='ocrx_word' id='word_1_126' title='bbox 682 2023 821 2062; x_wconf 88' lang='lat' dir='ltr'><strong>cum</strong></span> <span class='ocrx_word' id='word_1_127' title='bbox 844 2008 1077 2080; x_wconf 87' lang='lat' dir='ltr'><strong>pecude</strong></span> <span class='ocrx_word' id='word_1_128' title='bbox 1105 2010 1310 2080; x_wconf 87' lang='lat' dir='ltr'><strong>semel,</strong></span> <span class='ocrx_word' id='word_1_129' title='bbox 1366 2014 1595 2083; x_wconf 89' lang='lat' dir='ltr'><strong>septem</strong></span> <span class='ocrx_word' id='word_1_130' title='bbox 1652 2011 1828 2069; x_wconf 88' lang='lat' dir='ltr'><strong>annis</strong></span> <span class='ocrx_word' id='word_1_131' title='bbox 1859 2011 2047 2084; x_wconf 85' lang='lat' dir='ltr'><strong>poeni-</strong></span> 
     </span>
    </p>
   </div>
   <div class='ocr_carea' id='block_1_25' title="bbox 381 2093 2040 2172">
    <p class='ocr_par' dir='ltr' id='par_1_25' title="bbox 381 2093 2040 2172">
     <span class='ocr_line' id='line_1_25' title="bbox 381 2093 2040 2172; baseline 0.005 -25"><span class='ocrx_word' id='word_1_132' title='bbox 381 2093 518 2148; x_wconf 85' lang='lat' dir='ltr'><strong>teat.</strong></span> <span class='ocrx_word' id='word_1_133' title='bbox 557 2094 614 2150; x_wconf 92' lang='lat' dir='ltr'><strong>Si</strong></span> <span class='ocrx_word' id='word_1_134' title='bbox 639 2097 1039 2160; x_wconf 88' lang='lat' dir='ltr'><strong>consueverit,</strong></span> <span class='ocrx_word' id='word_1_135' title='bbox 1073 2099 1489 2170; x_wconf 88' lang='lat' dir='ltr'><strong>quatordecim</strong></span> <span class='ocrx_word' id='word_1_136' title='bbox 1535 2099 1708 2155; x_wconf 90' lang='lat' dir='ltr'><strong>annis</strong></span> <span class='ocrx_word' id='word_1_137' title='bbox 1737 2100 2040 2172; x_wconf 63' lang='lat' dir='ltr'><strong>paeniteat.</strong></span> 
     </span>
    </p>
   </div>
   <div class='ocr_carea' id='block_1_26' title="bbox 384 2181 2046 2261">
    <p class='ocr_par' dir='ltr' id='par_1_26' title="bbox 384 2181 2046 2261">
     <span class='ocr_line' id='line_1_26' title="bbox 384 2181 2046 2261; baseline 0.002 -23"><span class='ocrx_word' id='word_1_138' title='bbox 384 2181 442 2238; x_wconf 86' lang='lat' dir='ltr'><strong>Si</strong></span> <span class='ocrx_word' id='word_1_139' title='bbox 472 2181 608 2255; x_wconf 90' lang='lat' dir='ltr'><strong>quis</strong></span> <span class='ocrx_word' id='word_1_140' title='bbox 663 2183 991 2241; x_wconf 86' lang='lat' dir='ltr'><strong>fornicatur</strong></span> <span class='ocrx_word' id='word_1_141' title='bbox 1030 2185 1184 2242; x_wconf 91' lang='lat' dir='ltr'><strong>inter</strong></span> <span class='ocrx_word' id='word_1_142' title='bbox 1237 2186 1470 2244; x_wconf 83' lang='lat' dir='ltr'><strong>femora</strong></span> <span class='ocrx_word' id='word_1_143' title='bbox 1527 2187 1730 2256; x_wconf 91' lang='lat' dir='ltr'><strong>semel,</strong></span> <span class='ocrx_word' id='word_1_144' title='bbox 1785 2193 2046 2261; x_wconf 89' lang='lat' dir='ltr'><strong>quatuor</strong></span> 
     </span>
    </p>
   </div>
   <div class='ocr_carea' id='block_1_27' title="bbox 379 2269 2042 2347">
    <p class='ocr_par' dir='ltr' id='par_1_27' title="bbox 379 2269 2042 2347">
     <span class='ocr_line' id='line_1_27' title="bbox 379 2269 2042 2347; baseline 0.004 -21"><span class='ocrx_word' id='word_1_145' title='bbox 379 2269 788 2344; x_wconf 83' lang='lat' dir='ltr'><strong>quadragenis</strong></span> <span class='ocrx_word' id='word_1_146' title='bbox 815 2273 1188 2347; x_wconf 75' lang='lat' dir='ltr'><strong>poeniteat.Si</strong></span> <span class='ocrx_word' id='word_1_147' title='bbox 1203 2277 1598 2344; x_wconf 89' lang='lat' dir='ltr'><strong>consueverit,</strong></span> <span class='ocrx_word' id='word_1_148' title='bbox 1627 2276 1816 2334; x_wconf 90' lang='lat' dir='ltr'><strong>tribus</strong></span> <span class='ocrx_word' id='word_1_149' title='bbox 1831 2277 2042 2346; x_wconf 92' lang='lat' dir='ltr'><strong>annis;</strong></span> 
     </span>
    </p>
   </div>
   <div class='ocr_carea' id='block_1_28' title="bbox 382 2360 2046 2440">
    <p class='ocr_par' dir='ltr' id='par_1_28' title="bbox 382 2360 2046 2440">
     <span class='ocr_line' id='line_1_28' title="bbox 382 2360 2046 2440; baseline 0.004 -23"><span class='ocrx_word' id='word_1_150' title='bbox 382 2360 431 2416; x_wconf 89' lang='lat' dir='ltr'><strong>si</strong></span> <span class='ocrx_word' id='word_1_151' title='bbox 457 2361 746 2434; x_wconf 89' lang='lat' dir='ltr'><strong>parvulus</strong></span> <span class='ocrx_word' id='word_1_152' title='bbox 775 2378 1105 2438; x_wconf 89' lang='lat' dir='ltr'><strong>oppressus</strong></span> <span class='ocrx_word' id='word_1_153' title='bbox 1132 2362 1248 2422; x_wconf 89' lang='lat' dir='ltr'><strong>hoc</strong></span> <span class='ocrx_word' id='word_1_154' title='bbox 1275 2366 1516 2439; x_wconf 89' lang='lat' dir='ltr'><strong>patitur,</strong></span> <span class='ocrx_word' id='word_1_155' title='bbox 1558 2383 1682 2424; x_wconf 89' lang='lat' dir='ltr'><strong>una</strong></span> <span class='ocrx_word' id='word_1_156' title='bbox 1706 2367 2046 2440; x_wconf 84' lang='lat' dir='ltr'><strong>quadrage-</strong></span> 
     </span>
    </p>
   </div>
   <div class='ocr_carea' id='block_1_29' title="bbox 379 2447 2053 2525">
    <p class='ocr_par' dir='ltr' id='par_1_29' title="bbox 379 2447 2053 2525">
     <span class='ocr_line' id='line_1_29' title="bbox 379 2447 2053 2525; baseline 0.003 -23"><span class='ocrx_word' id='word_1_157' title='bbox 379 2461 463 2503; x_wconf 89' lang='lat' dir='ltr'><strong>na</strong></span> <span class='ocrx_word' id='word_1_158' title='bbox 492 2447 795 2520; x_wconf 67' lang='lat' dir='ltr'><strong>paeniteat.</strong></span> <span class='ocrx_word' id='word_1_159' title='bbox 823 2449 880 2506; x_wconf 90' lang='lat' dir='ltr'><strong>Si</strong></span> <span class='ocrx_word' id='word_1_160' title='bbox 909 2465 1018 2522; x_wconf 91' lang='lat' dir='ltr'><strong>per</strong></span> <span class='ocrx_word' id='word_1_161' title='bbox 1069 2465 1130 2506; x_wconf 89' lang='lat' dir='ltr'><strong>se</strong></span> <span class='ocrx_word' id='word_1_162' title='bbox 1155 2450 1378 2524; x_wconf 86' lang='lat' dir='ltr'><strong>ipsum,</strong></span> <span class='ocrx_word' id='word_1_163' title='bbox 1440 2450 1680 2508; x_wconf 88' lang='lat' dir='ltr'><strong>duabus</strong></span> <span class='ocrx_word' id='word_1_164' title='bbox 1709 2452 2020 2525; x_wconf 82' lang='lat' dir='ltr'><strong>quadrage</strong></span> <span class='ocrx_word' id='word_1_165' title='bbox 2040 2485 2053 2494; x_wconf 86' lang='grc'><strong><em>-</em></strong></span> 
     </span>
    </p>
   </div>
   <div class='ocr_carea' id='block_1_30' title="bbox 379 2537 2046 2615">
    <p class='ocr_par' dir='ltr' id='par_1_30' title="bbox 379 2537 2046 2615">
     <span class='ocr_line' id='line_1_30' title="bbox 379 2537 2046 2615; baseline 0.004 -23"><span class='ocrx_word' id='word_1_166' title='bbox 379 2537 474 2592; x_wconf 90' lang='lat' dir='ltr'><strong>nis</strong></span> <span class='ocrx_word' id='word_1_167' title='bbox 503 2537 806 2609; x_wconf 71' lang='lat' dir='ltr'><strong>paeniteat.</strong></span> <span class='ocrx_word' id='word_1_168' title='bbox 844 2538 900 2596; x_wconf 90' lang='lat' dir='ltr'><strong>Si</strong></span> <span class='ocrx_word' id='word_1_169' title='bbox 931 2540 1326 2609; x_wconf 88' lang='lat' dir='ltr'><strong>consueverit,</strong></span> <span class='ocrx_word' id='word_1_170' title='bbox 1378 2558 1503 2598; x_wconf 89' lang='lat' dir='ltr'><strong>uno</strong></span> <span class='ocrx_word' id='word_1_171' title='bbox 1549 2558 1712 2598; x_wconf 89' lang='lat' dir='ltr'><strong>anno</strong></span> <span class='ocrx_word' id='word_1_172' title='bbox 1740 2542 2046 2615; x_wconf 75' lang='lat' dir='ltr'><strong>poeniteat.</strong></span> 
     </span>
    </p>
   </div>
   <div class='ocr_carea' id='block_1_31' title="bbox 383 2625 2048 2704">
    <p class='ocr_par' dir='ltr' id='par_1_31' title="bbox 383 2625 2048 2704">
     <span class='ocr_line' id='line_1_31' title="bbox 383 2625 2048 2704; baseline 0.002 -20"><span class='ocrx_word' id='word_1_173' title='bbox 383 2625 440 2684; x_wconf 88' lang='lat' dir='ltr'><strong>Si</strong></span> <span class='ocrx_word' id='word_1_174' title='bbox 469 2627 606 2700; x_wconf 90' lang='lat' dir='ltr'><strong>quis</strong></span> <span class='ocrx_word' id='word_1_175' title='bbox 639 2627 936 2686; x_wconf 88' lang='lat' dir='ltr'><strong>adulterat</strong></span> <span class='ocrx_word' id='word_1_176' title='bbox 965 2629 1326 2702; x_wconf 90' lang='lat' dir='ltr'><strong>simpliciter,</strong></span> <span class='ocrx_word' id='word_1_177' title='bbox 1355 2631 1624 2704; x_wconf 89' lang='lat' dir='ltr'><strong>quinque</strong></span> <span class='ocrx_word' id='word_1_178' title='bbox 1649 2631 1828 2686; x_wconf 89' lang='lat' dir='ltr'><strong>annis</strong></span> <span class='ocrx_word' id='word_1_179' title='bbox 1859 2632 2048 2704; x_wconf 84' lang='lat' dir='ltr'><strong>poeni-</strong></span> 
     </span>
    </p>
   </div>
   <div class='ocr_carea' id='block_1_32' title="bbox 378 2711 2048 2790">
    <p class='ocr_par' dir='ltr' id='par_1_32' title="bbox 378 2711 2048 2790">
     <span class='ocr_line' id='line_1_32' title="bbox 378 2711 2048 2790; baseline 0.003 -23"><span class='ocrx_word' id='word_1_180' title='bbox 378 2711 518 2768; x_wconf 87' lang='lat' dir='ltr'><strong>teat.</strong></span> <span class='ocrx_word' id='word_1_181' title='bbox 557 2711 614 2770; x_wconf 88' lang='lat' dir='ltr'><strong>Si</strong></span> <span class='ocrx_word' id='word_1_182' title='bbox 637 2713 973 2786; x_wconf 86' lang='lat' dir='ltr'><strong>dupliciter,</strong></span> <span class='ocrx_word' id='word_1_183' title='bbox 1006 2714 1217 2770; x_wconf 92' lang='lat' dir='ltr'><strong>decem</strong></span> <span class='ocrx_word' id='word_1_184' title='bbox 1247 2715 1421 2772; x_wconf 84' lang='lat' dir='ltr'><strong>annis</strong></span> <span class='ocrx_word' id='word_1_185' title='bbox 1470 2716 1776 2789; x_wconf 81' lang='lat' dir='ltr'><strong>poeniteat.</strong></span> <span class='ocrx_word' id='word_1_186' title='bbox 1829 2717 1884 2772; x_wconf 92' lang='lat' dir='ltr'><strong>Si</strong></span> <span class='ocrx_word' id='word_1_187' title='bbox 1913 2717 2048 2790; x_wconf 88' lang='lat' dir='ltr'><strong>quis</strong></span> 
     </span>
    </p>
   </div>
   <div class='ocr_carea' id='block_1_33' title="bbox 377 2802 2048 2876">
    <p class='ocr_par' dir='ltr' id='par_1_33' title="bbox 377 2802 2048 2876">
     <span class='ocr_line' id='line_1_33' title="bbox 377 2802 2048 2876; baseline 0.004 -19"><span class='ocrx_word' id='word_1_188' title='bbox 377 2802 622 2874; x_wconf 89' lang='lat' dir='ltr'><strong>raptum</strong></span> <span class='ocrx_word' id='word_1_189' title='bbox 651 2803 1066 2876; x_wconf 88' lang='lat' dir='ltr'><strong>fecerit,tribus</strong></span> <span class='ocrx_word' id='word_1_190' title='bbox 1103 2806 1302 2875; x_wconf 87' lang='lat' dir='ltr'><strong>annis,</strong></span> <span class='ocrx_word' id='word_1_191' title='bbox 1333 2817 1456 2862; x_wconf 86' lang='lat' dir='ltr'><strong>uno</strong></span> <span class='ocrx_word' id='word_1_192' title='bbox 1479 2807 1554 2862; x_wconf 92' lang='lat' dir='ltr'><strong>de</strong></span> <span class='ocrx_word' id='word_1_193' title='bbox 1574 2805 1670 2863; x_wconf 90' lang='lat' dir='ltr'><strong>his</strong></span> <span class='ocrx_word' id='word_1_194' title='bbox 1686 2805 1830 2863; x_wconf 84' lang='lat' dir='ltr'><strong>foris</strong></span> <span class='ocrx_word' id='word_1_195' title='bbox 1861 2807 2048 2864; x_wconf 83' lang='lat' dir='ltr'><strong>eccle-</strong></span> 
     </span>
    </p>
   </div>
   <div class='ocr_carea' id='block_1_34' title="bbox 383 2889 2048 2970">
    <p class='ocr_par' dir='ltr' id='par_1_34' title="bbox 383 2889 2048 2970">
     <span class='ocr_line' id='line_1_34' title="bbox 383 2889 2048 2970; baseline 0.004 -24"><span class='ocrx_word' id='word_1_196' title='bbox 383 2889 471 2946; x_wconf 86' lang='lat' dir='ltr'><strong>sia</strong></span> <span class='ocrx_word' id='word_1_197' title='bbox 500 2891 802 2964; x_wconf 75' lang='lat' dir='ltr'><strong>paeniteat.</strong></span> <span class='ocrx_word' id='word_1_198' title='bbox 857 2891 914 2950; x_wconf 88' lang='lat' dir='ltr'><strong>Si</strong></span> <span class='ocrx_word' id='word_1_199' title='bbox 939 2893 1075 2966; x_wconf 89' lang='lat' dir='ltr'><strong>quis</strong></span> <span class='ocrx_word' id='word_1_200' title='bbox 1124 2907 1396 2950; x_wconf 89' lang='lat' dir='ltr'><strong>nonnam</strong></span> <span class='ocrx_word' id='word_1_201' title='bbox 1427 2895 1775 2968; x_wconf 86' lang='lat' dir='ltr'><strong>corruperit,</strong></span> <span class='ocrx_word' id='word_1_202' title='bbox 1819 2900 2048 2970; x_wconf 86' lang='lat' dir='ltr'><strong>septem</strong></span> 
     </span>
    </p>
   </div>
   <div class='ocr_carea' id='block_1_35' title="bbox 383 2979 2047 3057">
    <p class='ocr_par' dir='ltr' id='par_1_35' title="bbox 383 2979 2047 3057">
     <span class='ocr_line' id='line_1_35' title="bbox 383 2979 2047 3057; baseline 0.004 -23"><span class='ocrx_word' id='word_1_203' title='bbox 383 2979 556 3036; x_wconf 88' lang='lat' dir='ltr'><strong>annis</strong></span> <span class='ocrx_word' id='word_1_204' title='bbox 589 2981 896 3053; x_wconf 72' lang='lat' dir='ltr'><strong>poeniteat.</strong></span> <span class='ocrx_word' id='word_1_205' title='bbox 933 2982 990 3040; x_wconf 90' lang='lat' dir='ltr'><strong>Si</strong></span> <span class='ocrx_word' id='word_1_206' title='bbox 1015 2983 1150 3054; x_wconf 88' lang='lat' dir='ltr'><strong>quis</strong></span> <span class='ocrx_word' id='word_1_207' title='bbox 1200 2984 1737 3054; x_wconf 86' lang='lat' dir='ltr'><strong>consanguineam,</strong></span> <span class='ocrx_word' id='word_1_208' title='bbox 1778 2985 2047 3057; x_wconf 85' lang='lat' dir='ltr'><strong>quinque</strong></span> 
     </span>
    </p>
   </div>
   <div class='ocr_carea' id='block_1_36' title="bbox 383 3067 2048 3143">
    <p class='ocr_par' dir='ltr' id='par_1_36' title="bbox 383 3067 2048 3143">
     <span class='ocr_line' id='line_1_36' title="bbox 383 3067 2048 3143; baseline 0.004 -19"><span class='ocrx_word' id='word_1_209' title='bbox 383 3069 561 3124; x_wconf 86' lang='lat' dir='ltr'><strong>annis</strong></span> <span class='ocrx_word' id='word_1_210' title='bbox 587 3070 893 3142; x_wconf 85' lang='lat' dir='ltr'><strong>poeniteat.</strong></span> <span class='ocrx_word' id='word_1_211' title='bbox 945 3071 1002 3128; x_wconf 94' lang='lat' dir='ltr'><strong>Si</strong></span> <span class='ocrx_word' id='word_1_212' title='bbox 1047 3067 1184 3143; x_wconf 88' lang='lat' dir='ltr'><strong>quis</strong></span> <span class='ocrx_word' id='word_1_213' title='bbox 1245 3072 1481 3128; x_wconf 88' lang='lat' dir='ltr'><strong>divinos</strong></span> <span class='ocrx_word' id='word_1_214' title='bbox 1529 3074 1802 3142; x_wconf 88' lang='lat' dir='ltr'><strong>consulit,</strong></span> <span class='ocrx_word' id='word_1_215' title='bbox 1859 3074 2048 3130; x_wconf 89' lang='lat' dir='ltr'><strong>tribus</strong></span> 
     </span>
    </p>
   </div>
   <div class='ocr_carea' id='block_1_37' title="bbox 384 3158 2046 3238">
    <p class='ocr_par' dir='ltr' id='par_1_37' title="bbox 384 3158 2046 3238">
     <span class='ocr_line' id='line_1_37' title="bbox 384 3158 2046 3238; baseline 0.004 -25"><span class='ocrx_word' id='word_1_216' title='bbox 384 3158 558 3214; x_wconf 86' lang='lat' dir='ltr'><strong>annis</strong></span> <span class='ocrx_word' id='word_1_217' title='bbox 584 3160 887 3234; x_wconf 68' lang='lat' dir='ltr'><strong>paeniteat.</strong></span> <span class='ocrx_word' id='word_1_218' title='bbox 943 3159 1000 3218; x_wconf 90' lang='lat' dir='ltr'><strong>Si</strong></span> <span class='ocrx_word' id='word_1_219' title='bbox 1057 3161 1192 3234; x_wconf 86' lang='lat' dir='ltr'><strong>quis</strong></span> <span class='ocrx_word' id='word_1_220' title='bbox 1249 3162 1574 3234; x_wconf 89' lang='lat' dir='ltr'><strong>sacrilegus</strong></span> <span class='ocrx_word' id='word_1_221' title='bbox 1629 3163 1726 3220; x_wconf 89' lang='lat' dir='ltr'><strong>vel</strong></span> <span class='ocrx_word' id='word_1_222' title='bbox 1767 3165 2046 3238; x_wconf 83' lang='lat' dir='ltr'><strong>perjnrus</strong></span> 
     </span>
    </p>
   </div>
   <div class='ocr_carea' id='block_1_38' title="bbox 2084 1024 3844 1100">
    <p class='ocr_par' dir='ltr' id='par_1_38' title="bbox 2084 1024 3844 1100">
     <span class='ocr_line' id='line_1_38' title="bbox 2084 1024 3844 1100; baseline -0.001 -16"><span class='ocrx_word' id='word_1_223' title='bbox 2084 1032 2132 1084; x_wconf 82' lang='grc' dir='ltr'><strong>Α</strong></span> <span class='ocrx_word' id='word_1_224' title='bbox 2163 1024 2467 1097; x_wconf 83' lang='lat' dir='ltr'><strong>exstiterit,</strong></span> <span class='ocrx_word' id='word_1_225' title='bbox 2523 1027 2754 1098; x_wconf 87' lang='lat' dir='ltr'><strong>septem</strong></span> <span class='ocrx_word' id='word_1_226' title='bbox 2812 1025 2987 1082; x_wconf 89' lang='lat' dir='ltr'><strong>annis</strong></span> <span class='ocrx_word' id='word_1_227' title='bbox 3045 1025 3350 1098; x_wconf 77' lang='lat' dir='ltr'><strong>prrniteat.</strong></span> <span class='ocrx_word' id='word_1_228' title='bbox 3417 1025 3636 1100; x_wconf 83' lang='lat' dir='ltr'><strong>Siquis</strong></span> <span class='ocrx_word' id='word_1_229' title='bbox 3661 1029 3844 1098; x_wconf 76' lang='lat' dir='ltr'><strong>jUrat</strong></span> 
     </span>
    </p>
   </div>
   <div class='ocr_carea' id='block_1_39' title="bbox 2159 1107 3840 1190">
    <p class='ocr_par' dir='ltr' id='par_1_39' title="bbox 2159 1107 3840 1190">
     <span class='ocr_line' id='line_1_39' title="bbox 2159 1107 3840 1190; baseline 0 -18"><span class='ocrx_word' id='word_1_230' title='bbox 2159 1118 2366 1172; x_wconf 87' lang='lat' dir='ltr'><strong>contra</strong></span> <span class='ocrx_word' id='word_1_231' title='bbox 2389 1131 2626 1188; x_wconf 87' lang='lat' dir='ltr'><strong>pacem,</strong></span> <span class='ocrx_word' id='word_1_232' title='bbox 2663 1107 2785 1172; x_wconf 70' lang='lat' dir='ltr'><strong>uno</strong></span> <span class='ocrx_word' id='word_1_233' title='bbox 2815 1131 2976 1172; x_wconf 90' lang='lat' dir='ltr'><strong>anno</strong></span> <span class='ocrx_word' id='word_1_234' title='bbox 3008 1113 3295 1188; x_wconf 68' lang='lat' dir='ltr'><strong>poeniteat</strong></span> <span class='ocrx_word' id='word_1_235' title='bbox 3323 1131 3463 1172; x_wconf 92' lang='lat' dir='ltr'><strong>cum</strong></span> <span class='ocrx_word' id='word_1_236' title='bbox 3489 1117 3840 1190; x_wconf 83' lang='lat' dir='ltr'><strong>eleemosy-</strong></span> 
     </span>
    </p>
   </div>
   <div class='ocr_carea' id='block_1_40' title="bbox 2156 1205 3842 1279">
    <p class='ocr_par' dir='ltr' id='par_1_40' title="bbox 2156 1205 3842 1279">
     <span class='ocr_line' id='line_1_40' title="bbox 2156 1205 3842 1279; baseline 0 -17"><span class='ocrx_word' id='word_1_237' title='bbox 2156 1206 2272 1273; x_wconf 89' lang='lat' dir='ltr'><strong>nis,</strong></span> <span class='ocrx_word' id='word_1_238' title='bbox 2305 1210 2360 1262; x_wconf 90' lang='lat' dir='ltr'><strong>et</strong></span> <span class='ocrx_word' id='word_1_239' title='bbox 2387 1205 2608 1262; x_wconf 90' lang='lat' dir='ltr'><strong>redeat.</strong></span> <span class='ocrx_word' id='word_1_240' title='bbox 2645 1207 2702 1263; x_wconf 93' lang='lat' dir='ltr'><strong>Si</strong></span> <span class='ocrx_word' id='word_1_241' title='bbox 2731 1205 2869 1279; x_wconf 88' lang='lat' dir='ltr'><strong>quis</strong></span> <span class='ocrx_word' id='word_1_242' title='bbox 2898 1205 3276 1279; x_wconf 89' lang='lat' dir='ltr'><strong>pertinaciter</strong></span> <span class='ocrx_word' id='word_1_243' title='bbox 3305 1206 3449 1276; x_wconf 89' lang='lat' dir='ltr'><strong>odit,</strong></span> <span class='ocrx_word' id='word_1_244' title='bbox 3477 1219 3842 1264; x_wconf 78' lang='lat' dir='ltr'><strong>excommu-</strong></span> 
     </span>
    </p>
   </div>
   <div class='ocr_carea' id='block_1_41' title="bbox 2156 1296 2404 1353">
    <p class='ocr_par' dir='ltr' id='par_1_41' title="bbox 2156 1296 2404 1353">
     <span class='ocr_line' id='line_1_41' title="bbox 2156 1296 2404 1353; baseline -0.008 0"><span class='ocrx_word' id='word_1_245' title='bbox 2156 1296 2404 1353; x_wconf 90' lang='lat' dir='ltr'><strong>nicctur.</strong></span> 
     </span>
    </p>
   </div>
   <div class='ocr_carea' id='block_1_42' title="bbox 2958 1389 3024 1441">
    <p class='ocr_par' dir='ltr' id='par_1_42' title="bbox 2958 1389 3024 1441">
     <span class='ocr_line' id='line_1_42' title="bbox 2958 1389 3024 1441; baseline 0.015 -1"><span class='ocrx_word' id='word_1_246' title='bbox 2958 1389 3024 1441; x_wconf 87' lang='lat' dir='ltr'><strong>ll.</strong></span> 
     </span>
    </p>
   </div>
   <div class='ocr_carea' id='block_1_43' title="bbox 2561 1475 3404 1543">
    <p class='ocr_par' dir='ltr' id='par_1_43' title="bbox 2561 1475 3404 1543">
     <span class='ocr_line' id='line_1_43' title="bbox 2561 1475 3404 1543; baseline 0.001 -14"><span class='ocrx_word' id='word_1_247' title='bbox 2561 1476 2650 1530; x_wconf 82' lang='lat' dir='ltr'><strong>De</strong></span> <span class='ocrx_word' id='word_1_248' title='bbox 2668 1475 3032 1543; x_wconf 71' lang='lat' dir='ltr'><strong>paenitentia</strong></span> <span class='ocrx_word' id='word_1_249' title='bbox 3061 1477 3404 1532; x_wconf 75' lang='lat' dir='ltr'><strong>mulierum.</strong></span> 
     </span>
    </p>
   </div>
   <div class='ocr_carea' id='block_1_44' title="bbox 2232 1553 3843 1636">
    <p class='ocr_par' dir='ltr' id='par_1_44' title="bbox 2232 1553 3843 1636">
     <span class='ocr_line' id='line_1_44' title="bbox 2232 1553 3843 1636; baseline 0.001 -20"><span class='ocrx_word' id='word_1_250' title='bbox 2232 1558 2288 1617; x_wconf 92' lang='lat' dir='ltr'><strong>Si</strong></span> <span class='ocrx_word' id='word_1_251' title='bbox 2319 1575 2444 1633; x_wconf 89' lang='lat' dir='ltr'><strong>qua</strong></span> <span class='ocrx_word' id='word_1_252' title='bbox 2467 1562 2682 1618; x_wconf 91' lang='lat' dir='ltr'><strong>mulier</strong></span> <span class='ocrx_word' id='word_1_253' title='bbox 2709 1561 2950 1619; x_wconf 90' lang='lat' dir='ltr'><strong>duobus</strong></span> <span class='ocrx_word' id='word_1_254' title='bbox 3009 1559 3292 1620; x_wconf 86' lang='lat' dir='ltr'><strong>fratribus</strong></span> <span class='ocrx_word' id='word_1_255' title='bbox 3332 1564 3621 1636; x_wconf 79' lang='lat' dir='ltr'><strong>nupserit,</strong></span> <span class='ocrx_word' id='word_1_256' title='bbox 3654 1553 3843 1636; x_wconf 82' lang='lat' dir='ltr'><strong>quin-</strong></span> 
     </span>
    </p>
   </div>
   <div class='ocr_carea' id='block_1_45' title="bbox 2156 1650 3840 1726">
    <p class='ocr_par' dir='ltr' id='par_1_45' title="bbox 2156 1650 3840 1726">
     <span class='ocr_line' id='line_1_45' title="bbox 2156 1650 3840 1726; baseline 0.001 -22"><span class='ocrx_word' id='word_1_257' title='bbox 2156 1664 2274 1720; x_wconf 89' lang='lat' dir='ltr'><strong>que</strong></span> <span class='ocrx_word' id='word_1_258' title='bbox 2301 1650 2476 1705; x_wconf 87' lang='lat' dir='ltr'><strong>annis</strong></span> <span class='ocrx_word' id='word_1_259' title='bbox 2504 1651 2807 1723; x_wconf 87' lang='lat' dir='ltr'><strong>poeniteat.</strong></span> <span class='ocrx_word' id='word_1_260' title='bbox 2841 1653 2896 1708; x_wconf 90' lang='lat' dir='ltr'><strong>Si</strong></span> <span class='ocrx_word' id='word_1_261' title='bbox 2925 1668 3049 1725; x_wconf 88' lang='lat' dir='ltr'><strong>qua</strong></span> <span class='ocrx_word' id='word_1_262' title='bbox 3078 1657 3320 1726; x_wconf 88' lang='lat' dir='ltr'><strong>partum</strong></span> <span class='ocrx_word' id='word_1_263' title='bbox 3373 1657 3568 1714; x_wconf 89' lang='lat' dir='ltr'><strong>necat,</strong></span> <span class='ocrx_word' id='word_1_264' title='bbox 3603 1655 3710 1708; x_wconf 87' lang='lat' dir='ltr'><strong>aut</strong></span> <span class='ocrx_word' id='word_1_265' title='bbox 3733 1664 3840 1706; x_wconf 77' lang='lat' dir='ltr'><strong>ex-</strong></span> 
     </span>
    </p>
   </div>
   <div class='ocr_carea' id='block_1_46' title="bbox 2156 1738 3839 1813">
    <p class='ocr_par' dir='ltr' id='par_1_46' title="bbox 2156 1738 3839 1813">
     <span class='ocr_line' id='line_1_46' title="bbox 2156 1738 3839 1813; baseline 0.001 -19"><span class='ocrx_word' id='word_1_266' title='bbox 2156 1738 2295 1794; x_wconf 86' lang='lat' dir='ltr'><strong>citat</strong></span> <span class='ocrx_word' id='word_1_267' title='bbox 2319 1744 2530 1812; x_wconf 90' lang='lat' dir='ltr'><strong>sponte</strong></span> <span class='ocrx_word' id='word_1_268' title='bbox 2561 1757 2574 1796; x_wconf 89' lang='lat'><strong>:</strong></span> <span class='ocrx_word' id='word_1_269' title='bbox 2609 1741 2661 1796; x_wconf 90' lang='lat' dir='ltr'><strong>si</strong></span> <span class='ocrx_word' id='word_1_270' title='bbox 2681 1741 2810 1813; x_wconf 90' lang='lat' dir='ltr'><strong>jam</strong></span> <span class='ocrx_word' id='word_1_271' title='bbox 2839 1739 2998 1808; x_wconf 80' lang='lat' dir='ltr'><strong>vivit,</strong></span> <span class='ocrx_word' id='word_1_272' title='bbox 3024 1742 3344 1798; x_wconf 83' lang='lat' dir='ltr'><strong>duodecim</strong></span> <span class='ocrx_word' id='word_1_273' title='bbox 3368 1743 3541 1797; x_wconf 90' lang='lat' dir='ltr'><strong>annis</strong></span> <span class='ocrx_word' id='word_1_274' title='bbox 3577 1761 3588 1810; x_wconf 92' lang='lat'>;</span> <span class='ocrx_word' id='word_1_275' title='bbox 3625 1742 3672 1797; x_wconf 90' lang='lat' dir='ltr'><strong>si</strong></span> <span class='ocrx_word' id='word_1_276' title='bbox 3707 1757 3839 1796; x_wconf 87' lang='lat' dir='ltr'><strong>non</strong></span> 
     </span>
    </p>
   </div>
   <div class='ocr_carea' id='block_1_47' title="bbox 2154 1829 3840 1904">
    <p class='ocr_par' dir='ltr' id='par_1_47' title="bbox 2154 1829 3840 1904">
     <span class='ocr_line' id='line_1_47' title="bbox 2154 1829 3840 1904; baseline 0.001 -20"><span class='ocrx_word' id='word_1_277' title='bbox 2154 1829 2294 1885; x_wconf 81' lang='lat' dir='ltr'><strong>vivit</strong></span> <span class='ocrx_word' id='word_1_278' title='bbox 2325 1831 2543 1898; x_wconf 90' lang='lat' dir='ltr'><strong>adhuc,</strong></span> <span class='ocrx_word' id='word_1_279' title='bbox 2600 1847 2704 1888; x_wconf 77' lang='lat' dir='ltr'><strong>sex</strong></span> <span class='ocrx_word' id='word_1_280' title='bbox 2733 1832 2908 1888; x_wconf 90' lang='lat' dir='ltr'><strong>annis</strong></span> <span class='ocrx_word' id='word_1_281' title='bbox 2963 1836 3099 1904; x_wconf 91' lang='lat' dir='ltr'><strong>post</strong></span> <span class='ocrx_word' id='word_1_282' title='bbox 3136 1832 3422 1903; x_wconf 81' lang='lat' dir='ltr'><strong>poeniteat</strong></span> <span class='ocrx_word' id='word_1_283' title='bbox 3453 1851 3466 1897; x_wconf 90' lang='lat'><strong>;</strong></span> <span class='ocrx_word' id='word_1_284' title='bbox 3501 1837 3554 1886; x_wconf 86' lang='lat' dir='ltr'><strong>et</strong></span> <span class='ocrx_word' id='word_1_285' title='bbox 3587 1839 3840 1904; x_wconf 80' lang='lat' dir='ltr'><strong>semper</strong></span> 
     </span>
    </p>
   </div>
   <div class='ocr_carea' id='block_1_48' title="bbox 2157 1919 3838 1991">
    <p class='ocr_par' dir='ltr' id='par_1_48' title="bbox 2157 1919 3838 1991">
     <span class='ocr_line' id='line_1_48' title="bbox 2157 1919 3838 1991; baseline 0.002 -19"><span class='ocrx_word' id='word_1_286' title='bbox 2157 1923 2321 1974; x_wconf 76' lang='lat' dir='ltr'><strong>sexta</strong></span> <span class='ocrx_word' id='word_1_287' title='bbox 2347 1919 2493 1975; x_wconf 88' lang='lat' dir='ltr'><strong>feria</strong></span> <span class='ocrx_word' id='word_1_288' title='bbox 2511 1921 2758 1991; x_wconf 88' lang='lat' dir='ltr'><strong>jejunet.</strong></span> <span class='ocrx_word' id='word_1_289' title='bbox 2796 1919 2850 1976; x_wconf 92' lang='lat' dir='ltr'><strong>Si</strong></span> <span class='ocrx_word' id='word_1_290' title='bbox 2899 1925 3088 1977; x_wconf 87' lang='lat' dir='ltr'><strong>mater</strong></span> <span class='ocrx_word' id='word_1_291' title='bbox 3133 1919 3440 1976; x_wconf 89' lang='lat' dir='ltr'><strong>dormiens</strong></span> <span class='ocrx_word' id='word_1_292' title='bbox 3490 1919 3686 1976; x_wconf 76' lang='lat' dir='ltr'><strong>tilium</strong></span> <span class='ocrx_word' id='word_1_293' title='bbox 3739 1919 3838 1975; x_wconf 88' lang='lat' dir='ltr'><strong>vel</strong></span> 
     </span>
    </p>
   </div>
   <div class='ocr_carea' id='block_1_49' title="bbox 2155 2007 3838 2082">
    <p class='ocr_par' dir='ltr' id='par_1_49' title="bbox 2155 2007 3838 2082">
     <span class='ocr_line' id='line_1_49' title="bbox 2155 2007 3838 2082; baseline 0.002 -20"><span class='ocrx_word' id='word_1_294' title='bbox 2155 2007 2338 2063; x_wconf 82' lang='lat' dir='ltr'><strong>tiliam</strong></span> <span class='ocrx_word' id='word_1_295' title='bbox 2372 2010 2752 2082; x_wconf 86' lang='lat' dir='ltr'><strong>Oppresserit,</strong></span> <span class='ocrx_word' id='word_1_296' title='bbox 2786 2009 2977 2065; x_wconf 88' lang='lat' dir='ltr'><strong>tribus</strong></span> <span class='ocrx_word' id='word_1_297' title='bbox 3010 2009 3182 2065; x_wconf 87' lang='lat' dir='ltr'><strong>annis</strong></span> <span class='ocrx_word' id='word_1_298' title='bbox 3209 2009 3509 2082; x_wconf 61' lang='lat' dir='ltr'><strong>paeniteat.</strong></span> <span class='ocrx_word' id='word_1_299' title='bbox 3538 2011 3594 2065; x_wconf 89' lang='lat' dir='ltr'><strong>Si</strong></span> <span class='ocrx_word' id='word_1_300' title='bbox 3627 2009 3838 2066; x_wconf 82' lang='lat' dir='ltr'><strong>infans</strong></span> 
     </span>
    </p>
   </div>
   <div class='ocr_carea' id='block_1_50' title="bbox 2155 2097 3834 2174">
    <p class='ocr_par' dir='ltr' id='par_1_50' title="bbox 2155 2097 3834 2174">
     <span class='ocr_line' id='line_1_50' title="bbox 2155 2097 3834 2174; baseline 0.001 -21"><span class='ocrx_word' id='word_1_301' title='bbox 2155 2097 2374 2154; x_wconf 86' lang='lat' dir='ltr'><strong>alicubi</strong></span> <span class='ocrx_word' id='word_1_302' title='bbox 2404 2099 2700 2170; x_wconf 86' lang='lat' dir='ltr'><strong>ceciderit,</strong></span> <span class='ocrx_word' id='word_1_303' title='bbox 2731 2099 2788 2155; x_wconf 90' lang='lat' dir='ltr'><strong>et</strong></span> <span class='ocrx_word' id='word_1_304' title='bbox 2817 2097 3046 2168; x_wconf 79' lang='lat' dir='ltr'><strong>obterit,</strong></span> <span class='ocrx_word' id='word_1_305' title='bbox 3080 2100 3299 2172; x_wconf 85' lang='lat' dir='ltr'><strong>parens</strong></span> <span class='ocrx_word' id='word_1_306' title='bbox 3349 2113 3474 2154; x_wconf 89' lang='lat' dir='ltr'><strong>uno</strong></span> <span class='ocrx_word' id='word_1_307' title='bbox 3504 2113 3668 2154; x_wconf 87' lang='lat' dir='ltr'><strong>anno</strong></span> <span class='ocrx_word' id='word_1_308' title='bbox 3697 2115 3834 2174; x_wconf 60' lang='lat' dir='ltr'><strong>pa?—</strong></span> 
     </span>
    </p>
   </div>
   <div class='ocr_carea' id='block_1_51' title="bbox 2155 2186 3832 2261">
    <p class='ocr_par' dir='ltr' id='par_1_51' title="bbox 2155 2186 3832 2261">
     <span class='ocr_line' id='line_1_51' title="bbox 2155 2186 3832 2261; baseline 0.002 -19"><span class='ocrx_word' id='word_1_309' title='bbox 2155 2186 2355 2243; x_wconf 89' lang='lat' dir='ltr'><strong>niteat.</strong></span> <span class='ocrx_word' id='word_1_310' title='bbox 2388 2188 2445 2244; x_wconf 90' lang='lat' dir='ltr'><strong>Si</strong></span> <span class='ocrx_word' id='word_1_311' title='bbox 2473 2187 2672 2244; x_wconf 84' lang='lat' dir='ltr'><strong>infans</strong></span> <span class='ocrx_word' id='word_1_312' title='bbox 2701 2189 2974 2244; x_wconf 89' lang='lat' dir='ltr'><strong>mortuus</strong></span> <span class='ocrx_word' id='word_1_313' title='bbox 3014 2187 3191 2244; x_wconf 86' lang='lat' dir='ltr'><strong>fuerit</strong></span> <span class='ocrx_word' id='word_1_314' title='bbox 3240 2203 3350 2261; x_wconf 90' lang='lat' dir='ltr'><strong>per</strong></span> <span class='ocrx_word' id='word_1_315' title='bbox 3397 2188 3832 2257; x_wconf 67' lang='lat' dir='ltr'><strong>negligentiam</strong></span> 
     </span>
    </p>
   </div>
   <div class='ocr_carea' id='block_1_52' title="bbox 2157 2275 3832 2350">
    <p class='ocr_par' dir='ltr' id='par_1_52' title="bbox 2157 2275 3832 2350">
     <span class='ocr_line' id='line_1_52' title="bbox 2157 2275 3832 2350; baseline 0.002 -20"><span class='ocrx_word' id='word_1_316' title='bbox 2157 2275 2282 2331; x_wconf 87' lang='lat' dir='ltr'><strong>sine</strong></span> <span class='ocrx_word' id='word_1_317' title='bbox 2311 2277 2638 2350; x_wconf 87' lang='lat' dir='ltr'><strong>baptismo,</strong></span> <span class='ocrx_word' id='word_1_318' title='bbox 2674 2277 2862 2334; x_wconf 90' lang='lat' dir='ltr'><strong>tribus</strong></span> <span class='ocrx_word' id='word_1_319' title='bbox 2887 2277 3062 2333; x_wconf 90' lang='lat' dir='ltr'><strong>annis</strong></span> <span class='ocrx_word' id='word_1_320' title='bbox 3090 2277 3374 2350; x_wconf 73' lang='lat' dir='ltr'><strong>poeniteat</strong></span> <span class='ocrx_word' id='word_1_321' title='bbox 3409 2296 3421 2346; x_wconf 90' lang='lat'>;</span> <span class='ocrx_word' id='word_1_322' title='bbox 3464 2292 3586 2333; x_wconf 84' lang='lat' dir='ltr'><strong>uno</strong></span> <span class='ocrx_word' id='word_1_323' title='bbox 3629 2295 3704 2334; x_wconf 83' lang='lat' dir='ltr'><strong>ex</strong></span> <span class='ocrx_word' id='word_1_324' title='bbox 3734 2279 3832 2334; x_wconf 89' lang='lat' dir='ltr'><strong>his</strong></span> 
     </span>
    </p>
   </div>
   <div class='ocr_carea' id='block_1_53' title="bbox 2158 2363 3831 2440">
    <p class='ocr_par' dir='ltr' id='par_1_53' title="bbox 2158 2363 3831 2440">
     <span class='ocr_line' id='line_1_53' title="bbox 2158 2363 3831 2440; baseline 0.003 -20"><span class='ocrx_word' id='word_1_325' title='bbox 2158 2363 2321 2436; x_wconf 87' lang='lat' dir='ltr'><strong>foris,</strong></span> <span class='ocrx_word' id='word_1_326' title='bbox 2346 2371 2402 2422; x_wconf 94' lang='lat' dir='ltr'><strong>et</strong></span> <span class='ocrx_word' id='word_1_327' title='bbox 2431 2383 2671 2440; x_wconf 88' lang='lat' dir='ltr'><strong>semper</strong></span> <span class='ocrx_word' id='word_1_328' title='bbox 2696 2370 2862 2423; x_wconf 86' lang='lat' dir='ltr'><strong>sexta</strong></span> <span class='ocrx_word' id='word_1_329' title='bbox 2914 2366 3062 2424; x_wconf 84' lang='lat' dir='ltr'><strong>feria</strong></span> <span class='ocrx_word' id='word_1_330' title='bbox 3108 2365 3360 2438; x_wconf 90' lang='lat' dir='ltr'><strong>jejunet.</strong></span> <span class='ocrx_word' id='word_1_331' title='bbox 3414 2363 3626 2424; x_wconf 83' lang='lat' dir='ltr'><strong>Fidelis</strong></span> <span class='ocrx_word' id='word_1_332' title='bbox 3670 2367 3831 2424; x_wconf 89' lang='lat' dir='ltr'><strong>bene</strong></span> 
     </span>
    </p>
   </div>
   <div class='ocr_carea' id='block_1_54' title="bbox 2161 2452 3831 2528">
    <p class='ocr_par' dir='ltr' id='par_1_54' title="bbox 2161 2452 3831 2528">
     <span class='ocr_line' id='line_1_54' title="bbox 2161 2452 3831 2528; baseline 0.003 -19"><span class='ocrx_word' id='word_1_333' title='bbox 2161 2455 2370 2510; x_wconf 88' lang='lat' dir='ltr'><strong>vivens</strong></span> <span class='ocrx_word' id='word_1_334' title='bbox 2410 2473 2656 2512; x_wconf 90' lang='lat' dir='ltr'><strong>securus</strong></span> <span class='ocrx_word' id='word_1_335' title='bbox 2708 2456 2847 2512; x_wconf 90' lang='lat' dir='ltr'><strong>hinc</strong></span> <span class='ocrx_word' id='word_1_336' title='bbox 2895 2455 3031 2512; x_wconf 73' lang='lat' dir='ltr'><strong>exit.</strong></span> <span class='ocrx_word' id='word_1_337' title='bbox 3080 2456 3423 2528; x_wconf 85' lang='lat' dir='ltr'><strong>Baptizatus</strong></span> <span class='ocrx_word' id='word_1_338' title='bbox 3479 2452 3556 2512; x_wconf 87' lang='lat' dir='ltr'><strong>ad</strong></span> <span class='ocrx_word' id='word_1_339' title='bbox 3608 2457 3831 2514; x_wconf 87' lang='lat' dir='ltr'><strong>horam</strong></span> 
     </span>
    </p>
   </div>
   <div class='ocr_carea' id='block_1_55' title="bbox 2160 2543 3832 2616">
    <p class='ocr_par' dir='ltr' id='par_1_55' title="bbox 2160 2543 3832 2616">
     <span class='ocr_line' id='line_1_55' title="bbox 2160 2543 3832 2616; baseline 0.002 -18"><span class='ocrx_word' id='word_1_340' title='bbox 2160 2557 2346 2612; x_wconf 83' lang='lat' dir='ltr'><strong>agens</strong></span> <span class='ocrx_word' id='word_1_341' title='bbox 2375 2544 2790 2616; x_wconf 72' lang='lat' dir='ltr'><strong>paenitentiam</strong></span> <span class='ocrx_word' id='word_1_342' title='bbox 2821 2543 2968 2600; x_wconf 89' lang='lat' dir='ltr'><strong>dum</strong></span> <span class='ocrx_word' id='word_1_343' title='bbox 3019 2555 3206 2599; x_wconf 75' lang='lat' dir='ltr'><strong>sanas</strong></span> <span class='ocrx_word' id='word_1_344' title='bbox 3237 2550 3325 2600; x_wconf 91' lang='lat' dir='ltr'><strong>est</strong></span> <span class='ocrx_word' id='word_1_345' title='bbox 3379 2549 3434 2600; x_wconf 90' lang='lat' dir='ltr'><strong>et</strong></span> <span class='ocrx_word' id='word_1_346' title='bbox 3485 2545 3832 2602; x_wconf 81' lang='lat' dir='ltr'><strong>reconcilia-</strong></span> 
     </span>
    </p>
   </div>
   <div class='ocr_carea' id='block_1_56' title="bbox 2157 2633 3834 2707">
    <p class='ocr_par' dir='ltr' id='par_1_56' title="bbox 2157 2633 3834 2707">
     <span class='ocr_line' id='line_1_56' title="bbox 2157 2633 3834 2707; baseline 0.004 -21"><span class='ocrx_word' id='word_1_347' title='bbox 2157 2633 2272 2702; x_wconf 88' lang='lat' dir='ltr'><strong>tus,</strong></span> <span class='ocrx_word' id='word_1_348' title='bbox 2297 2635 2354 2687; x_wconf 88' lang='lat' dir='ltr'><strong>et</strong></span> <span class='ocrx_word' id='word_1_349' title='bbox 2383 2637 2596 2705; x_wconf 89' lang='lat' dir='ltr'><strong>postea</strong></span> <span class='ocrx_word' id='word_1_350' title='bbox 2641 2633 2796 2688; x_wconf 90' lang='lat' dir='ltr'><strong>bene</strong></span> <span class='ocrx_word' id='word_1_351' title='bbox 2848 2633 2988 2688; x_wconf 87' lang='lat' dir='ltr'><strong>vivit</strong></span> <span class='ocrx_word' id='word_1_352' title='bbox 3043 2649 3307 2689; x_wconf 85' lang='lat' dir='ltr'><strong>securus.</strong></span> <span class='ocrx_word' id='word_1_353' title='bbox 3341 2633 3469 2702; x_wconf 85' lang='lat' dir='ltr'><strong>Qui,</strong></span> <span class='ocrx_word' id='word_1_354' title='bbox 3502 2635 3739 2707; x_wconf 71' lang='lat' dir='ltr'><strong>positas</strong></span> <span class='ocrx_word' id='word_1_355' title='bbox 3769 2635 3834 2692; x_wconf 91' lang='lat' dir='ltr'><strong>in</strong></span> 
     </span>
    </p>
   </div>
   <div class='ocr_carea' id='block_1_57' title="bbox 2156 2720 3830 2796">
    <p class='ocr_par' dir='ltr' id='par_1_57' title="bbox 2156 2720 3830 2796">
     <span class='ocr_line' id='line_1_57' title="bbox 2156 2720 3830 2796; baseline 0.002 -20"><span class='ocrx_word' id='word_1_356' title='bbox 2156 2720 2368 2777; x_wconf 83' lang='lat' dir='ltr'><strong>ultima</strong></span> <span class='ocrx_word' id='word_1_357' title='bbox 2418 2722 2793 2792; x_wconf 86' lang='lat' dir='ltr'><strong>necessitate,</strong></span> <span class='ocrx_word' id='word_1_358' title='bbox 2835 2721 3254 2796; x_wconf 79' lang='lat' dir='ltr'><strong>paenitentiam</strong></span> <span class='ocrx_word' id='word_1_359' title='bbox 3308 2721 3523 2795; x_wconf 70' lang='lat' dir='ltr'><strong>accipit</strong></span> <span class='ocrx_word' id='word_1_360' title='bbox 3579 2727 3633 2779; x_wconf 87' lang='lat' dir='ltr'><strong>et</strong></span> <span class='ocrx_word' id='word_1_361' title='bbox 3687 2725 3830 2793; x_wconf 77' lang='lat' dir='ltr'><strong>exit,</strong></span> 
     </span>
    </p>
   </div>
   <div class='ocr_carea' id='block_1_58' title="bbox 2155 2809 3834 2887">
    <p class='ocr_par' dir='ltr' id='par_1_58' title="bbox 2155 2809 3834 2887">
     <span class='ocr_line' id='line_1_58' title="bbox 2155 2809 3834 2887; baseline 0.002 -21"><span class='ocrx_word' id='word_1_362' title='bbox 2155 2809 2364 2878; x_wconf 87' lang='lat' dir='ltr'><strong>fateor,</strong></span> <span class='ocrx_word' id='word_1_363' title='bbox 2397 2826 2522 2868; x_wconf 92' lang='lat' dir='ltr'><strong>non</strong></span> <span class='ocrx_word' id='word_1_364' title='bbox 2551 2811 2635 2866; x_wconf 91' lang='lat' dir='ltr'><strong>illi</strong></span> <span class='ocrx_word' id='word_1_365' title='bbox 2653 2826 2949 2881; x_wconf 87' lang='lat' dir='ltr'><strong>negamus</strong></span> <span class='ocrx_word' id='word_1_366' title='bbox 2979 2811 3146 2884; x_wconf 88' lang='lat' dir='ltr'><strong>quod</strong></span> <span class='ocrx_word' id='word_1_367' title='bbox 3175 2813 3338 2884; x_wconf 86' lang='lat' dir='ltr'><strong>petit,</strong></span> <span class='ocrx_word' id='word_1_368' title='bbox 3388 2811 3491 2868; x_wconf 78' lang='lat' dir='ltr'><strong>sed</strong></span> <span class='ocrx_word' id='word_1_369' title='bbox 3521 2826 3646 2868; x_wconf 88' lang='lat' dir='ltr'><strong>non</strong></span> <span class='ocrx_word' id='word_1_370' title='bbox 3672 2825 3834 2887; x_wconf 71' lang='lat' dir='ltr'><strong>prae-</strong></span> 
     </span>
    </p>
   </div>
   <div class='ocr_carea' id='block_1_59' title="bbox 2158 2893 3829 2972">
    <p class='ocr_par' dir='ltr' id='par_1_59' title="bbox 2158 2893 3829 2972">
     <span class='ocr_line' id='line_1_59' title="bbox 2158 2893 3829 2972; baseline 0.004 -19"><span class='ocrx_word' id='word_1_371' title='bbox 2158 2913 2336 2954; x_wconf 88' lang='lat' dir='ltr'><strong>sumo</strong></span> <span class='ocrx_word' id='word_1_372' title='bbox 2367 2899 2564 2954; x_wconf 84' lang='lat' dir='ltr'><strong>dicere</strong></span> <span class='ocrx_word' id='word_1_373' title='bbox 2594 2900 2738 2972; x_wconf 86' lang='lat' dir='ltr'><strong>quia</strong></span> <span class='ocrx_word' id='word_1_374' title='bbox 2767 2899 2924 2955; x_wconf 89' lang='lat' dir='ltr'><strong>bene</strong></span> <span class='ocrx_word' id='word_1_375' title='bbox 2955 2897 3092 2954; x_wconf 79' lang='lat' dir='ltr'><strong>exit.</strong></span> <span class='ocrx_word' id='word_1_376' title='bbox 3153 2903 3238 2956; x_wconf 94' lang='lat' dir='ltr'><strong>Do</strong></span> <span class='ocrx_word' id='word_1_377' title='bbox 3287 2915 3428 2969; x_wconf 72' lang='lat' dir='ltr'><strong>ergo</strong></span> <span class='ocrx_word' id='word_1_378' title='bbox 3459 2893 3780 2958; x_wconf 86' lang='lat' dir='ltr'><strong>consilium</strong></span> <span class='ocrx_word' id='word_1_379' title='bbox 3816 2923 3829 2960; x_wconf 92' lang='lat'><strong>:</strong></span> 
     </span>
    </p>
   </div>
   <div class='ocr_carea' id='block_1_60' title="bbox 2155 2987 3834 3061">
    <p class='ocr_par' dir='ltr' id='par_1_60' title="bbox 2155 2987 3834 3061">
     <span class='ocr_line' id='line_1_60' title="bbox 2155 2987 3834 3061; baseline 0.003 -18"><span class='ocrx_word' id='word_1_380' title='bbox 2155 2987 2384 3044; x_wconf 79' lang='lat' dir='ltr'><strong>dimitte</strong></span> <span class='ocrx_word' id='word_1_381' title='bbox 2413 2988 2727 3056; x_wconf 89' lang='lat' dir='ltr'><strong>incertum,</strong></span> <span class='ocrx_word' id='word_1_382' title='bbox 2767 2993 2826 3045; x_wconf 91' lang='lat' dir='ltr'><strong>et</strong></span> <span class='ocrx_word' id='word_1_383' title='bbox 2878 2987 3009 3044; x_wconf 85' lang='lat' dir='ltr'><strong>tene</strong></span> <span class='ocrx_word' id='word_1_384' title='bbox 3059 2993 3308 3061; x_wconf 88' lang='lat' dir='ltr'><strong>certum,</strong></span> <span class='ocrx_word' id='word_1_385' title='bbox 3361 2995 3422 3046; x_wconf 90' lang='lat' dir='ltr'><strong>ut</strong></span> <span class='ocrx_word' id='word_1_386' title='bbox 3461 2991 3610 3046; x_wconf 88' lang='lat' dir='ltr'><strong>dum</strong></span> <span class='ocrx_word' id='word_1_387' title='bbox 3641 3006 3834 3049; x_wconf 88' lang='lat' dir='ltr'><strong>sanus</strong></span> 
     </span>
    </p>
   </div>
   <div class='ocr_carea' id='block_1_61' title="bbox 2153 3075 3834 3150">
    <p class='ocr_par' dir='ltr' id='par_1_61' title="bbox 2153 3075 3834 3150">
     <span class='ocr_line' id='line_1_61' title="bbox 2153 3075 3834 3150; baseline 0.004 -18"><span class='ocrx_word' id='word_1_388' title='bbox 2153 3091 2216 3132; x_wconf 87' lang='lat' dir='ltr'><strong>es</strong></span> <span class='ocrx_word' id='word_1_389' title='bbox 2245 3093 2393 3148; x_wconf 86' lang='lat' dir='ltr'><strong>agas</strong></span> <span class='ocrx_word' id='word_1_390' title='bbox 2448 3075 2883 3150; x_wconf 72' lang='lat' dir='ltr'><strong>paenitentiam,</strong></span> <span class='ocrx_word' id='word_1_391' title='bbox 2939 3082 3002 3134; x_wconf 89' lang='lat' dir='ltr'><strong>ut</strong></span> <span class='ocrx_word' id='word_1_392' title='bbox 3050 3081 3324 3134; x_wconf 82' lang='lat' dir='ltr'><strong>mortuus</strong></span> <span class='ocrx_word' id='word_1_393' title='bbox 3379 3079 3608 3136; x_wconf 79' lang='lat' dir='ltr'><strong>habeas</strong></span> <span class='ocrx_word' id='word_1_394' title='bbox 3663 3097 3834 3138; x_wconf 84' lang='lat' dir='ltr'><strong>secu-</strong></span> 
     </span>
    </p>
   </div>
   <div class='ocr_carea' id='block_1_62' title="bbox 2152 3165 2409 3223">
    <p class='ocr_par' dir='ltr' id='par_1_62' title="bbox 2152 3165 2409 3223">
     <span class='ocr_line' id='line_1_62' title="bbox 2152 3165 2409 3223; baseline 0 -1"><span class='ocrx_word' id='word_1_395' title='bbox 2152 3165 2409 3223; x_wconf 87' lang='lat' dir='ltr'><strong>ritatem.</strong></span> 
     </span>
    </p>
   </div>
   <div class='ocr_carea' id='block_1_63' title="bbox 1274 3490 2954 3613">
    <p class='ocr_par' dir='ltr' id='par_1_63' title="bbox 1274 3490 2954 3613">
     <span class='ocr_line' id='line_1_63' title="bbox 1274 3490 2954 3613; baseline 0.003 -5"><span class='ocrx_word' id='word_1_396' title='bbox 1274 3490 1954 3610; x_wconf 55' lang='grc' dir='ltr'><strong>ΞΑΜΟΤῙ</strong></span> <span class='ocrx_word' id='word_1_397' title='bbox 2057 3493 2954 3613; x_wconf 65' lang='grc' dir='ltr'><strong>ΓῌΕΒΕΒΤῙ</strong></span> 
     </span>
    </p>
   </div>
   <div class='ocr_carea' id='block_1_64' title="bbox 1685 3675 2519 3735">
    <p class='ocr_par' dir='ltr' id='par_1_64' title="bbox 1685 3675 2519 3735">
     <span class='ocr_line' id='line_1_64' title="bbox 1685 3675 2519 3735; baseline 0.008 -7"><span class='ocrx_word' id='word_1_398' title='bbox 1685 3675 2166 3734; x_wconf 83' lang='lat' dir='ltr'><strong>CARNOTENSIS</strong></span> <span class='ocrx_word' id='word_1_399' title='bbox 2205 3679 2519 3735; x_wconf 84' lang='lat' dir='ltr'><strong>EPISCOPI</strong></span> 
     </span>
    </p>
   </div>
   <div class='ocr_carea' id='block_1_65' title="bbox 734 3849 3474 4002">
    <p class='ocr_par' dir='ltr' id='par_1_65' title="bbox 734 3849 3474 4002">
     <span class='ocr_line' id='line_1_65' title="bbox 734 3849 3474 4002; baseline 0.003 -33"><span class='ocrx_word' id='word_1_400' title='bbox 734 3849 1224 3972; x_wconf 71' lang='lat' dir='ltr'><strong>arum</strong></span> <span class='ocrx_word' id='word_1_401' title='bbox 1263 3981 1268 3988; x_wconf 66' lang='grc'><em>,</em></span> <span class='ocrx_word' id='word_1_402' title='bbox 1309 3855 1488 4002; x_wconf 73' lang='lat' dir='ltr'><strong>Er</strong></span> <span class='ocrx_word' id='word_1_403' title='bbox 1573 3853 2226 3974; x_wconf 47' lang='lat' dir='ltr'><strong>etim-nm</strong></span> <span class='ocrx_word' id='word_1_404' title='bbox 2331 3855 3474 3978; x_wconf 60' lang='lat' dir='ltr'><strong>ECCLESMS&#39;nei.</strong></span> 
     </span>
    </p>
   </div>
   <div class='ocr_carea' id='block_1_66' title="bbox 1677 4041 2553 4116">
    <p class='ocr_par' dir='ltr' id='par_1_66' title="bbox 1677 4041 2553 4116">
     <span class='ocr_line' id='line_1_66' title="bbox 1677 4041 2553 4116; baseline 0 -18"><span class='ocrx_word' id='word_1_405' title='bbox 1677 4041 1988 4112; x_wconf 75' lang='lat' dir='ltr'><strong>(Biblioth.</strong></span> <span class='ocrx_word' id='word_1_406' title='bbox 2021 4041 2197 4099; x_wconf 79' lang='grc' dir='ltr'><strong>Ραεν.</strong></span> <span class='ocrx_word' id='word_1_407' title='bbox 2221 4042 2404 4112; x_wconf 76' lang='lat' dir='ltr'><strong>mu,</strong></span> <span class='ocrx_word' id='word_1_408' title='bbox 2435 4043 2553 4116; x_wconf 83' lang='grc'><strong>48.)</strong></span> 
     </span>
    </p>
   </div>
   <div class='ocr_carea' id='block_1_67' title="bbox 1893 4164 2316 4214">
    <p class='ocr_par' dir='ltr' id='par_1_67' title="bbox 1893 4164 2316 4214">
     <span class='ocr_line' id='line_1_67' title="bbox 1893 4164 2316 4214; baseline 0 -28"><span class='ocrx_word' id='word_1_409' title='bbox 1893 4164 2316 4214; x_wconf 45' lang='grc' dir='ltr'><strong><em>ψ</em></strong></span> 
     </span>
    </p>
   </div>
   <div class='ocr_carea' id='block_1_68' title="bbox 1195 4301 1238 4354">
    <p class='ocr_par' dir='ltr' id='par_1_68' title="bbox 1195 4301 1238 4354">
     <span class='ocr_line' id='line_1_68' title="bbox 1195 4301 1238 4354; baseline -0.047 0"><span class='ocrx_word' id='word_1_410' title='bbox 1195 4301 1238 4354; x_wconf 92' lang='grc' dir='ltr'><strong>Ι.</strong></span> 
     </span>
    </p>
   </div>
   <div class='ocr_carea' id='block_1_69' title="bbox 554 4401 1878 4444">
    <p class='ocr_par' dir='ltr' id='par_1_69' title="bbox 554 4401 1878 4444">
     <span class='ocr_line' id='line_1_69' title="bbox 554 4401 1878 4444; baseline -0.002 -2"><span class='ocrx_word' id='word_1_411' title='bbox 554 4401 777 4444; x_wconf 73' lang='lat' dir='ltr'><strong>HYMNUS</strong></span> <span class='ocrx_word' id='word_1_412' title='bbox 809 4401 909 4444; x_wconf 71' lang='grc' dir='ltr'><strong>εει]</strong></span> <span class='ocrx_word' id='word_1_413' title='bbox 938 4403 1117 4444; x_wconf 69' lang='lat' dir='ltr'><strong>PROSA</strong></span> <span class='ocrx_word' id='word_1_414' title='bbox 1149 4403 1216 4442; x_wconf 80' lang='lat' dir='ltr'><strong>DE</strong></span> <span class='ocrx_word' id='word_1_415' title='bbox 1243 4403 1458 4444; x_wconf 78' lang='lat' dir='ltr'><strong>SANCTO</strong></span> <span class='ocrx_word' id='word_1_416' title='bbox 1499 4403 1878 4444; x_wconf 77' lang='lat' dir='ltr'><strong>PANTALEONE.</strong></span> 
     </span>
    </p>
   </div>
   <div class='ocr_carea' id='block_1_70' title="bbox 459 4477 2051 4547">
    <p class='ocr_par' dir='ltr' id='par_1_70' title="bbox 459 4477 2051 4547">
     <span class='ocr_line' id='line_1_70' title="bbox 459 4477 2051 4547; baseline 0.001 -13"><span class='ocrx_word' id='word_1_417' title='bbox 459 4479 723 4544; x_wconf 82' lang='lat' dir='ltr'><strong>Quantas</strong></span> <span class='ocrx_word' id='word_1_418' title='bbox 751 4477 945 4533; x_wconf 71' lang='lat' dir='ltr'><strong>caedes</strong></span> <span class='ocrx_word' id='word_1_419' title='bbox 970 4477 1284 4534; x_wconf 87' lang='lat' dir='ltr'><strong>Christiani</strong></span> <span class='ocrx_word' id='word_1_420' title='bbox 1307 4477 1504 4547; x_wconf 83' lang='lat' dir='ltr'><strong>gregis</strong></span> <span class='ocrx_word' id='word_1_421' title='bbox 1528 4477 1908 4545; x_wconf 87' lang='lat' dir='ltr'><strong>inhorruerit,</strong></span> <span class='ocrx_word' id='word_1_422' title='bbox 1937 4479 2051 4535; x_wconf 88' lang='lat' dir='ltr'><strong>sub</strong></span> 
     </span>
    </p>
   </div>
   <div class='ocr_carea' id='block_1_71' title="bbox 385 4567 2050 4641">
    <p class='ocr_par' dir='ltr' id='par_1_71' title="bbox 385 4567 2050 4641">
     <span class='ocr_line' id='line_1_71' title="bbox 385 4567 2050 4641; baseline 0.001 -17"><span class='ocrx_word' id='word_1_423' title='bbox 385 4567 723 4624; x_wconf 77' lang='lat' dir='ltr'><strong>Maximiani</strong></span> <span class='ocrx_word' id='word_1_424' title='bbox 773 4567 1089 4641; x_wconf 89' lang='lat' dir='ltr'><strong>quondam</strong></span> <span class='ocrx_word' id='word_1_425' title='bbox 1135 4567 1326 4640; x_wconf 88' lang='lat' dir='ltr'><strong>impia</strong></span> <span class='ocrx_word' id='word_1_426' title='bbox 1373 4567 1714 4640; x_wconf 85' lang='lat' dir='ltr'><strong>tyrannide,</strong></span> <span class='ocrx_word' id='word_1_427' title='bbox 1767 4568 2050 4626; x_wconf 73' lang='lat' dir='ltr'><strong>revolutae</strong></span> 
     </span>
    </p>
   </div>
   <div class='ocr_carea' id='block_1_72' title="bbox 385 4659 1531 4732">
    <p class='ocr_par' dir='ltr' id='par_1_72' title="bbox 385 4659 1531 4732">
     <span class='ocr_line' id='line_1_72' title="bbox 385 4659 1531 4732; baseline 0.001 -17"><span class='ocrx_word' id='word_1_428' title='bbox 385 4659 774 4716; x_wconf 74' lang='lat' dir='ltr'><strong>manifestam</strong></span> <span class='ocrx_word' id='word_1_429' title='bbox 808 4659 1243 4732; x_wconf 86' lang='lat' dir='ltr'><strong>scripturarum</strong></span> <span class='ocrx_word' id='word_1_430' title='bbox 1272 4659 1531 4732; x_wconf 66' lang='lat' dir='ltr'><strong>paginae.</strong></span> 
     </span>
    </p>
   </div>
   <div class='ocr_carea' id='block_1_73' title="bbox 455 4749 2050 4822">
    <p class='ocr_par' dir='ltr' id='par_1_73' title="bbox 455 4749 2050 4822">
     <span class='ocr_line' id='line_1_73' title="bbox 455 4749 2050 4822; baseline 0.001 -17"><span class='ocrx_word' id='word_1_431' title='bbox 455 4751 617 4805; x_wconf 84' lang='lat' dir='ltr'><strong>Tunc</strong></span> <span class='ocrx_word' id='word_1_432' title='bbox 646 4749 1034 4806; x_wconf 84' lang='lat' dir='ltr'><strong>Eustorchius</strong></span> <span class='ocrx_word' id='word_1_433' title='bbox 1093 4752 1336 4805; x_wconf 86' lang='lat' dir='ltr'><strong>senator</strong></span> <span class='ocrx_word' id='word_1_434' title='bbox 1393 4749 1646 4822; x_wconf 89' lang='lat' dir='ltr'><strong>quidam</strong></span> <span class='ocrx_word' id='word_1_435' title='bbox 1691 4749 2050 4806; x_wconf 76' lang='lat' dir='ltr'><strong>Nicomediae</strong></span> 
     </span>
    </p>
   </div>
   <div class='ocr_carea' id='block_1_74' title="bbox 384 4836 2054 4911">
    <p class='ocr_par' dir='ltr' id='par_1_74' title="bbox 384 4836 2054 4911">
     <span class='ocr_line' id='line_1_74' title="bbox 384 4836 2054 4911; baseline 0 -17"><span class='ocrx_word' id='word_1_436' title='bbox 384 4837 716 4908; x_wconf 83' lang='lat' dir='ltr'><strong>habitabat,</strong></span> <span class='ocrx_word' id='word_1_437' title='bbox 743 4839 996 4911; x_wconf 88' lang='lat' dir='ltr'><strong>quidam</strong></span> <span class='ocrx_word' id='word_1_438' title='bbox 1027 4840 1084 4893; x_wconf 81' lang='lat' dir='ltr'><strong>et</strong></span> <span class='ocrx_word' id='word_1_439' title='bbox 1110 4840 1288 4893; x_wconf 89' lang='lat' dir='ltr'><strong>natus</strong></span> <span class='ocrx_word' id='word_1_440' title='bbox 1317 4837 1562 4892; x_wconf 86' lang='lat' dir='ltr'><strong>nomine</strong></span> <span class='ocrx_word' id='word_1_441' title='bbox 1613 4836 1958 4906; x_wconf 84' lang='lat' dir='ltr'><strong>Pantaleon,</strong></span> <span class='ocrx_word' id='word_1_442' title='bbox 1995 4842 2054 4895; x_wconf 93' lang='lat' dir='ltr'><strong>et</strong></span> 
     </span>
    </p>
   </div>
   <div class='ocr_carea' id='block_1_75' title="bbox 385 4923 1535 5001">
    <p class='ocr_par' dir='ltr' id='par_1_75' title="bbox 385 4923 1535 5001">
     <span class='ocr_line' id='line_1_75' title="bbox 385 4923 1535 5001; baseline -0.003 -17"><span class='ocrx_word' id='word_1_443' title='bbox 385 4927 600 4984; x_wconf 89' lang='lat' dir='ltr'><strong>decore</strong></span> <span class='ocrx_word' id='word_1_444' title='bbox 632 4923 928 5001; x_wconf 83' lang='lat' dir='ltr'><strong>corporali</strong></span> <span class='ocrx_word' id='word_1_445' title='bbox 960 4925 1159 4983; x_wconf 87' lang='lat' dir='ltr'><strong>clarus</strong></span> <span class='ocrx_word' id='word_1_446' title='bbox 1188 4929 1246 4982; x_wconf 91' lang='lat' dir='ltr'><strong>et</strong></span> <span class='ocrx_word' id='word_1_447' title='bbox 1272 4924 1535 4996; x_wconf 87' lang='lat' dir='ltr'><strong>ingenio.</strong></span> 
     </span>
    </p>
   </div>
   <div class='ocr_carea' id='block_1_76' title="bbox 458 5012 2051 5089">
    <p class='ocr_par' dir='ltr' id='par_1_76' title="bbox 458 5012 2051 5089">
     <span class='ocr_line' id='line_1_76' title="bbox 458 5012 2051 5089; baseline -0.002 -16"><span class='ocrx_word' id='word_1_448' title='bbox 458 5016 624 5074; x_wconf 91' lang='lat' dir='ltr'><strong>Unde</strong></span> <span class='ocrx_word' id='word_1_449' title='bbox 651 5020 840 5089; x_wconf 89' lang='lat' dir='ltr'><strong>pater,</strong></span> <span class='ocrx_word' id='word_1_450' title='bbox 892 5025 1060 5071; x_wconf 85' lang='lat' dir='ltr'><strong>more</strong></span> <span class='ocrx_word' id='word_1_451' title='bbox 1110 5019 1374 5087; x_wconf 85' lang='lat' dir='ltr'><strong>patrum,</strong></span> <span class='ocrx_word' id='word_1_452' title='bbox 1413 5012 1598 5070; x_wconf 73' lang='lat' dir='ltr'><strong>laetus</strong></span> <span class='ocrx_word' id='word_1_453' title='bbox 1647 5029 1719 5070; x_wconf 85' lang='lat' dir='ltr'><strong>ac</strong></span> <span class='ocrx_word' id='word_1_454' title='bbox 1765 5014 2051 5072; x_wconf 90' lang='lat' dir='ltr'><strong>sollicitus</strong></span> 
     </span>
    </p>
   </div>
   <div class='ocr_carea' id='block_1_77' title="bbox 385 5098 2053 5176">
    <p class='ocr_par' dir='ltr' id='par_1_77' title="bbox 385 5098 2053 5176">
     <span class='ocr_line' id='line_1_77' title="bbox 385 5098 2053 5176; baseline 0.001 -17"><span class='ocrx_word' id='word_1_455' title='bbox 385 5098 521 5160; x_wconf 82' lang='lat' dir='ltr'><strong>fecit</strong></span> <span class='ocrx_word' id='word_1_456' title='bbox 549 5119 690 5160; x_wconf 91' lang='lat' dir='ltr'><strong>eum</strong></span> <span class='ocrx_word' id='word_1_457' title='bbox 709 5103 983 5160; x_wconf 88' lang='lat' dir='ltr'><strong>liberales</strong></span> <span class='ocrx_word' id='word_1_458' title='bbox 1007 5108 1164 5160; x_wconf 83' lang='lat' dir='ltr'><strong>artes</strong></span> <span class='ocrx_word' id='word_1_459' title='bbox 1184 5101 1659 5176; x_wconf 88' lang='lat' dir='ltr'><strong>apprehendere,</strong></span> <span class='ocrx_word' id='word_1_460' title='bbox 1673 5106 1739 5160; x_wconf 86' lang='lat' dir='ltr'><strong>ut</strong></span> <span class='ocrx_word' id='word_1_461' title='bbox 1759 5119 1884 5160; x_wconf 90' lang='lat' dir='ltr'><strong>non</strong></span> <span class='ocrx_word' id='word_1_462' title='bbox 1899 5107 2053 5160; x_wconf 89' lang='lat' dir='ltr'><strong>esset</strong></span> 
     </span>
    </p>
   </div>
   <div class='ocr_carea' id='block_1_78' title="bbox 387 5184 1355 5267">
    <p class='ocr_par' dir='ltr' id='par_1_78' title="bbox 387 5184 1355 5267">
     <span class='ocr_line' id='line_1_78' title="bbox 387 5184 1355 5267; baseline 0 -19"><span class='ocrx_word' id='word_1_463' title='bbox 387 5193 661 5266; x_wconf 85' lang='lat' dir='ltr'><strong>speciosa</strong></span> <span class='ocrx_word' id='word_1_464' title='bbox 686 5184 924 5267; x_wconf 88' lang='lat' dir='ltr'><strong>lampas</strong></span> <span class='ocrx_word' id='word_1_465' title='bbox 951 5193 1079 5250; x_wconf 89' lang='lat' dir='ltr'><strong>sine</strong></span> <span class='ocrx_word' id='word_1_466' title='bbox 1107 5191 1355 5249; x_wconf 90' lang='lat' dir='ltr'><strong>lumine.</strong></span> 
     </span>
    </p>
   </div>
   <div class='ocr_carea' id='block_1_79' title="bbox 457 5280 2056 5355">
    <p class='ocr_par' dir='ltr' id='par_1_79' title="bbox 457 5280 2056 5355">
     <span class='ocr_line' id='line_1_79' title="bbox 457 5280 2056 5355; baseline 0.001 -18"><span class='ocrx_word' id='word_1_467' title='bbox 457 5283 610 5337; x_wconf 90' lang='lat' dir='ltr'><strong>Tum</strong></span> <span class='ocrx_word' id='word_1_468' title='bbox 633 5280 934 5338; x_wconf 81' lang='lat' dir='ltr'><strong>discendae</strong></span> <span class='ocrx_word' id='word_1_469' title='bbox 964 5282 1244 5340; x_wconf 85' lang='lat' dir='ltr'><strong>salutaris</strong></span> <span class='ocrx_word' id='word_1_470' title='bbox 1275 5281 1602 5355; x_wconf 60' lang='lat' dir='ltr'><strong>disciplina:</strong></span> <span class='ocrx_word' id='word_1_471' title='bbox 1629 5281 1838 5352; x_wconf 84' lang='lat' dir='ltr'><strong>gratia,</strong></span> <span class='ocrx_word' id='word_1_472' title='bbox 1872 5282 2056 5339; x_wconf 87' lang='lat' dir='ltr'><strong>medi-</strong></span> 
     </span>
    </p>
   </div>
   <div class='ocr_carea' id='block_1_80' title="bbox 389 5367 2054 5444">
    <p class='ocr_par' dir='ltr' id='par_1_80' title="bbox 389 5367 2054 5444">
     <span class='ocr_line' id='line_1_80' title="bbox 389 5367 2054 5444; baseline 0.001 -20"><span class='ocrx_word' id='word_1_473' title='bbox 389 5374 460 5424; x_wconf 79' lang='lat' dir='ltr'><strong>e’o</strong></span> <span class='ocrx_word' id='word_1_474' title='bbox 489 5367 828 5424; x_wconf 76' lang='lat' dir='ltr'><strong>Maximiani</strong></span> <span class='ocrx_word' id='word_1_475' title='bbox 883 5370 1125 5427; x_wconf 81' lang='lat' dir='ltr'><strong>tradidit</strong></span> <span class='ocrx_word' id='word_1_476' title='bbox 1168 5370 1566 5444; x_wconf 88' lang='lat' dir='ltr'><strong>Euphrosino,</strong></span> <span class='ocrx_word' id='word_1_477' title='bbox 1633 5387 1757 5444; x_wconf 90' lang='lat' dir='ltr'><strong>quo</strong></span> <span class='ocrx_word' id='word_1_478' title='bbox 1807 5371 2054 5428; x_wconf 85' lang='lat' dir='ltr'><strong>ductore</strong></span> 
     </span>
    </p>
   </div>
   <div class='ocr_carea' id='block_1_81' title="bbox 393 5454 1405 5533">
    <p class='ocr_par' dir='ltr' id='par_1_81' title="bbox 393 5454 1405 5533">
     <span class='ocr_line' id='line_1_81' title="bbox 393 5454 1405 5533; baseline 0.005 -21"><span class='ocrx_word' id='word_1_479' title='bbox 393 5454 576 5528; x_wconf 80' lang='lat' dir='ltr'><strong>ccepit</strong></span> <span class='ocrx_word' id='word_1_480' title='bbox 603 5461 731 5509; x_wconf 88' lang='lat' dir='ltr'><strong>esse</strong></span> <span class='ocrx_word' id='word_1_481' title='bbox 759 5457 1042 5529; x_wconf 82' lang='lat' dir='ltr'><strong>frequens</strong></span> <span class='ocrx_word' id='word_1_482' title='bbox 1069 5459 1130 5516; x_wconf 89' lang='lat' dir='ltr'><strong>in</strong></span> <span class='ocrx_word' id='word_1_483' title='bbox 1158 5458 1405 5533; x_wconf 84' lang='lat' dir='ltr'><strong>palatio.</strong></span> 
     </span>
    </p>
   </div>
   <div class='ocr_carea' id='block_1_82' title="bbox 466 5547 2057 5619">
    <p class='ocr_par' dir='ltr' id='par_1_82' title="bbox 466 5547 2057 5619">
     <span class='ocr_line' id='line_1_82' title="bbox 466 5547 2057 5619; baseline 0.005 -22"><span class='ocrx_word' id='word_1_484' title='bbox 466 5547 796 5613; x_wconf 86' lang='lat' dir='ltr'><strong>Imperator</strong></span> <span class='ocrx_word' id='word_1_485' title='bbox 823 5550 1046 5613; x_wconf 88' lang='lat' dir='ltr'><strong>autem,</strong></span> <span class='ocrx_word' id='word_1_486' title='bbox 1078 5549 1206 5618; x_wconf 87' lang='lat' dir='ltr'><strong>ejus</strong></span> <span class='ocrx_word' id='word_1_487' title='bbox 1254 5547 1573 5608; x_wconf 89' lang='lat' dir='ltr'><strong>honestata</strong></span> <span class='ocrx_word' id='word_1_488' title='bbox 1611 5551 1871 5619; x_wconf 80' lang='lat' dir='ltr'><strong>cognita,</strong></span> <span class='ocrx_word' id='word_1_489' title='bbox 1899 5567 2057 5606; x_wconf 78' lang='lat' dir='ltr'><strong>asse-</strong></span> 
     </span>
    </p>
   </div>
   <div class='ocr_carea' id='block_1_83' title="bbox 391 5631 2055 5713">
    <p class='ocr_par' dir='ltr' id='par_1_83' title="bbox 391 5631 2055 5713">
     <span class='ocr_line' id='line_1_83' title="bbox 391 5631 2055 5713; baseline 0.004 -25"><span class='ocrx_word' id='word_1_490' title='bbox 391 5631 490 5699; x_wconf 87' lang='lat' dir='ltr'><strong>rit,</strong></span> <span class='ocrx_word' id='word_1_491' title='bbox 525 5645 596 5685; x_wconf 91' lang='lat' dir='ltr'><strong>ac</strong></span> <span class='ocrx_word' id='word_1_492' title='bbox 625 5636 1058 5704; x_wconf 87' lang='lat' dir='ltr'><strong>consequenter</strong></span> <span class='ocrx_word' id='word_1_493' title='bbox 1085 5640 1438 5694; x_wconf 86' lang='lat' dir='ltr'><strong>attestantur</strong></span> <span class='ocrx_word' id='word_1_494' title='bbox 1481 5639 1600 5705; x_wconf 88' lang='lat' dir='ltr'><strong>alii,</strong></span> <span class='ocrx_word' id='word_1_495' title='bbox 1650 5640 1835 5708; x_wconf 72' lang='lat' dir='ltr'><strong>digna</strong></span> <span class='ocrx_word' id='word_1_496' title='bbox 1889 5638 2055 5713; x_wconf 86' lang='lat' dir='ltr'><strong>quod</strong></span> 
     </span>
    </p>
   </div>
   <div class='ocr_carea' id='block_1_84' title="bbox 393 5719 1306 5807">
    <p class='ocr_par' dir='ltr' id='par_1_84' title="bbox 393 5719 1306 5807">
     <span class='ocr_line' id='line_1_84' title="bbox 393 5719 1306 5807; baseline 0.013 -32"><span class='ocrx_word' id='word_1_497' title='bbox 393 5733 664 5807; x_wconf 78' lang='lat' dir='ltr'><strong>persona</strong></span> <span class='ocrx_word' id='word_1_498' title='bbox 692 5719 822 5783; x_wconf 85' lang='lat' dir='ltr'><strong>talis</strong></span> <span class='ocrx_word' id='word_1_499' title='bbox 850 5722 1045 5785; x_wconf 82' lang='lat' dir='ltr'><strong>astare</strong></span> <span class='ocrx_word' id='word_1_500' title='bbox 1075 5725 1306 5787; x_wconf 72' lang='lat' dir='ltr'><strong>Caesari.</strong></span> 
     </span>
    </p>
   </div>
   <div class='ocr_carea' id='block_1_85' title="bbox 2089 4298 3821 4372">
    <p class='ocr_par' dir='ltr' id='par_1_85' title="bbox 2089 4298 3821 4372">
     <span class='ocr_line' id='line_1_85' title="bbox 2089 4298 3821 4372; baseline -0.001 -14"><span class='ocrx_word' id='word_1_501' title='bbox 2089 4301 2132 4358; x_wconf 92' lang='lat' dir='ltr'>C</span> <span class='ocrx_word' id='word_1_502' title='bbox 2226 4303 2381 4355; x_wconf 85' lang='lat' dir='ltr'><strong>Inter</strong></span> <span class='ocrx_word' id='word_1_503' title='bbox 2405 4299 2556 4368; x_wconf 72' lang='lat' dir='ltr'><strong>haec,</strong></span> <span class='ocrx_word' id='word_1_504' title='bbox 2579 4299 2830 4371; x_wconf 91' lang='lat' dir='ltr'><strong>quidam</strong></span> <span class='ocrx_word' id='word_1_505' title='bbox 2876 4298 3158 4355; x_wconf 86' lang='lat' dir='ltr'><strong>sacerdos</strong></span> <span class='ocrx_word' id='word_1_506' title='bbox 3186 4299 3245 4354; x_wconf 91' lang='lat' dir='ltr'><strong>in</strong></span> <span class='ocrx_word' id='word_1_507' title='bbox 3295 4299 3511 4356; x_wconf 90' lang='lat' dir='ltr'><strong>eodem</strong></span> <span class='ocrx_word' id='word_1_508' title='bbox 3572 4300 3821 4372; x_wconf 89' lang='lat' dir='ltr'><strong>oppido,</strong></span> 
     </span>
    </p>
   </div>
   <div class='ocr_carea' id='block_1_86' title="bbox 2159 4388 3822 4462">
    <p class='ocr_par' dir='ltr' id='par_1_86' title="bbox 2159 4388 3822 4462">
     <span class='ocr_line' id='line_1_86' title="bbox 2159 4388 3822 4462; baseline 0.001 -17"><span class='ocrx_word' id='word_1_509' title='bbox 2159 4393 2546 4461; x_wconf 87' lang='lat' dir='ltr'><strong>nuncupatus</strong></span> <span class='ocrx_word' id='word_1_510' title='bbox 2581 4388 2949 4452; x_wconf 70' lang='lat' dir='ltr'><strong>Hermolaus,</strong></span> <span class='ocrx_word' id='word_1_511' title='bbox 2987 4393 3147 4444; x_wconf 89' lang='lat' dir='ltr'><strong>metu</strong></span> <span class='ocrx_word' id='word_1_512' title='bbox 3170 4389 3311 4443; x_wconf 66' lang='lat' dir='ltr'><strong>srevi</strong></span> <span class='ocrx_word' id='word_1_513' title='bbox 3337 4389 3650 4462; x_wconf 86' lang='lat' dir='ltr'><strong>principis,</strong></span> <span class='ocrx_word' id='word_1_514' title='bbox 3682 4389 3822 4446; x_wconf 84' lang='lat' dir='ltr'><strong>late-</strong></span> 
     </span>
    </p>
   </div>
   <div class='ocr_carea' id='block_1_87' title="bbox 2159 4477 3328 4546">
    <p class='ocr_par' dir='ltr' id='par_1_87' title="bbox 2159 4477 3328 4546">
     <span class='ocr_line' id='line_1_87' title="bbox 2159 4477 3328 4546; baseline -0.001 -11"><span class='ocrx_word' id='word_1_515' title='bbox 2159 4478 2272 4535; x_wconf 90' lang='lat' dir='ltr'><strong>bra</strong></span> <span class='ocrx_word' id='word_1_516' title='bbox 2304 4495 2368 4534; x_wconf 89' lang='lat' dir='ltr'><strong>se</strong></span> <span class='ocrx_word' id='word_1_517' title='bbox 2397 4477 2765 4534; x_wconf 85' lang='lat' dir='ltr'><strong>recondebat</strong></span> <span class='ocrx_word' id='word_1_518' title='bbox 2792 4477 3074 4533; x_wconf 62' lang='lat' dir='ltr'><strong>obsoleta:</strong></span> <span class='ocrx_word' id='word_1_519' title='bbox 3096 4479 3328 4546; x_wconf 84' lang='lat' dir='ltr'><strong>tegetis.</strong></span> 
     </span>
    </p>
   </div>
   <div class='ocr_carea' id='block_1_88' title="bbox 2232 4585 3824 4658">
    <p class='ocr_par' dir='ltr' id='par_1_88' title="bbox 2232 4585 3824 4658">
     <span class='ocr_line' id='line_1_88' title="bbox 2232 4585 3824 4658; baseline 0.002 -20"><span class='ocrx_word' id='word_1_520' title='bbox 2232 4587 2362 4648; x_wconf 83' lang='lat' dir='ltr'><strong>Qua</strong></span> <span class='ocrx_word' id='word_1_521' title='bbox 2413 4585 2836 4640; x_wconf 87' lang='lat' dir='ltr'><strong>Pantaleonem</strong></span> <span class='ocrx_word' id='word_1_522' title='bbox 2911 4601 3069 4657; x_wconf 80' lang='lat' dir='ltr'><strong>saepe</strong></span> <span class='ocrx_word' id='word_1_523' title='bbox 3129 4589 3534 4640; x_wconf 84' lang='lat' dir='ltr'><strong>transeuntem</strong></span> <span class='ocrx_word' id='word_1_524' title='bbox 3592 4586 3824 4658; x_wconf 88' lang='lat' dir='ltr'><strong>conspi-</strong></span> 
     </span>
    </p>
   </div>
   <div class='ocr_carea' id='block_1_89' title="bbox 2159 4674 3826 4747">
    <p class='ocr_par' dir='ltr' id='par_1_89' title="bbox 2159 4674 3826 4747">
     <span class='ocr_line' id='line_1_89' title="bbox 2159 4674 3826 4747; baseline 0.001 -19"><span class='ocrx_word' id='word_1_525' title='bbox 2159 4687 2325 4740; x_wconf 88' lang='lat' dir='ltr'><strong>cans,</strong></span> <span class='ocrx_word' id='word_1_526' title='bbox 2357 4689 2464 4730; x_wconf 87' lang='lat' dir='ltr'><strong>vas</strong></span> <span class='ocrx_word' id='word_1_527' title='bbox 2495 4674 2796 4730; x_wconf 84' lang='lat' dir='ltr'><strong>electionis</strong></span> <span class='ocrx_word' id='word_1_528' title='bbox 2826 4692 2954 4730; x_wconf 86' lang='lat' dir='ltr'><strong>esse</strong></span> <span class='ocrx_word' id='word_1_529' title='bbox 2986 4675 3278 4746; x_wconf 86' lang='lat' dir='ltr'><strong>comperit</strong></span> <span class='ocrx_word' id='word_1_530' title='bbox 3306 4690 3412 4747; x_wconf 85' lang='lat' dir='ltr'><strong>per</strong></span> <span class='ocrx_word' id='word_1_531' title='bbox 3436 4674 3741 4746; x_wconf 84' lang='lat' dir='ltr'><strong>Spiritum,</strong></span> <span class='ocrx_word' id='word_1_532' title='bbox 3771 4680 3826 4731; x_wconf 88' lang='lat' dir='ltr'><strong>et</strong></span> 
     </span>
    </p>
   </div>
   <div class='ocr_carea' id='block_1_90' title="bbox 2157 4763 3524 4836">
    <p class='ocr_par' dir='ltr' id='par_1_90' title="bbox 2157 4763 3524 4836">
     <span class='ocr_line' id='line_1_90' title="bbox 2157 4763 3524 4836; baseline 0.001 -18"><span class='ocrx_word' id='word_1_533' title='bbox 2157 4763 2430 4820; x_wconf 81' lang='lat' dir='ltr'><strong>modeste</strong></span> <span class='ocrx_word' id='word_1_534' title='bbox 2459 4763 2803 4836; x_wconf 83' lang='lat' dir='ltr'><strong>provocavit</strong></span> <span class='ocrx_word' id='word_1_535' title='bbox 2830 4764 2991 4820; x_wconf 87' lang='lat' dir='ltr'><strong>int-us</strong></span> <span class='ocrx_word' id='word_1_536' title='bbox 3023 4763 3100 4819; x_wconf 81' lang='lat' dir='ltr'><strong>ad</strong></span> <span class='ocrx_word' id='word_1_537' title='bbox 3133 4763 3524 4836; x_wconf 86' lang='lat' dir='ltr'><strong>colloquium.</strong></span> 
     </span>
    </p>
   </div>
   <div class='ocr_carea' id='block_1_91' title="bbox 2233 4865 3819 4946">
    <p class='ocr_par' dir='ltr' id='par_1_91' title="bbox 2233 4865 3819 4946">
     <span class='ocr_line' id='line_1_91' title="bbox 2233 4865 3819 4946; baseline 0.001 -22"><span class='ocrx_word' id='word_1_538' title='bbox 2233 4871 2452 4934; x_wconf 66' lang='lat' dir='ltr'><strong>Quaerit</strong></span> <span class='ocrx_word' id='word_1_539' title='bbox 2507 4888 2649 4941; x_wconf 83' lang='lat' dir='ltr'><strong>ergo</strong></span> <span class='ocrx_word' id='word_1_540' title='bbox 2692 4887 2938 4939; x_wconf 84' lang='lat' dir='ltr'><strong>nomen,</strong></span> <span class='ocrx_word' id='word_1_541' title='bbox 2967 4884 3157 4941; x_wconf 81' lang='lat' dir='ltr'><strong>genus</strong></span> <span class='ocrx_word' id='word_1_542' title='bbox 3189 4865 3576 4945; x_wconf 80' lang='lat' dir='ltr'><strong>studiumque</strong></span> <span class='ocrx_word' id='word_1_543' title='bbox 3635 4872 3819 4946; x_wconf 85' lang='lat' dir='ltr'><strong>pueri,</strong></span> 
     </span>
    </p>
   </div>
   <div class='ocr_carea' id='block_1_92' title="bbox 2157 4960 3820 5035">
    <p class='ocr_par' dir='ltr' id='par_1_92' title="bbox 2157 4960 3820 5035">
     <span class='ocr_line' id='line_1_92' title="bbox 2157 4960 3820 5035; baseline 0.003 -22"><span class='ocrx_word' id='word_1_544' title='bbox 2157 4960 2372 5032; x_wconf 53' lang='lat' dir='ltr'><strong>quierit</strong></span> <span class='ocrx_word' id='word_1_545' title='bbox 2411 4965 2656 5017; x_wconf 85' lang='lat' dir='ltr'><strong>sectam.</strong></span> <span class='ocrx_word' id='word_1_546' title='bbox 2721 4961 2816 5016; x_wconf 84' lang='lat' dir='ltr'><strong>Ille</strong></span> <span class='ocrx_word' id='word_1_547' title='bbox 2863 4967 3081 5018; x_wconf 86' lang='lat' dir='ltr'><strong>notans</strong></span> <span class='ocrx_word' id='word_1_548' title='bbox 3107 4961 3497 5035; x_wconf 72' lang='lat' dir='ltr'><strong>quzesitorum</strong></span> <span class='ocrx_word' id='word_1_549' title='bbox 3529 4962 3820 5030; x_wconf 85' lang='lat' dir='ltr'><strong>ordinem,</strong></span> 
     </span>
    </p>
   </div>
   <div class='ocr_carea' id='block_1_93' title="bbox 2159 5047 3648 5124">
    <p class='ocr_par' dir='ltr' id='par_1_93' title="bbox 2159 5047 3648 5124">
     <span class='ocr_line' id='line_1_93' title="bbox 2159 5047 3648 5124; baseline 0.001 -20"><span class='ocrx_word' id='word_1_550' title='bbox 2159 5048 2470 5116; x_wconf 77' lang='lat' dir='ltr'><strong>diligenter</strong></span> <span class='ocrx_word' id='word_1_551' title='bbox 2504 5057 2826 5123; x_wconf 83' lang='lat' dir='ltr'><strong>contrapen</strong></span> <span class='ocrx_word' id='word_1_552' title='bbox 2838 5056 2930 5107; x_wconf 89' lang='lat' dir='ltr'><strong>sat</strong></span> <span class='ocrx_word' id='word_1_553' title='bbox 2958 5065 3385 5124; x_wconf 88' lang='lat' dir='ltr'><strong>responsorum</strong></span> <span class='ocrx_word' id='word_1_554' title='bbox 3412 5047 3648 5107; x_wconf 86' lang='lat' dir='ltr'><strong>seriem.</strong></span> 
     </span>
    </p>
   </div>
   <div class='ocr_carea' id='block_1_94' title="bbox 2236 5159 3823 5234">
    <p class='ocr_par' dir='ltr' id='par_1_94' title="bbox 2236 5159 3823 5234">
     <span class='ocr_line' id='line_1_94' title="bbox 2236 5159 3823 5234; baseline 0 -18"><span class='ocrx_word' id='word_1_555' title='bbox 2236 5159 2418 5216; x_wconf 85' lang='lat' dir='ltr'><strong>Solvit</strong></span> <span class='ocrx_word' id='word_1_556' title='bbox 2445 5161 2709 5232; x_wconf 89' lang='lat' dir='ltr'><strong>primum</strong></span> <span class='ocrx_word' id='word_1_557' title='bbox 2738 5177 2806 5217; x_wconf 88' lang='lat' dir='ltr'><strong>ac</strong></span> <span class='ocrx_word' id='word_1_558' title='bbox 2827 5161 3156 5218; x_wconf 77' lang='lat' dir='ltr'><strong>secundum</strong></span> <span class='ocrx_word' id='word_1_559' title='bbox 3196 5179 3208 5229; x_wconf 89' lang='lat'><strong>;</strong></span> <span class='ocrx_word' id='word_1_560' title='bbox 3234 5165 3372 5216; x_wconf 90' lang='lat' dir='ltr'><strong>tunc</strong></span> <span class='ocrx_word' id='word_1_561' title='bbox 3393 5177 3823 5234; x_wconf 80' lang='lat' dir='ltr'><strong>exponeuscae-</strong></span> 
     </span>
    </p>
   </div>
   <div class='ocr_carea' id='block_1_95' title="bbox 2161 5245 3822 5322">
    <p class='ocr_par' dir='ltr' id='par_1_95' title="bbox 2161 5245 3822 5322">
     <span class='ocr_line' id='line_1_95' title="bbox 2161 5245 3822 5322; baseline 0.002 -20"><span class='ocrx_word' id='word_1_562' title='bbox 2161 5250 2320 5304; x_wconf 88' lang='lat' dir='ltr'><strong>tera:</strong></span> <span class='ocrx_word' id='word_1_563' title='bbox 2383 5271 2410 5297; x_wconf 87' lang='grc'><strong>‹‹</strong></span> <span class='ocrx_word' id='word_1_564' title='bbox 2447 5250 2706 5316; x_wconf 87' lang='lat' dir='ltr'><strong>Scrutor,</strong></span> <span class='ocrx_word' id='word_1_565' title='bbox 2762 5249 2975 5321; x_wconf 90' lang='lat' dir='ltr'><strong>inquit,</strong></span> <span class='ocrx_word' id='word_1_566' title='bbox 3033 5246 3398 5305; x_wconf 88' lang='lat' dir='ltr'><strong>documenta</strong></span> <span class='ocrx_word' id='word_1_567' title='bbox 3451 5245 3822 5322; x_wconf 84' lang='lat' dir='ltr'><strong>Hippocratis</strong></span> 
     </span>
    </p>
   </div>
   <div class='ocr_carea' id='block_1_96' title="bbox 2161 5334 3819 5412">
    <p class='ocr_par' dir='ltr' id='par_1_96' title="bbox 2161 5334 3819 5412">
     <span class='ocr_line' id='line_1_96' title="bbox 2161 5334 3819 5412; baseline 0.001 -21"><span class='ocrx_word' id='word_1_568' title='bbox 2161 5336 2405 5406; x_wconf 86' lang='lat' dir='ltr'><strong>modici,</strong></span> <span class='ocrx_word' id='word_1_569' title='bbox 2431 5339 2616 5410; x_wconf 90' lang='lat' dir='ltr'><strong>atque</strong></span> <span class='ocrx_word' id='word_1_570' title='bbox 2642 5339 2846 5408; x_wconf 85' lang='lat' dir='ltr'><strong>magni</strong></span> <span class='ocrx_word' id='word_1_571' title='bbox 2874 5338 3253 5412; x_wconf 76' lang='lat' dir='ltr'><strong>praecessoris</strong></span> <span class='ocrx_word' id='word_1_572' title='bbox 3309 5338 3438 5408; x_wconf 89' lang='lat' dir='ltr'><strong>ejus</strong></span> <span class='ocrx_word' id='word_1_573' title='bbox 3487 5334 3819 5412; x_wconf 67' lang='lat' dir='ltr'><strong>rEsculapii.</strong></span> 
     </span>
    </p>
   </div>
   <div class='ocr_carea' id='block_1_97' title="bbox 2237 5443 3818 5517">
    <p class='ocr_par' dir='ltr' id='par_1_97' title="bbox 2237 5443 3818 5517">
     <span class='ocr_line' id='line_1_97' title="bbox 2237 5443 3818 5517; baseline 0.002 -19"><span class='ocrx_word' id='word_1_574' title='bbox 2237 5466 2262 5490; x_wconf 78' lang='grc' dir='ltr'>α</span> <span class='ocrx_word' id='word_1_575' title='bbox 2295 5446 2408 5498; x_wconf 85' lang='lat' dir='ltr'><strong>llos</strong></span> <span class='ocrx_word' id='word_1_576' title='bbox 2439 5447 2724 5515; x_wconf 79' lang='lat' dir='ltr'><strong>putamus</strong></span> <span class='ocrx_word' id='word_1_577' title='bbox 2769 5461 2898 5500; x_wconf 87' lang='lat' dir='ltr'><strong>esse</strong></span> <span class='ocrx_word' id='word_1_578' title='bbox 2951 5445 3116 5514; x_wconf 91' lang='lat' dir='ltr'><strong>deos,</strong></span> <span class='ocrx_word' id='word_1_579' title='bbox 3175 5445 3280 5517; x_wconf 89' lang='lat' dir='ltr'><strong>qui</strong></span> <span class='ocrx_word' id='word_1_580' title='bbox 3337 5443 3526 5500; x_wconf 82' lang='lat' dir='ltr'><strong>vivaci</strong></span> <span class='ocrx_word' id='word_1_581' title='bbox 3556 5445 3818 5516; x_wconf 87' lang='lat' dir='ltr'><strong>numine,</strong></span> 
     </span>
    </p>
   </div>
   <div class='ocr_carea' id='block_1_98' title="bbox 2164 5533 3820 5608">
    <p class='ocr_par' dir='ltr' id='par_1_98' title="bbox 2164 5533 3820 5608">
     <span class='ocr_line' id='line_1_98' title="bbox 2164 5533 3820 5608; baseline 0.002 -22"><span class='ocrx_word' id='word_1_582' title='bbox 2164 5549 2300 5604; x_wconf 74' lang='lat' dir='ltr'><strong>quae</strong></span> <span class='ocrx_word' id='word_1_583' title='bbox 2333 5533 2634 5604; x_wconf 81' lang='lat' dir='ltr'><strong>descripta</strong></span> <span class='ocrx_word' id='word_1_584' title='bbox 2681 5534 3070 5607; x_wconf 87' lang='lat' dir='ltr'><strong>reliquerunt,</strong></span> <span class='ocrx_word' id='word_1_585' title='bbox 3128 5539 3562 5608; x_wconf 88' lang='lat' dir='ltr'><strong>prosequentes</strong></span> <span class='ocrx_word' id='word_1_586' title='bbox 3622 5550 3820 5608; x_wconf 88' lang='lat' dir='ltr'><strong>appro-</strong></span> 
     </span>
    </p>
   </div>
   <div class='ocr_carea' id='block_1_99' title="bbox 2164 5621 3819 5694">
    <p class='ocr_par' dir='ltr' id='par_1_99' title="bbox 2164 5621 3819 5694">
     <span class='ocr_line' id='line_1_99' title="bbox 2164 5621 3819 5694; baseline 0.001 -18"><span class='ocrx_word' id='word_1_587' title='bbox 2164 5621 2332 5690; x_wconf 87' lang='lat' dir='ltr'><strong>bant,</strong></span> <span class='ocrx_word' id='word_1_588' title='bbox 2365 5621 2783 5689; x_wconf 76' lang='lat' dir='ltr'><strong>dum‘langore</strong></span> <span class='ocrx_word' id='word_1_589' title='bbox 2816 5624 3073 5693; x_wconf 71' lang='lat' dir='ltr'><strong>fatigatis</strong></span> <span class='ocrx_word' id='word_1_590' title='bbox 3115 5623 3432 5678; x_wconf 85' lang='lat' dir='ltr'><strong>sanitatem</strong></span> <span class='ocrx_word' id='word_1_591' title='bbox 3462 5629 3758 5694; x_wconf 84' lang='lat' dir='ltr'><strong>reparant.</strong></span> <span class='ocrx_word' id='word_1_592' title='bbox 3793 5644 3819 5672; x_wconf 85' lang='grc'>››</span> 
     </span>
    </p>
   </div>
   <div class='ocr_carea' id='block_1_100' title="bbox 2235 5729 3818 5805">
    <p class='ocr_par' dir='ltr' id='par_1_100' title="bbox 2235 5729 3818 5805">
     <span class='ocr_line' id='line_1_100' title="bbox 2235 5729 3818 5805; baseline 0.003 -21"><span class='ocrx_word' id='word_1_593' title='bbox 2235 5729 2322 5790; x_wconf 86' lang='lat' dir='ltr'><strong>Ad</strong></span> <span class='ocrx_word' id='word_1_594' title='bbox 2353 5729 2481 5785; x_wconf 74' lang='lat' dir='ltr'><strong>haec</strong></span> <span class='ocrx_word' id='word_1_595' title='bbox 2512 5747 2692 5790; x_wconf 73' lang='lat' dir='ltr'><strong>senex</strong></span> <span class='ocrx_word' id='word_1_596' title='bbox 2721 5731 3088 5798; x_wconf 78' lang='lat' dir='ltr'><strong>Hermolaus,</strong></span> <span class='ocrx_word' id='word_1_597' title='bbox 3104 5749 3172 5789; x_wconf 85' lang='lat' dir='ltr'><strong>os</strong></span> <span class='ocrx_word' id='word_1_598' title='bbox 3201 5736 3507 5795; x_wconf 80' lang='lat' dir='ltr'><strong>maturum</strong></span> <span class='ocrx_word' id='word_1_599' title='bbox 3527 5745 3818 5805; x_wconf 76' lang='lat' dir='ltr'><strong>reserans,</strong></span> 
     </span>
    </p>
   </div>
  </div>
