3904 6438
149 313 249 365 341

1216 295 1430 363 HYMNI
1470 310 1553 364 ET
1593 293 1902 364 CARMINA
1942 293 2504 366 ECCLESIASTICA.

3466 310 3568 364 342

145 449 276 487 non
309 434 602 488 contendo
650 423 932 504 replicare
983 433 1187 488 omnia
1232 450 1365 505 quas
1396 432 1661 506 protulit,
1695 429 1799 486 sed
1836 430 1882 483 Α
1912 415 2047 496 bus,
2077 434 2215 501 post
2247 427 2486 486 adultus
2539 430 2850 502 vilipen'dit
2904 435 3127 485 vanam
3185 430 3394 485 mundi
3452 429 3572 499 glo-

146 538 289 593 quae
318 521 571 576 breviter
601 522 817 575 dixisse
842 537 963 574 non
987 519 1247 576 absurde
1279 523 1487 593 potuit.

223 634 250 659 ‹‹
298 611 484 665 Chare
510 610 610 675 fili,
643 611 825 665 verba
861 625 995 665 mea
1023 610 1364 679 virgilanter
1390 612 1612 684 accipe,
1645 609 1808 666 forti-

144 704 358 771 terque
385 699 696 754 cerebrosa
728 700 911 753 rctiuc
943 699 1235 754 memoria
1261 717 1271 753 :
1305 716 1452 755 nam
1492 700 1807 771 magistros

145 787 332 843 credo
360 794 489 842 tuos
514 805 632 842 non
665 788 877 842 docere
909 787 1066 843 talia.

223 898 253 924 ‹‹
298 880 452 932 Duas
481 893 606 930 esse
623 877 951 932 medicinas
986 875 1806 946 Christianinovimus,unam

147 966 399 1038 quidem
432 951 504 1020 de
539 966 799 1035 terrenis,
833 965 906 1020 de
936 966 1206 1037 supernis
1238 965 1518 1033 alteram;
1548 983 1806 1038 quarum

147 1060 216 1109 ut
243 1055 512 1109 diversos
539 1061 720 1120 ortus,
752 1055 833 1109 sic
865 1059 919 1110 et
949 1054 1293 1110 efficaciam.

226 1166 253 1192 ‹‹
296 1143 498 1199 Medici
533 1144 742 1198 terreni
773 1143 1019 1212 longam
1051 1159 1155 1214 per
1185 1143 1631 1216 experientiam,
1675 1159 1804 1197 sur-

149 1232 427 1288 culorum
456 1233 791 1288 didicerunt
820 1233 994 1302 vires,
1021 1238 1076 1288 et
1103 1233 1385 1288 similium
1405 1249 1540 1305 quae
1570 1249 1806 1305 permu-

148 1326 280 1376 tant
309 1323 623 1393 qualitates
655 1323 1061 1377 humanorum
1094 1338 1433 1394 corporum.

224 1431 254 1462 ‹
294 1411 496 1466 Nullus
529 1417 726 1466 tamen
751 1411 813 1465 in
844 1411 956 1466 hac
983 1416 1103 1467 arte
1138 1411 1217 1466 sic
1251 1411 1539 1483 probatus
1570 1410 1804 1480 exstitit,

147 1499 246 1554 cui
276 1515 395 1554 non
420 1505 614 1554 essent
644 1500 720 1554 ad
755 1501 1089 1555 curandum
1121 1500 1251 1555 aliae
1309 1499 1601 1567 difﬁciles,
1654 1499 1807 1555 alite-

143 1605 266 1660 que
296 1588 647 1660 passionum
677 1606 922 1661 prorsus
943 1589 1322 1644 incurabiles.

222 1700 248 1726 ‹‹
297 1681 411 1732 Hoc
442 1683 683 1733 testatur
708 1677 802 1733 ille
833 1678 922 1733 vir
948 1675 1352 1751 Hippocrates,
1395 1678 1498 1750 qui
1540 1674 1647 1732 fuit
1694 1678 1807 1733 hoc

1917 518 2090 585 riam,
2123 519 2196 574 de
2225 519 2346 573 suis
2374 519 2522 574 nihil
2552 535 2882 587 reservans,
2916 523 3132 591 prtetcr
3161 522 3386 575 vestem
3431 518 3570 574 sim-

1917 607 2154 679 pliccm.

1991 697 2101 752 Sed
2130 711 2505 768 quaecunque
2537 696 2886 768 possidebat
2916 695 3069 750 dans
3106 695 3382 751 fomentis
3428 705 3574 768 pau-

1915 785 2406 856 perum,nescius
2440 789 2688 842 Romam
2732 785 2943 857 pergit,
2983 784 3112 854 jam
3165 785 3260 838 vir’
3307 789 3570 854 exstans,

1915 872 2030 928 illic
2057 878 2112 928 et
2143 874 2526 945 conjungitur
2555 874 2858 946 Dionysio,
2893 872 3134 944 suisque
3168 873 3384 928 sanctis
3434 890 3574 930 con-

1919 963 2251 1017 sodalibus.

1991 1051 2079 1107 Sic
2102 1052 2161 1106 in
2193 1057 2411 1107 cretum
2440 1051 3039 1108 tantorum'virorum
3060 1050 3264 1107 lumen
3293 1050 3450 1119 viget
3470 1051 3572 1107 ad-

1915 1141 2071 1195 ditus
2105 1141 2405 1213 Dionysio.
2435 1142 2526 1197 his
2559 1141 2834 1213 perfectis
2892 1140 3220 1211 praedicare
3276 1140 3573 1198 Christum

1917 1230 2075 1301 genti
2103 1230 2352 1286 Gallicae.
2421 1246 2428 1254 ’

1985 1321 2318 1374 Tornacum
2338 1334 2544 1374 versus
2577 1315 2770 1374 Piatus
2805 1334 2866 1373 se
2896 1318 3108 1373 direxit
3135 1317 3412 1389 inclytus,
3431 1334 3572 1373 cum

1915 1407 2165 1463 Parisios
2197 1407 2306 1463 iret
2331 1407 2541 1464 beatus
2575 1407 2910 1478 Dionysius.

1985 1500 2249 1552 Tornaco
2277 1513 2418 1566 ergo
2449 1490 2844 1552 diffundendo
2867 1496 2982 1551 late
3005 1495 3193 1549 sancti
3211 1493 3377 1550 verbi
3400 1495 3571 1550 semi-

1914 1601 2016 1654 na,
2051 1586 2278 1642 Christo
2309 1586 2595 1642 convertit
2615 1586 2880 1640 virorum
2909 1589 2993 1639 ter
3021 1583 3178 1639 dena
3206 1580 3410 1638 millia.

1987 1676 2201 1730 Praeter
2231 1691 2470 1746 parvos,
2500 1680 2555 1730 et
2587 1674 2836 1730 secundi
2869 1689 3046 1728 sexus
3087 1672 3328 1728 turbam
3376 1672 3568 1728 maxi-

142 1751 222 1822 de
251 1753 402 1822 caelo
429 1765 787 1822 sublimatus
821 1767 906 1822 vir
937 1766 1327 1839 {Esculapius,
1357 1767 1577 1838 quibus
1625 1781 1805 1842 nemo
1851 1780 1890 1833 Β
1917 1781 2084 1820 mam
2111 1765 2545 1832 Christicolum,
2580 1763 2854 1834 genuinis
2883 1763 3034 1819 inter
3075 1752 3205 1818 haec
3245 1777 3568 1819 coruscans

141 1847 467 1913 ventilatur
487 1857 682 1926 major
711 1872 841 1910 esse
873 1856 1142 1911 medicus

223 1966 250 1993 ‹‹
295 1945 366 1998 At
392 1961 664 2016 superna:
691 1943 1001 1999 medicinae
1032 1943 1291 2001 Christus
1326 1949 1538 1999 auctor
1567 1945 1800 2012 emicat,

141 2032 254 2105 qui
288 2049 494 2088 curare
527 2032 652 2087 sola
691 2035 884 2105 potest
907 2032 1175 2103 jussione
1225 2033 1553 2100 morbidos,
1611 2035 1666 2089 et
1723 2033 1802 2090 ad

139 2111 334 2178 vitam
361 2122 433 2176 de
457 2113 729 2193 sepulcro
760 2137 1038 2177 revocare
1069 2125 1356 2177 mortuos.

220 2233 249 2260 ‹‹
291 2211 402 2271 Qui
428 2209 672 2265 dederat
697 2227 853 2266 caeco
879 2211 1041 2277 dato,
1071 2212 1207 2283 post
1232 2214 1429 2266 creata
1450 2210 1698 2279 lumina,
1733 2227 1802 2267 ac

139 2291 220 2354 de
251 2287 465 2355 tumba
485 2300 614 2370 jam
645 2299 859 2355 fetente
893 2295 1215 2355 suscitatus
1247 2299 1516 2368 Lazarus,
1571 2304 1803 2358 caetera-

138 2405 264 2461 que
287 2389 441 2444 mira
472 2392 658 2457 gesta,
690 2406 949 2461 quorum
980 2405 1104 2444 non
1129 2393 1216 2445 est
1245 2405 1551 2445 numerus.

217 2501 245 2526 «
288 2478 401 2533 Sed
429 2477 501 2532 de
535 2477 760 2534 Christo
788 2477 934 2549 quid
960 2477 1209 2544 dicatur,
1245 2495 1381 2533 cum
1401 2495 1509 2534 nos
1537 2479 1664 2550 ejus
1687 2496 1802 2534 ser-

137 2567 265 2623 vuli
296 2567 450 2623 mira
480 2583 734 2639 quzeque
776 2567 1068 2622 faciamus
1096 2567 1155 2622 in
1186 2567 1375 2640 ipsius
1403 2568 1669 2638 nomine,
1699 2568 1802 2624 tibi

135 2673 389 2730 quoque
419 2673 540 2712 non
574 2657 852 2725 negando
885 2656 1007 2711 fore
1037 2673 1182 2712 sane
1213 2657 1569 2713 crederetur.

214 2769 242 2795 ‹‹
287 2736 448 2802 Tute
480 2763 643 2814 ergo,
678 2747 853 2801 charc
887 2745 990 2815 fili,
1024 2746 1320 2818 sapienter
1341 2745 1567 2815 collige,
1625 2761 1800 2816 argu-

134 2841 345 2892 menta
377 2831 705 2891 manifestis
737 2852 980 2890 sumens
1004 2835 1081 2890 ab
1110 2835 1414 2908 operibus,
1437 2836 1573 2908 quis
1588 2852 1798 2892 eorum

135 2927 215 2981 sit
244 2925 563 2979 habendus
589 2928 739 2980 Deus
771 2930 947 2997 atque
978 2925 1322 2980 Dominus.»

213 3014 403 3084 C(epit
432 3019 631 3069 autem
662 3014 887 3069 ratione
947 3013 1044 3069 tali
1087 3030 1236 3086 puer
1269 3013 1441 3083 allici,
1474 3019 1798 3087 postquam

1913 1855 2199 1909 virtutum
2229 1853 2554 1909 miraculis.

1985 1937 2318 1998 Edomaba't
2372 1942 2657 2016 parcitate
2724 1941 2906 1997 duras
2954 1940 3110 1998 vires
3166 1939 3450 2013 corporis,
3505 1946 3570 1998 ut

1914 2021 2246 2101 frangendo
2272 2031 2611 2101 roboratus,
2652 2031 2808 2087 hosti
2849 2043 2973 2086 non
3025 2029 3460 2100 succumberet,
3513 2035 3570 2087 et

1913 2120 2081 2176 illum
2108 2120 2330 2176 fortiter
2349 2120 2691 2176 debellaret.

1983 2214 2054 2265 At
2083 2212 2276 2266 Caesar
2300 2210 2708 2275 Maximianus,
2737 2214 2802 2265 ut
2827 2209 2977 2265 Piati
3004 2207 3205 2265 hausit
3231 2209 3461 2265 famam
3489 2209 3570 2266 vi-

1912 2298 2156 2355 rulentis
2185 2290 2451 2370 auribus,
2483 2299 2910 2373 comprehendi
2926 2299 3106 2370 jussit
3133 2315 3293 2372 eum,
3326 2300 3404 2356 ad
3461 2317 3566 2358 ne-

1914 2390 2177 2444 candum
2208 2390 2502 2462 protinus.

1985 2481 2171 2551 thue
2201 2475 2364 2536 fama
2417 2481 2520 2548 est,
2559 2478 2669 2536 ille
2721 2479 2969 2536 militare
3015 2483 3354 2552 promptus,
3386 2485 3566 2555 atque

1909 2566 2065 2622 vinci
2088 2569 2345 2640 nescius,
2374 2584 2566 2625 nexus
2588 2568 2745 2637 vicit,
2772 2568 2964 2639 ﬂagra
2990 2567 3130 2625 vicit
3149 2572 3206 2624 et
3225 2584 3437 2626 omnes
3459 2571 3566 2627 im-

1911 2660 2103 2727 petus.

1983 2743 2313 2800 Decollatur
2343 2761 2607 2817 namque
2663 2745 2906 2800 tandem
2959 2745 3094 2802 ltBtO
3140 2749 3295 2802 coetu
3347 2749 3567 2817 marty-

1907 2849 2062 2900 rum,
2095 2834 2364 2906 palmam
2416 2834 2594 2904 gessit
2649 2834 2953 2890 laureatus
2984 2835 3061 2891 ad
3093 2835 3221 2890 cceli
3252 2834 3562 2908 palatium.

1990 2932 2264 2997 Dumque
2295 2923 2472 2993 gleba
2503 2923 2856 2979 conderetur
2887 2923 3129 2993 gloriosi
3169 2941 3386 2996 corpus
3413 2939 3566 2979 mar-

1907 3017 2076 3091 tyris,
2111 3009 2279 3070 fusus
2310 3013 2460 3068 odor
2522 3015 2579 3068 et
2637 3011 2880 3085 superni
2936 3012 3159 3068 circum
3220 3013 3375 3071 circa
3424 3028 3562 3068 nec-

135 3102 390 3171 singnlis
443 3102 653 3156 diebus
707 3102 1081 3157 sacerdotem
1108 3102 1317 3171 visere,
1347 3118 1417 3158 ac
1456 3103 1530 3159 de
1567 3104 1795 3162 Christo
1837 3119 1878 3186 (ς
1908 3106 2069 3165 taris.

132 3190 428 3248 sciscitari
452 3191 661 3260 multa,
690 3191 865 3262 plura
895 3191 1108 3246 dicere.

220 3280 495 3346 Quadam
521 3296 661 3349 ergo
693 3280 787 3335 die
811 3274 972 3335 solus
997 3298 1030 3335 a
1060 3281 1345 3350 magistro
1370 3282 1622 3351 rediens,
1650 3281 1797 3338 dum

131 3371 212 3426 de
273 3369 372 3423 via
430 3357 770 3435 declinaret,
831 3369 1255 3442 interemptum
1285 3387 1560 3444 puerum,
1618 3375 1796 3446 atque

126 3455 311 3528 juxta
344 3457 487 3511 vidit
515 3458 643 3527 ejus
670 3459 1105 3528 peremptorem
1140 3455 1475 3514 colubrum.

209 3549 340 3612 Quo
372 3535 712 3618 spectaculo
743 3562 1065 3618 parumper
1121 3539 1500 3603 tremefactus
1553 3536 1793 3616 abstitit,

133 3635 246 3692 sed
270 3651 457 3708 quam
482 3635 746 3707 primum
777 3635 1135 3707 resipiscens
1158 3635 1346 3692 vivide
1369 3637 1669 3705 referbuit,
1690 3639 1794 3694 sic-

130 3742 253 3798 que
287 3741 528 3796 precem
553 3728 669 3779 Deo
700 3740 840 3779 V610
874 3723 1237 3796 primitivam
1267 3725 1479 3781 obtulit
1511 3746 1522 3782 :

135 3888 144 3893 ς
207 3838 234 3864 ‹‹
281 3816 323 3870 Ο
357 3809 517 3881 Jesu,
544 3830 726 3885 quem
757 3830 933 3886 posse
990 3814 1204 3868 cuncta
1253 3811 1565 3872 Christiani
1594 3818 1791 3889 perhi-

129 3905 297 3971 bent,
357 3903 404 3957 si
461 3902 708 3972 collegio
767 3907 1004 3958 tuorum
1065 3919 1159 3956 me
1199 3902 1465 3973 dignaris
1515 3907 1789 3980 jungere,

133 3995 378 4066 praesta,
411 4009 642 4065 quaeso,
677 3993 842 4064 quod
873 3990 1123 4046 ﬁdenter
1144 3992 1274 4062 jam
1307 4011 1612 4066 praesumo
1652 4014 1792 4070 pos-

130 4099 285 4139 cere.

202 4195 230 4220 u
283 4164 494 4226 Precor
515 4187 676 4241 ergo,
709 4188 815 4244 per
841 4172 1113 4228 virtutem
1145 4171 1226 4228 tui
1251 4173 1456 4243 magni
1504 4175 1786 4245 nominis,

128 4263 194 4316 ut
223 4260 450 4316 revivat
472 4259 582 4315 iste
612 4277 782 4332 puer,
812 4268 1008 4334 crepet
1029 4262 1132 4317 iste
1160 4259 1434 4332 coluber;
1467 4265 1633 4338 quod
1654 4281 1789 4339 pro-

126 4347 289 4405 beris
324 4365 452 4404 esse
482 4350 614 4404 vitae
655 4355 832 4423 atque
858 4347 1065 4406 mortis
1095 4353 1331 4408 arbiter.
1368 4371 1397 4405 ›

198 4429 290 4495 Ad
322 4439 477 4493 hanc
506 4450 740 4509 vecem,
796 4458 831 4495 o
890 4441 1037 4495 ﬁdes
1074 4442 1084 4496 l
1120 4459 1155 4497 o
1181 4443 1335 4498 mira
1361 4443 1460 4498 Dei
1491 4443 1728 4502 bonitas
1773 4445 1785 4502 l

127 4533 405 4585 mortuus
464 4529 722 4597 resurgit
771 4530 988 4599 infans,
1050 4533 1104 4586 et
1151 4521 1470 4603 chelydrus
1520 4525 1786 4609 ﬁnditur,

123 4611 258 4674 laus
289 4616 578 4690 praeclara
600 4617 673 4672 de
707 4614 906 4687 gentili
937 4637 1037 4675 ore
1070 4623 1184 4675 Deo
1215 4621 1500 4678 funditur.

197 4730 224 4756 ‹‹
268 4709 344 4761 Te
369 4723 552 4776 nunc,
583 4706 796 4778 inquit,
831 4708 1144 4775 benedico,
1176 4712 1314 4765 Jesu
1356 4714 1784 4788 potentissime,

121 4811 247 4852 non
283 4800 336 4851 te
368 4796 551 4851 semel
575 4795 954 4867 benedicam,
989 4801 1140 4855 Deus
1170 4805 1347 4872 atque
1384 4803 1627 4859 Domine
1657 4824 1670 4873 ;
1724 4811 1787 4863 tu

125 4885 202 4940 sis
223 4884 392 4942 omni
424 4884 775 4940 benedictus
805 4887 1156 4943 saeculorum
1188 4894 1474 4961 tempore.
1507 4915 1535 4941 »

195 4973 390 5031 Currit
414 4989 558 5042 ergo
587 4972 966 5030 laetabundus
998 4977 1106 5032 tiro
1129 4978 1336 5034 Christi
1358 4979 1593 5049 nobilis,
1626 4987 1683 5040 et
1705 4986 1786 5042 ad

122 5065 309 5133 pedes
332 5063 629 5119 Hermolai
667 5065 934 5136 procedit
990 5066 1343 5139 presbyteri,
1403 5069 1632 5127 instans
1671 5074 1786 5132 sibi

123 5165 248 5208 non
282 5151 505 5208 tardari
537 5153 691 5208 sacri
716 5153 942 5210 fontem
969 5155 1204 5211 lavacri.

924 5299 988 5352 ιι.
1059 5273 1062 5276 ⁷

551 5436 616 5473 DE
658 5434 866 5476 SANCTO
906 5437 1067 5477 PIATO
1108 5439 1348 5480 HYMNUS.

190 5579 254 5632 In
276 5577 484 5633 tellure
515 5577 826 5632 Beneventi
847 5579 1020 5635 claris
1059 5584 1223 5635 ortus
1277 5584 1570 5654 patribus,
1633 5586 1774 5642 insi-

121 5665 249 5734 gnis
281 5666 513 5722 mUndo
535 5666 754 5735 Piatus,
789 5668 970 5724 sacris
1003 5669 1183 5724 fultus
1214 5671 1502 5728 moribus.

187 5757 317 5816 Mox
346 5765 500 5839 puer
529 5754 827 5815 Christum
858 5758 1165 5840 sequendo
1197 5759 1568 5823 admirandis
1631 5765 1773 5829 nisi-

1979 3192 2058 3251 Ne
2087 3190 2233 3265 quid
2264 3168 2542 3246 mundus.
2569 3190 2868 3247 haesitaret
2921 3191 2996 3247 de
3054 3189 3240 3248 salute
3300 3191 3559 3264 spiritus,

1906 3285 2078 3357 cujus
2113 3289 2251 3338 caro
2279 3284 2418 3337 tunc
2448 3281 2749 3354 probabat
2772 3282 2934 3338 hunc
2962 3297 3212 3353 regnare
3240 3281 3488 3340 coalitus.

2683 3387 2772 3439 lll.
2826 3433 2833 3443 .

2279 3488 2458 3528 PROSA
2498 3489 2563 3527 DE
2601 3488 2927 3528 NATIVITATE
2967 3488 3173 3528 DOMINI.

1975 3578 2196 3633 Sonent
2241 3574 2366 3643 regi
2396 3579 2538 3630 nato
2578 3591 2732 3629 nova
2771 3573 3024 3640 cantica,
3050 3575 3222 3644 cujus
3241 3577 3406 3632 Pater
3424 3575 3561 3633 fecit

1901 3666 2124 3736 omnia,
2157 3667 2346 3721 mater
2379 3668 2466 3719 est
2493 3665 2667 3732 Virgo
2692 3663 3110 3720 sacratissima.

1971 3760 2271 3813 Generans
2298 3753 2484 3809 nescit
2511 3753 2606 3809 hic
2632 3753 2941 3824 feminam,
2982 3753 3082 3809 illa
3111 3758 3199 3810 est
3250 3753 3380 3810 sine
3423 3753 3553 3811 viro

1939 3844 2164 3901 ravida.

1900 3861 2164 3916 gravma.

1969 3934 2225 3989 Verbum
2257 3932 2434 3988 corde
2452 3931 2635 3988 Patris
2668 3931 2936 4002 genitum
2968 3936 3104 3988 ante
3135 3931 3371 3988 saecula.

1969 4023 2114 4079 Alvo
2143 4021 2351 4078 matris
2383 4021 2582 4094 prodit
2612 4026 2994 4094 eorporatum
3023 4026 3163 4096 post
3188 4027 3478 4095 tempora.

1971 4114 2015 4169 Ο
2046 4111 2200 4168 mira
2222 4111 2495 4182 genitura
2521 4111 2533 4166 l
2569 4128 2604 4166 o
2623 4111 2919 4185 stupenda
2949 4111 3256 4168 nativitasl
3291 4128 3327 4168 ο
3356 4111 3553 4184 proles

1898 4202 2160 4273 gloriosa
2188 4203 2199 4256 ι

1970 4292 2311 4347 Humanata
2336 4289 2634 4357 divinitas,
2666 4289 2749 4345 sic
2803 4293 2857 4346 te
2916 4290 3286 4348 nasciturum
3341 4289 3549 4346 Filium

1897 4380 2017 4446 Dei,
2050 4385 2214 4435 vates
2245 4385 2344 4434 tuo
2373 4379 2530 4435 docti
2555 4378 3213 4451 Spiritu'praedixerant.

1827 4482 1872 4536 1)
1971 4469 2062 4525 Sic
2092 4472 2144 4523 te
2175 4468 2398 4523 oriente
2427 4484 2501 4523 ex
2528 4467 2762 4538 Virgine
2789 4484 2978 4539 sacra,
3004 4485 3217 4541 pacem
3250 4467 3415 4524 terris
3444 4483 3548 4524 and

1896 4557 2009 4629 geli
2040 4556 2337 4612 nuntiant.

1965 4646 2268 4701 Elementa
2296 4644 2495 4700 vultus
2515 4642 2864 4714 exhilarant,
2923 4661 3134 4702 omnes
3190 4644 3380 4701 sancti
3431 4643 3546 4701 ola-

1892 4738 2129 4791 mantes
2157 4731 2439 4804 jubilant.

1967 4823 2136 4882 Salve
2167 4822 2508 4890 clamando,
2539 4838 2772 4896 nosque
2800 4823 2985 4891 salva,
3021 4823 3234 4891 Deitas,
3258 4822 3321 4879 in
3336 4839 3541 4896 perso-

1890 4913 1985 4970 nis
2017 4913 2174 4970 trina
2203 4912 2456 4985 simplex
2485 4913 2752 4969 exousia.

2672 5031 2757 5084 IV;

2379 5123 2599 5174 Ηηίκὺε
2639 5133 2704 5173 ne
2742 5131 3045 5174 rmmurr.

1959 5232 2220 5287 Verbum
2253 5233 2353 5288 Dei
2385 5231 2786 5305 Spiritumque
2811 5227 3015 5302 legifer
3042 5233 3102 5288 in
3152 5227 3382 5304 Genesi,
3436 5249 3539 5291 rex

1886 5321 2076 5377 David
2108 5321 2375 5378 secundo
2399 5321 2634 5396 psalmo
2662 5326 2799 5395 post
2827 5322 3118 5378 tricenum
3167 5324 3396 5395 cecinit,
3454 5313 3538 5382 sic

1885 5413 2137 5483 uterque
2167 5412 2504 5469 Trinitatem
2529 5410 2770 5468 unitatis
2790 5403 3071 5485 prodidit.

1959 5499 2228 5572 Sapiens,
2281 5513 2419 5557 cum
2475 5500 2738 5579 genitore
2787 5503 2994 5560 sancto
3057 5521 3186 5573 suo,
3232 5497 3534 5579 Salomon,

1883 5603 2060 5660 plane
2083 5591 2269 5646 verbo
2290 5589 2629 5661 declaravit,
2658 5607 2785 5649 esse
2818 5593 2935 5650 Deo
2995 5589 3222 5668 Filium,
3277 5595 3535 5655 Verbum

1883 5678 2104 5736 scilicet
2122 5685 2430 5749 aeternum,
2463 5680 2642 5738 corde
2665 5683 2791 5754 ejus
2816 5684 3103 5754 genitum.

1953 5770 2138 5848 Moysi
2193 5775 2249 5833 et
2289 5771 2455 5832 Isaiae
2501 5771 2633 5832 testi
2673 5779 2764 5835 est
2818 5775 3346 5860 Psalmographus,
3391 5777 3529 5860 quia
