3904 6388
419 225 520 280 343

1467 228 1522 284 S.
1562 230 1892 284 FULBERTI
1933 225 2407 284 CARNOTENSIS
2449 227 2776 286 EPISCOPI.

3733 238 3831 300 344

416 344 590 401 Filius
621 361 760 402 cum
789 349 953 403 Patre
985 351 1140 404 Deus
1175 353 1262 405 est
1319 354 1374 406 et
1412 350 1720 418 Dominus,
1778 351 1860 406 nil
1906 349 2065 405 enim
2104 352 2151 404 A
2179 347 2400 417 ingenii
2431 355 2664 406 motum
2693 368 2802 408 nec
2836 352 3042 409 levitas
3074 355 3441 428 praecipitem
3470 361 3693 427 ageret,
3726 375 3833 414 nec

413 436 581 492 Patre
612 435 731 489 Deo
765 435 1027 505 gignitur
1051 437 1164 492 nisi
1192 441 1363 493 Deus.

487 525 675 578 Deum
698 524 1005 580 hominem
1026 525 1292 582 futurum
1319 543 1469 593 esse,
1504 527 1654 584 sicut
1677 528 1908 593 exstitit,
1932 530 2068 599 post

412 612 789 668 Psalmistam
821 614 1001 669 Isaias
1031 614 1259 687 liquido
1289 616 1600 688 perdocuit
1629 636 1641 686 ;
1697 617 2065 691 dispensatio

414 701 664 756 salutem
689 701 788 757 illa
815 702 988 758 nobis
1018 703 1220 760 edidit.

487 790 774 861 Quodque
802 794 957 846 Deus
990 793 1326 849 nasciturus
1365 811 1512 862 esse,
1566 802 1753 851 matre
1811 795 2063 866 Virgine,

411 876 571 931 idem
598 881 732 932 ante
765 879 1093 936 Gabrielem
1119 883 1322 952 jussus
1379 889 1466 940 est
1512 884 1834 957 praedicere
1869 900 1881 950 ;
1935 880 2063 936 talis

414 979 594 1035 porro
623 965 792 1020 decet
821 971 986 1022 ortus
1015 975 1318 1026 auctorem
1347 972 1670 1027 munditiae.

485 1053 805 1122 Legislator
822 1056 1145 1130 Danielque
1164 1065 1516 1116 notaverunt
1533 1061 2065 1132 terniinum,quan-

411 1139 489 1194 do
522 1143 640 1196 Rex
669 1146 956 1199 venturus
990 1152 1531 1220 essetexspectatus
1560 1149 1826 1219 gentium
1856 1165 1867 1203 :
1897 1149 1946 1203 is
1968 1163 2066 1203 ne-

411 1228 633 1297 glectus
662 1230 918 1302 perdidit
948 1233 1104 1290 male
1134 1237 1428 1308 populum
1459 1239 1794 1293 .ludaicum.

492 1320 808 1374 Summum
831 1337 1033 1390 regem
1060 1324 1406 1382 adfuturum
1437 1343 1765 1400 pauperem
1792 1330 1847 1382 et
1875 1325 2067 1382 humi-

407 1404 527 1460 lem
548 1407 804 1462 ostendit
833 1411 1125 1481 propheta
1152 1413 1327 1483 quasi
1341 1414 1470 1484 jam
1500 1415 1813 1482 visibilem,
1848 1412 2065 1470 corruit

410 1494 705 1565 superbus
737 1496 921 1552 hostis
949 1503 1085 1554 ante
1116 1501 1288 1570 cujus
1322 1502 1555 1558 faciem.

1206 1592 1267 1645 V.

498 1686 550 1725 IN
590 1687 757 1727 FESTO
799 1690 994 1730 SANCTI
1032 1693 1216 1732 EGIDII
1257 1695 1509 1747 ABBATIS,
1553 1696 1622 1735 AI)
1661 1694 1975 1734 MATUTINL'M

1026 1781 1445 1824 INVITATORIUM.

475 1847 812 1905 Adoramus
839 1867 1043 1920 regem
1069 1855 1246 1910 totius
1277 1855 1558 1912 bonitatis
1585 1859 1910 1922 auctorem,
1958 1854 2061 1927 qui

407 1942 684 1993 sanctum
716 1940 1023 2009 zEgidium
1052 1949 1301 2000 exornat
1331 1949 1387 2000 et
1413 1945 1616 2014 gratiae
1643 1944 1840 2012 donis,
1875 1949 1930 1999 et
1969 1945 2061 2015 ju-

405 2024 571 2081 stitize
598 2027 879 2099 praemiis.

1186 2112 1268 2166 VI.

665 2210 716 2248 IN
759 2211 1049 2252 MATUTINIS
1090 2213 1358 2255 LAUDIBUS
1398 2215 1792 2256 RESPONSORIA.

474 2280 794 2336 Dominum
827 2299 1064 2354 semper
1089 2289 1144 2340 et
1170 2285 1390 2358 ubique
1422 2292 1791 2356 regnantem,
1825 2290 1885 2344 in
1917 2305 2056 2344 san-

401 2372 492 2424 cto
525 2385 634 2425 suo
665 2370 891 2438 Aﬁgidio
923 2371 1242 2429 miriﬁcum
1265 2375 1679 2447 praedicemus.
1725 2378 2052 2434 Jubilemus

402 2460 521 2512 Deo
553 2458 988 2528 gratulantibus
1019 2463 1255 2535 animis,
1290 2466 1393 2537 qui
1424 2472 1744 2538 patronum
1781 2475 2052 2524 nostrum

400 2545 707 2614 ngidium
762 2547 1062 2606 decoravit
1110 2554 1298 2619 gratia
1354 2555 1700 2611 sanctitatis.
1756 2560 1929 2627 Deus,
1991 2563 2054 2614 ut

399 2633 644 2688 tandem
675 2651 786 2690 nos
814 2636 1127 2706 vigilantes
1153 2640 1445 2709 invenias,
1493 2643 1657 2698 chari
1707 2644 1788 2700 tui
1843 2646 2051 2714 Aigidii

397 2721 570 2776 nobis
601 2724 809 2780 merita
840 2727 1258 2796 sutfragentur.
1284 2732 1634 2788 Benedictus
1664 2733 1736 2788 sit
1753 2733 2052 2790 universa-

393 2808 465 2864 lis
520 2812 827 2883 Dominus,
896 2832 1079 2888 quem
1128 2817 1341 2874 beatus
1391 2821 1708 2878 nobiscum
1753 2822 2052 2879 benedicit

396 2898 677 2968 Egidius.
713 2904 865 2957 Laus
881 2905 1155 2973 jucunda
1182 2913 1420 2963 resonet
1447 2911 1563 2964 Deo
1608 2910 1741 2966 vivo
1795 2915 1853 2966 et
1907 2927 2048 2967 vero

393 2985 455 3040 in
511 2988 697 3043 sancti
755 2991 846 3045 sui
891 2992 1102 3061 AEgidii
1152 2995 1454 3050 miraculis
1514 2997 1774 3066 gloriosi.
1838 3001 2046 3056 Sancte

395 3075 700 3130 confessor
730 3082 785 3132 et
805 3083 1054 3148 patrone
1089 3086 1288 3137 noster
1312 3084 1520 3153 zEgidi,
1544 3102 1650 3157 per
1676 3087 1846 3157 cujus
1868 3089 2045 3143 meri-

393 3166 453 3217 ta
482 3164 800 3219 Dominum
828 3165 1254 3240 gloriﬁcamus,
1293 3173 1457 3243 apud
1484 3173 1654 3228 illum
1708 3192 1820 3248 pro
1873 3177 2046 3233 nobis

396 3255 448 3304 te
478 3251 837 3308 intercedere
868 3257 1216 3313 sentiamus.
1259 3260 1670 3318 Benedicimus
1694 3267 1767 3332 te,
1795 3264 2048 3320 clemen-

392 3338 616 3394 tissime
647 3343 822 3411 Deus,
855 3345 959 3415 qui
1007 3345 1170 3400 diem
1223 3347 1443 3404 festum
1490 3349 1650 3406 beati
1715 3353 1933 3422 JEgidii
1981 3353 2044 3409 in

386 3425 630 3483 laudem
685 3435 850 3486 tuam
907 3432 1082 3488 nobis
1133 3437 1468 3508 expendere
1530 3439 1806 3512 tribuisti,
1869 3447 2043 3516 teque

391 3516 733 3588 suppliciter
762 3535 1082 3577 exoramus
1105 3529 1168 3579 ut
1199 3527 1420 3582 sanctis
1469 3527 1582 3583 tuis
1608 3529 1830 3601 quibus
1853 3530 2045 3588 hono-

384 3603 735 3662 riticentiam
763 3609 1136 3680 exhibemus,
1169 3614 1379 3672 virtute
1410 3633 1480 3673 ac
1528 3619 1776 3690 praemio
1827 3621 2042 3678 sociari

383 3707 741 3751 mereamur.

1157 3793 1267 3847 νη.

771 3890 946 3932 PROSA
988 3893 1052 3933 ΕΤ
1094 3895 1220 3935 ALIA
1259 3898 1655 3961 RESPONSQRIA.

462 3958 714 4049 Sanctus
737 3963 998 4032 «Egidius
1021 3968 1259 4027 natione
1304 3958 1541 4031 Graecus
1575 3976 1878 4048 przeclaris
1930 3993 2038 4049 pa-

383 4045 653 4135 rentibus
685 4049 976 4120 originem
1023 4056 1209 4128 duxit,
1241 4078 1492 4135 corpore
1547 4045 1753 4121 valens
1799 4069 1856 4121 et
1901 4045 2039 4122 a—cer

380 4131 638 4202 ingenio.
674 4139 930 4197 Feliciter
958 4145 1196 4204 adultus
1218 4157 1304 4207 est
1345 4131 1415 4209 ac
1470 4153 1789 4210 liberaliter
1839 4155 2036 4210 erudi-

383 4223 494 4310 tus.
522 4227 585 4278 In
601 4241 801 4282 rerum
823 4247 1063 4306 quoque
1093 4241 1473 4308 possessinne
1503 4258 1624 4298 non
1656 4243 1871 4310 tenuis,
1931 4245 2035 4301 sed

378 4307 680 4401 ingentem
709 4318 945 4390 copiam
962 4307 1216 4394 provida
1240 4327 1486 4398 largitas
1546 4331 1831 4401 erogavit.
1859 4307 2032 4390 'Hinc

2173 436 2399 493 desidia
2429 439 2688 506 tardum,
2723 441 2900 496 docto
2930 441 3109 498 docili
3137 459 3381 516 quoque
3408 460 3598 516 puero
3646 447 3832 516 gratia

2174 524 2276 580 Dei
2301 541 2424 580 non
2455 526 2660 595 defuit,
2684 528 2870 584 vitam
2897 529 3026 600 ejus
3054 531 3219 586 omni
3248 548 3490 588 morum
3523 533 3832 615 honestate

2173 615 2630 672 commendans.
2654 618 2784 672 Jam
2810 618 3058 691 jamque
3103 618 3244 674 foris
3293 620 3654 677 scintillabat
3685 622 3832 677 indi-

2174 701 2298 767 ciis,
2354 721 2644 760 succensa
2693 705 2854 762 velut
2908 707 3144 780 lampas
3196 710 3519 767 charitatis.
3597 714 3830 767 Vestem

2173 802 2333 856 aegro
2358 788 2598 844 cuidam
2626 791 3008 856 mendicanti,
3044 809 3165 865 qua
3186 809 3306 848 non
3335 795 3642 867 superﬂua
3678 801 3832 864 tege-

2172 875 2368 946 batur,
2397 879 2674 949 quamvis
2705 880 2902 936 adhuc
2959 881 3270 952 paedagogi
3312 885 3666 940 sententiam
3720 885 3834 939 sibi

2173 965 2497 1022 {estimaret
2525 967 2988 1037 formidabilem,
3022 971 3204 1027 dedit.
3265 973 3492 1029 Prodiit
3529 973 3834 1045 extemplo

2173 1055 2480 1126 quoddam
2511 1058 2900 1114 memorabile
2933 1059 3194 1128 signum,
3225 1065 3390 1133 quod
3448 1065 3635 1118 Deum
3674 1062 3838 1132 Egi-

2173 1143 2272 1199 dio
2295 1145 2603 1216 cooperari
2627 1153 2998 1220 compertum
3023 1154 3131 1204 est.
3168 1153 3336 1216 Nam,
3378 1155 3443 1205 ut
3496 1167 3656 1219 aeger
3709 1151 3838 1206 atti-

2174 1232 2256 1301 git
2279 1233 2544 1289 oblatam
2577 1235 2688 1290 sibi
2714 1242 2963 1308 vestem,
3019 1238 3196 1293 simul
3246 1240 3465 1312 recepit
3511 1240 3836 1313 pristinam

2173 1321 2503 1378 sanitatem.
2543 1326 2891 1381 Parentibus
2946 1332 3146 1382 autem
3196 1328 3256 1383 in
3308 1345 3456 1401 pace
3510 1328 3833 1395 defunctis,

2171 1410 2512 1481 patrimonii
2544 1414 2636 1468 sui
2685 1415 2984 1471 Christum
3010 1416 3144 1472 fecit
3192 1417 3511 1485 heeredem,
3568 1415 3836 1472 mirabili

2172 1498 2353 1554 modo
2402 1503 2795 1573 pauperando
2855 1504 3167 1572 ditescens,
3215 1506 3364 1561 dum
3403 1505 3837 1579 temporalium

2170 1586 2490 1661 impendiis
2519 1595 2741 1650 aeterna
2761 1593 3042 1650 lucratur.
3077 1601 3146 1650 At
3172 1595 3276 1651 ubi
3290 1597 3477 1652 sancti
3503 1597 3613 1651 viri
3639 1595 3838 1651 virtus

2098 1699 2142 1753 Β
2171 1692 2294 1749 prae
2321 1681 2734 1749 magnitudine
2784 1700 2893 1738 sua
2921 1683 3098 1740 latere
3128 1701 3249 1740 non
3304 1685 3515 1757 potuit,
3565 1685 3843 1741 conﬂue—

2168 1766 2313 1822 bant
2343 1767 2605 1839 plurimi,
2640 1772 2907 1842 corporis
2939 1773 3275 1844 animaeque
3300 1773 3592 1828 beneﬁcia
3622 1777 3844 1845 postu-

2167 1854 2375 1910 lantes.
2403 1859 2516 1912 Nec
2547 1874 2708 1924 vero,
2736 1859 2839 1914 ubi
2872 1859 3045 1915 dator
3081 1861 3282 1916 hilaris
3313 1866 3368 1916 et
3392 1861 3557 1933 quod
3578 1861 3844 1916 daretur

2167 1943 2408 1998 abunde
2439 1960 2560 1999 non
2617 1945 2842 2014 aderat,
2900 1964 3008 2002 suo
3051 1964 3299 2004 munere
3357 1949 3839 2004 frustrabantur.

2168 2031 2435 2103 Cumque
2460 2033 2611 2089 mira
2632 2035 3058 2104 gestalaudum
3080 2037 3381 2109 praeconia
3404 2041 3839 2109 sequerentur,

2165 2119 2316 2174 mari
2349 2121 2594 2177 transito
2621 2123 2880 2178 natalem
2913 2125 3198 2180 Grieciam
3229 2142 3337 2180 sua
3374 2125 3701 2198 praesentia
3751 2126 3842 2181 vi-

2165 2206 2390 2275 duavit,
2421 2209 2727 2265 incautum
2762 2227 2890 2266 esse
2916 2212 3200 2283 judicans
3230 2213 3370 2266 levis
3401 2211 3578 2267 famae
3629 2215 3842 2285 pretio

2165 2297 2511 2353 thesaurum
2541 2298 2716 2355 bonae
2744 2301 3116 2358 conscientiae
3147 2302 3474 2368 venditare,
3527 2302 3586 2356 in
3635 2304 3839 2359 natali

2161 2402 2540 2458 permanens.
2566 2388 2821 2444 Mirabile
2851 2391 3096 2462 quidem
3118 2396 3205 2446 est
3237 2396 3464 2463 quanto
3495 2391 3555 2446 in
3592 2408 3666 2447 eo
3694 2409 3836 2448 suc-

2161 2475 2407 2531 creverit
2433 2477 2817 2548 parcimonize
2857 2479 3064 2546 virtus,
3110 2497 3248 2535 cum
3306 2479 3494 2536 multo
3548 2485 3834 2553 tempore

2161 2563 2239 2618 ab
2286 2563 2472 2636 ipsius
2513 2582 2755 2638 quoque
2810 2568 2982 2640 panis
3033 2569 3353 2624 abstineret
3373 2569 3593 2626 edulio.
3651 2572 3830 2626 Unde

2158 2651 2328 2708 facile
2382 2658 2545 2726 patet
2601 2671 2739 2711 eum
2796 2672 2904 2712 nec
2934 2657 3333 2729 pulmentaria
3375 2674 3484 2713 nec
3531 2659 3830 2730 quaelibet

2159 2741 2312 2810 gulze
2333 2742 2700 2800 irritamenta
2721 2752 3087 2818 quaerentem
3136 2747 3214 2803 ad
3256 2763 3518 2820 superna
3545 2742 3828 2805 evolasse

2156 2846 2360 2900 regna.

2917 2926 3050 2980 VIII.

2607 3028 2785 3068 PROSA
2826 3031 2889 3069 DE
2931 3031 3058 3071 DIVO
3098 3031 3358 3072 MARTINO.

2228 3102 2380 3154 Inter
2408 3102 2604 3156 Patres
2660 3103 3033 3160 monachalis
3075 3105 3170 3160 vel
3217 3104 3503 3161 clericalis
3558 3107 3819 3178 ordinis,

2153 3187 2380 3243 virtulis
2406 3189 2750 3246 excellentia
2779 3193 3056 3249 Martinus
3078 3193 3373 3250 notabilis.
3405 3197 3532 3250 Non
3559 3195 3823 3267 quilibet

2153 3275 2226 3331 de
2256 3276 2548 3349 pluribus,
2583 3279 2688 3335 sed
2733 3280 2828 3336 ille
2859 3282 3173 3338 solitarius.
3204 3283 3396 3337 Primo
3427 3282 3651 3339 deinde
3712 3288 3822 3340 Tu-

2151 3365 2369 3421 ronicae
2396 3367 2615 3438 praesul
2643 3374 2930 3441 paterque
2951 3371 3174 3442 patria.
3211 3371 3432 3427 Diserta
3465 3388 3653 3444 quem
3670 3389 3820 3445 pru-

2152 3453 2374 3521 dentia,
2406 3455 2694 3529 fortisque
2718 3459 3129 3531 temperantia,
3155 3460 3301 3532 quin
3333 3460 3620 3516 universa
3673 3478 3818 3517 san-

2152 3543 2319 3599 ctitas
2346 3546 2596 3616 ornavit,
2629 3547 2743 3603 hoc
2774 3553 2879 3614 est,
2905 3549 3178 3605 charitas.
3214 3550 3266 3604 Is
3317 3550 3571 3622 pauperi
3622 3568 3816 3624 quam

2149 3634 2377 3703 dividit,
2405 3653 2468 3692 se
2497 3642 2658 3692 veste
2690 3639 2952 3694 Christus
2977 3639 3187 3707 induit,
3212 3641 3366 3695 dans
3402 3640 3578 3710 signa
3630 3646 3816 3698 tantaa

2150 3724 2353 3792 gratiae
2376 3725 2635 3781 necdum
2663 3732 2869 3783 renato
2896 3743 3154 3784 cernere.
3185 3731 3313 3785 Mox
3343 3729 3505 3784 fonte
3548 3729 3686 3785 οωΙί
3716 3747 3815 3786 ro-

2149 3811 2313 3867 scido
2345 3817 2550 3870 sancto
2580 3814 2839 3888 repletus
2868 3816 3104 3889 Spiritu,
3164 3816 3424 3889 divoque
3477 3817 3664 3873 fretus
3709 3835 3816 3875 nu-

2147 3901 2326 3970 mine,
2352 3907 2408 3958 et
2432 3906 2496 3960 ut
2525 3909 2737 3976 potens
2763 3906 3102 3978 Apostolus,
3135 3906 3398 3963 confutat
3429 3912 3592 3964 ortas
3623 3909 3814 3966 haere-

2149 4004 2262 4055 ses,
2291 3991 2464 4061 jussu
2489 3993 2716 4066 repellit
2735 3995 3059 4060 daemones,
3096 3996 3367 4051 medetur
3390 3995 3572 4069 lepraa
3629 4015 3810 4054 oscu-

2143 4077 2223 4146 lo,
2258 4083 2313 4133 et
2341 4081 2590 4136 mortuis
2621 4083 2909 4154 precario.
2967 4084 3077 4149 Qui
3129 4083 3265 4155 igne
3316 4090 3490 4158 rapto
3548 4086 3808 4157 caelitus,

2144 4182 2440 4224 cremasse
2465 4168 2606 4227 fana
2633 4171 2924 4241 funditus,
2957 4189 3284 4246 gravesque
3334 4173 3524 4230 moles
3581 4191 3694 4247 per
3746 4177 3809 4232 ﬁ-

2142 4255 2301 4326 dem,
2329 4258 2490 4313 hunc
2507 4260 2876 4317 transtulisse
2907 4262 3224 4334 praedicem
3247 4263 3275 4318 ‘2
3333 4263 3577 4319 Dedisse
3631 4266 3807 4322 caecis

2141 4345 2357 4415 sidera,
2390 4349 2604 4405 sentire
2636 4349 2832 4405 surdis
2857 4367 3105 4422 organa,
3134 4352 3435 4425 mutisque
3469 4355 3804 4426 praecinen-

376 4396 530 4455 inter
555 4419 844 4478 prospera
864 4411 1167 4486 voluptate
1197 4432 1318 4472 non
1345 4421 1434 4472 est
1461 4418 1775 4485 resolutus,
1808 4437 1917 4478 nec
1945 4422 2032 4478 in-

376 4489 650 4511 iu---”
873 4499 908 4511 ..
955 4501 969 4511 .
1038 4502 1051 4511 .
1225 4509 1231 4511 _
1763 4509 1797 4511 __

2201 4395 2357 4415 ----_,
2390 4395 2603 4405 ---ων
2636 4395 2831 4405 -........
2859 4395 3105 4422 “om”,
3134 4395 3434 4425 ...μηυιιυν
3469 4395 3778 4426 "meum.

2201 4452 2323 4506 )us,
2356 4442 2597 4509 aptasse
2622 4439 2868 4495 claudos
2894 4441 3141 4496 saltibus
3171 4441 3199 4496 ?
3226 4443 3378 4506 Quot
3400 4444 3654 4511 gesserit
3706 4445 3805 4500 hu-

376 4489 463 4582 ter
492 4505 706 4582 aspera
766 4512 802 4552 a
852 4499 1093 4558 diabolo
1151 4509 1239 4559 est
1266 4511 1604 4576 superatus.
1641 4509 1926 4582 lnediam,
1960 4511 2030 4568 si-

375 4576 500 4645 tim,
534 4581 766 4652 algores
788 4592 844 4643 et
864 4590 1115 4660 vigilias,
1139 4608 1250 4665 pro
1279 4595 1491 4651 Christi
1523 4611 1729 4654 amore
1785 4576 2026 4658 delicias

372 4673 777 4741 computabat.
809 4678 1066 4736 Affectus
1097 4681 1346 4752 injuriis,
1396 4689 1450 4740 et
1503 4687 1758 4756 graviter
1802 4692 2028 4750 saucia-

370 4758 487 4826 tus,
520 4759 922 4832 aﬂligentibus
951 4785 1013 4824 se
1043 4768 1481 4840 deprecabatur
1515 4775 1776 4834 veniam.
1811 4782 2022 4838 Crede-

368 4841 505 4942 Ibat,‘
522 4851 688 4919 quod
721 4853 1015 4942 didicerat
1044 4873 1079 4912 a
1109 4874 1251 4913 vero
1282 4863 1592 4935 magistro,
1625 4864 1685 4942 in
1736 4869 2020 4939 patientia

365 4933 608 5024 tandem
633 4940 866 4996 animas
892 4944 1204 5014 possideri.
1239 4948 1449 5006 Virtute
1480 4933 1685 5024 itaque
1705 4933 1907 5014 vectus
1937 4961 2017 5017 ad

363 5019 661 5095 sublimia,
687 5030 1037 5086 sacerdotali
1067 5035 1282 5090 meruit
1305 5037 1492 5095 infula
1517 5019 1806 5102 decorari.
1860 5048 2015 5105 Obti-

354 5110 487 5212 nuit
507 5113 666 5212 enim
697 5115 844 5172 illud
869 5121 1182 5212 sapientis,
1212 5129 1378 5201 quod
1406 5128 1468 5186 in
1498 5134 1765 5212 tempore
1792 5137 1891 5197 irae
1920 5139 2010 5197 fa-

356 5199 486 5251 ctus
516 5205 603 5255 est
626 5207 1048 5267 reconciliatio.

650 5292 888 5401 Christi-
901 5300 1207 5401 confessor
1233 5311 1516 5390 Aigidius,
1548 5335 1763 5391 genere
1785 5325 2002 5401 clarus,

351 5372 458 5476 sed
471 5375 749 5476 scientia,
780 5385 992 5447 virtute
1021 5397 1077 5450 et
1105 5412 1283 5469 opere
1301 5372 1515 5476 longe,
1545 5372 1726 5471 glario
1758 5375 1996 5476 exstitit:

350 5463 583 5571 tegitur
601 5469 845 5571 quidem
871 5481 1033 5571 regia
1059 5463 1238 5560 stirpe
1265 5463 1453 5552 fuisse
1468 5463 1998 5571 progenitdgvged

390 5549 400 5560 _
947 5548 960 5550 _
1163 5548 1184 5560 ,
1330 5548 1439 5552 μη
1513 5548 1574 5557 --
1625 5548 1834 5562 -.........
1883 5548 1989 5567 υνυ

341 5548 438 5666 hic
463 5569 589 5666 aevo
612 5560 790 5631 tener,
825 5567 903 5622 ad
947 5569 1216 5632 liberalia
1246 5548 1617 5644 rudimeliltaD
1644 5590 1989 5666 dispositus,

338 5639 612 5701 doctores
638 5665 908 5713 summos
930 5658 1100 5720 brevi
1116 5639 1991 5760 aequiparavitlDum-p'dtteu‘ti’s’

2130 4524 2397 4596 jusmodi
2429 4527 2857 4586 miraculorum
2889 4531 3094 4598 millia,
3127 4530 3278 4602 fugit
3318 4531 3492 4602 ligari
3541 4533 3798 4601 calculo,

2133 4613 2294 4669 velut
2327 4614 2570 4674 saburra
2597 4619 2859 4692 pontica.

2910 4729 2994 4782 IX.

2625 4844 2690 4883 DE
2730 4844 2938 4886 SANCTO
2978 4847 3288 4887 LAMBERTO.

2195 4927 2406 4997 Magna
2435 4945 2549 4985 vox
2567 4928 2747 4986 laude
2769 4947 2988 4989 sonora
3015 4937 3071 4988 te
3096 4933 3266 4990 decet
3285 4950 3393 5006 per
3423 4935 3788 5009 omnia,quo

2121 5013 2243 5086 poli
2293 5016 2510 5074 chorea
2540 5024 2717 5076 aucta
2741 5020 2840 5076 tali
2868 5038 3173 5095 compare,
3239 5030 3393 5079 terra
3442 5024 3689 5096 plaudit
3736 5028 3792 5079 et

2119 5104 2364 5161 resultat
2389 5106 2574 5177 digna
2603 5113 2767 5165 tanto
2818 5110 3092 5182 praesule.
3146 5113 3190 5168 Ο
3249 5128 3422 5168 sacer
3473 5114 3788 5170 Lamberte

2119 5197 2366 5268 martyr,
2394 5198 2536 5252 vota
2559 5202 2764 5254 nostra
2795 5200 3051 5274 suscipe.

2912 5319 2972 5374 X.

2787 5435 2893 5477 PRO
2931 5437 3090 5477 REGE.

2181 5519 2407 5586 Regum
2426 5514 2703 5590 princeps
2725 5521 2906 5591 atque
2932 5518 3135 5586 virtus,
3181 5519 3353 5591 cujus
3397 5523 3550 5575 nutu
3571 5521 3786 5576 mundi

2109 5603 2331 5659 caelum
2345 5609 2695 5677 gyrat,terra
2709 5607 3366 5680 perstat,disponuntur
3378 5611 3607 5665 saecula
3627 5627 3641 5664 :
3661 5610 3784 5680 regi

2110 5686 2367 5748 Roberto
2383 5693 2524 5764 nato
2539 5689 2720 5768 stirpe
2735 5689 3130 5766 nobilissima,
3151 5691 3234 5760 sic
3248 5689 3506 5765 domare
3551 5692 3663 5756 des
3691 5709 3787 5755 su-

2995 6347 3322 6362 “‘_‘f
