3904 6392
103 273 209 327 345

1176 275 1392 332 HYMNI
1433 277 1517 331 ET
1556 273 1868 332 CARMINA
1908 271 2468 330 ECCLESIASTICA.
3439 273 3542 328 346

103 395 325 466 perbos
355 400 411 452 et
436 397 716 468 subjectis
744 413 1011 469 parcere,
1043 403 1108 455 ut
1131 399 1226 455 hic
1253 414 1521 471 regnans
1549 395 1762 466 glorio-
1789 396 1829 447 A
1877 397 1990 448 Aut
2015 393 2166 447 bene
2200 394 2573 464 complacita
2602 380 2814 466 captus
2843 393 3071 449 virtutis
3099 408 3322 448 amore.

102 499 208 538 sus
233 485 545 556 quondam
573 485 731 542 vivat
756 485 818 540 in
847 487 1084 543 athere.

887 604 972 657 XI.

655 706 720 744 DE
760 707 938 746 ΒΕΑΤΑ
978 708 1221 749 VIRGINE.

101 775 303 832 Solem
327 776 568 846 justitia
594 780 812 847 Regem
840 779 1111 850 paritura
1143 796 1516 852 supremum,

98 864 280 920 Stella
305 865 482 920 Maria
511 866 694 921 moris
729 866 907 922 hodie
937 869 1230 940 processit
1258 869 1337 924 ad
1368 873 1598 924 ortum:

102 953 354 1008 Cernere
384 951 652 1008 divinum
683 954 885 1010 lumen
919 956 1169 1024 gaudete
1195 956 1423 1012 ﬁdeles.

849 1055 1019 1122 Resp.

102 1136 294 1208 Stirps
324 1139 490 1194 Jesse
519 1139 722 1209 vigam
748 1141 1048 1212 produxit,
1082 1141 1391 1215 virgatque
1422 1142 1628 1197 ﬂorem

100 1228 168 1280 Et
195 1243 375 1299 super
403 1228 564 1284 hunc
591 1230 801 1285 ﬂorem
829 1231 1142 1302 requiescit
1175 1231 1423 1303 Spiritus
1456 1232 1649 1287 almus
1674 1249 1690 1298 ;

95 1312 275 1382 Virgo
307 1314 405 1370 Dei
430 1316 679 1385 genitrix
705 1317 874 1386 virga
896 1323 1001 1385 est,
1029 1318 1139 1374 ﬂos
1161 1319 1316 1374 ﬁlius
1347 1320 1495 1389 ejus.

850 1407 1021 1474 Resp.

93 1492 188 1548 Ad
216 1497 432 1549 nutum
462 1493 701 1548 Domini
730 1499 1001 1550 nostrum
1033 1495 1273 1550 ditantis
1303 1497 1618 1565 honorem,

97 1588 262 1644 Sicut
289 1589 462 1662 spina
491 1607 714 1658 rosam,
749 1592 953 1660 genuit
981 1592 1148 1647 Juda
1180 1593 1441 1658 Mariam,

96 1680 167 1733 Ut
197 1677 405 1734 vitium
433 1679 617 1736 virtus
644 1680 919 1752 operiret,
954 1681 1143 1750 gratia
1171 1682 1434 1754 culpam.

869 1800 978 1851 Xll.
1027 1811 1030 1816 ‘

673 1901 738 1940 DE
778 1902 956 1941 SANTA
997 1902 1186 1942 CRUCE.

90 1971 386 2027 Vexillum
414 1971 570 2041 regis
599 1973 938 2028 venerabile
969 1978 1184 2030 cuncta
1216 1976 1494 2043 regentis,

90 2062 135 2116 Ο
169 2077 317 2115 crux
347 2065 572 2127 sancta,
606 2062 836 2116 micans
868 2079 1049 2134 super
1073 2062 1277 2118 omnia
1307 2063 1505 2120 sidera
1533 2063 1685 2136 cali,

89 2147 386 2204 Mortifero
415 2147 601 2220 lapsis
635 2153 832 2220 gustu,
865 2167 1001 2221 qua
1027 2150 1156 2206 sola
1186 2155 1457 2222 reportas

87 2235 439 2292 Antidotum
462 2237 614 2305 vita,
648 2236 909 2293 fructum
940 2255 1234 2312 suspensa
1263 2256 1610 2312 perennem,

86 2330 163 2382 Te
195 2325 351 2397 colo,
381 2331 435 2381 te
464 2325 653 2382 fateor
682 2343 995 2394 venerans,
1026 2332 1077 2382 te
1110 2345 1337 2400 pronus
1369 2330 1575 2384 adoro.

87 2413 376 2484 Christus,
395 2414 777 2486 principium,
810 2414 966 2481 ﬁnis,
998 2418 1304 2483 surrectio,
1340 2417 1479 2480 vita,

86 2506 326 2572 Merces,
356 2503 478 2570 lux,
512 2505 766 2576 requies,
793 2510 1136 2561 sanctorum
1164 2505 1347 2576 doxa,
1381 2523 1621 2562 corona.

83 2594 197 2647 Pro
229 2591 414 2646 servis
441 2593 727 2647 Dominus
758 2592 1122 2648 redimendis
1154 2595 1348 2649 hostia
1379 2595 1594 2661 factus,

88 2683 149 2735 In
209 2684 262 2736 te
321 2680 696 2753 suspendens
749 2682 884 2752 [pro
934 2684 1309 2754 suspensus],
1366 2699 1473 2754 per
1523 2682 1757 2752 lignum

1360 2771 1582 2841 [toxica
1609 2769 1757 2842 ligni

83 2857 387 2928 Purgavit,
414 2858 632 2914 clausa
664 2859 990 2914 reserando
1017 2859 1249 2915 limima
1279 2859 1429 2915 vita.

82 2951 268 3004 Tante
293 2963 434 3019 pars
469 2962 581 3015 ego
612 2963 746 3002 sum
775 2947 1079 3019 libertatis,
1111 2947 1269 3003 bone
1299 2951 1538 3017 Pastor;

86 3037 201 3094 Sed
229 3035 416 3106 mala,
446 3051 683 3108 semper
712 3051 920 3106 agens,
955 3052 1270 3108 nunquam
1315 3037 1419 3093 tibi
1449 3038 1633 3108 digna
1661 3055 1754 3094 re-

1525 3127 1749 3199 [pendi.

85 3217 206 3271 Heu
229 3214 242 3268 ε
277 3211 424 3268 mihi
436 3212 565 3283 jam
579 3211 803 3268 bibula
829 3229 1152 3269 numerum
1169 3215 1538 3270 transcendit
1555 3231 1751 3270 arena

85 3302 335 3360 Sarcina
356 3300 706 3370 multorum,
738 3301 886 3356 mihi
911 3318 1044 3374 quae
1075 3319 1332 3370 crevere,
1356 3303 1676 3358 malorum.

85 3391 194 3446 Sed
221 3389 370 3461 quia
389 3389 694 3461 peccantis
711 3390 910 3462 potius
925 3390 1089 3446 bona
1104 3407 1293 3462 quam
1326 3391 1486 3446 mala
1513 3391 1748 3463 quaris,

82 3480 342 3550 Plusque
371 3477 475 3533 tibi
505 3483 714 3550 peccat
744 3495 915 3550 spem
945 3479 1051 3551 qui
1096 3479 1404 3550 peccando
1448 3480 1750 3553 relinquit,

81 3569 168 3624 Ad
192 3572 254 3624 te
286 3567 586 3636 confugio,
620 3567 725 3623 tibi
752 3568 1027 3640 supplico
1053 3568 1458 3640 conﬁteorque
1485 3588 1498 3637 ;

85 3661 282 3726 Parce,
317 3673 549 3729 precor,
577 3656 864 3712 miserere
891 3657 1030 3726 mei,
1054 3657 1335 3712 miserere
1365 3674 1662 3726 meorum,

87 3744 357 3802 Defuncti
386 3744 491 3816 qui
522 3749 680 3816 sunt,
704 3749 761 3800 et
801 3744 863 3800 in
891 3745 1027 3813 hoc,
1059 3744 1165 3816 qui
1193 3745 1344 3811 luce,
1379 3751 1699 3816 parentum
1734 3764 1749 3801 :

85 3835 190 3899 Qui
222 3834 390 3890 bona
418 3832 703 3901 fecerunt,
729 3833 822 3889 his
845 3849 952 3906 per
979 3837 1031 3889 te
1053 3820 1333 3905 centupla
1361 3833 1566 3903 redde,

84 3922 208 3992 Qui,
235 3919 400 3976 mala
427 3925 778 3976 convertens
809 3919 1185 3993 peccamina,
1235 3926 1448 3975 cuncta
1476 3919 1746 3992 remittis,

84 4011 306 4066 Omnes
331 4009 445 4065 hoc
471 4009 645 4078 signo
673 4009 778 4080 qui
807 4014 861 4065 te
887 4013 1248 4064 venerantur
1277 4013 1334 4064 et
1360 4013 1534 4065 orant

83 4099 300 4169 Dirige,
333 4102 618 4167 sustenta,
653 4097 903 4164 custodi,
940 4102 1204 4167 protege,
1235 4096 1423 4167 salva,

81 4190 163 4242 Da
196 4186 411 4259 procul
441 4203 477 4242 a
503 4185 703 4256 nobis,
737 4186 912 4241 elatio
938 4186 1104 4242 sistat
1132 4191 1199 4241 ut
1219 4186 1436 4256 omnis,

81 4276 206 4340 Quo
240 4274 345 4330 tibi
373 4273 655 4329 submissi
676 4273 1024 4345 placeamus
1049 4279 1287 4346 pectore
1320 4290 1493 4346 puro.

79 4365 324 4432 Protege
352 4379 464 4417 nos
491 4362 729 4432 jugiter,
757 4366 1020 4418 ventosa
1050 4362 1247 4417 laudis
1280 4362 1356 4416 ab
1389 4379 1514 4430 ora,

82 4453 143 4505 Et
163 4450 342 4506 nobis
371 4449 589 4520 dignas
623 4449 824 4504 confer
850 4449 954 4504 tibi
982 4449 1208 4504 solvere
1241 4455 1455 4517 grates.

78 4539 323 4595 Invidiae
353 4538 656 4594 maculam
687 4537 760 4592 de
786 4537 1087 4593 mentibus
1119 4538 1294 4593 ablue
1327 4539 1564 4606 nostris,

66 4624 408 4684 "Infundens
441 4627 619 4682 nobis
646 4626 848 4696 ignem
879 4626 1131 4682 caelestis
1160 4628 1382 4683 amoris
1409 4646 1421 4692 ;

79 4717 180 4772 Ira
207 4730 601 4788 compescens
632 4716 923 4782 stimulos,
951 4715 1045 4770 fac
1075 4731 1186 4770 nos
1219 4715 1528 4786 patientes,

77 4805 515 4876 Tristitiamque
544 4803 783 4874 fugans,
814 4803 874 4858 in
906 4802 1145 4859 damnis
1187 4819 1357 4874 spem
1383 4805 1701 4859 retinentes
1729 4821 1742 4871 ;

78 4893 311 4949 Crimen
340 4892 604 4949 avaritia
631 4891 808 4946 nobis
837 4890 999 4946 dona
1025 4889 1347 4960 fugiamus,
1545 4903 1548 4908 ‘

79 4983 142 5036 Ut
165 4982 403 5055 pietatis
432 4997 587 5053 opus
610 4979 841 5052 placita
873 4979 977 5035 tibi
1008 4979 1156 5034 ferre
1187 4995 1485 5051 queamus
1511 4997 1524 5047 ;

76 5070 408 5142 Ingluviem
437 5070 659 5126 ventris
691 5085 802 5124 nos
832 5069 1062 5123 vincere
1097 5068 1434 5133 sobrietate,

75 5161 467 5232 Luxuriaque
494 5159 656 5215 luem
682 5163 848 5215 casto
876 5158 1135 5213 concede
1164 5151 1414 5230 pudOre,

74 5249 140 5304 Ut
167 5266 277 5321 per
297 5255 352 5305 te
382 5248 614 5316 mundi,
643 5264 751 5320 per
780 5253 834 5303 te
861 5263 1102 5320 quoque
1132 5246 1361 5302 viribus
1391 5247 1566 5314 aucti,

69 5338 425 5396 Constanter
450 5338 637 5394 vitam
669 5336 1021 5395 studeamus
1049 5335 1212 5393 adire
1244 5351 1590 5409 supernam.

839 5453 975 5508 XIII.

501 5559 568 5598 DE
605 5557 828 5610 TIMORB,
870 5559 968 5597 SPE
1006 5558 1072 5597 ET
1113 5557 1317 5598 AMORIS.

67 5633 302 5689 Primus
331 5633 408 5689 ab
435 5629 647 5686 illicitis
682 5629 1002 5685 hominum
1034 5646 1097 5684 se
1130 5631 1390 5685 continet
1411 5630 1586 5700 ordo,

69 5723 180 5778 Aut
206 5736 408 5795 pana
433 5723 730 5787 metuens,
762 5721 868 5777 aut
895 5718 1184 5790 providus
1213 5717 1624 5786 emolumenti,

1877 481 1987 546 Qui
2017 485 2283 552 spectare
2315 481 2447 536 licet
2477 483 2660 536 ﬁnem
2691 483 3008 537 videantur
3040 482 3117 536 ad
3142 497 3352 550 unum,

1879 573 1948 625 Ut
1976 569 2184 624 vitium
2215 570 2418 638 vitent,
2452 570 2612 625 velut
2642 569 2874 626 exitiale
2899 586 3201 624 venenum
3227 589 3239 636 ;

1877 659 1943 713 In
1970 658 2217 730 paritate
2247 663 2447 714 tamen
2479 659 2673 718 meriti
2702 658 3012 713 discretius
3038 658 3259 714 absunt
3283 677 3296 725 ;

1880 746 2044 802 Unde
2067 762 2174 802 nec
2203 747 2378 802 unita
2409 747 2657 802 veniunt
2687 747 2764 802 ad
2792 746 3041 818 pramia
3067 745 3299 816 palmae.

1879 835 2109 890 Primus
2144 835 2302 890 enim
2331 836 2565 905 coleret,
2599 836 2840 904 genium
2874 835 2919 889 si
2943 839 3148 906 posset
3173 834 3394 903 inulte;

1881 923 1992 980 Sed
2024 925 2401 980 vehementer
2430 924 2545 979 ait:
2581 923 2832 979 Zelantis
2866 924 3160 979 abhorreo
3191 923 3419 978 vultum

1875 1012 2122 1078 Judicis,
2152 1017 2208 1066 et
2232 1013 2371 1066 dira
2403 1012 2661 1068 ﬂammis
2694 1013 2902 1068 ardere
2933 1014 3236 1080 gehennae.

1876 1106 2044 1156 Anne
2075 1101 2376 1156 secundus
2401 1101 2559 1156 idem
2591 1101 2786 1168 faciat,
2822 1102 2869 1156 si
2891 1101 3138 1174 praemia
3163 1100 3396 1156 desint?

1880 1190 1993 1245 Sed
2021 1189 2180 1259 vigili
2211 1189 2438 1245 ratione
2467 1207 2650 1258 sagax
2680 1191 2827 1245 dum
2856 1190 3074 1260 gaudia
3105 1193 3324 1261 pensat

1876 1281 2042 1347 Vera,
2075 1277 2439 1350 voluptatem
2473 1283 2642 1333 caute
2673 1280 2983 1351 postponit
3011 1279 3279 1345 inertem,

1875 1367 2098 1421 Tertius
2130 1367 2387 1436 ingenue
2417 1367 2612 1422 bonus
2637 1368 2991 1438 egregieque
3023 1367 3276 1420 decorus

1875 1459 1948 1510 Te
1981 1456 2436 1526 contemplatur,
2469 1461 2522 1510 te
2551 1456 2756 1525 diligit,
2787 1471 2969 1510 aurea
2995 1455 3175 1509 virtus
3201 1471 3212 1507 :

1873 1543 2029 1599 Malit
2057 1560 2274 1615 nempe
2305 1545 2475 1610 mori,
2506 1561 2691 1616 quam
2722 1545 2927 1598 vivens
2964 1548 3015 1598 te
3048 1542 3300 1597 Viduari.

1878 1635 2024 1688 Sunt
2053 1633 2229 1702 igitur
2253 1633 2481 1705 species
2513 1651 2585 1688 ex
2612 1635 2827 1688 affectu
2857 1633 3158 1687 venientes

1878 1725 1954 1776 De
1987 1723 2204 1793 quibus
2231 1723 2536 1790 effugiant,
2571 1728 2634 1777 ut
2692 1723 2768 1777 ab
2802 1722 3008 1777 ordine
3038 1721 3334 1792 discrepet
3362 1719 3528 1774 ordo.

1874 1815 2022 1866 Nam
2051 1811 2184 1883 quis
2213 1811 2461 1866 sollicito
2491 1811 2723 1866 dubitet
2753 1811 3024 1882 praeferre
3057 1809 3252 1864 timori

1876 1902 2155 1955 Securam
2190 1901 2316 1972 spei
2337 1900 2606 1972 requiem
2633 1903 2659 1956 ?
2688 1900 2793 1954 sed
2819 1901 2942 1972 ipse
2974 1900 3251 1954 decenter

1875 1991 1941 2042 Ut
1970 1989 2326 2059 pracellenti
2357 2005 2648 2043 venerans
2671 1989 2932 2058 assurgit
2961 1987 3150 2043 amori

1873 2078 2100 2132 Interea
2129 2081 2296 2132 Pater
2325 2078 2587 2149 optimus
2619 2079 2767 2146 hac,
2801 2077 3142 2149 speculatus
3175 2076 3252 2131 ab
3283 2075 3400 2131 alto

1874 2167 2055 2236 Cujus
2081 2166 2289 2236 judicii
2320 2167 2465 2220 nihil
2495 2170 2580 2220 est
2609 2167 2773 2237 quod
2807 2166 2970 2221 fallat
2997 2181 3289 2220 acumen:

1873 2255 1970 2309 Ille
2002 2255 2212 2326 inquit,
2246 2271 2415 2309 meus
2446 2259 2550 2319 est,
2582 2254 2939 2309 vernaculus
2966 2254 3072 2308 iste
3107 2253 3362 2309 satelles.

1872 2347 2006 2398 Hac
2032 2360 2168 2399 mea
2189 2344 2530 2410 conformis,
2563 2360 2698 2398 mea
2721 2342 3105 2397 (lilectissima
3136 2343 3350 2414 proles.

1871 2435 2031 2486 Tunc
2060 2433 2235 2487 variis
2266 2431 2487 2486 meritis
2514 2431 2796 2486 distantia
2828 2431 3072 2503 praemia
3102 2431 3350 2500 librans,

1870 2523 2081 2589 Magna
2110 2520 2354 2592 quidem
2381 2521 2574 2591 primo
2607 2521 2828 2589 tribuit,
2857 2521 3088 2589 majora
3120 2520 3402 2586 secundo,

1871 2608 1935 2663 In
1967 2609 2092 2665 solo
2125 2613 2312 2665 totum
2344 2609 2571 2664 confert
2593 2608 2903 2680 probitatis
2930 2608 3142 2663 amico.

2635 2711 2765 2766 XIV.

2359 2834 2423 2871 DE
2465 2833 2644 2871 EADEM
2684 2833 2750 2872 RE
2791 2834 3040 2872 BREVIUS.

1868 2921 2005 2974 Tres
2033 2934 2228 2973 causa
2258 2917 2481 2973 faciunt
2508 2919 2782 2973 homines
2813 2923 3059 2990 peccata
3086 2933 3295 2972 cavere
3319 2935 3332 2972 :

1870 3009 2083 3061 Horror
2113 3006 2406 3078 supplicii,
2442 3023 2578 3078 spes
2610 3007 2842 3070 mercis,
2877 3023 3047 3061 amor
3077 3005 3409 3078 probitatis.

1791 3100 1831 3153 C
1867 3098 2006 3158 Qua
2038 3097 2312 3168 quamvis
2359 3098 2542 3150 tinem
2572 3097 2888 3151 videantur
2920 3096 3157 3151 tendere
3207 3095 3286 3149 ad
3315 3110 3523 3160 unum,

1870 3185 2099 3241 Scilicet
2138 3190 2201 3240 ut
2226 3185 2363 3240 vitio
2408 3191 2668 3251 careant,
2711 3185 2933 3240 distant
2962 3190 3162 3239 tamen
3193 3185 3328 3252 hoc,
3362 3182 3528 3254 quod

1869 3273 2148 3329 Servulus
2179 3278 2235 3328 et
2258 3273 2564 3328 miles-seu
2593 3274 2748 3343 regis
2780 3274 2934 3328 ﬁlius
2970 3292 2982 3340 ;
3017 3272 3183 3344 atqui

1865 3362 2225 3433 Principium
2259 3362 2520 3426 timidus,
2549 3362 2802 3433 cupidus
2842 3361 3023 3416 habet
3065 3362 3523 3428 incrementum,

1864 3449 2097 3504 Virtutis
2126 3455 2312 3505 totam
2339 3467 2642 3505 summam
2669 3450 2936 3505 sincerus
2969 3453 3222 3504 amator.

1862 3542 1934 3592 At
1960 3538 2008 3592 si
2037 3538 2310 3609 proﬁciat
2341 3538 2515 3592 timor
2541 3539 2600 3592 in
2625 3553 2815 3608 spem,
2849 3553 2984 3608 spes
3013 3539 3072 3590 in
3103 3552 3394 3602 amorem,

1864 3630 1943 3681 De
1975 3643 2173 3681 sermo
2204 3626 2374 3681 miles
2401 3625 2559 3680 venit
2589 3630 2645 3680 et
2669 3625 2743 3679 de
2774 3625 2953 3679 milite
2976 3624 3196 3695 proles.

1863 3715 2083 3771 Probra
2114 3719 2300 3783 cavet,
2332 3714 2426 3768 vel
2465 3714 2656 3783 ﬂagra
2683 3729 2931 3785 pavens,
2983 3711 3074 3767 vel
3097 3711 3347 3783 pramia
3378 3726 3520 3782 cap-

3315 3803 3517 3870 ﬁtans,

1860 3892 1960 3947 Vel
1988 3892 2216 3948 virtutis
2247 3907 2459 3947 amans
2485 3909 2498 3959 ;
2532 3891 2774 3955 distant,
2808 3895 2871 3946 ut
2902 3890 3052 3956 calo,
3088 3889 3340 3960 satelles,

1861 3983 1979 4036 Rex
2006 4000 2018 4050 ;
2045 3982 2167 4037 duo
2212 3980 2547 4053 proﬁciunt,
2601 3984 2789 4036 status
2832 3984 2920 4035 est
2944 3979 3069 4046 tibi,
3122 3979 3307 4049 tertie,
3363 3994 3520 4033 sum-

3338 4068 3515 4138 [mus.

2644 4176 2750 4229 XV.

2360 4299 2668 4337 FULBERTUS
2711 4299 2774 4335 DE
2815 4297 3023 4337 SEIPSO.

1860 4390 1931 4446 Mi
1961 4390 2167 4457 factor,
2201 4405 2336 4443 mea
2366 4388 2506 4455 vita,
2543 4387 2727 4452 salus,
2760 4387 2981 4441 ﬁducia
3012 4386 3162 4455 sola,

1860 4479 1945 4533 Da
1975 4477 2118 4532 mihi
2151 4476 2464 4532 consilium
2496 4482 2552 4530 et
2578 4480 2783 4529 votum
2813 4476 3092 4546 viresque
3127 4472 3434 4544 sequendi,

1856 4566 2190 4634 Ambiguus
2216 4564 2360 4636 quid
2388 4579 2587 4631 agam,
2615 4579 2736 4634 quo
2767 4563 3009 4616 tandem
3043 4562 3160 4615 fine
3187 4562 3512 4633 quiescam:

1855 4659 2005 4711 Nam
2033 4669 2236 4709 vereor
2264 4658 2478 4708 temere
2511 4656 2789 4721 suscepto
2817 4650 3169 4723 pontiﬁcatu

1858 4743 2176 4800 Servandis
2209 4742 2443 4809 ovibus,
2495 4756 2670 4808 mage
2699 4757 2884 4811 quam
2932 4738 3238 4819 prodesse,
3267 4753 3514 4805 nocere;

1857 4836 2049 4906 Atque
2075 4833 2210 4888 ideo
2240 4836 2385 4905 puto
2412 4829 2748 4886 cedendum
2779 4828 3126 4884 melioribus
3152 4844 3299 4883 esse.

1859 4924 1973 4980 Sed
2001 4923 2270 4978 recolens
2313 4921 2480 4993 quod
2529 4935 2650 4974 non
2689 4919 2924 4991 opibus,
2980 4932 3173 4988 neque
3225 4915 3516 4985 sanguine

3287 5005 3513 5075 [fretus,

1857 5099 2191 5157 Conscendi
2223 5098 2588 5164 cathedram,
2616 5112 2847 5168 pauper
2872 5095 2946 5149 de
2971 5093 3147 5148 sorde
3178 5094 3425 5161 levatus,

1852 5189 2118 5244 Arbitror
2146 5189 2259 5244 hoc
2290 5192 2402 5242 ate
2432 5187 2655 5241 factum
2688 5185 2836 5239 sicut
2864 5189 2997 5239 tuus
3029 5188 3119 5238 est
3147 5199 3300 5250 mos,

1851 5282 1966 5334 Nec
1998 5281 2232 5333 mutare
2261 5275 2483 5346 locum,
2508 5274 2625 5329 nisi
2656 5272 3028 5344 signiﬁcaris,
3060 5273 3274 5329 ausim.

1851 5366 2138 5431 Quamvis
2169 5365 2365 5422 illaesa
2397 5366 2638 5419 moneat
2667 5377 2836 5417 mens
2868 5360 3106 5417 conscia
3137 5361 3290 5429 vita,

1848 5457 1932 5510 Tu
1954 5455 2089 5523 scis,
2118 5458 2320 5510 sancte
2347 5452 2537 5520 Pater,
2593 5450 2740 5521 quid
2770 5449 2844 5505 sit
2885 5449 2991 5505 tibi
3021 5451 3246 5521 gratius
3270 5450 3510 5519 horum,

1853 5542 2181 5616 Utiliusque
2210 5539 2354 5597 mihi
2380 5559 2392 5595 :
2421 5554 2630 5612 precor
2660 5538 2797 5594 inde
2827 5542 2992 5594 tuam
3013 5539 3317 5611 pietatem,

1852 5632 1921 5684 Ut
1954 5631 2104 5687 mihi
2137 5628 2398 5700 digneris
2427 5628 2540 5683 hoc
2571 5627 2860 5699 inspirare
2891 5627 3133 5696 labenti,

1855 5718 2208 5792 Consilium,
2239 5730 2625 5792 prasensque
2651 5716 2822 5788 juves
2847 5715 2925 5771 ad
2955 5714 3411 5788 perﬁciendum.
