  <div class='ocr_page' id='page_1' title='image "/cluster/home/n/w/nwhite01/storage/ocr_20150623/140-141/uc1.31175018559917/749.png"; bbox 0 0 3958 6412; ppageno 0'>
   <div class='ocr_carea' id='block_1_1' title="bbox 418 259 519 331">
    <p class='ocr_par' dir='ltr' id='par_1_1' title="bbox 418 259 519 331">
     <span class='ocr_line' id='line_1_1' title="bbox 418 259 519 331; baseline -0.01 0"><span class='ocrx_word' id='word_1_1' title='bbox 418 259 519 331; x_wconf 67' lang='grc'>347</span> 
     </span>
    </p>
   </div>
   <div class='ocr_carea' id='block_1_2' title="bbox 1185 392 1313 451">
    <p class='ocr_par' dir='ltr' id='par_1_2' title="bbox 1185 392 1313 451">
     <span class='ocr_line' id='line_1_2' title="bbox 1185 392 1313 451; baseline -0.008 0"><span class='ocrx_word' id='word_1_2' title='bbox 1185 392 1313 451; x_wconf 83' lang='lat' dir='ltr'>XVI.</span> 
     </span>
    </p>
   </div>
   <div class='ocr_carea' id='block_1_3' title="bbox 1007 504 1489 560">
    <p class='ocr_par' dir='ltr' id='par_1_3' title="bbox 1007 504 1489 560">
     <span class='ocr_line' id='line_1_3' title="bbox 1007 504 1489 560; baseline 0.004 -4"><span class='ocrx_word' id='word_1_3' title='bbox 1007 504 1135 557; x_wconf 67' lang='lat' dir='ltr'>ibim</span> <span class='ocrx_word' id='word_1_4' title='bbox 1174 519 1239 556; x_wconf 70' lang='lat'>111-:</span> <span class='ocrx_word' id='word_1_5' title='bbox 1280 518 1489 560; x_wconf 84' lang='lat' dir='ltr'>SEIPSO.</span> 
     </span>
    </p>
   </div>
   <div class='ocr_carea' id='block_1_4' title="bbox 418 618 1826 707">
    <p class='ocr_par' dir='ltr' id='par_1_4' title="bbox 418 618 1826 707">
     <span class='ocr_line' id='line_1_4' title="bbox 418 618 1826 707; baseline -0.002 -21"><span class='ocrx_word' id='word_1_6' title='bbox 418 633 493 686; x_wconf 90' lang='lat' dir='ltr'>Te</span> <span class='ocrx_word' id='word_1_7' title='bbox 518 630 592 685; x_wconf 91' lang='lat' dir='ltr'>de</span> <span class='ocrx_word' id='word_1_8' title='bbox 623 618 989 700; x_wconf 75' lang='lat' dir='ltr'>pauperibus</span> <span class='ocrx_word' id='word_1_9' title='bbox 1014 631 1225 682; x_wconf 88' lang='lat' dir='ltr'>natum</span> <span class='ocrx_word' id='word_1_10' title='bbox 1257 627 1520 707; x_wconf 83' lang='lat' dir='ltr'>suscepit</span> <span class='ocrx_word' id='word_1_11' title='bbox 1542 628 1826 683; x_wconf 89' lang='lat' dir='ltr'>alendum</span> 
     </span>
    </p>
   </div>
   <div class='ocr_carea' id='block_1_5' title="bbox 420 715 1910 795">
    <p class='ocr_par' dir='ltr' id='par_1_5' title="bbox 420 715 1910 795">
     <span class='ocr_line' id='line_1_5' title="bbox 420 715 1910 795; baseline -0.001 -20"><span class='ocrx_word' id='word_1_12' title='bbox 420 718 705 782; x_wconf 87' lang='lat' dir='ltr'>Christus,</span> <span class='ocrx_word' id='word_1_13' title='bbox 740 720 796 770; x_wconf 89' lang='lat' dir='ltr'>et</span> <span class='ocrx_word' id='word_1_14' title='bbox 824 715 1189 795; x_wconf 77' lang='lat' dir='ltr'>immeritum</span> <span class='ocrx_word' id='word_1_15' title='bbox 1219 715 1301 770; x_wconf 90' lang='lat' dir='ltr'>sic</span> <span class='ocrx_word' id='word_1_16' title='bbox 1331 716 1611 772; x_wconf 86' lang='lat' dir='ltr'>enutrivit</span> <span class='ocrx_word' id='word_1_17' title='bbox 1640 722 1697 772; x_wconf 89' lang='lat' dir='ltr'>et</span> <span class='ocrx_word' id='word_1_18' title='bbox 1728 718 1910 786; x_wconf 75' lang='lat' dir='ltr'>auxit,</span> 
     </span>
    </p>
   </div>
   <div class='ocr_carea' id='block_1_6' title="bbox 419 805 1722 875">
    <p class='ocr_par' dir='ltr' id='par_1_6' title="bbox 419 805 1722 875">
     <span class='ocr_line' id='line_1_6' title="bbox 419 805 1722 875; baseline -0.002 -12"><span class='ocrx_word' id='word_1_19' title='bbox 419 810 489 863; x_wconf 91' lang='lat' dir='ltr'>Ut</span> <span class='ocrx_word' id='word_1_20' title='bbox 516 806 731 861; x_wconf 89' lang='lat' dir='ltr'>collata</span> <span class='ocrx_word' id='word_1_21' title='bbox 757 805 861 860; x_wconf 84' lang='lat' dir='ltr'>tibi</span> <span class='ocrx_word' id='word_1_22' title='bbox 882 805 1128 860; x_wconf 88' lang='lat' dir='ltr'>miretur</span> <span class='ocrx_word' id='word_1_23' title='bbox 1154 821 1409 861; x_wconf 90' lang='lat' dir='ltr'>munera</span> <span class='ocrx_word' id='word_1_24' title='bbox 1431 806 1722 875; x_wconf 90' lang='lat' dir='ltr'>mundus,</span> 
     </span>
    </p>
   </div>
   <div class='ocr_carea' id='block_1_7' title="bbox 417 893 1926 966">
    <p class='ocr_par' dir='ltr' id='par_1_7' title="bbox 417 893 1926 966">
     <span class='ocr_line' id='line_1_7' title="bbox 417 893 1926 966; baseline 0 -15"><span class='ocrx_word' id='word_1_25' title='bbox 417 899 565 951; x_wconf 89' lang='lat' dir='ltr'>Nam</span> <span class='ocrx_word' id='word_1_26' title='bbox 592 909 781 966; x_wconf 90' lang='lat' dir='ltr'>puero</span> <span class='ocrx_word' id='word_1_27' title='bbox 811 893 1013 950; x_wconf 82' lang='lat' dir='ltr'>faciles</span> <span class='ocrx_word' id='word_1_28' title='bbox 1044 893 1303 965; x_wconf 88' lang='lat' dir='ltr'>providit</span> <span class='ocrx_word' id='word_1_29' title='bbox 1341 894 1553 950; x_wconf 80' lang='lat' dir='ltr'>adesse</span> <span class='ocrx_word' id='word_1_30' title='bbox 1585 895 1926 965; x_wconf 87' lang='lat' dir='ltr'>magistros,</span> 
     </span>
    </p>
   </div>
   <div class='ocr_carea' id='block_1_8' title="bbox 417 982 1994 1056">
    <p class='ocr_par' dir='ltr' id='par_1_8' title="bbox 417 982 1994 1056">
     <span class='ocr_line' id='line_1_8' title="bbox 417 982 1994 1056; baseline 0 -16"><span class='ocrx_word' id='word_1_31' title='bbox 417 986 484 1040; x_wconf 88' lang='lat' dir='ltr'>Et</span> <span class='ocrx_word' id='word_1_32' title='bbox 500 983 787 1053; x_wconf 87' lang='lat' dir='ltr'>juvenem</span> <span class='ocrx_word' id='word_1_33' title='bbox 818 982 1096 1054; x_wconf 79' lang='lat' dir='ltr'>perduxit</span> <span class='ocrx_word' id='word_1_34' title='bbox 1124 982 1340 1049; x_wconf 87' lang='lat' dir='ltr'>adhoc,</span> <span class='ocrx_word' id='word_1_35' title='bbox 1371 988 1437 1038; x_wconf 92' lang='lat' dir='ltr'>ut</span> <span class='ocrx_word' id='word_1_36' title='bbox 1466 984 1785 1056; x_wconf 86' lang='lat' dir='ltr'>episcopus</span> <span class='ocrx_word' id='word_1_37' title='bbox 1811 999 1994 1041; x_wconf 82' lang='lat' dir='ltr'>esses.</span> 
     </span>
    </p>
   </div>
   <div class='ocr_carea' id='block_1_9' title="bbox 418 1070 1864 1143">
    <p class='ocr_par' dir='ltr' id='par_1_9' title="bbox 418 1070 1864 1143">
     <span class='ocr_line' id='line_1_9' title="bbox 418 1070 1864 1143; baseline 0 -15"><span class='ocrx_word' id='word_1_38' title='bbox 418 1075 624 1139; x_wconf 82' lang='lat' dir='ltr'>Reges,</span> <span class='ocrx_word' id='word_1_39' title='bbox 660 1070 996 1142; x_wconf 77' lang='lat' dir='ltr'>pontiﬁces,</span> <span class='ocrx_word' id='word_1_40' title='bbox 1026 1070 1254 1143; x_wconf 86' lang='lat' dir='ltr'>populi,</span> <span class='ocrx_word' id='word_1_41' title='bbox 1290 1076 1343 1127; x_wconf 89' lang='lat' dir='ltr'>te</span> <span class='ocrx_word' id='word_1_42' title='bbox 1373 1072 1864 1141; x_wconf 85' lang='lat' dir='ltr'>magniﬁcabant,</span> 
     </span>
    </p>
   </div>
   <div class='ocr_carea' id='block_1_10' title="bbox 420 1160 1895 1233">
    <p class='ocr_par' dir='ltr' id='par_1_10' title="bbox 420 1160 1895 1233">
     <span class='ocr_line' id='line_1_10' title="bbox 420 1160 1895 1233; baseline -0.001 -15"><span class='ocrx_word' id='word_1_43' title='bbox 420 1163 663 1218; x_wconf 81' lang='lat' dir='ltr'>Servum</span> <span class='ocrx_word' id='word_1_44' title='bbox 695 1166 1008 1215; x_wconf 87' lang='lat' dir='ltr'>consentes</span> <span class='ocrx_word' id='word_1_45' title='bbox 1030 1160 1387 1233; x_wconf 84' lang='lat' dir='ltr'>prudentem</span> <span class='ocrx_word' id='word_1_46' title='bbox 1415 1165 1624 1233; x_wconf 87' lang='lat' dir='ltr'>satque</span> <span class='ocrx_word' id='word_1_47' title='bbox 1655 1162 1895 1217; x_wconf 85' lang='lat' dir='ltr'>fidelem</span> 
     </span>
    </p>
   </div>
   <div class='ocr_carea' id='block_1_11' title="bbox 416 1248 2081 1322">
    <p class='ocr_par' dir='ltr' id='par_1_11' title="bbox 416 1248 2081 1322">
     <span class='ocr_line' id='line_1_11' title="bbox 416 1248 2081 1322; baseline 0.001 -18"><span class='ocrx_word' id='word_1_48' title='bbox 416 1252 558 1304; x_wconf 89' lang='lat' dir='ltr'>Esse</span> <span class='ocrx_word' id='word_1_49' title='bbox 589 1248 669 1320; x_wconf 90' lang='lat' dir='ltr'>pii</span> <span class='ocrx_word' id='word_1_50' title='bbox 719 1248 970 1310; x_wconf 84' lang='lat' dir='ltr'>Domini,</span> <span class='ocrx_word' id='word_1_51' title='bbox 1021 1248 1146 1316; x_wconf 90' lang='lat' dir='ltr'>sed,</span> <span class='ocrx_word' id='word_1_52' title='bbox 1192 1249 1346 1321; x_wconf 86' lang='lat' dir='ltr'>proh</span> <span class='ocrx_word' id='word_1_53' title='bbox 1378 1250 1607 1321; x_wconf 83' lang='lat' dir='ltr'>pudori</span> <span class='ocrx_word' id='word_1_54' title='bbox 1649 1250 1777 1322; x_wconf 90' lang='lat' dir='ltr'>ipse</span> <span class='ocrx_word' id='word_1_55' title='bbox 1805 1250 2081 1322; x_wconf 84' lang='lat' dir='ltr'>nefende,</span> 
     </span>
    </p>
   </div>
   <div class='ocr_carea' id='block_1_12' title="bbox 414 1336 1866 1406">
    <p class='ocr_par' dir='ltr' id='par_1_12' title="bbox 414 1336 1866 1406">
     <span class='ocr_line' id='line_1_12' title="bbox 414 1336 1866 1406; baseline 0.001 -13"><span class='ocrx_word' id='word_1_56' title='bbox 414 1337 680 1393; x_wconf 87' lang='lat' dir='ltr'>Prudens</span> <span class='ocrx_word' id='word_1_57' title='bbox 709 1353 818 1392; x_wconf 90' lang='lat' dir='ltr'>nec</span> <span class='ocrx_word' id='word_1_58' title='bbox 844 1336 1004 1392; x_wconf 86' lang='lat' dir='ltr'>ﬁdus</span> <span class='ocrx_word' id='word_1_59' title='bbox 1035 1337 1253 1404; x_wconf 87' lang='lat' dir='ltr'>fueras,</span> <span class='ocrx_word' id='word_1_60' title='bbox 1281 1342 1345 1393; x_wconf 92' lang='lat' dir='ltr'>ut</span> <span class='ocrx_word' id='word_1_61' title='bbox 1368 1354 1463 1393; x_wconf 88' lang='lat' dir='ltr'>res</span> <span class='ocrx_word' id='word_1_62' title='bbox 1491 1339 1866 1406; x_wconf 81' lang='lat' dir='ltr'>manifestat;</span> 
     </span>
    </p>
   </div>
   <div class='ocr_carea' id='block_1_13' title="bbox 415 1427 2083 1501">
    <p class='ocr_par' dir='ltr' id='par_1_13' title="bbox 415 1427 2083 1501">
     <span class='ocr_line' id='line_1_13' title="bbox 415 1427 2083 1501; baseline 0.002 -20"><span class='ocrx_word' id='word_1_63' title='bbox 415 1429 566 1481; x_wconf 91' lang='lat' dir='ltr'>Nam</span> <span class='ocrx_word' id='word_1_64' title='bbox 589 1429 799 1481; x_wconf 88' lang='lat' dir='ltr'>contra</span> <span class='ocrx_word' id='word_1_65' title='bbox 822 1442 1159 1481; x_wconf 88' lang='lat' dir='ltr'>memorare</span> <span class='ocrx_word' id='word_1_66' title='bbox 1180 1427 1365 1499; x_wconf 88' lang='lat' dir='ltr'>pudet</span> <span class='ocrx_word' id='word_1_67' title='bbox 1386 1443 1569 1498; x_wconf 89' lang='lat' dir='ltr'>quam</span> <span class='ocrx_word' id='word_1_68' title='bbox 1589 1428 1862 1500; x_wconf 79' lang='lat' dir='ltr'>nequiter</span> <span class='ocrx_word' id='word_1_69' title='bbox 1883 1428 2083 1501; x_wconf 90' lang='lat' dir='ltr'>ipsum</span> 
     </span>
    </p>
   </div>
   <div class='ocr_carea' id='block_1_14' title="bbox 418 1514 1847 1588">
    <p class='ocr_par' dir='ltr' id='par_1_14' title="bbox 418 1514 1847 1588">
     <span class='ocr_line' id='line_1_14' title="bbox 418 1514 1847 1588; baseline 0.001 -18"><span class='ocrx_word' id='word_1_70' title='bbox 418 1514 678 1581; x_wconf 63' lang='lat' dir='ltr'>Leeseris,</span> <span class='ocrx_word' id='word_1_71' title='bbox 707 1519 763 1570; x_wconf 92' lang='lat' dir='ltr'>et</span> <span class='ocrx_word' id='word_1_72' title='bbox 795 1519 1035 1571; x_wconf 88' lang='lat' dir='ltr'>sanctos</span> <span class='ocrx_word' id='word_1_73' title='bbox 1070 1516 1200 1586; x_wconf 88' lang='lat' dir='ltr'>ejus</span> <span class='ocrx_word' id='word_1_74' title='bbox 1228 1521 1330 1571; x_wconf 87' lang='lat' dir='ltr'>tua</span> <span class='ocrx_word' id='word_1_75' title='bbox 1364 1532 1550 1588; x_wconf 85' lang='lat' dir='ltr'>prava</span> <span class='ocrx_word' id='word_1_76' title='bbox 1582 1522 1847 1585; x_wconf 84' lang='lat' dir='ltr'>tuentes;</span> 
     </span>
    </p>
   </div>
   <div class='ocr_carea' id='block_1_15' title="bbox 418 1604 1833 1683">
    <p class='ocr_par' dir='ltr' id='par_1_15' title="bbox 418 1604 1833 1683">
     <span class='ocr_line' id='line_1_15' title="bbox 418 1604 1833 1683; baseline 0.003 -24"><span class='ocrx_word' id='word_1_77' title='bbox 418 1604 558 1664; x_wconf 70' lang='lat' dir='ltr'>Quae</span> <span class='ocrx_word' id='word_1_78' title='bbox 584 1605 683 1659; x_wconf 85' lang='lat' dir='ltr'>vix</span> <span class='ocrx_word' id='word_1_79' title='bbox 715 1604 837 1660; x_wconf 82' lang='lat' dir='ltr'>ulla</span> <span class='ocrx_word' id='word_1_80' title='bbox 868 1605 1010 1660; x_wconf 84' lang='lat' dir='ltr'>satis</span> <span class='ocrx_word' id='word_1_81' title='bbox 1040 1611 1295 1683; x_wconf 88' lang='lat' dir='ltr'>possunt</span> <span class='ocrx_word' id='word_1_82' title='bbox 1322 1610 1620 1662; x_wconf 87' lang='lat' dir='ltr'>tormenta</span> <span class='ocrx_word' id='word_1_83' title='bbox 1650 1607 1833 1679; x_wconf 82' lang='lat' dir='ltr'>piare.</span> 
     </span>
    </p>
   </div>
   <div class='ocr_carea' id='block_1_16' title="bbox 416 1692 2084 1765">
    <p class='ocr_par' dir='ltr' id='par_1_16' title="bbox 416 1692 2084 1765">
     <span class='ocr_line' id='line_1_16' title="bbox 416 1692 2084 1765; baseline 0.001 -18"><span class='ocrx_word' id='word_1_84' title='bbox 416 1692 791 1747; x_wconf 67' lang='lat' dir='ltr'>Preestolatur</span> <span class='ocrx_word' id='word_1_85' title='bbox 844 1692 1042 1748; x_wconf 91' lang='lat' dir='ltr'>adhuc</span> <span class='ocrx_word' id='word_1_86' title='bbox 1073 1694 1363 1749; x_wconf 88' lang='lat' dir='ltr'>Dominus</span> <span class='ocrx_word' id='word_1_87' title='bbox 1420 1699 1619 1749; x_wconf 90' lang='lat' dir='ltr'>tamen</span> <span class='ocrx_word' id='word_1_88' title='bbox 1652 1694 1745 1750; x_wconf 91' lang='lat' dir='ltr'>ille</span> <span class='ocrx_word' id='word_1_89' title='bbox 1786 1695 2084 1765; x_wconf 86' lang='lat' dir='ltr'>benignus</span> 
     </span>
    </p>
   </div>
   <div class='ocr_carea' id='block_1_17' title="bbox 417 1781 1760 1853">
    <p class='ocr_par' dir='ltr' id='par_1_17' title="bbox 417 1781 1760 1853">
     <span class='ocr_line' id='line_1_17' title="bbox 417 1781 1760 1853; baseline 0.001 -18"><span class='ocrx_word' id='word_1_90' title='bbox 417 1782 485 1835; x_wconf 90' lang='lat' dir='ltr'>Et</span> <span class='ocrx_word' id='word_1_91' title='bbox 512 1784 565 1835; x_wconf 90' lang='lat' dir='ltr'>te</span> <span class='ocrx_word' id='word_1_92' title='bbox 587 1781 783 1835; x_wconf 81' lang='lat' dir='ltr'>vivere</span> <span class='ocrx_word' id='word_1_93' title='bbox 806 1781 1151 1853; x_wconf 84' lang='lat' dir='ltr'>perpetitur,</span> <span class='ocrx_word' id='word_1_94' title='bbox 1188 1782 1234 1836; x_wconf 89' lang='lat' dir='ltr'>si</span> <span class='ocrx_word' id='word_1_95' title='bbox 1266 1783 1413 1838; x_wconf 81' lang='lat' dir='ltr'>forte</span> <span class='ocrx_word' id='word_1_96' title='bbox 1442 1783 1760 1852; x_wconf 88' lang='lat' dir='ltr'>reciscens,</span> 
     </span>
    </p>
   </div>
   <div class='ocr_carea' id='block_1_18' title="bbox 419 1869 1849 1944">
    <p class='ocr_par' dir='ltr' id='par_1_18' title="bbox 419 1869 1849 1944">
     <span class='ocr_line' id='line_1_18' title="bbox 419 1869 1849 1944; baseline 0.003 -21"><span class='ocrx_word' id='word_1_97' title='bbox 419 1869 736 1937; x_wconf 86' lang='lat' dir='ltr'>Segnitiem</span> <span class='ocrx_word' id='word_1_98' title='bbox 764 1870 889 1924; x_wconf 90' lang='lat' dir='ltr'>zelo</span> <span class='ocrx_word' id='word_1_99' title='bbox 913 1871 1196 1942; x_wconf 84' lang='lat' dir='ltr'>perimas,</span> <span class='ocrx_word' id='word_1_100' title='bbox 1231 1872 1562 1944; x_wconf 89' lang='lat' dir='ltr'>meritoque</span> <span class='ocrx_word' id='word_1_101' title='bbox 1594 1877 1849 1927; x_wconf 85' lang='lat' dir='ltr'>reatum.</span> 
     </span>
    </p>
   </div>
   <div class='ocr_carea' id='block_1_19' title="bbox 415 1956 1836 2031">
    <p class='ocr_par' dir='ltr' id='par_1_19' title="bbox 415 1956 1836 2031">
     <span class='ocr_line' id='line_1_19' title="bbox 415 1956 1836 2031; baseline 0.003 -20"><span class='ocrx_word' id='word_1_102' title='bbox 415 1956 607 2012; x_wconf 88' lang='lat' dir='ltr'>Virtus</span> <span class='ocrx_word' id='word_1_103' title='bbox 627 1962 734 2027; x_wconf 89' lang='lat' dir='ltr'>est,</span> <span class='ocrx_word' id='word_1_104' title='bbox 768 1958 1023 2013; x_wconf 91' lang='lat' dir='ltr'>Domino</span> <span class='ocrx_word' id='word_1_105' title='bbox 1050 1960 1304 2031; x_wconf 89' lang='lat' dir='ltr'>parendi</span> <span class='ocrx_word' id='word_1_106' title='bbox 1332 1960 1508 2016; x_wconf 76' lang='lat' dir='ltr'>firma</span> <span class='ocrx_word' id='word_1_107' title='bbox 1536 1960 1836 2030; x_wconf 85' lang='lat' dir='ltr'>voluntas,</span> 
     </span>
    </p>
   </div>
   <div class='ocr_carea' id='block_1_20' title="bbox 417 2045 1976 2121">
    <p class='ocr_par' dir='ltr' id='par_1_20' title="bbox 417 2045 1976 2121">
     <span class='ocr_line' id='line_1_20' title="bbox 417 2045 1976 2121; baseline 0.001 -20"><span class='ocrx_word' id='word_1_108' title='bbox 417 2045 610 2102; x_wconf 84' lang='lat' dir='ltr'>Virtus</span> <span class='ocrx_word' id='word_1_109' title='bbox 643 2052 753 2112; x_wconf 87' lang='lat' dir='ltr'>est,</span> <span class='ocrx_word' id='word_1_110' title='bbox 785 2047 1055 2103; x_wconf 88' lang='lat' dir='ltr'>medium</span> <span class='ocrx_word' id='word_1_111' title='bbox 1086 2049 1378 2104; x_wconf 87' lang='lat' dir='ltr'>retinendi</span> <span class='ocrx_word' id='word_1_112' title='bbox 1400 2054 1647 2121; x_wconf 86' lang='lat' dir='ltr'>accepta</span> <span class='ocrx_word' id='word_1_113' title='bbox 1677 2050 1976 2106; x_wconf 82' lang='lat' dir='ltr'>voluntas.</span> 
     </span>
    </p>
   </div>
   <div class='ocr_carea' id='block_1_21' title="bbox 1174 2170 1329 2229">
    <p class='ocr_par' dir='ltr' id='par_1_21' title="bbox 1174 2170 1329 2229">
     <span class='ocr_line' id='line_1_21' title="bbox 1174 2170 1329 2229; baseline 0 0"><span class='ocrx_word' id='word_1_114' title='bbox 1174 2170 1329 2229; x_wconf 84' lang='lat' dir='ltr'><strong>XVII.</strong></span> 
     </span>
    </p>
   </div>
   <div class='ocr_carea' id='block_1_22' title="bbox 422 2282 2088 2353">
    <p class='ocr_par' dir='ltr' id='par_1_22' title="bbox 422 2282 2088 2353">
     <span class='ocr_line' id='line_1_22' title="bbox 422 2282 2088 2353; baseline 0.002 -19"><span class='ocrx_word' id='word_1_115' title='bbox 422 2296 486 2334; x_wconf 74' lang='lat' dir='ltr'>nr:</span> <span class='ocrx_word' id='word_1_116' title='bbox 519 2296 716 2348; x_wconf 76' lang='lat' dir='ltr'>smms,</span> <span class='ocrx_word' id='word_1_117' title='bbox 750 2297 814 2334; x_wconf 80' lang='lat' dir='ltr'><strong>ET</strong></span> <span class='ocrx_word' id='word_1_118' title='bbox 846 2282 1132 2353; x_wconf 78' lang='lat' dir='ltr'>MENSIBUS,</span> <span class='ocrx_word' id='word_1_119' title='bbox 1184 2297 1249 2334; x_wconf 83' lang='lat' dir='ltr'><strong>ET</strong></span> <span class='ocrx_word' id='word_1_120' title='bbox 1284 2296 1493 2352; x_wconf 67' lang='lat' dir='ltr'>manus,</span> <span class='ocrx_word' id='word_1_121' title='bbox 1528 2298 1591 2335; x_wconf 74' lang='lat' dir='ltr'>cr</span> <span class='ocrx_word' id='word_1_122' title='bbox 1621 2298 1810 2352; x_wconf 79' lang='lat' dir='ltr'>MORIS,</span> <span class='ocrx_word' id='word_1_123' title='bbox 1852 2284 2088 2339; x_wconf 67' lang='lat' dir='ltr'>comisn-</span> 
     </span>
    </p>
   </div>
   <div class='ocr_carea' id='block_1_23' title="bbox 1044 2384 1460 2424">
    <p class='ocr_par' dir='ltr' id='par_1_23' title="bbox 1044 2384 1460 2424">
     <span class='ocr_line' id='line_1_23' title="bbox 1044 2384 1460 2424; baseline 0.007 -3"><span class='ocrx_word' id='word_1_124' title='bbox 1044 2384 1174 2422; x_wconf 77' lang='lat' dir='ltr'>DIUM</span> <span class='ocrx_word' id='word_1_125' title='bbox 1206 2384 1460 2424; x_wconf 79' lang='lat' dir='ltr'>COMPUTI.</span> 
     </span>
    </p>
   </div>
   <div class='ocr_carea' id='block_1_24' title="bbox 419 2458 2012 2553">
    <p class='ocr_par' dir='ltr' id='par_1_24' title="bbox 419 2458 2012 2553">
     <span class='ocr_line' id='line_1_24' title="bbox 419 2458 2012 2553; baseline 0.001 -22"><span class='ocrx_word' id='word_1_126' title='bbox 419 2479 659 2531; x_wconf 87' lang='lat' dir='ltr'>Annum</span> <span class='ocrx_word' id='word_1_127' title='bbox 693 2472 783 2528; x_wconf 92' lang='lat' dir='ltr'>sol</span> <span class='ocrx_word' id='word_1_128' title='bbox 811 2458 1096 2529; x_wconf 86' lang='lat' dir='ltr'>duodena</span> <span class='ocrx_word' id='word_1_129' title='bbox 1127 2490 1338 2530; x_wconf 87' lang='lat' dir='ltr'>means</span> <span class='ocrx_word' id='word_1_130' title='bbox 1362 2492 1470 2549; x_wconf 88' lang='lat' dir='ltr'>per</span> <span class='ocrx_word' id='word_1_131' title='bbox 1501 2476 2012 2553; x_wconf 6' lang='lat' dir='ltr'>signaprotundat,</span> 
     </span>
    </p>
   </div>
   <div class='ocr_carea' id='block_1_25' title="bbox 422 2563 1870 2639">
    <p class='ocr_par' dir='ltr' id='par_1_25' title="bbox 422 2563 1870 2639">
     <span class='ocr_line' id='line_1_25' title="bbox 422 2563 1870 2639; baseline -0.001 -18"><span class='ocrx_word' id='word_1_132' title='bbox 422 2566 766 2635; x_wconf 89' lang='lat' dir='ltr'>Cunctaque</span> <span class='ocrx_word' id='word_1_133' title='bbox 798 2568 883 2619; x_wconf 91' lang='lat' dir='ltr'>ter</span> <span class='ocrx_word' id='word_1_134' title='bbox 913 2563 1082 2619; x_wconf 89' lang='lat' dir='ltr'>denis</span> <span class='ocrx_word' id='word_1_135' title='bbox 1111 2565 1404 2639; x_wconf 87' lang='lat' dir='ltr'>percurrit</span> <span class='ocrx_word' id='word_1_136' title='bbox 1433 2565 1607 2635; x_wconf 85' lang='lat' dir='ltr'>signa</span> <span class='ocrx_word' id='word_1_137' title='bbox 1636 2565 1870 2635; x_wconf 87' lang='lat' dir='ltr'>diebus,</span> 
     </span>
    </p>
   </div>
   <div class='ocr_carea' id='block_1_26' title="bbox 418 2652 1859 2731">
    <p class='ocr_par' dir='ltr' id='par_1_26' title="bbox 418 2652 1859 2731">
     <span class='ocr_line' id='line_1_26' title="bbox 418 2652 1859 2731; baseline 0.001 -22"><span class='ocrx_word' id='word_1_138' title='bbox 418 2657 607 2725; x_wconf 87' lang='lat' dir='ltr'>Atque</span> <span class='ocrx_word' id='word_1_139' title='bbox 629 2652 835 2708; x_wconf 88' lang='lat' dir='ltr'>decem</span> <span class='ocrx_word' id='word_1_140' title='bbox 867 2652 1049 2719; x_wconf 88' lang='lat' dir='ltr'>horis,</span> <span class='ocrx_word' id='word_1_141' title='bbox 1083 2658 1139 2707; x_wconf 90' lang='lat' dir='ltr'>et</span> <span class='ocrx_word' id='word_1_142' title='bbox 1163 2653 1482 2731; x_wconf 84' lang='lat' dir='ltr'>dimidium</span> <span class='ocrx_word' id='word_1_143' title='bbox 1514 2654 1859 2727; x_wconf 90' lang='lat' dir='ltr'>faciuntque</span> 
     </span>
    </p>
   </div>
   <div class='ocr_carea' id='block_1_27' title="bbox 419 2741 1732 2815">
    <p class='ocr_par' dir='ltr' id='par_1_27' title="bbox 419 2741 1732 2815">
     <span class='ocr_line' id='line_1_27' title="bbox 419 2741 1732 2815; baseline -0.001 -16"><span class='ocrx_word' id='word_1_144' title='bbox 419 2746 617 2799; x_wconf 87' lang='lat' dir='ltr'>Partes</span> <span class='ocrx_word' id='word_1_145' title='bbox 638 2742 731 2797; x_wconf 80' lang='lat' dir='ltr'>hae</span> <span class='ocrx_word' id='word_1_146' title='bbox 753 2741 1129 2798; x_wconf 86' lang='lat' dir='ltr'>duodenario</span> <span class='ocrx_word' id='word_1_147' title='bbox 1163 2741 1211 2797; x_wconf 76' lang='lat' dir='ltr'>Si</span> <span class='ocrx_word' id='word_1_148' title='bbox 1243 2743 1732 2815; x_wconf 89' lang='lat' dir='ltr'>multiplicentur,</span> 
     </span>
    </p>
   </div>
   <div class='ocr_carea' id='block_1_28' title="bbox 416 2832 1802 2904">
    <p class='ocr_par' dir='ltr' id='par_1_28' title="bbox 416 2832 1802 2904">
     <span class='ocr_line' id='line_1_28' title="bbox 416 2832 1802 2904; baseline 0.001 -16"><span class='ocrx_word' id='word_1_149' title='bbox 416 2834 767 2888; x_wconf 89' lang='lat' dir='ltr'>Tercentum</span> <span class='ocrx_word' id='word_1_150' title='bbox 798 2843 1149 2899; x_wconf 80' lang='lat' dir='ltr'>sexagenos,</span> <span class='ocrx_word' id='word_1_151' title='bbox 1184 2833 1241 2887; x_wconf 88' lang='lat' dir='ltr'>et</span> <span class='ocrx_word' id='word_1_152' title='bbox 1264 2832 1533 2904; x_wconf 81' lang='lat' dir='ltr'>quinque</span> <span class='ocrx_word' id='word_1_153' title='bbox 1562 2833 1710 2898; x_wconf 90' lang='lat' dir='ltr'>dies,</span> <span class='ocrx_word' id='word_1_154' title='bbox 1744 2839 1802 2889; x_wconf 91' lang='lat' dir='ltr'>et</span> 
     </span>
    </p>
   </div>
   <div class='ocr_carea' id='block_1_29' title="bbox 422 2919 1915 2993">
    <p class='ocr_par' dir='ltr' id='par_1_29' title="bbox 422 2919 1915 2993">
     <span class='ocr_line' id='line_1_29' title="bbox 422 2919 1915 2993; baseline 0 -16"><span class='ocrx_word' id='word_1_155' title='bbox 422 2923 533 2978; x_wconf 82' lang='lat' dir='ltr'>Sex</span> <span class='ocrx_word' id='word_1_156' title='bbox 563 2920 762 2985; x_wconf 83' lang='lat' dir='ltr'>horas,</span> <span class='ocrx_word' id='word_1_157' title='bbox 797 2936 950 2992; x_wconf 86' lang='lat' dir='ltr'>quas</span> <span class='ocrx_word' id='word_1_158' title='bbox 978 2919 1380 2992; x_wconf 83' lang='lat' dir='ltr'>quadrantem</span> <span class='ocrx_word' id='word_1_159' title='bbox 1406 2919 1589 2993; x_wconf 88' lang='lat' dir='ltr'>liquet</span> <span class='ocrx_word' id='word_1_160' title='bbox 1621 2934 1750 2978; x_wconf 87' lang='lat' dir='ltr'>esse</span> <span class='ocrx_word' id='word_1_161' title='bbox 1779 2922 1915 2977; x_wconf 91' lang='lat' dir='ltr'>diei.</span> 
     </span>
    </p>
   </div>
   <div class='ocr_carea' id='block_1_30' title="bbox 419 3008 2080 3081">
    <p class='ocr_par' dir='ltr' id='par_1_30' title="bbox 419 3008 2080 3081">
     <span class='ocr_line' id='line_1_30' title="bbox 419 3008 2080 3081; baseline 0.001 -15"><span class='ocrx_word' id='word_1_162' title='bbox 419 3013 536 3066; x_wconf 87' lang='lat' dir='ltr'>Hoc</span> <span class='ocrx_word' id='word_1_163' title='bbox 566 3008 743 3077; x_wconf 80' lang='lat' dir='ltr'>igitur</span> <span class='ocrx_word' id='word_1_164' title='bbox 798 3011 1051 3063; x_wconf 78' lang='lat' dir='ltr'>numero</span> <span class='ocrx_word' id='word_1_165' title='bbox 1083 3009 1396 3081; x_wconf 84' lang='lat' dir='ltr'>proprium</span> <span class='ocrx_word' id='word_1_166' title='bbox 1428 3010 1517 3064; x_wconf 87' lang='lat' dir='ltr'>sol</span> <span class='ocrx_word' id='word_1_167' title='bbox 1548 3011 1780 3081; x_wconf 80' lang='lat' dir='ltr'>perlicit</span> <span class='ocrx_word' id='word_1_168' title='bbox 1830 3016 2080 3067; x_wconf 77' lang='lat' dir='ltr'>annum.</span> 
     </span>
    </p>
   </div>
   <div class='ocr_carea' id='block_1_31' title="bbox 421 3095 1811 3171">
    <p class='ocr_par' dir='ltr' id='par_1_31' title="bbox 421 3095 1811 3171">
     <span class='ocr_line' id='line_1_31' title="bbox 421 3095 1811 3171; baseline 0.001 -19"><span class='ocrx_word' id='word_1_169' title='bbox 421 3096 535 3152; x_wconf 84' lang='lat' dir='ltr'>Sed</span> <span class='ocrx_word' id='word_1_170' title='bbox 563 3095 706 3167; x_wconf 88' lang='lat' dir='ltr'>quia</span> <span class='ocrx_word' id='word_1_171' title='bbox 731 3095 971 3167; x_wconf 86' lang='lat' dir='ltr'>planius</span> <span class='ocrx_word' id='word_1_172' title='bbox 998 3102 1089 3152; x_wconf 88' lang='lat' dir='ltr'>est</span> <span class='ocrx_word' id='word_1_173' title='bbox 1110 3102 1230 3153; x_wconf 93' lang='lat' dir='ltr'>toto</span> <span class='ocrx_word' id='word_1_174' title='bbox 1261 3102 1448 3170; x_wconf 76' lang='lat' dir='ltr'>quam</span> <span class='ocrx_word' id='word_1_175' title='bbox 1474 3104 1643 3171; x_wconf 89' lang='lat' dir='ltr'>parte</span> <span class='ocrx_word' id='word_1_176' title='bbox 1674 3100 1811 3167; x_wconf 77' lang='lat' dir='ltr'>diei,</span> 
     </span>
    </p>
   </div>
   <div class='ocr_carea' id='block_1_32' title="bbox 418 3185 1830 3261">
    <p class='ocr_par' dir='ltr' id='par_1_32' title="bbox 418 3185 1830 3261">
     <span class='ocr_line' id='line_1_32' title="bbox 418 3185 1830 3261; baseline 0.004 -22"><span class='ocrx_word' id='word_1_177' title='bbox 418 3188 659 3240; x_wconf 75' lang='lat' dir='ltr'>Annum</span> <span class='ocrx_word' id='word_1_178' title='bbox 690 3185 880 3240; x_wconf 87' lang='lat' dir='ltr'>metiri</span> <span class='ocrx_word' id='word_1_179' title='bbox 906 3185 1094 3241; x_wconf 83' lang='lat' dir='ltr'>voluit</span> <span class='ocrx_word' id='word_1_180' title='bbox 1118 3188 1336 3242; x_wconf 88' lang='lat' dir='ltr'>chorus</span> <span class='ocrx_word' id='word_1_181' title='bbox 1365 3188 1830 3261; x_wconf 80' lang='lat' dir='ltr'>astrologorum,</span> 
     </span>
    </p>
   </div>
   <div class='ocr_carea' id='block_1_33' title="bbox 417 3276 1793 3350">
    <p class='ocr_par' dir='ltr' id='par_1_33' title="bbox 417 3276 1793 3350">
     <span class='ocr_line' id='line_1_33' title="bbox 417 3276 1793 3350; baseline 0.003 -21"><span class='ocrx_word' id='word_1_182' title='bbox 417 3277 767 3330; x_wconf 87' lang='lat' dir='ltr'>Tercentum</span> <span class='ocrx_word' id='word_1_183' title='bbox 798 3276 1113 3345; x_wconf 84' lang='lat' dir='ltr'>sexagenis</span> <span class='ocrx_word' id='word_1_184' title='bbox 1146 3280 1202 3332; x_wconf 89' lang='lat' dir='ltr'>et</span> <span class='ocrx_word' id='word_1_185' title='bbox 1240 3277 1509 3350; x_wconf 90' lang='lat' dir='ltr'>quinque</span> <span class='ocrx_word' id='word_1_186' title='bbox 1539 3278 1753 3333; x_wconf 89' lang='lat' dir='ltr'>diebus</span> <span class='ocrx_word' id='word_1_187' title='bbox 1779 3296 1793 3334; x_wconf 89' lang='lat'><strong>:</strong></span> 
     </span>
    </p>
   </div>
   <div class='ocr_carea' id='block_1_34' title="bbox 421 3363 1937 3438">
    <p class='ocr_par' dir='ltr' id='par_1_34' title="bbox 421 3363 1937 3438">
     <span class='ocr_line' id='line_1_34' title="bbox 421 3363 1937 3438; baseline 0.002 -18"><span class='ocrx_word' id='word_1_188' title='bbox 421 3363 628 3420; x_wconf 85' lang='lat' dir='ltr'>Claudi</span> <span class='ocrx_word' id='word_1_189' title='bbox 670 3367 784 3419; x_wconf 85' lang='lat' dir='ltr'>tres</span> <span class='ocrx_word' id='word_1_190' title='bbox 814 3378 1026 3434; x_wconf 85' lang='lat' dir='ltr'>annos,</span> <span class='ocrx_word' id='word_1_191' title='bbox 1051 3368 1266 3437; x_wconf 86' lang='lat' dir='ltr'>quarto</span> <span class='ocrx_word' id='word_1_192' title='bbox 1300 3366 1695 3438; x_wconf 89' lang='lat' dir='ltr'>superaddier</span> <span class='ocrx_word' id='word_1_193' title='bbox 1724 3370 1937 3434; x_wconf 73' lang='lat' dir='ltr'>unum,</span> 
     </span>
    </p>
   </div>
   <div class='ocr_carea' id='block_1_35' title="bbox 421 3452 1882 3527">
    <p class='ocr_par' dir='ltr' id='par_1_35' title="bbox 421 3452 1882 3527">
     <span class='ocr_line' id='line_1_35' title="bbox 421 3452 1882 3527; baseline 0.003 -20"><span class='ocrx_word' id='word_1_194' title='bbox 421 3453 531 3518; x_wconf 87' lang='lat' dir='ltr'>Qui</span> <span class='ocrx_word' id='word_1_195' title='bbox 560 3452 634 3507; x_wconf 92' lang='lat' dir='ltr'>de</span> <span class='ocrx_word' id='word_1_196' title='bbox 668 3454 926 3525; x_wconf 83' lang='lat' dir='ltr'>quatuor</span> <span class='ocrx_word' id='word_1_197' title='bbox 955 3458 1254 3510; x_wconf 88' lang='lat' dir='ltr'>annorum</span> <span class='ocrx_word' id='word_1_198' title='bbox 1281 3456 1723 3527; x_wconf 79' lang='lat' dir='ltr'>quadrantibus</span> <span class='ocrx_word' id='word_1_199' title='bbox 1744 3457 1882 3512; x_wconf 74' lang='lat' dir='ltr'>exit;</span> 
     </span>
    </p>
   </div>
   <div class='ocr_carea' id='block_1_36' title="bbox 416 3541 1992 3617">
    <p class='ocr_par' dir='ltr' id='par_1_36' title="bbox 416 3541 1992 3617">
     <span class='ocr_line' id='line_1_36' title="bbox 416 3541 1992 3617; baseline 0.004 -21"><span class='ocrx_word' id='word_1_200' title='bbox 416 3542 586 3597; x_wconf 78' lang='lat' dir='ltr'>Hunc</span> <span class='ocrx_word' id='word_1_201' title='bbox 616 3541 981 3598; x_wconf 78' lang='lat' dir='ltr'>bissextilem</span> <span class='ocrx_word' id='word_1_202' title='bbox 1012 3542 1289 3598; x_wconf 79' lang='lat' dir='ltr'>dixerunt</span> <span class='ocrx_word' id='word_1_203' title='bbox 1321 3546 1564 3617; x_wconf 79' lang='lat' dir='ltr'>propter</span> <span class='ocrx_word' id='word_1_204' title='bbox 1595 3545 1708 3600; x_wconf 92' lang='lat' dir='ltr'>hoc</span> <span class='ocrx_word' id='word_1_205' title='bbox 1739 3546 1992 3617; x_wconf 84' lang='lat' dir='ltr'>annum,</span> 
     </span>
    </p>
   </div>
   <div class='ocr_carea' id='block_1_37' title="bbox 420 3630 1911 3703">
    <p class='ocr_par' dir='ltr' id='par_1_37' title="bbox 420 3630 1911 3703">
     <span class='ocr_line' id='line_1_37' title="bbox 420 3630 1911 3703; baseline 0.003 -18"><span class='ocrx_word' id='word_1_206' title='bbox 420 3630 517 3685; x_wconf 86' lang='lat' dir='ltr'>His</span> <span class='ocrx_word' id='word_1_207' title='bbox 537 3630 784 3703; x_wconf 87' lang='lat' dir='ltr'>quando</span> <span class='ocrx_word' id='word_1_208' title='bbox 813 3635 977 3687; x_wconf 81' lang='lat' dir='ltr'>sexto</span> <span class='ocrx_word' id='word_1_209' title='bbox 1008 3632 1200 3687; x_wconf 81' lang='lat' dir='ltr'>Martis</span> <span class='ocrx_word' id='word_1_210' title='bbox 1229 3634 1399 3688; x_wconf 84' lang='lat' dir='ltr'>notat</span> <span class='ocrx_word' id='word_1_211' title='bbox 1426 3636 1563 3689; x_wconf 88' lang='lat' dir='ltr'>ante</span> <span class='ocrx_word' id='word_1_212' title='bbox 1595 3633 1911 3701; x_wconf 82' lang='lat' dir='ltr'>Kalendas,</span> 
     </span>
    </p>
   </div>
   <div class='ocr_carea' id='block_1_38' title="bbox 417 3719 2080 3794">
    <p class='ocr_par' dir='ltr' id='par_1_38' title="bbox 417 3719 2080 3794">
     <span class='ocr_line' id='line_1_38' title="bbox 417 3719 2080 3794; baseline 0.002 -20"><span class='ocrx_word' id='word_1_213' title='bbox 417 3721 621 3774; x_wconf 80' lang='lat' dir='ltr'>Arines</span> <span class='ocrx_word' id='word_1_214' title='bbox 645 3719 975 3792; x_wconf 68' lang='lat' dir='ltr'>praeteritos</span> <span class='ocrx_word' id='word_1_215' title='bbox 1006 3719 1321 3791; x_wconf 87' lang='lat' dir='ltr'>supplens,</span> <span class='ocrx_word' id='word_1_216' title='bbox 1371 3722 1798 3794; x_wconf 81' lang='lat' dir='ltr'>redimensque‘</span> <span class='ocrx_word' id='word_1_217' title='bbox 1828 3722 2080 3791; x_wconf 80' lang='lat' dir='ltr'>futuros,</span> 
     </span>
    </p>
   </div>
   <div class='ocr_carea' id='block_1_39' title="bbox 415 3808 1757 3867">
    <p class='ocr_par' dir='ltr' id='par_1_39' title="bbox 415 3808 1757 3867">
     <span class='ocr_line' id='line_1_39' title="bbox 415 3808 1757 3867; baseline 0.003 -5"><span class='ocrx_word' id='word_1_218' title='bbox 415 3810 523 3863; x_wconf 79' lang='lat' dir='ltr'>Per</span> <span class='ocrx_word' id='word_1_219' title='bbox 551 3823 790 3863; x_wconf 89' lang='lat' dir='ltr'>menses</span> <span class='ocrx_word' id='word_1_220' title='bbox 822 3808 965 3864; x_wconf 90' lang='lat' dir='ltr'>anni</span> <span class='ocrx_word' id='word_1_221' title='bbox 992 3808 1149 3864; x_wconf 89' lang='lat' dir='ltr'>soles</span> <span class='ocrx_word' id='word_1_222' title='bbox 1178 3809 1259 3864; x_wconf 91' lang='lat' dir='ltr'>ita</span> <span class='ocrx_word' id='word_1_223' title='bbox 1284 3809 1716 3867; x_wconf 88' lang='lat' dir='ltr'>distribuerunt</span> <span class='ocrx_word' id='word_1_224' title='bbox 1745 3829 1757 3866; x_wconf 91' lang='lat'><strong>:</strong></span> 
     </span>
    </p>
   </div>
   <div class='ocr_carea' id='block_1_40' title="bbox 417 3884 1999 3970">
    <p class='ocr_par' dir='ltr' id='par_1_40' title="bbox 417 3884 1999 3970">
     <span class='ocr_line' id='line_1_40' title="bbox 417 3884 1999 3970; baseline 0.004 -20"><span class='ocrx_word' id='word_1_225' title='bbox 417 3898 602 3951; x_wconf 85' lang='lat' dir='ltr'>Janus</span> <span class='ocrx_word' id='word_1_226' title='bbox 635 3884 692 3951; x_wconf 80' lang='lat' dir='ltr'>et</span> <span class='ocrx_word' id='word_1_227' title='bbox 720 3886 1026 3966; x_wconf 67' lang='lat' dir='ltr'>angustus</span> <span class='ocrx_word' id='word_1_228' title='bbox 1053 3896 1379 3969; x_wconf 86' lang='lat' dir='ltr'>jaculoque</span> <span class='ocrx_word' id='word_1_229' title='bbox 1410 3899 1737 3955; x_wconf 86' lang='lat' dir='ltr'>December</span> <span class='ocrx_word' id='word_1_230' title='bbox 1766 3901 1999 3970; x_wconf 79' lang='lat' dir='ltr'>acutus,</span> 
     </span>
    </p>
   </div>
   <div class='ocr_carea' id='block_1_41' title="bbox 418 3986 1992 4059">
    <p class='ocr_par' dir='ltr' id='par_1_41' title="bbox 418 3986 1992 4059">
     <span class='ocr_line' id='line_1_41' title="bbox 418 3986 1992 4059; baseline 0.004 -22"><span class='ocrx_word' id='word_1_231' title='bbox 418 3986 554 4039; x_wconf 82' lang='lat' dir='ltr'>Fert</span> <span class='ocrx_word' id='word_1_232' title='bbox 577 3986 793 4055; x_wconf 80' lang='lat' dir='ltr'>quarto</span> <span class='ocrx_word' id='word_1_233' title='bbox 832 3986 1046 4050; x_wconf 72' lang='lat' dir='ltr'>nonas,</span> <span class='ocrx_word' id='word_1_234' title='bbox 1071 3990 1235 4040; x_wconf 83' lang='lat' dir='ltr'>nono</span> <span class='ocrx_word' id='word_1_235' title='bbox 1268 3986 1626 4059; x_wconf 73' lang='lat' dir='ltr'>decimoque</span> <span class='ocrx_word' id='word_1_236' title='bbox 1657 3989 1955 4045; x_wconf 74' lang='lat' dir='ltr'>Kalendas</span> <span class='ocrx_word' id='word_1_237' title='bbox 1980 3988 1992 4044; x_wconf 84' lang='grc' dir='ltr'>Ξ</span> 
     </span>
    </p>
   </div>
   <div class='ocr_carea' id='block_1_42' title="bbox 419 4070 1669 4140">
    <p class='ocr_par' dir='ltr' id='par_1_42' title="bbox 419 4070 1669 4140">
     <span class='ocr_line' id='line_1_42' title="bbox 419 4070 1669 4140; baseline 0.004 -14"><span class='ocrx_word' id='word_1_238' title='bbox 419 4073 557 4126; x_wconf 74' lang='lat' dir='ltr'>Post</span> <span class='ocrx_word' id='word_1_239' title='bbox 582 4071 720 4125; x_wconf 90' lang='lat' dir='ltr'>Idus</span> <span class='ocrx_word' id='word_1_240' title='bbox 752 4070 907 4126; x_wconf 91' lang='lat' dir='ltr'>soles</span> <span class='ocrx_word' id='word_1_241' title='bbox 938 4072 1179 4140; x_wconf 87' lang='lat' dir='ltr'>triginta</span> <span class='ocrx_word' id='word_1_242' title='bbox 1210 4073 1432 4130; x_wconf 90' lang='lat' dir='ltr'>scilicet</span> <span class='ocrx_word' id='word_1_243' title='bbox 1456 4091 1669 4139; x_wconf 90' lang='lat' dir='ltr'>unum,</span> 
     </span>
    </p>
   </div>
   <div class='ocr_carea' id='block_1_43' title="bbox 419 4158 2081 4236">
    <p class='ocr_par' dir='ltr' id='par_1_43' title="bbox 419 4158 2081 4236">
     <span class='ocr_line' id='line_1_43' title="bbox 419 4158 2081 4236; baseline 0.003 -20"><span class='ocrx_word' id='word_1_244' title='bbox 419 4162 588 4225; x_wconf 85' lang='lat' dir='ltr'>Mars,</span> <span class='ocrx_word' id='word_1_245' title='bbox 622 4158 827 4230; x_wconf 87' lang='lat' dir='ltr'>Maius,</span> <span class='ocrx_word' id='word_1_246' title='bbox 856 4159 1064 4228; x_wconf 85' lang='lat' dir='ltr'>Julius,</span> <span class='ocrx_word' id='word_1_247' title='bbox 1105 4160 1414 4233; x_wconf 80' lang='lat' dir='ltr'>libripens,</span> <span class='ocrx_word' id='word_1_248' title='bbox 1448 4163 1702 4219; x_wconf 87' lang='lat' dir='ltr'>October</span> <span class='ocrx_word' id='word_1_249' title='bbox 1749 4168 1806 4219; x_wconf 92' lang='lat' dir='ltr'>et</span> <span class='ocrx_word' id='word_1_250' title='bbox 1837 4181 2081 4236; x_wconf 71' lang='lat' dir='ltr'>aequus:</span> 
     </span>
    </p>
   </div>
   <div class='ocr_carea' id='block_1_44' title="bbox 422 4250 1846 4323">
    <p class='ocr_par' dir='ltr' id='par_1_44' title="bbox 422 4250 1846 4323">
     <span class='ocr_line' id='line_1_44' title="bbox 422 4250 1846 4323; baseline 0.003 -18"><span class='ocrx_word' id='word_1_251' title='bbox 422 4250 597 4306; x_wconf 84' lang='lat' dir='ltr'>Sexto</span> <span class='ocrx_word' id='word_1_252' title='bbox 624 4264 818 4304; x_wconf 91' lang='lat' dir='ltr'>nonas</span> <span class='ocrx_word' id='word_1_253' title='bbox 849 4252 1095 4320; x_wconf 90' lang='lat' dir='ltr'>septeno</span> <span class='ocrx_word' id='word_1_254' title='bbox 1127 4250 1484 4323; x_wconf 88' lang='lat' dir='ltr'>decimoque</span> <span class='ocrx_word' id='word_1_255' title='bbox 1512 4252 1809 4309; x_wconf 84' lang='lat' dir='ltr'>Kalendas</span> <span class='ocrx_word' id='word_1_256' title='bbox 1833 4272 1846 4309; x_wconf 88' lang='lat'>:</span> 
     </span>
    </p>
   </div>
   <div class='ocr_carea' id='block_1_45' title="bbox 420 4338 1763 4411">
    <p class='ocr_par' dir='ltr' id='par_1_45' title="bbox 420 4338 1763 4411">
     <span class='ocr_line' id='line_1_45' title="bbox 420 4338 1763 4411; baseline 0.004 -19"><span class='ocrx_word' id='word_1_257' title='bbox 420 4340 558 4393; x_wconf 84' lang='lat' dir='ltr'>Post</span> <span class='ocrx_word' id='word_1_258' title='bbox 580 4338 719 4393; x_wconf 89' lang='lat' dir='ltr'>Idus</span> <span class='ocrx_word' id='word_1_259' title='bbox 750 4338 905 4393; x_wconf 89' lang='lat' dir='ltr'>soles</span> <span class='ocrx_word' id='word_1_260' title='bbox 938 4338 1197 4408; x_wconf 90' lang='lat' dir='ltr'>triginta,</span> <span class='ocrx_word' id='word_1_261' title='bbox 1231 4356 1438 4395; x_wconf 88' lang='lat' dir='ltr'>rursus</span> <span class='ocrx_word' id='word_1_262' title='bbox 1462 4346 1519 4396; x_wconf 91' lang='lat' dir='ltr'>et</span> <span class='ocrx_word' id='word_1_263' title='bbox 1550 4358 1763 4411; x_wconf 89' lang='lat' dir='ltr'>unum,</span> 
     </span>
    </p>
   </div>
   <div class='ocr_carea' id='block_1_46' title="bbox 416 4422 2169 4509">
    <p class='ocr_par' dir='ltr' id='par_1_46' title="bbox 416 4422 2169 4509">
     <span class='ocr_line' id='line_1_46' title="bbox 416 4422 2169 4509; baseline 0.004 -27"><span class='ocrx_word' id='word_1_264' title='bbox 416 4426 646 4493; x_wconf 83' lang='lat' dir='ltr'>Junius,</span> <span class='ocrx_word' id='word_1_265' title='bbox 678 4425 959 4499; x_wconf 80' lang='lat' dir='ltr'>Aprilem,</span> <span class='ocrx_word' id='word_1_266' title='bbox 992 4422 1129 4500; x_wconf 89' lang='lat' dir='ltr'>post</span> <span class='ocrx_word' id='word_1_267' title='bbox 1176 4426 1707 4503; x_wconf 88' lang='lat' dir='ltr'>Septembremque</span> <span class='ocrx_word' id='word_1_268' title='bbox 1735 4429 2082 4501; x_wconf 86' lang='lat' dir='ltr'>November,</span> <span class='ocrx_word' id='word_1_269' title='bbox 2124 4454 2169 4509; x_wconf 71' lang='grc' dir='ltr'><strong><em>Β</em></strong></span> 
     </span>
    </p>
   </div>
   <div class='ocr_carea' id='block_1_47' title="bbox 419 4514 1832 4591">
    <p class='ocr_par' dir='ltr' id='par_1_47' title="bbox 419 4514 1832 4591">
     <span class='ocr_line' id='line_1_47' title="bbox 419 4514 1832 4591; baseline 0.005 -21"><span class='ocrx_word' id='word_1_270' title='bbox 419 4514 640 4581; x_wconf 89' lang='lat' dir='ltr'>Quarto</span> <span class='ocrx_word' id='word_1_271' title='bbox 668 4532 860 4571; x_wconf 89' lang='lat' dir='ltr'>nonos</span> <span class='ocrx_word' id='word_1_272' title='bbox 891 4521 1099 4572; x_wconf 79' lang='lat' dir='ltr'>Octavo</span> <span class='ocrx_word' id='word_1_273' title='bbox 1129 4514 1483 4591; x_wconf 83' lang='lat' dir='ltr'>decimoque</span> <span class='ocrx_word' id='word_1_274' title='bbox 1511 4516 1832 4591; x_wconf 83' lang='lat' dir='ltr'>Kalendas,</span> 
     </span>
    </p>
   </div>
   <div class='ocr_carea' id='block_1_48' title="bbox 415 4596 1748 4679">
    <p class='ocr_par' dir='ltr' id='par_1_48' title="bbox 415 4596 1748 4679">
     <span class='ocr_line' id='line_1_48' title="bbox 415 4596 1748 4679; baseline 0.004 -19"><span class='ocrx_word' id='word_1_275' title='bbox 415 4602 552 4660; x_wconf 84' lang='lat' dir='ltr'>Post</span> <span class='ocrx_word' id='word_1_276' title='bbox 576 4600 715 4660; x_wconf 85' lang='lat' dir='ltr'>Idus</span> <span class='ocrx_word' id='word_1_277' title='bbox 749 4602 904 4660; x_wconf 91' lang='lat' dir='ltr'>soles</span> <span class='ocrx_word' id='word_1_278' title='bbox 936 4596 1194 4676; x_wconf 74' lang='lat' dir='ltr'>triginta,</span> <span class='ocrx_word' id='word_1_279' title='bbox 1224 4606 1492 4663; x_wconf 89' lang='lat' dir='ltr'>Februus</span> <span class='ocrx_word' id='word_1_280' title='bbox 1524 4598 1748 4679; x_wconf 87' lang='lat' dir='ltr'>autem,</span> 
     </span>
    </p>
   </div>
   <div class='ocr_carea' id='block_1_49' title="bbox 419 4694 2082 4771">
    <p class='ocr_par' dir='ltr' id='par_1_49' title="bbox 419 4694 2082 4771">
     <span class='ocr_line' id='line_1_49' title="bbox 419 4694 2082 4771; baseline 0.005 -23"><span class='ocrx_word' id='word_1_281' title='bbox 419 4696 548 4749; x_wconf 87' lang='lat' dir='ltr'>Fert</span> <span class='ocrx_word' id='word_1_282' title='bbox 583 4699 1071 4771; x_wconf 26' lang='lat' dir='ltr'>quarto‘nonas,</span> <span class='ocrx_word' id='word_1_283' title='bbox 1135 4700 1303 4752; x_wconf 80' lang='lat' dir='ltr'>sexto</span> <span class='ocrx_word' id='word_1_284' title='bbox 1347 4696 1705 4771; x_wconf 85' lang='lat' dir='ltr'>decimoque</span> <span class='ocrx_word' id='word_1_285' title='bbox 1764 4694 2082 4769; x_wconf 87' lang='lat' dir='ltr'>Kalendas,</span> 
     </span>
    </p>
   </div>
   <div class='ocr_carea' id='block_1_50' title="bbox 415 4764 1639 4857">
    <p class='ocr_par' dir='ltr' id='par_1_50' title="bbox 415 4764 1639 4857">
     <span class='ocr_line' id='line_1_50' title="bbox 415 4764 1639 4857; baseline 0.004 -20"><span class='ocrx_word' id='word_1_286' title='bbox 415 4781 552 4837; x_wconf 88' lang='lat' dir='ltr'>Post</span> <span class='ocrx_word' id='word_1_287' title='bbox 574 4764 714 4857; x_wconf 81' lang='lat' dir='ltr'>ldus</span> <span class='ocrx_word' id='word_1_288' title='bbox 744 4764 901 4857; x_wconf 83' lang='lat' dir='ltr'>soles</span> <span class='ocrx_word' id='word_1_289' title='bbox 926 4783 1136 4852; x_wconf 79' lang='lat' dir='ltr'>viginti</span> <span class='ocrx_word' id='word_1_290' title='bbox 1166 4801 1400 4857; x_wconf 85' lang='lat' dir='ltr'>pauper</span> <span class='ocrx_word' id='word_1_291' title='bbox 1426 4791 1481 4841; x_wconf 94' lang='lat' dir='ltr'>et</span> <span class='ocrx_word' id='word_1_292' title='bbox 1506 4764 1639 4842; x_wconf 80' lang='lat' dir='ltr'>octo</span> 
     </span>
    </p>
   </div>
   <div class='ocr_carea' id='block_1_51' title="bbox 420 4862 2010 4951">
    <p class='ocr_par' dir='ltr' id='par_1_51' title="bbox 420 4862 2010 4951">
     <span class='ocr_line' id='line_1_51' title="bbox 420 4862 2010 4951; baseline 0.004 -25"><span class='ocrx_word' id='word_1_293' title='bbox 420 4870 533 4926; x_wconf 91' lang='lat' dir='ltr'>Sed</span> <span class='ocrx_word' id='word_1_294' title='bbox 560 4885 666 4942; x_wconf 90' lang='lat' dir='ltr'>per</span> <span class='ocrx_word' id='word_1_295' title='bbox 694 4866 1025 4951; x_wconf 81' lang='lat' dir='ltr'>bissextum</span> <span class='ocrx_word' id='word_1_296' title='bbox 1059 4862 1282 4943; x_wconf 84' lang='lat' dir='ltr'>gaudet</span> <span class='ocrx_word' id='word_1_297' title='bbox 1312 4872 1426 4928; x_wconf 89' lang='lat' dir='ltr'>sibi</span> <span class='ocrx_word' id='word_1_298' title='bbox 1458 4880 1729 4951; x_wconf 76' lang='lat' dir='ltr'>crescere</span> <span class='ocrx_word' id='word_1_299' title='bbox 1760 4874 2010 4951; x_wconf 83' lang='lat' dir='ltr'>nonum.</span> 
     </span>
    </p>
   </div>
   <div class='ocr_carea' id='block_1_52' title="bbox 415 4949 2082 5038">
    <p class='ocr_par' dir='ltr' id='par_1_52' title="bbox 415 4949 2082 5038">
     <span class='ocr_line' id='line_1_52' title="bbox 415 4949 2082 5038; baseline 0.005 -25"><span class='ocrx_word' id='word_1_300' title='bbox 415 4949 787 5038; x_wconf 76' lang='lat' dir='ltr'>Annnmerat</span> <span class='ocrx_word' id='word_1_301' title='bbox 816 4958 1091 5032; x_wconf 85' lang='lat' dir='ltr'>proprias</span> <span class='ocrx_word' id='word_1_302' title='bbox 1112 4961 1335 5016; x_wconf 85' lang='lat' dir='ltr'>mensis</span> <span class='ocrx_word' id='word_1_303' title='bbox 1355 4949 1466 5017; x_wconf 90' lang='lat' dir='ltr'>sibi</span> <span class='ocrx_word' id='word_1_304' title='bbox 1488 4949 1744 5036; x_wconf 90' lang='lat' dir='ltr'>quisque</span> <span class='ocrx_word' id='word_1_305' title='bbox 1763 4950 2082 5033; x_wconf 83' lang='lat' dir='ltr'>Kalendas,</span> 
     </span>
    </p>
   </div>
   <div class='ocr_carea' id='block_1_53' title="bbox 416 5038 1871 5124">
    <p class='ocr_par' dir='ltr' id='par_1_53' title="bbox 416 5038 1871 5124">
     <span class='ocr_line' id='line_1_53' title="bbox 416 5038 1871 5124; baseline 0.005 -22"><span class='ocrx_word' id='word_1_306' title='bbox 416 5038 620 5103; x_wconf 88' lang='lat' dir='ltr'>Nullus</span> <span class='ocrx_word' id='word_1_307' title='bbox 651 5053 706 5104; x_wconf 90' lang='lat' dir='ltr'>et</span> <span class='ocrx_word' id='word_1_308' title='bbox 730 5053 944 5104; x_wconf 88' lang='lat' dir='ltr'>octavo</span> <span class='ocrx_word' id='word_1_309' title='bbox 973 5050 1197 5105; x_wconf 89' lang='lat' dir='ltr'>mensis</span> <span class='ocrx_word' id='word_1_310' title='bbox 1226 5066 1351 5106; x_wconf 91' lang='lat' dir='ltr'>non</span> <span class='ocrx_word' id='word_1_311' title='bbox 1380 5056 1685 5124; x_wconf 88' lang='lat' dir='ltr'>computet</span> <span class='ocrx_word' id='word_1_312' title='bbox 1716 5054 1871 5110; x_wconf 90' lang='lat' dir='ltr'>Idus.</span> 
     </span>
    </p>
   </div>
   <div class='ocr_carea' id='block_1_54' title="bbox 418 5125 2083 5215">
    <p class='ocr_par' dir='ltr' id='par_1_54' title="bbox 418 5125 2083 5215">
     <span class='ocr_line' id='line_1_54' title="bbox 418 5125 2083 5215; baseline 0.006 -25"><span class='ocrx_word' id='word_1_313' title='bbox 418 5135 626 5191; x_wconf 85' lang='lat' dir='ltr'>Mensis</span> <span class='ocrx_word' id='word_1_314' title='bbox 655 5136 836 5193; x_wconf 82' lang='lat' dir='ltr'>habet</span> <span class='ocrx_word' id='word_1_315' title='bbox 865 5125 1189 5194; x_wconf 77' lang='lat' dir='ltr'>numerum</span> <span class='ocrx_word' id='word_1_316' title='bbox 1242 5139 1579 5196; x_wconf 83' lang='lat' dir='ltr'>normalem</span> <span class='ocrx_word' id='word_1_317' title='bbox 1625 5142 1882 5215; x_wconf 82' lang='lat' dir='ltr'>quisque</span> <span class='ocrx_word' id='word_1_318' title='bbox 1910 5138 2083 5199; x_wconf 86' lang='lat' dir='ltr'>nota-</span> 
     </span>
    </p>
   </div>
   <div class='ocr_carea' id='block_1_55' title="bbox 1908 5229 2080 5305">
    <p class='ocr_par' dir='ltr' id='par_1_55' title="bbox 1908 5229 2080 5305">
     <span class='ocr_line' id='line_1_55' title="bbox 1908 5229 2080 5305; baseline -0.006 -16"><span class='ocrx_word' id='word_1_319' title='bbox 1908 5229 2080 5305; x_wconf 61' lang='lat' dir='ltr'>(tum.</span> 
     </span>
    </p>
   </div>
   <div class='ocr_carea' id='block_1_56' title="bbox 416 5298 1867 5397">
    <p class='ocr_par' dir='ltr' id='par_1_56' title="bbox 416 5298 1867 5397">
     <span class='ocr_line' id='line_1_56' title="bbox 416 5298 1867 5397; baseline 0.008 -34"><span class='ocrx_word' id='word_1_320' title='bbox 416 5313 622 5365; x_wconf 82' lang='lat' dir='ltr'>Annus</span> <span class='ocrx_word' id='word_1_321' title='bbox 652 5298 835 5368; x_wconf 83' lang='lat' dir='ltr'>habet</span> <span class='ocrx_word' id='word_1_322' title='bbox 861 5314 1281 5387; x_wconf 83' lang='lat' dir='ltr'>concurrentes</span> <span class='ocrx_word' id='word_1_323' title='bbox 1310 5300 1414 5390; x_wconf 77' lang='lat' dir='ltr'>qui</span> <span class='ocrx_word' id='word_1_324' title='bbox 1445 5320 1867 5397; x_wconf 78' lang='lat' dir='ltr'>Convenientes</span> 
     </span>
    </p>
   </div>
   <div class='ocr_carea' id='block_1_57' title="bbox 421 5393 1959 5481">
    <p class='ocr_par' dir='ltr' id='par_1_57' title="bbox 421 5393 1959 5481">
     <span class='ocr_line' id='line_1_57' title="bbox 421 5393 1959 5481; baseline 0.011 -30"><span class='ocrx_word' id='word_1_325' title='bbox 421 5398 655 5456; x_wconf 87' lang='lat' dir='ltr'>Donant</span> <span class='ocrx_word' id='word_1_326' title='bbox 685 5400 835 5457; x_wconf 88' lang='lat' dir='ltr'>scire</span> <span class='ocrx_word' id='word_1_327' title='bbox 866 5401 1014 5473; x_wconf 91' lang='lat' dir='ltr'>dies,</span> <span class='ocrx_word' id='word_1_328' title='bbox 1046 5405 1149 5478; x_wconf 90' lang='lat' dir='ltr'>qui</span> <span class='ocrx_word' id='word_1_329' title='bbox 1182 5424 1420 5464; x_wconf 91' lang='lat' dir='ltr'>menses</span> <span class='ocrx_word' id='word_1_330' title='bbox 1452 5407 1559 5466; x_wconf 90' lang='lat' dir='ltr'>rite</span> <span class='ocrx_word' id='word_1_331' title='bbox 1588 5393 1959 5481; x_wconf 81' lang='lat' dir='ltr'>Kalendant;</span> 
     </span>
    </p>
   </div>
   <div class='ocr_carea' id='block_1_58' title="bbox 421 5560 2082 5694">
    <p class='ocr_par' dir='ltr' id='par_1_58' title="bbox 421 5560 2082 5694">
     <span class='ocr_line' id='line_1_58' title="bbox 496 5560 2082 5694; baseline 0.003 -53"><span class='ocrx_word' id='word_1_332' title='bbox 496 5571 600 5694; x_wconf 53' lang='lat' dir='ltr'>S55)</span> <span class='ocrx_word' id='word_1_333' title='bbox 634 5560 783 5629; x_wconf 62' lang='lat' dir='ltr'>Mars</span> <span class='ocrx_word' id='word_1_334' title='bbox 804 5593 861 5630; x_wconf 66' lang='grc' dir='ltr'>ν·</span> <span class='ocrx_word' id='word_1_335' title='bbox 892 5608 961 5616; x_wconf 84' lang='grc'><strong><em>-</em></strong></span> <span class='ocrx_word' id='word_1_336' title='bbox 991 5566 1172 5649; x_wconf 63' lang='lat' dir='ltr'>APrii.</span> <span class='ocrx_word' id='word_1_337' title='bbox 1208 5600 1242 5640; x_wconf 92' lang='lat'>1.</span> <span class='ocrx_word' id='word_1_338' title='bbox 1269 5618 1336 5626; x_wconf 88' lang='lat'><strong>—</strong></span> <span class='ocrx_word' id='word_1_339' title='bbox 1367 5585 1494 5643; x_wconf 88' lang='lat' dir='ltr'>Mai.</span> <span class='ocrx_word' id='word_1_340' title='bbox 1529 5604 1607 5655; x_wconf 87' lang='lat'>111.</span> <span class='ocrx_word' id='word_1_341' title='bbox 1642 5622 1710 5631; x_wconf 86' lang='lat'>—-</span> <span class='ocrx_word' id='word_1_342' title='bbox 1735 5590 1868 5655; x_wconf 73' lang='lat' dir='ltr'>Jun,</span> <span class='ocrx_word' id='word_1_343' title='bbox 1906 5609 1978 5647; x_wconf 87' lang='lat' dir='ltr'>v1.</span> <span class='ocrx_word' id='word_1_344' title='bbox 2014 5625 2082 5635; x_wconf 86' lang='lat'>-—</span> 
     </span>
     <span class='ocr_line' id='line_1_59' title="bbox 421 5642 2060 5694; baseline 0 0"><span class='ocrx_word' id='word_1_345' title='bbox 421 5642 495 5694; x_wconf 86' lang='lat' dir='ltr'><strong>J11</strong></span> <span class='ocrx_word' id='word_1_346' title='bbox 527 5684 537 5694; x_wconf 94' lang='lat'>.</span> <span class='ocrx_word' id='word_1_347' title='bbox 570 5658 605 5694; x_wconf 87' lang='grc' dir='ltr'>ι.</span> <span class='ocrx_word' id='word_1_348' title='bbox 637 5677 705 5684; x_wconf 92' lang='grc'>--</span> <span class='ocrx_word' id='word_1_349' title='bbox 729 5651 875 5694; x_wconf 76' lang='lat' dir='ltr'>Amr.</span> <span class='ocrx_word' id='word_1_350' title='bbox 908 5659 981 5694; x_wconf 80' lang='lat' dir='ltr'>1v.</span> <span class='ocrx_word' id='word_1_351' title='bbox 1017 5679 1083 5688; x_wconf 70' lang='grc'>...-</span> <span class='ocrx_word' id='word_1_352' title='bbox 1113 5652 1247 5694; x_wconf 66' lang='lat' dir='ltr'>Rom</span> <span class='ocrx_word' id='word_1_353' title='bbox 1296 5674 1373 5694; x_wconf 73' lang='lat' dir='ltr'>vn</span> <span class='ocrx_word' id='word_1_354' title='bbox 1425 5690 1492 5694; x_wconf 89' lang='lat'><strong><em>_</em></strong></span> <span class='ocrx_word' id='word_1_355' title='bbox 1520 5662 1626 5694; x_wconf 62' lang='lat' dir='ltr'>nn;</span> <span class='ocrx_word' id='word_1_356' title='bbox 1673 5677 1709 5694; x_wconf 82' lang='grc' dir='ltr'>Π</span> <span class='ocrx_word' id='word_1_357' title='bbox 1849 5666 1973 5694; x_wconf 56' lang='lat' dir='ltr'>mn&quot;</span> <span class='ocrx_word' id='word_1_358' title='bbox 2024 5682 2060 5694; x_wconf 70' lang='grc' dir='ltr'><strong>ν</strong></span> 
     </span>
    </p>
   </div>
   <div class='ocr_carea' id='block_1_59' title="bbox 457 5651 2077 5725">
    <p class='ocr_par' dir='ltr' id='par_1_59' title="bbox 457 5651 2077 5725">
     <span class='ocr_line' id='line_1_60' title="bbox 457 5651 2077 5725; baseline 0.018 -32"><span class='ocrx_word' id='word_1_359' title='bbox 457 5651 605 5725; x_wconf 32' lang='grc' dir='ltr'>ιιιειιἔ</span> <span class='ocrx_word' id='word_1_360' title='bbox 637 5677 705 5684; x_wconf 92' lang='grc'>--</span> <span class='ocrx_word' id='word_1_361' title='bbox 728 5651 875 5725; x_wconf 74' lang='lat' dir='ltr'>Aug.</span> <span class='ocrx_word' id='word_1_362' title='bbox 908 5659 981 5725; x_wconf 79' lang='lat' dir='ltr'>1_v.</span> <span class='ocrx_word' id='word_1_363' title='bbox 1017 5679 1083 5688; x_wconf 58' lang='grc' dir='ltr'>υ-</span> <span class='ocrx_word' id='word_1_364' title='bbox 1113 5652 1265 5724; x_wconf 89' lang='lat' dir='ltr'>Sept.</span> <span class='ocrx_word' id='word_1_365' title='bbox 1296 5674 1392 5712; x_wconf 85' lang='lat' dir='ltr'>vn.</span> <span class='ocrx_word' id='word_1_366' title='bbox 1425 5690 1493 5698; x_wconf 90' lang='lat'><strong>—</strong></span> <span class='ocrx_word' id='word_1_367' title='bbox 1520 5652 1644 5717; x_wconf 85' lang='lat' dir='ltr'>Oct.</span> <span class='ocrx_word' id='word_1_368' title='bbox 1673 5677 1731 5716; x_wconf 89' lang='lat'>11.</span> <span class='ocrx_word' id='word_1_369' title='bbox 1756 5694 1823 5702; x_wconf 97' lang='lat'><strong><em>—</em></strong></span> <span class='ocrx_word' id='word_1_370' title='bbox 1846 5652 1989 5719; x_wconf 84' lang='lat' dir='ltr'>Nov.</span> <span class='ocrx_word' id='word_1_371' title='bbox 2024 5682 2077 5722; x_wconf 87' lang='lat' dir='ltr'>v.</span> 
     </span>
    </p>
   </div>
   <div class='ocr_carea' id='block_1_60' title="bbox 423 5712 1519 5793">
    <p class='ocr_par' dir='ltr' id='par_1_60' title="bbox 423 5712 1519 5793">
     <span class='ocr_line' id='line_1_61' title="bbox 423 5712 1519 5793; baseline 0.018 -26"><span class='ocrx_word' id='word_1_372' title='bbox 423 5741 491 5757; x_wconf 62' lang='grc' dir='ltr'>ν-</span> <span class='ocrx_word' id='word_1_373' title='bbox 524 5712 653 5771; x_wconf 80' lang='lat' dir='ltr'>Dec.</span> <span class='ocrx_word' id='word_1_374' title='bbox 688 5720 786 5771; x_wconf 79' lang='lat' dir='ltr'>vn.</span> <span class='ocrx_word' id='word_1_375' title='bbox 816 5712 883 5757; x_wconf 59' lang='lat'><strong><em>£—</em></strong></span> <span class='ocrx_word' id='word_1_376' title='bbox 909 5718 1040 5778; x_wconf 77' lang='lat' dir='ltr'>Jan,</span> <span class='ocrx_word' id='word_1_377' title='bbox 1074 5732 1149 5777; x_wconf 88' lang='lat'>111.</span> <span class='ocrx_word' id='word_1_378' title='bbox 1179 5712 1246 5765; x_wconf 60' lang='lat'>‘—</span> <span class='ocrx_word' id='word_1_379' title='bbox 1269 5727 1404 5785; x_wconf 55' lang='lat' dir='ltr'>Feb;</span> <span class='ocrx_word' id='word_1_380' title='bbox 1446 5740 1519 5793; x_wconf 75' lang='lat' dir='ltr'>vt.</span> 
     </span>
    </p>
   </div>
   <div class='ocr_carea' id='block_1_61' title="bbox 1493 257 2781 337">
    <p class='ocr_par' dir='ltr' id='par_1_61' title="bbox 1493 257 2781 337">
     <span class='ocr_line' id='line_1_62' title="bbox 1493 257 2781 337; baseline 0.001 -6"><span class='ocrx_word' id='word_1_381' title='bbox 1493 276 1550 330; x_wconf 73' lang='lat' dir='ltr'>s.</span> <span class='ocrx_word' id='word_1_382' title='bbox 1583 258 1920 331; x_wconf 66' lang='lat' dir='ltr'>mnam</span> <span class='ocrx_word' id='word_1_383' title='bbox 1952 257 2432 333; x_wconf 59' lang='lat' dir='ltr'>alumnum</span> <span class='ocrx_word' id='word_1_384' title='bbox 2466 264 2781 337; x_wconf 67' lang='lat' dir='ltr'>splseorl</span> 
     </span>
    </p>
   </div>
   <div class='ocr_carea' id='block_1_62' title="bbox 2112 396 3855 474">
    <p class='ocr_par' dir='ltr' id='par_1_62' title="bbox 2112 396 3855 474">
     <span class='ocr_line' id='line_1_63' title="bbox 2112 396 3855 474; baseline 0.003 -22"><span class='ocrx_word' id='word_1_385' title='bbox 2112 400 2159 453; x_wconf 86' lang='grc' dir='ltr'><strong>Α</strong></span> <span class='ocrx_word' id='word_1_386' title='bbox 2191 397 2256 454; x_wconf 84' lang='lat' dir='ltr'>Hi</span> <span class='ocrx_word' id='word_1_387' title='bbox 2288 406 2425 458; x_wconf 79' lang='lat' dir='ltr'>Sunt</span> <span class='ocrx_word' id='word_1_388' title='bbox 2471 403 2775 459; x_wconf 78' lang='lat' dir='ltr'>normales</span> <span class='ocrx_word' id='word_1_389' title='bbox 2830 400 3063 457; x_wconf 82' lang='lat' dir='ltr'>numeri</span> <span class='ocrx_word' id='word_1_390' title='bbox 3094 399 3197 474; x_wconf 62' lang='lat' dir='ltr'>Qui</span> <span class='ocrx_word' id='word_1_391' title='bbox 3251 397 3565 455; x_wconf 76' lang='lat' dir='ltr'>mensibus</span> <span class='ocrx_word' id='word_1_392' title='bbox 3602 396 3855 457; x_wconf 62' lang='lat' dir='ltr'>haerent.</span> 
     </span>
    </p>
   </div>
   <div class='ocr_carea' id='block_1_63' title="bbox 3747 260 3855 328">
    <p class='ocr_par' dir='ltr' id='par_1_63' title="bbox 3747 260 3855 328">
     <span class='ocr_line' id='line_1_64' title="bbox 3747 260 3855 328; baseline 0 0"><span class='ocrx_word' id='word_1_393' title='bbox 3747 260 3855 328; x_wconf 67' lang='lat' dir='ltr'>3a;</span> 
     </span>
    </p>
   </div>
   <div class='ocr_carea' id='block_1_64' title="bbox 2190 483 3856 564">
    <p class='ocr_par' dir='ltr' id='par_1_64' title="bbox 2190 483 3856 564">
     <span class='ocr_line' id='line_1_65' title="bbox 2190 483 3856 564; baseline -0.003 -19"><span class='ocrx_word' id='word_1_394' title='bbox 2190 490 2463 564; x_wconf 85' lang='lat' dir='ltr'>Quinque</span> <span class='ocrx_word' id='word_1_395' title='bbox 2494 492 2733 564; x_wconf 88' lang='lat' dir='ltr'>placent</span> <span class='ocrx_word' id='word_1_396' title='bbox 2780 488 2963 558; x_wconf 82' lang='lat' dir='ltr'>Marti,</span> <span class='ocrx_word' id='word_1_397' title='bbox 2992 494 3100 545; x_wconf 86' lang='lat' dir='ltr'>nec</span> <span class='ocrx_word' id='word_1_398' title='bbox 3146 484 3419 561; x_wconf 84' lang='lat' dir='ltr'>displicet</span> <span class='ocrx_word' id='word_1_399' title='bbox 3464 500 3622 542; x_wconf 88' lang='lat' dir='ltr'>unus</span> <span class='ocrx_word' id='word_1_400' title='bbox 3648 483 3856 558; x_wconf 71' lang='lat' dir='ltr'>Aprili,</span> 
     </span>
    </p>
   </div>
   <div class='ocr_carea' id='block_1_65' title="bbox 2188 575 3725 650">
    <p class='ocr_par' dir='ltr' id='par_1_65' title="bbox 2188 575 3725 650">
     <span class='ocr_line' id='line_1_66' title="bbox 2188 575 3725 650; baseline -0.004 -15"><span class='ocrx_word' id='word_1_401' title='bbox 2188 579 2370 635; x_wconf 84' lang='lat' dir='ltr'>Maius</span> <span class='ocrx_word' id='word_1_402' title='bbox 2400 580 2581 635; x_wconf 89' lang='lat' dir='ltr'>habet</span> <span class='ocrx_word' id='word_1_403' title='bbox 2606 586 2823 646; x_wconf 89' lang='lat' dir='ltr'>ternos,</span> <span class='ocrx_word' id='word_1_404' title='bbox 2858 578 3128 650; x_wconf 84' lang='lat' dir='ltr'>duplicat</span> <span class='ocrx_word' id='word_1_405' title='bbox 3157 576 3271 631; x_wconf 88' lang='lat' dir='ltr'>sibi</span> <span class='ocrx_word' id='word_1_406' title='bbox 3294 575 3505 632; x_wconf 85' lang='lat' dir='ltr'>Junius</span> <span class='ocrx_word' id='word_1_407' title='bbox 3538 575 3725 647; x_wconf 89' lang='lat' dir='ltr'>ipsos,</span> 
     </span>
    </p>
   </div>
   <div class='ocr_carea' id='block_1_66' title="bbox 2190 664 3700 737">
    <p class='ocr_par' dir='ltr' id='par_1_66' title="bbox 2190 664 3700 737">
     <span class='ocr_line' id='line_1_67' title="bbox 2190 664 3700 737; baseline -0.001 -16"><span class='ocrx_word' id='word_1_408' title='bbox 2190 669 2351 722; x_wconf 91' lang='lat' dir='ltr'>Unus</span> <span class='ocrx_word' id='word_1_409' title='bbox 2383 668 2523 723; x_wconf 90' lang='lat' dir='ltr'>item</span> <span class='ocrx_word' id='word_1_410' title='bbox 2550 668 2722 737; x_wconf 85' lang='lat' dir='ltr'>Julio,</span> <span class='ocrx_word' id='word_1_411' title='bbox 2758 667 2861 721; x_wconf 91' lang='lat' dir='ltr'>tibi</span> <span class='ocrx_word' id='word_1_412' title='bbox 2890 672 3046 733; x_wconf 88' lang='lat' dir='ltr'>sunt,-</span> <span class='ocrx_word' id='word_1_413' title='bbox 3076 668 3360 734; x_wconf 88' lang='lat' dir='ltr'>Auguste,</span> <span class='ocrx_word' id='word_1_414' title='bbox 3387 664 3700 737; x_wconf 88' lang='lat' dir='ltr'>quaterni;</span> 
     </span>
    </p>
   </div>
   <div class='ocr_carea' id='block_1_67' title="bbox 2192 754 3599 828">
    <p class='ocr_par' dir='ltr' id='par_1_67' title="bbox 2192 754 3599 828">
     <span class='ocr_line' id='line_1_68' title="bbox 2192 754 3599 828; baseline -0.003 -17"><span class='ocrx_word' id='word_1_415' title='bbox 2192 756 2537 827; x_wconf 88' lang='lat' dir='ltr'>September</span> <span class='ocrx_word' id='word_1_416' title='bbox 2567 761 2796 828; x_wconf 86' lang='lat' dir='ltr'>septem</span> <span class='ocrx_word' id='word_1_417' title='bbox 2828 755 2982 810; x_wconf 88' lang='lat' dir='ltr'>binis</span> <span class='ocrx_word' id='word_1_418' title='bbox 3009 755 3262 811; x_wconf 87' lang='lat' dir='ltr'>October</span> <span class='ocrx_word' id='word_1_419' title='bbox 3301 754 3422 823; x_wconf 86' lang='lat' dir='ltr'>agit</span> <span class='ocrx_word' id='word_1_420' title='bbox 3449 769 3599 816; x_wconf 78' lang='lat' dir='ltr'>rem,</span> 
     </span>
    </p>
   </div>
   <div class='ocr_carea' id='block_1_68' title="bbox 2191 843 3861 917">
    <p class='ocr_par' dir='ltr' id='par_1_68' title="bbox 2191 843 3861 917">
     <span class='ocr_line' id='line_1_69' title="bbox 2191 843 3861 917; baseline -0.004 -19"><span class='ocrx_word' id='word_1_421' title='bbox 2191 844 2464 917; x_wconf 88' lang='lat' dir='ltr'>Quinque</span> <span class='ocrx_word' id='word_1_422' title='bbox 2504 844 2838 901; x_wconf 78' lang='lat' dir='ltr'>November</span> <span class='ocrx_word' id='word_1_423' title='bbox 2891 843 3132 912; x_wconf 87' lang='lat' dir='ltr'>abhinc,</span> <span class='ocrx_word' id='word_1_424' title='bbox 3178 847 3452 915; x_wconf 89' lang='lat' dir='ltr'>repetens</span> <span class='ocrx_word' id='word_1_425' title='bbox 3504 844 3861 913; x_wconf 83' lang='lat' dir='ltr'>septemque</span> 
     </span>
    </p>
   </div>
   <div class='ocr_carea' id='block_1_69' title="bbox 3482 927 3861 1000">
    <p class='ocr_par' dir='ltr' id='par_1_69' title="bbox 3482 927 3861 1000">
     <span class='ocr_line' id='line_1_70' title="bbox 3482 927 3861 1000; baseline -0.008 -16"><span class='ocrx_word' id='word_1_426' title='bbox 3482 927 3861 1000; x_wconf 46' lang='lat' dir='ltr'>[Decembeh</span> 
     </span>
    </p>
   </div>
   <div class='ocr_carea' id='block_1_70' title="bbox 2190 1018 3783 1094">
    <p class='ocr_par' dir='ltr' id='par_1_70' title="bbox 2190 1018 3783 1094">
     <span class='ocr_line' id='line_1_71' title="bbox 2190 1018 3783 1094; baseline -0.004 -16"><span class='ocrx_word' id='word_1_427' title='bbox 2190 1025 2305 1078; x_wconf 91' lang='lat' dir='ltr'>Nec</span> <span class='ocrx_word' id='word_1_428' title='bbox 2336 1022 2585 1094; x_wconf 91' lang='lat' dir='ltr'>cupiunt</span> <span class='ocrx_word' id='word_1_429' title='bbox 2608 1026 2755 1078; x_wconf 87' lang='lat' dir='ltr'>Jano</span> <span class='ocrx_word' id='word_1_430' title='bbox 2783 1027 2901 1077; x_wconf 86' lang='lat' dir='ltr'>tres</span> <span class='ocrx_word' id='word_1_431' title='bbox 2932 1038 3043 1077; x_wconf 91' lang='lat' dir='ltr'>nec</span> <span class='ocrx_word' id='word_1_432' title='bbox 3071 1039 3176 1077; x_wconf 83' lang='lat' dir='ltr'>sex</span> <span class='ocrx_word' id='word_1_433' title='bbox 3202 1020 3404 1076; x_wconf 88' lang='lat' dir='ltr'>tollere</span> <span class='ocrx_word' id='word_1_434' title='bbox 3432 1019 3617 1075; x_wconf 85' lang='lat' dir='ltr'>Febro</span> <span class='ocrx_word' id='word_1_435' title='bbox 3652 1018 3783 1088; x_wconf 72' lang='lat'>(55).</span> 
     </span>
    </p>
   </div>
   <div class='ocr_carea' id='block_1_71' title="bbox 2191 1108 3748 1173">
    <p class='ocr_par' dir='ltr' id='par_1_71' title="bbox 2191 1108 3748 1173">
     <span class='ocr_line' id='line_1_72' title="bbox 2191 1108 3748 1173; baseline -0.002 -8"><span class='ocrx_word' id='word_1_436' title='bbox 2191 1111 2338 1166; x_wconf 89' lang='lat' dir='ltr'>Huic</span> <span class='ocrx_word' id='word_1_437' title='bbox 2369 1112 2513 1167; x_wconf 89' lang='lat' dir='ltr'>alter</span> <span class='ocrx_word' id='word_1_438' title='bbox 2541 1126 2830 1167; x_wconf 87' lang='lat' dir='ltr'>numerus</span> <span class='ocrx_word' id='word_1_439' title='bbox 2861 1111 3159 1167; x_wconf 87' lang='lat' dir='ltr'>concurrit</span> <span class='ocrx_word' id='word_1_440' title='bbox 3187 1110 3262 1165; x_wconf 90' lang='lat' dir='ltr'>ad</span> <span class='ocrx_word' id='word_1_441' title='bbox 3293 1108 3748 1173; x_wconf 78' lang='lat' dir='ltr'>inveniendum,</span> 
     </span>
    </p>
   </div>
   <div class='ocr_carea' id='block_1_72' title="bbox 2192 1196 3783 1273">
    <p class='ocr_par' dir='ltr' id='par_1_72' title="bbox 2192 1196 3783 1273">
     <span class='ocr_line' id='line_1_73' title="bbox 2192 1196 3783 1273; baseline -0.003 -18"><span class='ocrx_word' id='word_1_442' title='bbox 2192 1202 2321 1265; x_wconf 89' lang='lat' dir='ltr'>Qua</span> <span class='ocrx_word' id='word_1_443' title='bbox 2349 1200 2463 1255; x_wconf 89' lang='lat' dir='ltr'>sibi</span> <span class='ocrx_word' id='word_1_444' title='bbox 2491 1201 2746 1273; x_wconf 88' lang='lat' dir='ltr'>quisque</span> <span class='ocrx_word' id='word_1_445' title='bbox 2772 1201 2867 1255; x_wconf 91' lang='lat' dir='ltr'>die</span> <span class='ocrx_word' id='word_1_446' title='bbox 2892 1201 3116 1255; x_wconf 88' lang='lat' dir='ltr'>mensis</span> <span class='ocrx_word' id='word_1_447' title='bbox 3147 1199 3286 1254; x_wconf 92' lang='lat' dir='ltr'>velit</span> <span class='ocrx_word' id='word_1_448' title='bbox 3316 1214 3444 1253; x_wconf 88' lang='lat' dir='ltr'>esse</span> <span class='ocrx_word' id='word_1_449' title='bbox 3480 1196 3783 1253; x_wconf 88' lang='lat' dir='ltr'>Kalendas</span> 
     </span>
    </p>
   </div>
   <div class='ocr_carea' id='block_1_73' title="bbox 2196 1286 3749 1362">
    <p class='ocr_par' dir='ltr' id='par_1_73' title="bbox 2196 1286 3749 1362">
     <span class='ocr_line' id='line_1_74' title="bbox 2196 1286 3749 1362; baseline -0.004 -17"><span class='ocrx_word' id='word_1_450' title='bbox 2196 1292 2433 1361; x_wconf 87' lang='lat' dir='ltr'>Septem</span> <span class='ocrx_word' id='word_1_451' title='bbox 2457 1290 2710 1345; x_wconf 89' lang='lat' dir='ltr'>lineonis</span> <span class='ocrx_word' id='word_1_452' title='bbox 2731 1290 2935 1362; x_wconf 85' lang='lat' dir='ltr'>ipsum</span> <span class='ocrx_word' id='word_1_453' title='bbox 2968 1289 3072 1345; x_wconf 88' lang='lat' dir='ltr'>tibi</span> <span class='ocrx_word' id='word_1_454' title='bbox 3104 1305 3277 1345; x_wconf 88' lang='lat' dir='ltr'>cerne</span> <span class='ocrx_word' id='word_1_455' title='bbox 3304 1291 3582 1342; x_wconf 89' lang='lat' dir='ltr'>notatum</span> <span class='ocrx_word' id='word_1_456' title='bbox 3612 1286 3749 1356; x_wconf 73' lang='grc'>(56).</span> 
     </span>
    </p>
   </div>
   <div class='ocr_carea' id='block_1_74' title="bbox 2193 1378 3526 1452">
    <p class='ocr_par' dir='ltr' id='par_1_74' title="bbox 2193 1378 3526 1452">
     <span class='ocr_line' id='line_1_75' title="bbox 2193 1378 3526 1452; baseline -0.002 -19"><span class='ocrx_word' id='word_1_457' title='bbox 2193 1381 2416 1434; x_wconf 89' lang='lat' dir='ltr'>Harum</span> <span class='ocrx_word' id='word_1_458' title='bbox 2446 1381 2683 1452; x_wconf 90' lang='lat' dir='ltr'>Septem</span> <span class='ocrx_word' id='word_1_459' title='bbox 2714 1380 3072 1435; x_wconf 89' lang='lat' dir='ltr'>lineolarum</span> <span class='ocrx_word' id='word_1_460' title='bbox 3096 1378 3374 1451; x_wconf 79' lang='lat' dir='ltr'>quaelibet</span> <span class='ocrx_word' id='word_1_461' title='bbox 3403 1392 3526 1432; x_wconf 91' lang='lat' dir='ltr'>una</span> 
     </span>
    </p>
   </div>
   <div class='ocr_carea' id='block_1_75' title="bbox 2197 1469 3720 1540">
    <p class='ocr_par' dir='ltr' id='par_1_75' title="bbox 2197 1469 3720 1540">
     <span class='ocr_line' id='line_1_76' title="bbox 2197 1469 3720 1540; baseline -0.003 -16"><span class='ocrx_word' id='word_1_462' title='bbox 2197 1470 2504 1540; x_wconf 85' lang='lat' dir='ltr'>Spectatur</span> <span class='ocrx_word' id='word_1_463' title='bbox 2533 1469 2769 1525; x_wconf 90' lang='lat' dir='ltr'>numeri</span> <span class='ocrx_word' id='word_1_464' title='bbox 2799 1485 3074 1524; x_wconf 88' lang='lat' dir='ltr'>summas</span> <span class='ocrx_word' id='word_1_465' title='bbox 3106 1473 3335 1537; x_wconf 81' lang='lat' dir='ltr'>gestare</span> <span class='ocrx_word' id='word_1_466' title='bbox 3367 1471 3720 1540; x_wconf 74' lang='lat' dir='ltr'>quaternas,</span> 
     </span>
    </p>
   </div>
   <div class='ocr_carea' id='block_1_76' title="bbox 2196 1558 3576 1627">
    <p class='ocr_par' dir='ltr' id='par_1_76' title="bbox 2196 1558 3576 1627">
     <span class='ocr_line' id='line_1_77' title="bbox 2196 1558 3576 1627; baseline -0.002 -15"><span class='ocrx_word' id='word_1_467' title='bbox 2196 1560 2259 1612; x_wconf 89' lang='lat' dir='ltr'>Et</span> <span class='ocrx_word' id='word_1_468' title='bbox 2288 1558 2369 1613; x_wconf 87' lang='lat' dir='ltr'>sic</span> <span class='ocrx_word' id='word_1_469' title='bbox 2400 1558 2607 1627; x_wconf 84' lang='lat' dir='ltr'>viginti</span> <span class='ocrx_word' id='word_1_470' title='bbox 2639 1575 2893 1613; x_wconf 67' lang='lat' dir='ltr'>summre</span> <span class='ocrx_word' id='word_1_471' title='bbox 2925 1560 3326 1612; x_wconf 78' lang='lat' dir='ltr'>numerantur</span> <span class='ocrx_word' id='word_1_472' title='bbox 3357 1560 3411 1611; x_wconf 90' lang='lat' dir='ltr'>et</span> <span class='ocrx_word' id='word_1_473' title='bbox 3441 1560 3576 1610; x_wconf 92' lang='lat' dir='ltr'>octo</span> 
     </span>
    </p>
   </div>
   <div class='ocr_carea' id='block_1_77' title="bbox 2196 1646 3525 1717">
    <p class='ocr_par' dir='ltr' id='par_1_77' title="bbox 2196 1646 3525 1717">
     <span class='ocr_line' id='line_1_78' title="bbox 2196 1646 3525 1717; baseline 0 -18"><span class='ocrx_word' id='word_1_474' title='bbox 2196 1647 2404 1701; x_wconf 74' lang='lat' dir='ltr'>Divisae</span> <span class='ocrx_word' id='word_1_475' title='bbox 2438 1646 2681 1702; x_wconf 88' lang='lat' dir='ltr'>totidem</span> <span class='ocrx_word' id='word_1_476' title='bbox 2704 1652 2863 1703; x_wconf 89' lang='lat' dir='ltr'>certa</span> <span class='ocrx_word' id='word_1_477' title='bbox 2888 1647 3117 1702; x_wconf 88' lang='lat' dir='ltr'>ratione</span> <span class='ocrx_word' id='word_1_478' title='bbox 3150 1662 3256 1717; x_wconf 90' lang='lat' dir='ltr'>per</span> <span class='ocrx_word' id='word_1_479' title='bbox 3287 1655 3525 1709; x_wconf 81' lang='lat' dir='ltr'>annos,‘</span> 
     </span>
    </p>
   </div>
   <div class='ocr_carea' id='block_1_78' title="bbox 2122 1735 3744 1808">
    <p class='ocr_par' dir='ltr' id='par_1_78' title="bbox 2122 1735 3744 1808">
     <span class='ocr_line' id='line_1_79' title="bbox 2122 1735 3744 1808; baseline -0.002 -19"><span class='ocrx_word' id='word_1_480' title='bbox 2122 1748 2166 1803; x_wconf 78' lang='grc' dir='ltr'>Β</span> <span class='ocrx_word' id='word_1_481' title='bbox 2198 1736 2297 1790; x_wconf 73' lang='lat' dir='ltr'>Hae</span> <span class='ocrx_word' id='word_1_482' title='bbox 2323 1753 2568 1808; x_wconf 92' lang='lat' dir='ltr'>quoque</span> <span class='ocrx_word' id='word_1_483' title='bbox 2599 1754 2851 1791; x_wconf 79' lang='lat' dir='ltr'>summae</span> <span class='ocrx_word' id='word_1_484' title='bbox 2880 1736 3103 1791; x_wconf 87' lang='lat' dir='ltr'>solares</span> <span class='ocrx_word' id='word_1_485' title='bbox 3136 1735 3467 1789; x_wconf 86' lang='lat' dir='ltr'>vocitantur</span> <span class='ocrx_word' id='word_1_486' title='bbox 3491 1735 3744 1804; x_wconf 67' lang='lat' dir='ltr'>epactaa,</span> 
     </span>
    </p>
   </div>
   <div class='ocr_carea' id='block_1_79' title="bbox 2197 1820 3610 1881">
    <p class='ocr_par' dir='ltr' id='par_1_79' title="bbox 2197 1820 3610 1881">
     <span class='ocr_line' id='line_1_80' title="bbox 2197 1820 3610 1881; baseline -0.004 -2"><span class='ocrx_word' id='word_1_487' title='bbox 2197 1825 2261 1879; x_wconf 86' lang='lat' dir='ltr'>Hi</span> <span class='ocrx_word' id='word_1_488' title='bbox 2292 1830 2714 1881; x_wconf 89' lang='lat' dir='ltr'>concurrentes</span> <span class='ocrx_word' id='word_1_489' title='bbox 2736 1824 2972 1880; x_wconf 91' lang='lat' dir='ltr'>numeri</span> <span class='ocrx_word' id='word_1_490' title='bbox 3000 1826 3316 1879; x_wconf 82' lang='lat' dir='ltr'>versantur</span> <span class='ocrx_word' id='word_1_491' title='bbox 3347 1822 3404 1876; x_wconf 92' lang='lat' dir='ltr'>in</span> <span class='ocrx_word' id='word_1_492' title='bbox 3435 1820 3610 1876; x_wconf 91' lang='lat' dir='ltr'>annis</span> 
     </span>
    </p>
   </div>
   <div class='ocr_carea' id='block_1_80' title="bbox 2198 1914 3876 1984">
    <p class='ocr_par' dir='ltr' id='par_1_80' title="bbox 2198 1914 3876 1984">
     <span class='ocr_line' id='line_1_81' title="bbox 2198 1914 3876 1984; baseline -0.005 -16"><span class='ocrx_word' id='word_1_493' title='bbox 2198 1916 2357 1968; x_wconf 91' lang='lat' dir='ltr'>Unus</span> <span class='ocrx_word' id='word_1_494' title='bbox 2387 1914 2668 1981; x_wconf 76' lang='lat' dir='ltr'>bissexto,</span> <span class='ocrx_word' id='word_1_495' title='bbox 2719 1914 2840 1969; x_wconf 89' lang='lat' dir='ltr'>duo</span> <span class='ocrx_word' id='word_1_496' title='bbox 2870 1916 3013 1979; x_wconf 86' lang='lat' dir='ltr'>n&#39;on,</span> <span class='ocrx_word' id='word_1_497' title='bbox 3049 1916 3245 1984; x_wconf 83' lang='lat' dir='ltr'>neque</span> <span class='ocrx_word' id='word_1_498' title='bbox 3293 1915 3429 1976; x_wconf 88' lang='lat' dir='ltr'>tres,</span> <span class='ocrx_word' id='word_1_499' title='bbox 3479 1923 3679 1979; x_wconf 91' lang='lat' dir='ltr'>neque</span> <span class='ocrx_word' id='word_1_500' title='bbox 3710 1921 3876 1979; x_wconf 90' lang='lat' dir='ltr'>qua—</span> 
     </span>
    </p>
   </div>
   <div class='ocr_carea' id='block_1_81' title="bbox 3728 1995 3875 2067">
    <p class='ocr_par' dir='ltr' id='par_1_81' title="bbox 3728 1995 3875 2067">
     <span class='ocr_line' id='line_1_82' title="bbox 3728 1995 3875 2067; baseline -0.007 -17"><span class='ocrx_word' id='word_1_501' title='bbox 3728 1995 3875 2067; x_wconf 87' lang='lat' dir='ltr'>[dri,</span> 
     </span>
    </p>
   </div>
   <div class='ocr_carea' id='block_1_82' title="bbox 2198 2080 3757 2162">
    <p class='ocr_par' dir='ltr' id='par_1_82' title="bbox 2198 2080 3757 2162">
     <span class='ocr_line' id='line_1_83' title="bbox 2198 2080 3757 2162; baseline -0.006 -13"><span class='ocrx_word' id='word_1_502' title='bbox 2198 2094 2309 2149; x_wconf 65' lang='lat' dir='ltr'>sex</span> <span class='ocrx_word' id='word_1_503' title='bbox 2340 2096 2477 2148; x_wconf 88' lang='lat' dir='ltr'>sunt</span> <span class='ocrx_word' id='word_1_504' title='bbox 2503 2093 2787 2157; x_wconf 80' lang='lat' dir='ltr'>bissexto,</span> <span class='ocrx_word' id='word_1_505' title='bbox 2823 2107 2947 2146; x_wconf 91' lang='lat' dir='ltr'>non</span> <span class='ocrx_word' id='word_1_506' title='bbox 2978 2094 3082 2147; x_wconf 76' lang='lat' dir='ltr'>vos</span> <span class='ocrx_word' id='word_1_507' title='bbox 3113 2092 3344 2162; x_wconf 91' lang='lat' dir='ltr'>septem</span> <span class='ocrx_word' id='word_1_508' title='bbox 3372 2090 3488 2143; x_wconf 85' lang='lat' dir='ltr'>une</span> <span class='ocrx_word' id='word_1_509' title='bbox 3517 2080 3757 2161; x_wconf 77' lang='lat' dir='ltr'>gemelli</span> 
     </span>
    </p>
   </div>
   <div class='ocr_carea' id='block_1_83' title="bbox 2197 2168 3877 2252">
    <p class='ocr_par' dir='ltr' id='par_1_83' title="bbox 2197 2168 3877 2252">
     <span class='ocr_line' id='line_1_84' title="bbox 2197 2168 3877 2252; baseline -0.006 -14"><span class='ocrx_word' id='word_1_510' title='bbox 2197 2182 2420 2246; x_wconf 90' lang='lat' dir='ltr'>Quadri</span> <span class='ocrx_word' id='word_1_511' title='bbox 2468 2174 2549 2237; x_wconf 90' lang='lat' dir='ltr'>ad</span> <span class='ocrx_word' id='word_1_512' title='bbox 2598 2168 2951 2250; x_wconf 74' lang='lat' dir='ltr'>biSSextum,</span> <span class='ocrx_word' id='word_1_513' title='bbox 3001 2179 3171 2252; x_wconf 89' lang='lat' dir='ltr'>quini</span> <span class='ocrx_word' id='word_1_514' title='bbox 3229 2194 3352 2247; x_wconf 86' lang='lat' dir='ltr'>sex,</span> <span class='ocrx_word' id='word_1_515' title='bbox 3404 2179 3633 2248; x_wconf 90' lang='lat' dir='ltr'>septem</span> <span class='ocrx_word' id='word_1_516' title='bbox 3683 2173 3877 2230; x_wconf 84' lang='lat' dir='ltr'>alior-</span> 
     </span>
    </p>
   </div>
   <div class='ocr_carea' id='block_1_84' title="bbox 3678 2258 3873 2336">
    <p class='ocr_par' dir='ltr' id='par_1_84' title="bbox 3678 2258 3873 2336">
     <span class='ocr_line' id='line_1_85' title="bbox 3678 2258 3873 2336; baseline -0.021 0"><span class='ocrx_word' id='word_1_517' title='bbox 3678 2258 3873 2336; x_wconf 70' lang='lat' dir='ltr'>(sum.</span> 
     </span>
    </p>
   </div>
   <div class='ocr_carea' id='block_1_85' title="bbox 2197 2348 3874 2431">
    <p class='ocr_par' dir='ltr' id='par_1_85' title="bbox 2197 2348 3874 2431">
     <span class='ocr_line' id='line_1_86' title="bbox 2197 2348 3874 2431; baseline -0.007 -13"><span class='ocrx_word' id='word_1_518' title='bbox 2197 2361 2375 2418; x_wconf 91' lang='lat' dir='ltr'>Scnni</span> <span class='ocrx_word' id='word_1_519' title='bbox 2405 2348 2483 2417; x_wconf 91' lang='lat' dir='ltr'>ad</span> <span class='ocrx_word' id='word_1_520' title='bbox 2507 2348 2857 2427; x_wconf 83' lang='lat' dir='ltr'>bissextum,</span> <span class='ocrx_word' id='word_1_521' title='bbox 2883 2360 3002 2415; x_wconf 87' lang='lat' dir='ltr'>tres</span> <span class='ocrx_word' id='word_1_522' title='bbox 3020 2357 3256 2431; x_wconf 90' lang='lat' dir='ltr'>quadri,</span> <span class='ocrx_word' id='word_1_523' title='bbox 3275 2356 3543 2429; x_wconf 85' lang='lat' dir='ltr'>quinque</span> <span class='ocrx_word' id='word_1_524' title='bbox 3567 2354 3874 2423; x_wconf 85' lang='lat' dir='ltr'>seorsum,</span> 
     </span>
    </p>
   </div>
   <div class='ocr_carea' id='block_1_86' title="bbox 2199 2436 3878 2522">
    <p class='ocr_par' dir='ltr' id='par_1_86' title="bbox 2199 2436 3878 2522">
     <span class='ocr_line' id='line_1_87' title="bbox 2199 2436 3878 2522; baseline -0.005 -17"><span class='ocrx_word' id='word_1_525' title='bbox 2199 2452 2434 2522; x_wconf 91' lang='lat' dir='ltr'>Septem</span> <span class='ocrx_word' id='word_1_526' title='bbox 2486 2449 2838 2513; x_wconf 81' lang='lat' dir='ltr'>bissextant,</span> <span class='ocrx_word' id='word_1_527' title='bbox 2897 2448 3178 2521; x_wconf 88' lang='lat' dir='ltr'>quatuor,</span> <span class='ocrx_word' id='word_1_528' title='bbox 3224 2444 3346 2500; x_wconf 89' lang='lat' dir='ltr'>duo</span> <span class='ocrx_word' id='word_1_529' title='bbox 3405 2436 3645 2516; x_wconf 83' lang='lat' dir='ltr'>tresque</span> <span class='ocrx_word' id='word_1_530' title='bbox 3700 2444 3878 2497; x_wconf 87' lang='lat' dir='ltr'>recu-</span> 
     </span>
    </p>
   </div>
   <div class='ocr_carea' id='block_1_87' title="bbox 3678 2522 3870 2603">
    <p class='ocr_par' dir='ltr' id='par_1_87' title="bbox 3678 2522 3870 2603">
     <span class='ocr_line' id='line_1_88' title="bbox 3678 2522 3870 2603; baseline -0.005 -16"><span class='ocrx_word' id='word_1_531' title='bbox 3678 2522 3870 2603; x_wconf 83' lang='lat' dir='ltr'>[sant,</span> 
     </span>
    </p>
   </div>
   <div class='ocr_carea' id='block_1_88' title="bbox 2197 2612 3872 2698">
    <p class='ocr_par' dir='ltr' id='par_1_88' title="bbox 2197 2612 3872 2698">
     <span class='ocr_line' id='line_1_89' title="bbox 2197 2612 3872 2698; baseline -0.005 -15"><span class='ocrx_word' id='word_1_532' title='bbox 2197 2628 2372 2694; x_wconf 87' lang='lat' dir='ltr'>Quini</span> <span class='ocrx_word' id='word_1_533' title='bbox 2417 2626 2767 2691; x_wconf 80' lang='lat' dir='ltr'>bissextant,</span> <span class='ocrx_word' id='word_1_534' title='bbox 2805 2612 2909 2681; x_wconf 89' lang='lat' dir='ltr'>sed</span> <span class='ocrx_word' id='word_1_535' title='bbox 2960 2620 3191 2698; x_wconf 82' lang='lat' dir='ltr'>septem</span> <span class='ocrx_word' id='word_1_536' title='bbox 3249 2624 3526 2695; x_wconf 90' lang='lat' dir='ltr'>unusque</span> <span class='ocrx_word' id='word_1_537' title='bbox 3556 2622 3872 2692; x_wconf 85' lang='lat' dir='ltr'>rejectant,</span> 
     </span>
    </p>
   </div>
   <div class='ocr_carea' id='block_1_89' title="bbox 2194 2708 3780 2787">
    <p class='ocr_par' dir='ltr' id='par_1_89' title="bbox 2194 2708 3780 2787">
     <span class='ocr_line' id='line_1_90' title="bbox 2194 2708 3780 2787; baseline -0.005 -15"><span class='ocrx_word' id='word_1_538' title='bbox 2194 2716 2330 2773; x_wconf 86' lang='lat' dir='ltr'>Tres</span> <span class='ocrx_word' id='word_1_539' title='bbox 2360 2715 2617 2771; x_wconf 79' lang='lat' dir='ltr'>bissexte</span> <span class='ocrx_word' id='word_1_540' title='bbox 2644 2714 2891 2787; x_wconf 83' lang='lat' dir='ltr'>quadris</span> <span class='ocrx_word' id='word_1_541' title='bbox 2919 2713 3117 2786; x_wconf 86' lang='lat' dir='ltr'>quinis</span> <span class='ocrx_word' id='word_1_542' title='bbox 3149 2722 3311 2769; x_wconf 87' lang='lat' dir='ltr'>nunc</span> <span class='ocrx_word' id='word_1_543' title='bbox 3331 2708 3567 2783; x_wconf 86' lang='lat' dir='ltr'>jungito</span> <span class='ocrx_word' id='word_1_544' title='bbox 3594 2708 3780 2766; x_wconf 90' lang='lat' dir='ltr'>senis.</span> 
     </span>
    </p>
   </div>
   <div class='ocr_carea' id='block_1_90' title="bbox 2933 2804 3115 2859">
    <p class='ocr_par' dir='ltr' id='par_1_90' title="bbox 2933 2804 3115 2859">
     <span class='ocr_line' id='line_1_91' title="bbox 2933 2804 3115 2859; baseline -0.011 0"><span class='ocrx_word' id='word_1_545' title='bbox 2933 2804 3115 2859; x_wconf 80' lang='lat' dir='ltr'><strong>XVIII.</strong></span> 
     </span>
    </p>
   </div>
   <div class='ocr_carea' id='block_1_91' title="bbox 2818 2893 3395 2970">
    <p class='ocr_par' dir='ltr' id='par_1_91' title="bbox 2818 2893 3395 2970">
     <span class='ocr_line' id='line_1_92' title="bbox 2818 2893 3395 2970; baseline -0.005 -23"><span class='ocrx_word' id='word_1_546' title='bbox 2818 2894 2885 2947; x_wconf 66' lang='grc' dir='ltr'>οε</span> <span class='ocrx_word' id='word_1_547' title='bbox 2914 2893 3248 2947; x_wconf 70' lang='lat' dir='ltr'>PHILOMELA.</span> <span class='ocrx_word' id='word_1_548' title='bbox 3388 2962 3395 2970; x_wconf 81' lang='lat'>_</span> 
     </span>
    </p>
   </div>
   <div class='ocr_carea' id='block_1_92' title="bbox 2194 2966 3499 3054">
    <p class='ocr_par' dir='ltr' id='par_1_92' title="bbox 2194 2966 3499 3054">
     <span class='ocr_line' id='line_1_93' title="bbox 2194 2966 3499 3054; baseline -0.004 -17"><span class='ocrx_word' id='word_1_549' title='bbox 2194 2986 2388 3037; x_wconf 80' lang='lat' dir='ltr'>Aurea</span> <span class='ocrx_word' id='word_1_550' title='bbox 2416 2980 2695 3054; x_wconf 87' lang='lat' dir='ltr'>personet</span> <span class='ocrx_word' id='word_1_551' title='bbox 2719 2966 2849 3052; x_wconf 82' lang='lat' dir='ltr'>lyra</span> <span class='ocrx_word' id='word_1_552' title='bbox 2880 2980 3041 3036; x_wconf 87' lang='lat' dir='ltr'>clara</span> <span class='ocrx_word' id='word_1_553' title='bbox 3064 2966 3499 3047; x_wconf 81' lang='lat' dir='ltr'>modulamina,</span> 
     </span>
    </p>
   </div>
   <div class='ocr_carea' id='block_1_93' title="bbox 2120 3054 3715 3160">
    <p class='ocr_par' dir='ltr' id='par_1_93' title="bbox 2120 3054 3715 3160">
     <span class='ocr_line' id='line_1_94' title="bbox 2120 3054 3715 3160; baseline -0.006 -32"><span class='ocrx_word' id='word_1_554' title='bbox 2120 3104 2159 3160; x_wconf 66' lang='grc' dir='ltr'><strong>ρ</strong></span> <span class='ocrx_word' id='word_1_555' title='bbox 2197 3071 2460 3143; x_wconf 80' lang='lat' dir='ltr'>Simplex</span> <span class='ocrx_word' id='word_1_556' title='bbox 2491 3064 2717 3126; x_wconf 88' lang='lat' dir='ltr'>chorda</span> <span class='ocrx_word' id='word_1_557' title='bbox 2747 3070 2820 3124; x_wconf 90' lang='lat' dir='ltr'>sit</span> <span class='ocrx_word' id='word_1_558' title='bbox 2846 3074 3089 3125; x_wconf 76' lang='lat' dir='ltr'>extensa</span> <span class='ocrx_word' id='word_1_559' title='bbox 3119 3085 3263 3124; x_wconf 91' lang='lat' dir='ltr'>voce</span> <span class='ocrx_word' id='word_1_560' title='bbox 3293 3054 3715 3141; x_wconf 85' lang='lat' dir='ltr'>quindenaria,</span> 
     </span>
    </p>
   </div>
   <div class='ocr_carea' id='block_1_94' title="bbox 2190 3153 3724 3241">
    <p class='ocr_par' dir='ltr' id='par_1_94' title="bbox 2190 3153 3724 3241">
     <span class='ocr_line' id='line_1_95' title="bbox 2190 3153 3724 3241; baseline -0.004 -27"><span class='ocrx_word' id='word_1_561' title='bbox 2190 3159 2453 3215; x_wconf 84' lang='lat' dir='ltr'>Primum</span> <span class='ocrx_word' id='word_1_562' title='bbox 2481 3175 2701 3241; x_wconf 72' lang='lat' dir='ltr'>sgnum</span> <span class='ocrx_word' id='word_1_563' title='bbox 2731 3174 2891 3214; x_wconf 90' lang='lat' dir='ltr'>nunc</span> <span class='ocrx_word' id='word_1_564' title='bbox 2919 3158 3134 3214; x_wconf 90' lang='lat' dir='ltr'>reddat</span> <span class='ocrx_word' id='word_1_565' title='bbox 3160 3158 3290 3227; x_wconf 88' lang='lat' dir='ltr'>lege</span> <span class='ocrx_word' id='word_1_566' title='bbox 3326 3153 3724 3228; x_wconf 84' lang='lat' dir='ltr'>[iypodorica,</span> 
     </span>
    </p>
   </div>
   <div class='ocr_carea' id='block_1_95' title="bbox 2189 3234 3619 3316">
    <p class='ocr_par' dir='ltr' id='par_1_95' title="bbox 2189 3234 3619 3316">
     <span class='ocr_line' id='line_1_96' title="bbox 2189 3234 3619 3316; baseline -0.004 -12"><span class='ocrx_word' id='word_1_567' title='bbox 2189 3234 2539 3305; x_wconf 70' lang='lat' dir='ltr'>Philomelae</span> <span class='ocrx_word' id='word_1_568' title='bbox 2558 3234 2773 3303; x_wconf 86' lang='lat' dir='ltr'>demus</span> <span class='ocrx_word' id='word_1_569' title='bbox 2801 3247 3013 3303; x_wconf 88' lang='lat' dir='ltr'>Iaudes</span> <span class='ocrx_word' id='word_1_570' title='bbox 3047 3246 3109 3302; x_wconf 92' lang='lat' dir='ltr'>in</span> <span class='ocrx_word' id='word_1_571' title='bbox 3134 3262 3280 3301; x_wconf 93' lang='lat' dir='ltr'>voce</span> <span class='ocrx_word' id='word_1_572' title='bbox 3311 3243 3619 3316; x_wconf 87' lang='lat' dir='ltr'>organica,</span> 
     </span>
    </p>
   </div>
   <div class='ocr_carea' id='block_1_96' title="bbox 2192 3332 3659 3413">
    <p class='ocr_par' dir='ltr' id='par_1_96' title="bbox 2192 3332 3659 3413">
     <span class='ocr_line' id='line_1_97' title="bbox 2192 3332 3659 3413; baseline -0.005 -20"><span class='ocrx_word' id='word_1_573' title='bbox 2192 3337 2370 3393; x_wconf 87' lang='lat' dir='ltr'>Dulce</span> <span class='ocrx_word' id='word_1_574' title='bbox 2398 3332 2585 3392; x_wconf 89' lang='lat' dir='ltr'>melos</span> <span class='ocrx_word' id='word_1_575' title='bbox 2615 3334 3000 3392; x_wconf 86' lang='lat' dir='ltr'>decantantes</span> <span class='ocrx_word' id='word_1_576' title='bbox 3031 3334 3181 3413; x_wconf 85' lang='lat' dir='ltr'>sicut</span> <span class='ocrx_word' id='word_1_577' title='bbox 3202 3336 3375 3390; x_wconf 89' lang='lat' dir='ltr'>docet</span> <span class='ocrx_word' id='word_1_578' title='bbox 3405 3332 3659 3413; x_wconf 83' lang='lat' dir='ltr'>musica,</span> 
     </span>
    </p>
   </div>
   <div class='ocr_carea' id='block_1_97' title="bbox 2195 3412 3562 3496">
    <p class='ocr_par' dir='ltr' id='par_1_97' title="bbox 2195 3412 3562 3496">
     <span class='ocr_line' id='line_1_98' title="bbox 2195 3412 3562 3496; baseline -0.006 -14"><span class='ocrx_word' id='word_1_579' title='bbox 2195 3426 2330 3483; x_wconf 90' lang='lat' dir='ltr'>Sine</span> <span class='ocrx_word' id='word_1_580' title='bbox 2361 3426 2533 3496; x_wconf 89' lang='lat' dir='ltr'>cujus</span> <span class='ocrx_word' id='word_1_581' title='bbox 2562 3429 2683 3480; x_wconf 90' lang='lat' dir='ltr'>arte</span> <span class='ocrx_word' id='word_1_582' title='bbox 2714 3436 2853 3480; x_wconf 88' lang='lat' dir='ltr'>vera</span> <span class='ocrx_word' id='word_1_583' title='bbox 2882 3420 3048 3479; x_wconf 87' lang='lat' dir='ltr'>nulla</span> <span class='ocrx_word' id='word_1_584' title='bbox 3080 3412 3283 3479; x_wconf 85' lang='lat' dir='ltr'>valent</span> <span class='ocrx_word' id='word_1_585' title='bbox 3313 3421 3562 3477; x_wconf 88' lang='lat' dir='ltr'>cantica.</span> 
     </span>
    </p>
   </div>
   <div class='ocr_carea' id='block_1_98' title="bbox 2194 3508 3702 3589">
    <p class='ocr_par' dir='ltr' id='par_1_98' title="bbox 2194 3508 3702 3589">
     <span class='ocr_line' id='line_1_99' title="bbox 2194 3508 3702 3589; baseline -0.005 -19"><span class='ocrx_word' id='word_1_586' title='bbox 2194 3516 2341 3571; x_wconf 92' lang='lat' dir='ltr'>Cum</span> <span class='ocrx_word' id='word_1_587' title='bbox 2372 3513 2588 3569; x_wconf 88' lang='lat' dir='ltr'>telluris</span> <span class='ocrx_word' id='word_1_588' title='bbox 2619 3530 2754 3569; x_wconf 90' lang='lat' dir='ltr'>vere</span> <span class='ocrx_word' id='word_1_589' title='bbox 2780 3529 2938 3568; x_wconf 89' lang='lat' dir='ltr'>novo</span> <span class='ocrx_word' id='word_1_590' title='bbox 2971 3511 3385 3589; x_wconf 87' lang='lat' dir='ltr'>producuntur</span> <span class='ocrx_word' id='word_1_591' title='bbox 3412 3508 3702 3581; x_wconf 84' lang='lat' dir='ltr'>germina,</span> 
     </span>
    </p>
   </div>
   <div class='ocr_carea' id='block_1_99' title="bbox 2192 3596 3773 3664">
    <p class='ocr_par' dir='ltr' id='par_1_99' title="bbox 2192 3596 3773 3664">
     <span class='ocr_line' id='line_1_100' title="bbox 2192 3596 3773 3664; baseline -0.006 -4"><span class='ocrx_word' id='word_1_592' title='bbox 2192 3607 2520 3660; x_wconf 87' lang='lat' dir='ltr'>Nemoro‘sa</span> <span class='ocrx_word' id='word_1_593' title='bbox 2548 3602 2771 3658; x_wconf 90' lang='lat' dir='ltr'>circum</span> <span class='ocrx_word' id='word_1_594' title='bbox 2804 3603 2959 3658; x_wconf 88' lang='lat' dir='ltr'>circa</span> <span class='ocrx_word' id='word_1_595' title='bbox 2990 3602 3384 3657; x_wconf 85' lang='lat' dir='ltr'>frondescunt</span> <span class='ocrx_word' id='word_1_596' title='bbox 3413 3596 3469 3654; x_wconf 88' lang='lat' dir='ltr'>et</span> <span class='ocrx_word' id='word_1_597' title='bbox 3494 3596 3773 3664; x_wconf 88' lang='lat' dir='ltr'>brachia,</span> 
     </span>
    </p>
   </div>
   <div class='ocr_carea' id='block_1_100' title="bbox 2194 3680 3697 3771">
    <p class='ocr_par' dir='ltr' id='par_1_100' title="bbox 2194 3680 3697 3771">
     <span class='ocr_line' id='line_1_101' title="bbox 2194 3680 3697 3771; baseline -0.005 -22"><span class='ocrx_word' id='word_1_598' title='bbox 2194 3680 2428 3762; x_wconf 88' lang='lat' dir='ltr'>Flagrat</span> <span class='ocrx_word' id='word_1_599' title='bbox 2455 3693 2605 3771; x_wconf 86' lang='lat' dir='ltr'>odor</span> <span class='ocrx_word' id='word_1_600' title='bbox 2635 3708 2773 3747; x_wconf 91' lang='lat' dir='ltr'>cum</span> <span class='ocrx_word' id='word_1_601' title='bbox 2802 3692 3006 3769; x_wconf 84' lang='lat' dir='ltr'>suavis</span> <span class='ocrx_word' id='word_1_602' title='bbox 3034 3690 3250 3746; x_wconf 88' lang='lat' dir='ltr'>ﬂorida</span> <span class='ocrx_word' id='word_1_603' title='bbox 3280 3692 3388 3761; x_wconf 82' lang='lat' dir='ltr'>per</span> <span class='ocrx_word' id='word_1_604' title='bbox 3418 3686 3697 3759; x_wconf 85' lang='lat' dir='ltr'>gramina</span> 
     </span>
    </p>
   </div>
   <div class='ocr_carea' id='block_1_101' title="bbox 2194 3768 3557 3859">
    <p class='ocr_par' dir='ltr' id='par_1_101' title="bbox 2194 3768 3557 3859">
     <span class='ocr_line' id='line_1_102' title="bbox 2194 3768 3557 3859; baseline -0.004 -22"><span class='ocrx_word' id='word_1_605' title='bbox 2194 3768 2495 3838; x_wconf 88' lang='lat' dir='ltr'>Hilarescit</span> <span class='ocrx_word' id='word_1_606' title='bbox 2523 3776 2849 3859; x_wconf 84' lang='lat' dir='ltr'>philomela</span> <span class='ocrx_word' id='word_1_607' title='bbox 2873 3776 3063 3835; x_wconf 89' lang='lat' dir='ltr'>dulcis</span> <span class='ocrx_word' id='word_1_608' title='bbox 3087 3780 3273 3859; x_wconf 82' lang='lat' dir='ltr'>sonus</span> <span class='ocrx_word' id='word_1_609' title='bbox 3297 3777 3557 3857; x_wconf 85' lang='lat' dir='ltr'>conscia,</span> 
     </span>
    </p>
   </div>
   <div class='ocr_carea' id='block_1_102' title="bbox 2196 3864 3688 3939">
    <p class='ocr_par' dir='ltr' id='par_1_102' title="bbox 2196 3864 3688 3939">
     <span class='ocr_line' id='line_1_103' title="bbox 2196 3864 3688 3939; baseline -0.003 -13"><span class='ocrx_word' id='word_1_610' title='bbox 2196 3874 2261 3926; x_wconf 90' lang='lat' dir='ltr'>Et</span> <span class='ocrx_word' id='word_1_611' title='bbox 2292 3869 2617 3925; x_wconf 81' lang='lat' dir='ltr'>extendens</span> <span class='ocrx_word' id='word_1_612' title='bbox 2645 3866 3017 3925; x_wconf 88' lang='lat' dir='ltr'>modulando</span> <span class='ocrx_word' id='word_1_613' title='bbox 3050 3868 3301 3937; x_wconf 78' lang='lat' dir='ltr'>gutturis</span> <span class='ocrx_word' id='word_1_614' title='bbox 3335 3864 3688 3939; x_wconf 81' lang='lat' dir='ltr'>spiramina,</span> 
     </span>
    </p>
   </div>
   <div class='ocr_carea' id='block_1_103' title="bbox 2194 3954 3573 4030">
    <p class='ocr_par' dir='ltr' id='par_1_103' title="bbox 2194 3954 3573 4030">
     <span class='ocr_line' id='line_1_104' title="bbox 2194 3954 3573 4030; baseline -0.004 -15"><span class='ocrx_word' id='word_1_615' title='bbox 2194 3956 2404 4015; x_wconf 82' lang='lat' dir='ltr'>Reddit</span> <span class='ocrx_word' id='word_1_616' title='bbox 2428 3958 2582 4013; x_wconf 87' lang='lat' dir='ltr'>veris</span> <span class='ocrx_word' id='word_1_617' title='bbox 2612 3963 2668 4014; x_wconf 88' lang='lat' dir='ltr'>et</span> <span class='ocrx_word' id='word_1_618' title='bbox 2693 3958 2879 4013; x_wconf 85' lang='lat' dir='ltr'>aestivi</span> <span class='ocrx_word' id='word_1_619' title='bbox 2910 3958 3193 4030; x_wconf 89' lang='lat' dir='ltr'>temporis</span> <span class='ocrx_word' id='word_1_620' title='bbox 3225 3954 3530 4030; x_wconf 72' lang='lat' dir='ltr'>praeconia</span> <span class='ocrx_word' id='word_1_621' title='bbox 3552 3970 3573 4010; x_wconf 88' lang='lat'><em>:</em></span> 
     </span>
    </p>
   </div>
   <div class='ocr_carea' id='block_1_104' title="bbox 2196 4036 3464 4104">
    <p class='ocr_par' dir='ltr' id='par_1_104' title="bbox 2196 4036 3464 4104">
     <span class='ocr_line' id='line_1_105' title="bbox 2196 4036 3464 4104; baseline -0.002 -3"><span class='ocrx_word' id='word_1_622' title='bbox 2196 4050 2378 4104; x_wconf 90' lang='lat' dir='ltr'>Instat</span> <span class='ocrx_word' id='word_1_623' title='bbox 2407 4036 2565 4103; x_wconf 78' lang='lat' dir='ltr'>necti</span> <span class='ocrx_word' id='word_1_624' title='bbox 2597 4044 2653 4103; x_wconf 85' lang='lat' dir='ltr'>et</span> <span class='ocrx_word' id='word_1_625' title='bbox 2676 4044 2790 4102; x_wconf 90' lang='lat' dir='ltr'>diei</span> <span class='ocrx_word' id='word_1_626' title='bbox 2816 4062 2959 4102; x_wconf 89' lang='lat' dir='ltr'>voce</span> <span class='ocrx_word' id='word_1_627' title='bbox 2989 4046 3100 4101; x_wconf 91' lang='lat' dir='ltr'>sub</span> <span class='ocrx_word' id='word_1_628' title='bbox 3130 4045 3464 4101; x_wconf 88' lang='lat' dir='ltr'>dulcisona.</span> 
     </span>
    </p>
   </div>
   <div class='ocr_carea' id='block_1_105' title="bbox 2196 4122 3753 4209">
    <p class='ocr_par' dir='ltr' id='par_1_105' title="bbox 2196 4122 3753 4209">
     <span class='ocr_line' id='line_1_106' title="bbox 2196 4122 3753 4209; baseline -0.004 -17"><span class='ocrx_word' id='word_1_629' title='bbox 2196 4136 2499 4209; x_wconf 89' lang='lat' dir='ltr'>Soporatis</span> <span class='ocrx_word' id='word_1_630' title='bbox 2529 4122 2682 4192; x_wconf 86' lang='lat' dir='ltr'>dans</span> <span class='ocrx_word' id='word_1_631' title='bbox 2710 4135 2973 4209; x_wconf 89' lang='lat' dir='ltr'>quietem</span> <span class='ocrx_word' id='word_1_632' title='bbox 3004 4138 3216 4191; x_wconf 88' lang='lat' dir='ltr'>cantus</span> <span class='ocrx_word' id='word_1_633' title='bbox 3248 4150 3355 4207; x_wconf 89' lang='lat' dir='ltr'>per</span> <span class='ocrx_word' id='word_1_634' title='bbox 3385 4130 3753 4198; x_wconf 76' lang='lat' dir='ltr'>discrimina,</span> 
     </span>
    </p>
   </div>
   <div class='ocr_carea' id='block_1_106' title="bbox 2196 4210 3476 4298">
    <p class='ocr_par' dir='ltr' id='par_1_106' title="bbox 2196 4210 3476 4298">
     <span class='ocr_line' id='line_1_107' title="bbox 2196 4210 3476 4298; baseline -0.002 -18"><span class='ocrx_word' id='word_1_635' title='bbox 2196 4229 2438 4281; x_wconf 90' lang='lat' dir='ltr'>Necnon</span> <span class='ocrx_word' id='word_1_636' title='bbox 2468 4210 2725 4298; x_wconf 81' lang='lat' dir='ltr'>pulchra</span> <span class='ocrx_word' id='word_1_637' title='bbox 2753 4222 2967 4280; x_wconf 89' lang='lat' dir='ltr'>viatori</span> <span class='ocrx_word' id='word_1_638' title='bbox 2992 4223 3217 4279; x_wconf 87' lang='lat' dir='ltr'>laboris</span> <span class='ocrx_word' id='word_1_639' title='bbox 3244 4221 3476 4291; x_wconf 90' lang='lat' dir='ltr'>solatia,</span> 
     </span>
    </p>
   </div>
   <div class='ocr_carea' id='block_1_107' title="bbox 2194 4302 3678 4385">
    <p class='ocr_par' dir='ltr' id='par_1_107' title="bbox 2194 4302 3678 4385">
     <span class='ocr_line' id='line_1_108' title="bbox 2194 4302 3678 4385; baseline -0.005 -16"><span class='ocrx_word' id='word_1_640' title='bbox 2194 4314 2364 4369; x_wconf 83' lang='lat' dir='ltr'>Vocis</span> <span class='ocrx_word' id='word_1_641' title='bbox 2391 4314 2519 4384; x_wconf 87' lang='lat' dir='ltr'>ejus</span> <span class='ocrx_word' id='word_1_642' title='bbox 2550 4302 2931 4385; x_wconf 86' lang='lat' dir='ltr'>pulchritudo</span> <span class='ocrx_word' id='word_1_643' title='bbox 2959 4313 3172 4368; x_wconf 88' lang='lat' dir='ltr'>clarior</span> <span class='ocrx_word' id='word_1_644' title='bbox 3196 4316 3381 4384; x_wconf 78' lang='lat' dir='ltr'>qnam</span> <span class='ocrx_word' id='word_1_645' title='bbox 3410 4308 3678 4382; x_wconf 74' lang='lat' dir='ltr'>cythera.</span> 
     </span>
    </p>
   </div>
   <div class='ocr_carea' id='block_1_108' title="bbox 2197 4391 3759 4457">
    <p class='ocr_par' dir='ltr' id='par_1_108' title="bbox 2197 4391 3759 4457">
     <span class='ocr_line' id='line_1_109' title="bbox 2197 4391 3759 4457; baseline -0.004 -2"><span class='ocrx_word' id='word_1_646' title='bbox 2197 4400 2461 4456; x_wconf 78' lang='lat' dir='ltr'>Vincitur</span> <span class='ocrx_word' id='word_1_647' title='bbox 2489 4401 2687 4456; x_wconf 89' lang='lat' dir='ltr'>omnis</span> <span class='ocrx_word' id='word_1_648' title='bbox 2718 4391 3066 4457; x_wconf 88' lang='lat' dir='ltr'>cantitando</span> <span class='ocrx_word' id='word_1_649' title='bbox 3098 4401 3411 4457; x_wconf 89' lang='lat' dir='ltr'>volucrum</span> <span class='ocrx_word' id='word_1_650' title='bbox 3439 4394 3759 4452; x_wconf 89' lang='lat' dir='ltr'>catervula.</span> 
     </span>
    </p>
   </div>
   <div class='ocr_carea' id='block_1_109' title="bbox 2204 4485 3734 4563">
    <p class='ocr_par' dir='ltr' id='par_1_109' title="bbox 2204 4485 3734 4563">
     <span class='ocr_line' id='line_1_110' title="bbox 2204 4485 3734 4563; baseline -0.003 -19"><span class='ocrx_word' id='word_1_651' title='bbox 2204 4489 2411 4561; x_wconf 91' lang='lat' dir='ltr'>Implet</span> <span class='ocrx_word' id='word_1_652' title='bbox 2439 4490 2619 4545; x_wconf 90' lang='lat' dir='ltr'>silvas</span> <span class='ocrx_word' id='word_1_653' title='bbox 2651 4495 2830 4563; x_wconf 90' lang='lat' dir='ltr'>atque</span> <span class='ocrx_word' id='word_1_654' title='bbox 2861 4497 3075 4547; x_wconf 85' lang='lat' dir='ltr'>cuncta</span> <span class='ocrx_word' id='word_1_655' title='bbox 3105 4489 3366 4545; x_wconf 84' lang='lat' dir='ltr'>modulis</span> <span class='ocrx_word' id='word_1_656' title='bbox 3400 4485 3734 4554; x_wconf 89' lang='lat' dir='ltr'>arbustula,</span> 
     </span>
    </p>
   </div>
   <div class='ocr_carea' id='block_1_110' title="bbox 2197 4568 3436 4659">
    <p class='ocr_par' dir='ltr' id='par_1_110' title="bbox 2197 4568 3436 4659">
     <span class='ocr_line' id='line_1_111' title="bbox 2197 4568 3436 4659; baseline -0.002 -24"><span class='ocrx_word' id='word_1_657' title='bbox 2197 4578 2467 4635; x_wconf 85' lang='lat' dir='ltr'>Gloriosa</span> <span class='ocrx_word' id='word_1_658' title='bbox 2492 4578 2668 4635; x_wconf 89' lang='lat' dir='ltr'>valde</span> <span class='ocrx_word' id='word_1_659' title='bbox 2691 4568 2847 4659; x_wconf 73' lang='lat' dir='ltr'>facta</span> <span class='ocrx_word' id='word_1_660' title='bbox 2876 4580 3032 4636; x_wconf 79' lang='lat' dir='ltr'>veris</span> <span class='ocrx_word' id='word_1_661' title='bbox 3062 4597 3185 4653; x_wconf 68' lang='lat' dir='ltr'>pra:</span> <span class='ocrx_word' id='word_1_662' title='bbox 3215 4578 3436 4646; x_wconf 80' lang='lat' dir='ltr'>laetitia,</span> 
     </span>
    </p>
   </div>
   <div class='ocr_carea' id='block_1_111' title="bbox 2194 4665 3607 4747">
    <p class='ocr_par' dir='ltr' id='par_1_111' title="bbox 2194 4665 3607 4747">
     <span class='ocr_line' id='line_1_112' title="bbox 2194 4665 3607 4747; baseline -0.001 -24"><span class='ocrx_word' id='word_1_663' title='bbox 2194 4668 2512 4747; x_wconf 90' lang='lat' dir='ltr'>Volitando</span> <span class='ocrx_word' id='word_1_664' title='bbox 2545 4668 2779 4725; x_wconf 88' lang='lat' dir='ltr'>scandit</span> <span class='ocrx_word' id='word_1_665' title='bbox 2808 4669 2928 4726; x_wconf 91' lang='lat' dir='ltr'>alta</span> <span class='ocrx_word' id='word_1_666' title='bbox 2958 4668 3245 4747; x_wconf 86' lang='lat' dir='ltr'>arborum</span> <span class='ocrx_word' id='word_1_667' title='bbox 3271 4665 3607 4731; x_wconf 90' lang='lat' dir='ltr'>cacumina,</span> 
     </span>
    </p>
   </div>
   <div class='ocr_carea' id='block_1_112' title="bbox 2193 4742 3497 4828">
    <p class='ocr_par' dir='ltr' id='par_1_112' title="bbox 2193 4742 3497 4828">
     <span class='ocr_line' id='line_1_113' title="bbox 2193 4742 3497 4828; baseline -0.003 -15"><span class='ocrx_word' id='word_1_668' title='bbox 2193 4762 2273 4813; x_wconf 84' lang='lat' dir='ltr'>Ac</span> <span class='ocrx_word' id='word_1_669' title='bbox 2304 4744 2519 4813; x_wconf 90' lang='lat' dir='ltr'>festiva</span> <span class='ocrx_word' id='word_1_670' title='bbox 2552 4758 2692 4813; x_wconf 88' lang='lat' dir='ltr'>satis</span> <span class='ocrx_word' id='word_1_671' title='bbox 2724 4759 2914 4828; x_wconf 90' lang='lat' dir='ltr'>gliscit</span> <span class='ocrx_word' id='word_1_672' title='bbox 2942 4742 3177 4814; x_wconf 81' lang='lat' dir='ltr'>sibilare</span> <span class='ocrx_word' id='word_1_673' title='bbox 3210 4756 3497 4815; x_wconf 88' lang='lat' dir='ltr'>carmina.</span> 
     </span>
    </p>
   </div>
   <div class='ocr_carea' id='block_1_113' title="bbox 2195 4827 3749 4919">
    <p class='ocr_par' dir='ltr' id='par_1_113' title="bbox 2195 4827 3749 4919">
     <span class='ocr_line' id='line_1_114' title="bbox 2195 4827 3749 4919; baseline -0.002 -20"><span class='ocrx_word' id='word_1_674' title='bbox 2195 4836 2358 4901; x_wconf 82' lang='lat' dir='ltr'>Cedit</span> <span class='ocrx_word' id='word_1_675' title='bbox 2379 4862 2601 4919; x_wconf 91' lang='lat' dir='ltr'>anceps</span> <span class='ocrx_word' id='word_1_676' title='bbox 2628 4847 2704 4903; x_wconf 89' lang='lat' dir='ltr'>ad</span> <span class='ocrx_word' id='word_1_677' title='bbox 2736 4827 3023 4903; x_wconf 78' lang='lat' dir='ltr'>frondosa</span> <span class='ocrx_word' id='word_1_678' title='bbox 3051 4862 3343 4902; x_wconf 91' lang='lat' dir='ltr'>resonans</span> <span class='ocrx_word' id='word_1_679' title='bbox 3372 4827 3749 4912; x_wconf 89' lang='lat' dir='ltr'>umbracuIa,</span> 
     </span>
    </p>
   </div>
   <div class='ocr_carea' id='block_1_114' title="bbox 2193 4934 3392 5009">
    <p class='ocr_par' dir='ltr' id='par_1_114' title="bbox 2193 4934 3392 5009">
     <span class='ocr_line' id='line_1_115' title="bbox 2193 4934 3392 5009; baseline 0.001 -20"><span class='ocrx_word' id='word_1_680' title='bbox 2193 4935 2358 4990; x_wconf 72' lang='lat' dir='ltr'>Cedit</span> <span class='ocrx_word' id='word_1_681' title='bbox 2386 4934 2535 5001; x_wconf 92' lang='lat' dir='ltr'>olor,</span> <span class='ocrx_word' id='word_1_682' title='bbox 2569 4938 2625 4991; x_wconf 91' lang='lat' dir='ltr'>et</span> <span class='ocrx_word' id='word_1_683' title='bbox 2655 4935 2858 4991; x_wconf 89' lang='lat' dir='ltr'>suavis</span> <span class='ocrx_word' id='word_1_684' title='bbox 2888 4935 3076 5009; x_wconf 90' lang='lat' dir='ltr'>ipsius</span> <span class='ocrx_word' id='word_1_685' title='bbox 3109 4934 3392 5000; x_wconf 88' lang='lat' dir='ltr'>melodia,</span> 
     </span>
    </p>
   </div>
   <div class='ocr_carea' id='block_1_115' title="bbox 2194 5012 3460 5103">
    <p class='ocr_par' dir='ltr' id='par_1_115' title="bbox 2194 5012 3460 5103">
     <span class='ocr_line' id='line_1_116' title="bbox 2194 5012 3460 5103; baseline -0.003 -22"><span class='ocrx_word' id='word_1_686' title='bbox 2194 5023 2356 5081; x_wconf 89' lang='lat' dir='ltr'>Cedit</span> <span class='ocrx_word' id='word_1_687' title='bbox 2386 5012 2494 5080; x_wconf 87' lang='lat' dir='ltr'>tibi</span> <span class='ocrx_word' id='word_1_688' title='bbox 2526 5018 2906 5103; x_wconf 83' lang='lat' dir='ltr'>timpanistra</span> <span class='ocrx_word' id='word_1_689' title='bbox 2937 5029 2991 5081; x_wconf 91' lang='lat' dir='ltr'>et</span> <span class='ocrx_word' id='word_1_690' title='bbox 3025 5041 3244 5081; x_wconf 90' lang='lat' dir='ltr'>sonora</span> <span class='ocrx_word' id='word_1_691' title='bbox 3275 5024 3460 5080; x_wconf 81' lang='lat' dir='ltr'>tibiaz&#39;</span> 
     </span>
    </p>
   </div>
   <div class='ocr_carea' id='block_1_116' title="bbox 2194 5102 3619 5191">
    <p class='ocr_par' dir='ltr' id='par_1_116' title="bbox 2194 5102 3619 5191">
     <span class='ocr_line' id='line_1_117' title="bbox 2194 5102 3619 5191; baseline -0.001 -24"><span class='ocrx_word' id='word_1_692' title='bbox 2194 5113 2481 5179; x_wconf 89' lang='lat' dir='ltr'>Quamvis</span> <span class='ocrx_word' id='word_1_693' title='bbox 2510 5113 2671 5191; x_wconf 84' lang='lat' dir='ltr'>enim</span> <span class='ocrx_word' id='word_1_694' title='bbox 2702 5102 2958 5170; x_wconf 88' lang='lat' dir='ltr'>videaris</span> <span class='ocrx_word' id='word_1_695' title='bbox 2980 5130 3228 5187; x_wconf 90' lang='lat' dir='ltr'>corpore</span> <span class='ocrx_word' id='word_1_696' title='bbox 3250 5111 3619 5191; x_wconf 84' lang='lat' dir='ltr'>permodica,</span> 
     </span>
    </p>
   </div>
   <div class='ocr_carea' id='block_1_117' title="bbox 2192 5194 3434 5276">
    <p class='ocr_par' dir='ltr' id='par_1_117' title="bbox 2192 5194 3434 5276">
     <span class='ocr_line' id='line_1_118' title="bbox 2192 5194 3434 5276; baseline -0.001 -19"><span class='ocrx_word' id='word_1_697' title='bbox 2192 5205 2415 5258; x_wconf 91' lang='lat' dir='ltr'>Tamen</span> <span class='ocrx_word' id='word_1_698' title='bbox 2445 5194 2641 5259; x_wconf 88' lang='lat' dir='ltr'>cuncti</span> <span class='ocrx_word' id='word_1_699' title='bbox 2673 5205 2994 5276; x_wconf 88' lang='lat' dir='ltr'>capiuntur</span> <span class='ocrx_word' id='word_1_700' title='bbox 3026 5209 3128 5259; x_wconf 91' lang='lat' dir='ltr'>tua</span> <span class='ocrx_word' id='word_1_701' title='bbox 3154 5201 3434 5259; x_wconf 83' lang='lat' dir='ltr'>melodia.</span> 
     </span>
    </p>
   </div>
   <div class='ocr_carea' id='block_1_118' title="bbox 2191 5282 3583 5371">
    <p class='ocr_par' dir='ltr' id='par_1_118' title="bbox 2191 5282 3583 5371">
     <span class='ocr_line' id='line_1_119' title="bbox 2191 5282 3583 5371; baseline -0.001 -25"><span class='ocrx_word' id='word_1_702' title='bbox 2191 5294 2376 5347; x_wconf 89' lang='lat' dir='ltr'>Nemo</span> <span class='ocrx_word' id='word_1_703' title='bbox 2407 5286 2572 5348; x_wconf 88' lang='lat' dir='ltr'>dedit</span> <span class='ocrx_word' id='word_1_704' title='bbox 2596 5293 2727 5349; x_wconf 90' lang='lat' dir='ltr'>voci</span> <span class='ocrx_word' id='word_1_705' title='bbox 2760 5296 2876 5349; x_wconf 74' lang='lat' dir='ltr'>tuae</span> <span class='ocrx_word' id='word_1_706' title='bbox 2906 5282 3035 5350; x_wconf 60' lang='lat' dir='ltr'>haec</span> <span class='ocrx_word' id='word_1_707' title='bbox 3064 5292 3267 5371; x_wconf 91' lang='lat' dir='ltr'>dulcia</span> <span class='ocrx_word' id='word_1_708' title='bbox 3291 5287 3583 5371; x_wconf 85' lang='lat' dir='ltr'>carmina,</span> 
     </span>
    </p>
   </div>
   <div class='ocr_carea' id='block_1_119' title="bbox 2192 5370 3640 5456">
    <p class='ocr_par' dir='ltr' id='par_1_119' title="bbox 2192 5370 3640 5456">
     <span class='ocr_line' id='line_1_120' title="bbox 2192 5370 3640 5456; baseline -0.001 -20"><span class='ocrx_word' id='word_1_709' title='bbox 2192 5380 2311 5436; x_wconf 91' lang='lat' dir='ltr'>Nisi</span> <span class='ocrx_word' id='word_1_710' title='bbox 2338 5378 2499 5437; x_wconf 91' lang='lat' dir='ltr'>solus</span> <span class='ocrx_word' id='word_1_711' title='bbox 2528 5370 2647 5437; x_wconf 76' lang='lat' dir='ltr'>Rex</span> <span class='ocrx_word' id='word_1_712' title='bbox 2674 5380 2926 5440; x_wconf 82' lang='lat' dir='ltr'>caelestis</span> <span class='ocrx_word' id='word_1_713' title='bbox 2954 5383 3057 5456; x_wconf 90' lang='lat' dir='ltr'>qui</span> <span class='ocrx_word' id='word_1_714' title='bbox 3090 5370 3388 5453; x_wconf 84' lang='lat' dir='ltr'>gubernat</span> <span class='ocrx_word' id='word_1_715' title='bbox 3414 5370 3640 5436; x_wconf 91' lang='lat' dir='ltr'>omnia.</span> 
     </span>
    </p>
   </div>
   <div class='ocr_carea' id='block_1_120' title="bbox 2265 5557 3849 5632">
    <p class='ocr_par' dir='ltr' id='par_1_120' title="bbox 2265 5557 3849 5632">
     <span class='ocr_line' id='line_1_121' title="bbox 2265 5557 3849 5632; baseline 0.002 -22"><span class='ocrx_word' id='word_1_716' title='bbox 2265 5557 2374 5627; x_wconf 80' lang='grc'>(56)</span> <span class='ocrx_word' id='word_1_717' title='bbox 2408 5558 2465 5611; x_wconf 87' lang='grc' dir='ltr'>Β.</span> <span class='ocrx_word' id='word_1_718' title='bbox 2495 5573 2534 5626; x_wconf 92' lang='lat'>1,</span> <span class='ocrx_word' id='word_1_719' title='bbox 2566 5573 2627 5622; x_wconf 89' lang='lat'>11,</span> <span class='ocrx_word' id='word_1_720' title='bbox 2660 5558 2737 5627; x_wconf 82' lang='grc' dir='ltr'>ιιι,</span> <span class='ocrx_word' id='word_1_721' title='bbox 2769 5575 2845 5615; x_wconf 89' lang='lat' dir='ltr'>1v.</span> <span class='ocrx_word' id='word_1_722' title='bbox 2890 5592 2957 5600; x_wconf 95' lang='lat'>—</span> <span class='ocrx_word' id='word_1_723' title='bbox 3004 5563 3061 5616; x_wconf 88' lang='grc' dir='ltr'>Β.</span> <span class='ocrx_word' id='word_1_724' title='bbox 3098 5575 3172 5631; x_wconf 83' lang='lat' dir='ltr'>v1,</span> <span class='ocrx_word' id='word_1_725' title='bbox 3197 5576 3293 5625; x_wconf 83' lang='lat' dir='ltr'>vn,</span> <span class='ocrx_word' id='word_1_726' title='bbox 3328 5579 3367 5632; x_wconf 89' lang='lat'>1,</span> <span class='ocrx_word' id='word_1_727' title='bbox 3395 5568 3453 5617; x_wconf 77' lang='grc' dir='ltr'>ιι.</span> <span class='ocrx_word' id='word_1_728' title='bbox 3500 5593 3569 5601; x_wconf 91' lang='lat'>——</span> <span class='ocrx_word' id='word_1_729' title='bbox 3609 5563 3670 5616; x_wconf 89' lang='grc' dir='ltr'>Β.</span> <span class='ocrx_word' id='word_1_730' title='bbox 3703 5577 3779 5627; x_wconf 85' lang='lat' dir='ltr'>1v,</span> <span class='ocrx_word' id='word_1_731' title='bbox 3802 5576 3849 5625; x_wconf 89' lang='lat' dir='ltr'>v,</span> 
     </span>
    </p>
   </div>
   <div class='ocr_carea' id='block_1_121' title="bbox 2190 5644 3849 5723">
    <p class='ocr_par' dir='ltr' id='par_1_121' title="bbox 2190 5644 3849 5723">
     <span class='ocr_line' id='line_1_122' title="bbox 2190 5644 3849 5723; baseline 0.002 -21"><span class='ocrx_word' id='word_1_732' title='bbox 2190 5663 2266 5714; x_wconf 89' lang='lat' dir='ltr'>v1,</span> <span class='ocrx_word' id='word_1_733' title='bbox 2296 5662 2390 5701; x_wconf 81' lang='lat' dir='ltr'>vn.</span> <span class='ocrx_word' id='word_1_734' title='bbox 2451 5679 2517 5687; x_wconf 90' lang='lat'><strong><em>—</em></strong></span> <span class='ocrx_word' id='word_1_735' title='bbox 2575 5648 2631 5703; x_wconf 85' lang='grc' dir='ltr'>Β.</span> <span class='ocrx_word' id='word_1_736' title='bbox 2665 5662 2723 5715; x_wconf 87' lang='grc' dir='ltr'>ιι,</span> <span class='ocrx_word' id='word_1_737' title='bbox 2751 5665 2829 5718; x_wconf 88' lang='grc' dir='ltr'>ιιι,</span> <span class='ocrx_word' id='word_1_738' title='bbox 2858 5665 2939 5720; x_wconf 82' lang='grc' dir='ltr'>ιιι,</span> <span class='ocrx_word' id='word_1_739' title='bbox 2972 5664 3028 5706; x_wconf 78' lang='lat' dir='ltr'>v.</span> <span class='ocrx_word' id='word_1_740' title='bbox 3078 5684 3145 5690; x_wconf 91' lang='lat'>—</span> <span class='ocrx_word' id='word_1_741' title='bbox 3192 5654 3249 5707; x_wconf 87' lang='grc' dir='ltr'>Β.</span> <span class='ocrx_word' id='word_1_742' title='bbox 3284 5658 3442 5722; x_wconf 77' lang='lat' dir='ltr'>v11,1,</span> <span class='ocrx_word' id='word_1_743' title='bbox 3471 5668 3531 5723; x_wconf 90' lang='lat'>11,</span> <span class='ocrx_word' id='word_1_744' title='bbox 3560 5666 3638 5706; x_wconf 84' lang='lat'>111.</span> <span class='ocrx_word' id='word_1_745' title='bbox 3687 5673 3759 5691; x_wconf 55' lang='lat'>—‘</span> <span class='ocrx_word' id='word_1_746' title='bbox 3797 5644 3849 5706; x_wconf 82' lang='grc' dir='ltr'>Β.</span> 
     </span>
    </p>
   </div>
   <div class='ocr_carea' id='block_1_122' title="bbox 2189 5732 3147 5815">
    <p class='ocr_par' dir='ltr' id='par_1_122' title="bbox 2189 5732 3147 5815">
     <span class='ocr_line' id='line_1_123' title="bbox 2189 5732 3147 5815; baseline 0.006 -21"><span class='ocrx_word' id='word_1_747' title='bbox 2189 5753 2247 5813; x_wconf 83' lang='lat' dir='ltr'>v,</span> <span class='ocrx_word' id='word_1_748' title='bbox 2278 5753 2359 5809; x_wconf 89' lang='lat' dir='ltr'>v1,</span> <span class='ocrx_word' id='word_1_749' title='bbox 2392 5748 2488 5815; x_wconf 69' lang='lat' dir='ltr'>vn,</span> <span class='ocrx_word' id='word_1_750' title='bbox 2520 5744 2558 5796; x_wconf 80' lang='grc' dir='ltr'>ι.</span> <span class='ocrx_word' id='word_1_751' title='bbox 2593 5750 2660 5781; x_wconf 53' lang='grc' dir='ltr'>έ-</span> <span class='ocrx_word' id='word_1_752' title='bbox 2683 5732 2743 5799; x_wconf 86' lang='grc' dir='ltr'>Β.</span> <span class='ocrx_word' id='word_1_753' title='bbox 2776 5756 2854 5812; x_wconf 85' lang='grc' dir='ltr'>ιιι,</span> <span class='ocrx_word' id='word_1_754' title='bbox 2888 5754 2963 5813; x_wconf 85' lang='lat' dir='ltr'>1v,</span> <span class='ocrx_word' id='word_1_755' title='bbox 2996 5744 3049 5814; x_wconf 65' lang='grc' dir='ltr'>ιτ,</span> <span class='ocrx_word' id='word_1_756' title='bbox 3073 5746 3147 5800; x_wconf 74' lang='lat' dir='ltr'>vr.</span> 
     </span>
    </p>
   </div>
  </div>
