3904 6424
658 53 3782 98 m

89 324 165 377 34

851 457 983 512 ΧΙΧ.

598 574 662 613 DE
704 577 917 617 SANCTO
958 574 1232 623 CARAUNO.

88 664 275 717 Carus
306 661 547 718 abunde
580 668 849 722 Caraune
890 659 1041 725 nites

86 750 276 822 quue
307 754 617 809 vocamine
648 752 976 828 signiﬁcas,

86 840 330 911 Lyricos
352 840 485 897 ideo
514 842 616 898 tibi
646 846 972 902 versiculos
1006 850 1278 906 canimus
1304 851 1545 925 hilares,

86 933 157 984 Et
184 945 391 985 amore
419 930 520 1003 pio
551 934 632 999 tu,
665 934 759 1006 pie
790 941 1039 1010 martyr,
1366 936 1381 947 ”

85 1019 270 1073 Posce
302 1018 475 1073 nobis
506 1021 767 1078 veniam.

88 1107 301 1173 Roma,
335 1107 616 1179 superbia
656 1111 775 1165 suis
806 1108 1015 1183 titulis,
1047 1108 1207 1169 hunc
1238 1106 1604 1184 genitoribus

88 1194 389 1250 Eximium
420 1196 547 1252 tulit
573 1198 791 1267 ingenii
824 1201 1009 1257 validi
1046 1219 1321 1274 puerum,

86 1283 309 1338 Animo
342 1284 593 1351 facilem,
629 1288 822 1359 specie
864 1290 1140 1361 nitidum,

83 1375 170 1427 Tu
202 1388 467 1445 quoque,
501 1381 749 1447 martyr,
782 1394 964 1450 posce
996 1380 1171 1435 nobis
1199 1381 1458 1437 veniam.

158 1462 417 1518 Prandia
436 1463 600 1519 lauta
621 1466 873 1521 modum
898 1468 1141 1524 turbant
1160 1469 1515 1543 plerumque
1537 1471 1705 1527 dictae
1728 1490 1742 1539 ;

81 1550 367 1620 Indulges
402 1554 732 1624 stomacho,
765 1562 1028 1613 mentem
1058 1559 1213 1615 male
1241 1561 1486 1633 crapula
1523 1565 1701 1617 vexat
1728 1581 1741 1618 :

83 1641 139 1696 Si
170 1656 389 1711 parcas
417 1641 627 1713 epulis,
663 1645 933 1716 sequitur
961 1636 1248 1703 detractio
1280 1649 1373 1704 vel
1396 1648 1541 1705 laus.

81 1732 151 1785 Ut
184 1730 453 1785 medium
482 1736 686 1787 teneas
718 1732 887 1789 labor
918 1739 1023 1804 est,
1057 1738 1113 1791 et
1140 1737 1311 1793 valde
1345 1740 1705 1807 cavendum,

80 1822 161 1873 Ne
198 1818 303 1873 tibi
334 1819 625 1876 tristitiam
656 1823 869 1893 pariat,
900 1824 1048 1879 sicut
1074 1838 1217 1880 suus
1248 1830 1337 1881 est
1378 1844 1527 1884 mos.

79 1908 138 1964 Si
170 1908 368 1979 possis
403 1910 595 1977 igitur,
628 1922 876 1983 prorsUs
906 1915 1030 1970 hzec
1062 1916 1319 1987 prandia
1352 1918 1489 1979 vita,

78 2001 150 2051 At
182 1996 231 2051 si
262 2013 385 2052 non
414 1998 602 2065 liceat,
629 1998 829 2056 hilaris
862 2008 1191 2076 cautusque
1222 2006 1526 2071 recumbe,

80 2087 149 2139 Et
180 2084 305 2140 liba
352 2092 567 2142 cuncta
596 2104 830 2159 parum,
866 2090 968 2146 tua
998 2108 1130 2163 quae
1162 2092 1264 2148 tibi
1295 2094 1499 2162 regula
1530 2094 1742 2163 dictat;

80 2177 199 2229 Nec
232 2192 537 2231 summam
558 2177 807 2233 nimiam
836 2181 1170 2252 eonjeclent
1199 2183 1388 2239 multa
1420 2184 1669 2240 minuta.

869 2360 970 2413 XX.

801 2486 1040 2530 HYMNl'S.

267 2579 551 2633 Sanctum
584 2579 928 2651 simpliciter
955 2582 1187 2639 Patrem
1218 2584 1364 2651 cole,

370 2670 705 2740 Pauperuin
738 2675 991 2737 caterva,

187 2756 616 2828 Quantumque
643 2759 796 2813 nosti
826 2756 1107 2815 laudibus
1136 2761 1367 2816 honora
1393 2780 1405 2827 ;

261 2862 352 2917 Ad
381 2878 661 2918 normam
690 2860 903 2933 redigit
932 2864 1035 2939 qui
1076 2865 1316 2922 subdita

376 2951 553 3007 Saecla
597 2953 888 3025 pravitati,

190 3042 404 3094 Potens
435 3042 719 3110 nomndi,
750 3042 903 3098 sicut
930 3046 985 3098 et
1016 3038 1278 3112 creandi,

265 3149 332 3202 Et
360 3147 561 3217 gratiae
592 3148 881 3219 damnati,
910 3150 1075 3221 longi
1110 3150 1210 3205 tibi

376 3234 669 3317 Subvenit
686 3232 934 3309 laboris,

192 3328 449 3398 Operem
474 3324 718 3382 ferendo
757 3328 921 3399 pacis
954 3331 1010 3383 et
1035 3328 1272 3402 quietis.

259 3434 394 3488 Jam
426 3448 699 3504 proceres
722 3433 927 3502 legum
956 3434 1288 3490 rationibus

373 3526 520 3578 Ante
560 3522 787 3577 desueti

192 3614 336 3677 Quae
363 3616 517 3667 recte
543 3611 797 3679 discunt,
833 3612 1071 3667 strenue
1115 3616 1458 3683 capessunt,

262 3718 468 3775 Praedo
497 3734 751 3775 manum
780 3719 1034 3787 cohibet,
1068 3719 1244 3775 furcae
1274 3735 1527 3787 memor,

372 3811 439 3864 Et
463 3808 694 3864 latrone
721 3824 945 3875 coram,

190 3897 444 3954 [nermis
474 3897 621 3953 alter
648 3897 913 3969 praecinit
938 3897 1147 3963 viator,

265 4009 447 4061 Dente
478 4004 764 4061 saturnali
800 4004 1175 4073 restringitur

376 4097 638 4163 Evagata
666 4093 821 4163 vitis,

190 4178 488 4256 cultuque
518 4182 689 4263 tellus
720 4185 889 4238 senta
917 4181 1288 4239 Mansuescit.

264 4280 495 4346 Gaudet
520 4288 733 4345 lancea
761 4282 902 4355 falx,
934 4280 1153 4358 gaudet
1182 4278 1397 4361 spatha

378 4378 659 4435 Devenire
688 4394 896 4433 vomer
921 4396 935 4444 ;

187 4474 315 4526 Pax
345 4469 494 4524 ditat
522 4466 694 4535 imos,
726 4472 1020 4541 pauperat
1050 4466 1361 4540 stiperbos,

270 4570 462 4641 Salve,
493 4589 727 4629 summe
758 4576 942 4641 Pater,
974 4564 1060 4628 fer
1088 4576 1145 4629 et
1178 4570 1458 4629 omnibus

379 4668 674 4732 integram
705 4663 979 4732 salutem,

193 4752 552 4824 Quicunque
582 4752 746 4824 pacis
772 4751 1027 4820 diligunt
1054 4750 1335 4822 quietem,

269 4862 338 4914 Et
364 4857 469 4930 qui
497 4857 654 4913 bella
680 4857 911 4927 volunt,
942 4858 1051 4912 hos
1083 4860 1318 4911 contere

378 4949 626 5003 Dextera
655 4946 901 5019 potenti,

195 5037 464 5094 Prudens
489 5036 777 5107 gehennae
807 5035 960 5090 ﬁlios
990 5033 1256 5104 maligni.

858 5215 985 5267 XXI.

625 5344 945 5383 CASTITATIS
986 5342 1220 5382 GRADUS.

69 5446 194 5500 Sex
222 5436 520 5510 gradibus
548 5438 1003 5491 consummatur
1032 5434 1311 5507 perfectio
1342 5438 1506 5489 casta
1536 5449 1549 5487 :

66 5530 359 5587 Primum
389 5524 539 5580 dum
566 5522 775 5593 vigilas
808 5524 1041 5579 ﬂuxum
1070 5523 1295 5578 nescire
1322 5520 1669 5595 petuculum
1695 5538 1709 5588 ;

67 5624 280 5686 Quem
313 5613 600 5685 sequitur,
631 5611 854 5667 lasciva
879 5612 983 5667 diu
1010 5627 1134 5667 non
1160 5611 1394 5667 volvere
1424 5610 1602 5667 corde
1626 5627 1639 5677 ;

63 5715 233 5769 Tum
262 5720 339 5761 ne
369 5703 464 5758 vel
492 5701 697 5757 leviter
725 5701 985 5772 speciem
1030 5701 1328 5756 cernendo
1359 5701 1631 5772 cupiscas
1661 5717 1674 5767 ;

64 5800 345 5876 Quartus
371 5792 479 5853 erit
501 5808 612 5854 nec
642 5789 984 5867 simpliciter
1005 5789 1257 5861 genitale
1288 5791 1531 5859 moveri,

1161 332 1375 396 mw
1413 322 1499 396 ET
1536 334 1850 396 CARMINA
1889 334 2446 396 ECCLBSIAS’I‘ICA:

3398 342 3507 396 380

1779 464 1826 517 A
1856 458 2105 525 Quintus
2131 459 2210 515 ob
2240 462 2513 517 auditum
2542 462 2775 521 veneris
2803 462 2887 518 nil
2914 467 3114 519 mente
3140 462 3387 533 vagari;

1857 549 2128 615 Ultimus,
2159 549 2218 604 in
2251 551 2477 605 somnis
2521 550 2688 605 nullo
2718 552 3138 623 phantasmate
3166 551 3330 607 ludi:

1858 642 1975 693 Hoc
2003 637 2114 693 sibi
2142 654 2321 694 nemo
2346 639 2521 711 rapit,
2549 639 2653 694 sed
2684 639 2894 696 Christi
2915 640 3106 709 gratia
3136 644 3417 713 praestat;

1858 729 1955 781 Est
1986 727 2281 783 servanda
2309 730 2509 783 tamen
2540 727 2823 783 diuturna
2854 727 3090 783 medela
3118 729 3330 800 diaetae,

1858 815 2030 871 Libra
2060 815 2176 870 cibi
2201 816 2393 883 solidi,
2423 816 2676 888 simplex
2704 815 2949 871 hemina
2974 815 3222 884 falerni;

1855 904 2145 958 Praeterea
2169 903 2359 972 labor,
2388 903 2672 972 excubiae,
2699 904 2930 973 rogatio
2954 905 3153 974 creba,

1857 995 1936 1047 Ne
1963 1007 2102 1048 caro
2121 992 2511 1063 languentem
2538 997 2709 1049 necet
2726 992 3058 1050 incrassata
3083 994 3400 1066 pudorem.

1858 1084 2065 1138 Castus
2095 1082 2235 1150 agit,
2263 1099 2445 1155 quem
2474 1082 2640 1139 nulla
2668 1082 2853 1139 libido
2880 1088 3081 1139 movet
3106 1084 3474 1156 vigilantem,

1856 1173 1971 1226 Nec
2001 1170 2223 1227 violare
2247 1176 2441 1244 potest
2465 1172 2729 1245 sopitum
2757 1171 2952 1228 illusio
2981 1172 3161 1229 fceda;

2609 1352 2759 1405 XXII.

2387 1476 2655 1520 PRECATIO
2696 1478 2765 1520 an
2810 1472 2972 1521 nsum.

1854 1568 1938 1628 Tu
1970 1572 2073 1645 qui
2102 1572 2175 1627 de
2208 1562 2392 1628 nihilo
2422 1572 2722 1628 mundum
2750 1572 2995 1629 ﬁnxisse
3021 1560 3296 1645 probaris

1926 1663 2095 1731 (Nam
2126 1660 2226 1715 tibi
2259 1660 2534 1716 materies
2564 1659 2728 1717 nulla
2754 1678 2957 1717 coaeva
2987 1656 3134 1732 fuit),

1857 1752 1921 1804 Et
1946 1753 2093 1804 nutu
2123 1742 2300 1819 facili,
2331 1754 2473 1804 noto
2504 1747 2606 1804 tibi
2638 1754 2924 1822 tempore,
2954 1738 3146 1806 solves
3172 1768 3185 1817 ;

1925 1829 2066 1893 Tam
2097 1837 2373 1893 diuturne
2404 1837 2639 1904 dehinc,
2668 1854 2853 1911 quam
2884 1840 3047 1911 prius
3072 1829 3399 1893 exstiteras.

1855 1927 2187 1992 Quantulus
2218 1920 2312 1981 hic
2344 1932 2547 1983 noster
2574 1927 2792 1983 modus
2824 1920 2928 1999 est,
2962 1945 3083 2001 quo
3115 1926 3328 1983 saecula
3354 1922 3508 1982 vol'vi

1928 2018 2073 2070 Cum
2098 2015 2373 2087 vitiisque
2396 2015 2593 2085 jubes,
2624 2018 2863 2071 strenua
2892 2006 3048 2071 bella
3079 2004 3220 2085 geri.

1856 2108 2075 2174 Regem
2104 2104 2390 2159 militibus
2421 2105 2674 2177 propriis
2704 2109 2757 2161 te
2795 2121 3030 2177 semper
3050 2105 3291 2185 adesse,

1927 2194 2015 2248 Ad
2043 2194 2197 2249 bene
2224 2194 2596 2264 certandum,
2629 2211 2739 2249 nos
2772 2188 3108 2263 vegetando
3134 2190 3344 2267 proba.

2601 2362 2776 2426 XXlll.

2483 2502 2682 2541 PRECES
2722 2502 2883 2541 ALIB;

1856 2594 2051 2666 Kyrie,
2086 2596 2204 2648 Rex
2235 2593 2464 2661 genitor
2491 2594 2771 2663 ingenite,
2798 2608 2935 2648 vera
2960 2586 3235 2664 essentia,
3262 2593 3503 2649 eleison.

1856 2684 2049 2754 Kyrie,
2077 2682 2321 2738 luminis
2355 2683 2487 2737 fons
2515 2686 2570 2737 et
2590 2698 2790 2736 rerum
2821 2681 3111 2748 conditor,
3141 2681 3381 2737 eleison.

1855 2772 2049 2843 Kyrie,
2081 2770 2324 2843 quinos
2356 2776 2468 2825 tuae
2519 2770 2797 2840 imaginis
2843 2770 3086 2839 signasti
3134 2756 3347 2842 specie,
3375 2769 3506 2826 elei-

1927 2876 2056 2916 ΞΟΠ.

1854 2950 2047 3022 Kyrie,
2081 2948 2185 3021 qui
2214 2949 2473 3021 perfecta
2501 2961 2565 3004 es
2598 2949 2907 3020 sapientia,
2944 2948 3183 3004 eleison.

1854 3040 2048 3111 Kyrie,
2076 3039 2177 3095 lux
2210 3039 2424 3105 oriens,
2457 3047 2564 3113 per
2593 3046 2777 3111 quem
2826 3043 2963 3095 sunt
3002 3038 3227 3103 omnia,
3261 3035 3501 3092 eleison.

1779 3155 1821 3207 ο
1856 3129 2052 3201 Kyrie,
2085 3128 2185 3184 Dei
2216 3127 2409 3184 forma
2438 3129 2717 3184 humanae
2745 3128 3062 3200 particeps,
3095 3126 3335 3181 eleison.

1856 3220 2050 3291 Kyrie,
2088 3218 2356 3291 Spiritus,
2389 3218 2635 3273 viviﬁcae
2665 3218 2795 3272 vita
2831 3219 2934 3283 vis,
2963 3216 3204 3273 eleison.

1857 3307 2051 3379 Kyrie,
2082 3307 2393 3378 utriusque
2424 3307 2566 3375 vita,
2597 3306 2658 3360 in
2687 3310 2810 3377 quo
2836 3308 3049 3361 cuncta
3077 3307 3235 3374 sunt,
3263 3302 3503 3359 eleison.

1855 3394 2050 3465 Kyrie,
2084 3398 2448 3468 expurgator
2475 3394 2786 3464 scelerum,
2818 3394 3060 3462 largitor
3089 3392 3328 3461 grati-te;
3368 3406 3507 3463 pro-

1926 3487 2057 3554 pter
2086 3488 2321 3538 nostras
2353 3473 2614 3538 offensas
2647 3482 2767 3537 noli
2787 3492 2898 3536 nos
2929 3480 3279 3552 relinquere,
3303 3492 3340 3535 ο
3368 3494 3508 3535 con-

1928 3570 2147 3627 solator
2177 3570 2429 3626 dolentis
2459 3570 2694 3637 animae,
2728 3570 2972 3625 eleison.

2606 3747 2778 3801 XXIV.

2562 3862 2802 3915 annvus.

1996 3971 2280 4027 Nuntium
2308 3969 2483 4025 vobis
2514 3968 2638 4024 fero
2664 3969 2738 4024 de
2770 3965 3062 4040 supernis,

1996 4064 2178 4118 Natus
2203 4064 2291 4116 est
2319 4058 2605 4129 Christus,
2635 4059 2980 4114 dominator
3004 4054 3187 4119 orbis,

1997 4155 2063 4207 In
2094 4150 2395 4207 Bethleem
2418 4148 2607 4218 Judte,
2635 4147 2718 4203 sic
2745 4147 2907 4204 enim
2934 4145 3229 4219 propheta

2214 4238 2446 4296 Dixerat
2472 4242 2628 4294 ante.

1995 4326 2166 4386 Hune
2198 4329 2355 4385 canit
2383 4328 2552 4384 laetus
2584 4328 2802 4383 cho’rus
2834 4322 3207 4396 angelorum,

2001 4406 2175 4473 Stella
2217 4415 2501 4484 declarat,
2532 4415 2780 4493 veniunt
2812 4412 2910 4468 Eoi

1996 4505 2319 4576 Principes,
2353 4504 2602 4573 dignum
2632 4501 2931 4557 celebrare
2958 4498 3204 4555 cultum.

2210 4592 2449 4664 Mystica
2478 4592 2660 4656 dona,

1995 4680 2151 4739 Thus
2184 4685 2322 4751 Deo,
2356 4678 2666 4752 myrrham
2702 4667 2969 4733 tribuunt
2994 4673 3328 4747 sepulchro,

1995 4773 2257 4827 Auream
2284 4770 2408 4840 regi
2452 4768 2714 4841 speciem
2743 4756 2973 4823 decenti
2998 4784 3011 4832 ;

1998 4864 2186 4916 Deum
2220 4859 2423 4916 colunt
2453 4874 2661 4923 unum,
2690 4854 3015 4911 meminere
3047 4850 3197 4913 trino

2210 4951 2347 5004 Tres
2377 4946 2521 5002 dare
2551 4950 2736 5002 terna.

2000 5033 2260 5089 Gloriam
2293 5032 2458 5087 trime
2498 5030 2745 5086 monadi
2772 5041 3081 5092 canamus,

1998 5125 2148 5177 Cum
2180 5125 2299 5177 Deo
2331 5121 2478 5176 divae
2508 5120 2776 5175 Genitore
2802 5116 2974 5183 Proli,

2000 5211 2245 5267 Flamini
2271 5226 2381 5265 nec
2412 5225 2535 5266 non
2568 5209 2647 5265 ab
2683 5213 2928 5279 utroque
2953 5204 3086 5260 fuso

2214 5299 2403 5356 Corde
2441 5297 2624 5354 ﬁdeli.

2615 5476 2765 5530 XXV.

2552 5605 2820 5645 LEGENDA.

1859 5703 1923 5755 1n
1948 5698 2084 5754 Vitis
2111 5699 2356 5752 Patrum
2372 5701 2637 5751 veterum
2662 5694 2953 5769 quiddam
2980 5694 3091 5765 legi
3106 5694 3474 5764 jucundum,

1858 5786 2144 5869 Exemplo
2160 5790 2360 5847 tamen
2380 5784 2599 5855 habile,
2615 5785 2784 5862 quod
2794 5784 2963 5844 vobis
2986 5784 3121 5844 dico
3142 5784 3516 5867 rhythmice:
