3958 6414
493 273 590 326 351
1024 320 1032 327 ,
1536 262 1591 318 S.
1635 260 1978 317 FULBEBTI
2017 257 2503 315 CARNOTENSIS
2552 255 2872 314 EPISCOP.
3838 250 3913 305 352

489 395 749 448 Joannes
775 388 987 454 abbas,
1017 386 1303 459 parvulus
1334 389 1585 453 statura,
1615 399 1738 440 non
1768 381 2108 452 virtutibus,
2195 387 2243 439 Α

491 486 578 538 Ita
601 478 817 550 majori
842 476 1026 547 socio,
1054 476 1160 548 qui
1190 491 1328 531 cum
1359 480 1486 531 erat
1512 474 1574 530 in
1601 488 1822 540 eremo,

492 593 520 622 ‹‹
544 570 707 636 Volo,
735 567 990 633 dicebat,
1026 566 1222 622 vivere
1255 565 1407 622 sicut
1432 565 1683 634 angelus
1714 576 1942 630 secure,

490 662 571 716 Ne
596 661 756 714 veste
782 671 891 712 nec
922 654 1058 711 cibo
1088 653 1204 710 frui
1232 653 1338 727 qui
1366 653 1673 710 laboretur
1701 651 2050 709 manibus.»

492 745 816 820 Respondit
839 744 1019 801 frater
1044 761 1057 799 :
1084 746 1356 809 «Moneo,
1379 759 1455 799 ne
1478 742 1557 798 sis
1576 741 1819 815 incoepti
1838 756 2157 814 properus,

490 836 659 903 Quod
686 835 791 891 tibi
816 833 1208 907 postmodum
1240 834 1314 889 sit
1336 849 1460 889 non
1490 833 1719 905 cepisse
1749 831 1992 887 satius.»

489 928 563 982 At
587 925 715 982 ille:
767 923 924 990 «Qui
948 939 1075 979 non
1105 922 1373 990 dimicat,
1406 938 1529 978 non
1562 921 1721 977 cadit
1747 935 1945 993 neque
1988 934 2161 992 supe-

1987 1008 2153 1079 [rat.»

489 1105 558 1158 Et
575 1101 776 1157 nudus
799 1116 1072 1158 eremum
1099 1100 1442 1156 interiorem
1471 1102 1760 1172 penetrat.

491 1192 730 1263 Septem
756 1190 883 1245 dies
916 1189 1228 1260 gramineo
1255 1188 1354 1243 vix
1383 1188 1464 1244 ibi
1495 1188 1674 1245 durat
1700 1186 1949 1260 pabulo,

491 1281 711 1337 Octava
738 1278 928 1335 fames
956 1280 1215 1352 imperat
1242 1281 1308 1333 ut
1337 1277 1417 1333 ad
1446 1276 1720 1332 sodalem
1750 1275 1975 1341 redeat,

489 1368 599 1434 Qui
625 1385 757 1424 sero
779 1367 988 1424 clausa
1010 1369 1223 1439 janua,
1254 1370 1418 1422 tutus
1448 1365 1608 1434 sede,
1631 1366 1694 1421 in
1718 1364 1950 1421 cellula.

488 1458 638 1513 Cum
669 1458 867 1513 minor
895 1473 1043 1513 voce
1075 1456 1256 1513 debili
1287 1455 1587 1528 appellat:
1631 1477 1658 1505 «
1685 1458 1901 1525 Frater,
1935 1451 2120 1525 aperi,

483 1549 768 1615 Joannes,
795 1544 930 1618 opis
963 1544 1226 1614 indigus,
1257 1544 1414 1600 notis
1446 1543 1665 1599 assistit
1687 1541 1950 1608 foribus;

486 1638 567 1691 Ne
592 1638 840 1707 spernat
867 1638 969 1690 tua
998 1633 1212 1706 pietas,
1244 1648 1428 1705 quem
1455 1632 1670 1701 redigit
1698 1630 2043 1687 necessitas.
2067 1651 2094 1679 »

488 1722 828 1796 Respondet
842 1722 938 1779 ille
955 1722 1193 1780 deintus
1212 1740 1225 1778 :
1257 1744 1283 1771 «
1299 1726 1559 1778 Joannes
1575 1720 1767 1777 factus
1778 1726 1866 1775 est
1884 1718 2155 1788 angelus.

486 1812 725 1869 Miratur
755 1811 886 1867 coeli
917 1811 1213 1879 cardines,
1247 1810 1403 1867 ultra
1431 1826 1555 1866 non
1586 1813 1759 1866 curat
1786 1807 2120 1864 homines.»

486 1900 654 1957 Foris
683 1902 942 1956 Joannes
969 1901 1250 1970 excubat,
1280 1899 1626 1971 malamque
1657 1902 1896 1953 noctem
1927 1896 2153 1963 tolerat,

488 1992 556 2045 Et
580 1992 794 2061 praeter
820 1988 1225 2043 voluntariam
1251 1987 1411 2043 hanc
1437 1986 1560 2056 agit
1589 1985 2022 2058 pcenitentiam.

486 2079 668 2132 Facto
698 2092 877 2131 mane
909 2075 1189 2148 recipitur
1221 2075 1484 2146 satisque
1515 2074 1714 2130 verbis
1744 2073 1955 2140 uritur,

491 2164 583 2221 Sic
607 2164 870 2219 intentus
900 2164 978 2220 ad
1010 2164 1273 2220 crustela
1301 2163 1411 2219 fert
1438 2163 1731 2235 patienter
1760 2161 1985 2217 omnia.

488 2251 865 2307 Refocillatus
900 2252 1146 2307 Domino
1185 2256 1381 2321 grates
1409 2251 1533 2320 agit
1562 2267 1630 2307 ac
1665 2250 1869 2317 socio;

488 2339 713 2395 Dehinc
735 2340 1042 2396 rastellum
1071 2340 1335 2396 brachiis
1367 2344 1553 2396 tentat
1577 2354 1817 2395 movere
1831 2338 2155 2410 languidis,

488 2427 822 2496 Castigatus
853 2428 1131 2498 angustia
1160 2428 1235 2483 de
1266 2428 1501 2484 levitate
1526 2427 1732 2493 nimia,

488 2518 637 2573 Cum
665 2516 915 2586 angelus
939 2533 1061 2572 non
1091 2517 1305 2590 potuit,
1336 2517 1427 2572 vir
1451 2517 1649 2573 bonus
1680 2532 1809 2572 esse
1836 2514 2059 2571 didicit.

1235 2661 1411 2715 XXVI.

1199 2780 1443 2821 HYIINUS.

593 2872 902 2941 Organum
932 2871 1150 2927 mentis
1182 2870 1313 2943 tibi,
1339 2886 1547 2943 quaeso
1576 2874 1818 2937 nostrae,

590 2962 955 3031 Temperans
984 2959 1213 3031 plectro
1245 2960 1561 3015 moderare
1585 2958 1827 3029 linguis,

595 3045 778 3116 Cujus
803 3045 879 3101 ad
910 3045 1154 3101 laudem
1181 3046 1398 3118 cupide
1427 3062 1765 3115 movemur,

849 3133 1095 3204 Spiritus
1125 3133 1301 3189 alme.

593 3223 678 3276 Tu
704 3220 805 3276 Dei
835 3221 1024 3277 Patris
1055 3222 1362 3295 Genitique
1391 3236 1546 3294 pura

595 3309 883 3377 Charitas,
911 3326 1034 3382 qua
1061 3326 1124 3365 se
1151 3310 1371 3382 pariter
1393 3310 1653 3380 benigne

594 3396 947 3466 Confovant,
987 3402 1043 3454 et
1068 3415 1205 3470 quae
1234 3398 1397 3454 bona
1427 3399 1596 3455 audit
1625 3404 1851 3469 auctor,

842 3489 985 3542 Esse
1012 3493 1229 3544 creata.

590 3577 674 3630 Tu
702 3574 886 3631 ﬁdem
913 3576 1125 3649 spiras,
1162 3593 1333 3632 sacra
1355 3578 1494 3649 jura
1523 3578 1733 3635 dictas.

592 3664 801 3720 Gratiae
825 3664 1048 3736 largus,
1080 3666 1257 3723 venia
1283 3673 1541 3740 reperta,

593 3752 782 3809 Victor
806 3769 1097 3823 errorum,
1129 3756 1336 3828 probae
1361 3756 1624 3813 veritatis

556 4087 668 4158 (57)
706 4088 896 4142 Rarus
944 4088 1007 4144 in
1052 4088 1361 4146 breviariis
1412 4093 1658 4148 vetustis
1712 4097 1979 4158 tempore
2036 4112 2146 4158 pa-

556 4112 668 4158 \Dl)
708 4112 896 4142 natus
945 4112 1007 4144 ιιι
1052 4112 1361 4146 Drevmrus
1412 4112 1658 4148 vetusus
1712 4112 1831 4149 tem
1877 4112 1979 4150 ore
2081 4112 2142 4152 a-

484 4157 657 4238 shali.
681 4162 829 4238 —_2.
862 4161 1022 4238 Cass.
1044 4177 1199 4238 noua
1226 4163 1374 4238 meli
1395 4164 1729 4238 dulcedine.
1762 4112 1898 4221 89B.
1928 4112 2142 4223 melius.

483 4227 865 4311 Hil.:“melum
896 4230 1090 4311 (μέλοςὶ
1114 4232 1338 4288 dicitur
1365 4249 1402 4289 a
1430 4236 1568 4311 mel,
1587 4237 1730 4311 quia
1760 4239 1913 4311 sicut
1939 4240 2055 4294 mel
2074 4240 2146 4311 ﬁt

480 4314 558 4354 ex
582 4299 831 4381 diversis
860 4299 1173 4381 generibus
1204 4319 1426 4381 rerum,
1461 4299 1563 4381 ita
1585 4299 1802 4381 inelum
1840 4309 1908 4381 ﬁt
1959 4324 2033 4365 ea:
2062 4299 2146 4365 di-

481 4373 666 4451 uersis
706 4373 941 4451 ηοιιιιίδΔ
980 4388 1218 4444 novum,
1255 4373 1417 4432 unde»
1447 4377 1773 4451 Psalmista
1799 4395 1811 4432 :
1840 4373 2141 4451 'Cantate,

479 4442 733 4523 Domino
774 4446 1081 4523 canticum,
1118 4442 1357 4523 novum.
1390 4479 1460 4488 --
1499 4453 1549 4523 5,
1588 4449 1669 4505 Cf.
1702 4454 1886 4522 Apoc.
1922 4467 1977 4517 v,
2006 4442 2138 4507 H113

477 4514 816 4589 Fisiologus
866 4521 1081 4570 narrat
1120 4518 1353 4589 leonem
1400 4521 1609 4589 rugitu
1652 4514 2143 4579 suo-resuscitare

479 4585 748 4658 catulum
790 4594 921 4654 post
972 4588 1313 4658 striduum;
1358 4591 1445 4646 ita
1479 4585 1671 4647 Pater
1710 4593 1955 4648 Filium.
1989 4625 2058 4633 ——
2086 4600 2138 4650 7.

475 4656 732 4731 J_o_an.‘v,
777 4659 866 4712 '28.
919 4657 1023 4712 Hi1.
1057 4656 1296 4731 Wimpf.
1322 4669 1619 4730 personet.
1653 4695 1721 4703 —
1759 4667 1904 4731 8-12,
1938 4665 2138 4720 Corn.:

475 4726 761 4797 Fingitur
823 4733 1096 4785 tartarus
1154 4726 1447 4789 hominem
1512 4740 1803 4805 tanquam
1863 4726 2141 4805 praedam

2192 2471 2334 2561 C10

2620 379 3006 438 Testiﬁcator.

2376 472 2527 528 Cum
2554 471 2744 541 venis,
2776 469 3021 543 culpam
3045 468 3328 541 lacrymaa
3355 479 3648 539 sequaces

2375 560 2619 617 Diluunt
2643 578 2657 629 ;
2687 560 2825 616 vitae
2854 556 3162 615 recalescit
3189 555 3367 627 ignis,

2375 653 2566 723 Atque
2598 647 2944 722 compuncti
2973 649 3199 703 cremat
3221 661 3329 702 ara
3357 642 3557 701 cordis

2623 739 2781 795 Thus
2822 736 3078 811 pietatis.

2375 826 2636 884 Gloriam
2661 827 2829 883 trinae
2859 824 3106 882 monadi
3134 839 3448 892 canamus,

2377 919 2526 975 Cum
2558 919 2678 972 Deo
2706 914 2862 971 divae
2894 914 3165 972 Genitore
3195 912 3353 969 Proli
3377 930 3391 980 ;

2369 1004 2640 1073 Flamini,
2670 1020 2780 1060 nec
2811 1019 2935 1060 non
2960 1003 3039 1060 ab
3065 1007 3323 1075 utroque
3348 1001 3485 1058 fuso

2621 1093 2810 1151 Corde
2839 1092 3023 1150 ﬁdeli.

3007 1271 3205 1326 XXVII.

2716 1425 2940 1465 HYMNUS
2980 1423 3287 1465 rascnms
3327 1406 3464 1478 (57).

2413 1526 2669 1598 (DANIEL,
2703 1527 3041 1583 Thesaurus
3068 1512 3621 1597 hymnologicus,l,
3654 1522 3819 1594 221.)

2521 1632 2750 1695 Chorus
2776 1649 2949 1689 novae
2976 1630 3344 1689 Hierusalem

2518 1726 2749 1779 Novam
2778 1721 2918 1779 meli
2947 1720 3331 1778 dulcedinem

2517 1813 2780 1879 Promat,
2815 1810 3019 1867 colens
3045 1825 3182 1866 cum
3219 1807 3435 1865 sobriis

2516 1899 2804 1957 Paschale
2834 1899 3052 1955 festum
3086 1895 3346 1967 gaudiis.

2267 2011 2298 2062 5
2518 2008 2648 2073 Quo
2677 2006 2961 2075 Christus,
2992 2003 3249 2060 invictus
3277 2001 3371 2058 leo

2517 2098 2785 2151 Dracone
2816 2108 3070 2164 surgens
3102 2092 3340 2158 obruto,

2456 2230 2459 2233 ν
2513 2185 2668 2239 Dum
2700 2199 2842 2239 voce
2869 2182 3006 2238 viva
3044 2184 3330 2254 personat

2518 2276 2565 2328 Α
2593 2275 2782 2328 morte
2808 2272 3044 2327 iunctos
3070 2269 3303 2326 excitat.

2520 2380 2715 2445 Quam
2746 2379 3067 2434 devorarat
3094 2373 3410 2448 improbus

2516 2468 2791 2523 Praedam
2820 2466 3036 2523 refudit
3072 2469 3353 2535 tartarus,

2512 2556 2860 2629 Captivitate
2885 2555 3074 2611 libera

2514 2647 2540 2700 J
2546 2661 2719 2701 esum
2749 2648 3084 2718 sequuntur
3121 2643 3387 2713 agmina.

2509 2750 2863 2823 Triumphat
2891 2749 2987 2807 ille
3018 2748 3332 2822 splendide

2512 2842 2580 2895 Et
2602 2838 2824 2909 dignus
2850 2838 3268 2912 amplitudine,

2264 2932 2327 2984 l5
2513 2927 2629 2986 Soli
2661 2927 2906 3001 polique
2935 2928 3194 3002 patriam

2510 3018 2707 3074 Unum
2739 3018 2879 3073 tacit
2902 3017 3366 3091 rempublicam.

2512 3128 2717 3196 Ipsum
2748 3124 3023 3181 canendo
3058 3124 3360 3198 supplices

2511 3215 2733 3283 Regem
2770 3229 3087 3286 precemur
3116 3212 3355 3281 milites,
3408 3232 3419 3238 ·

2511 3302 2580 3355 Ut
2605 3299 2666 3355 in
2698 3316 2809 3355 suo
2835 3299 3165 3357 clarissimo

2258 3390 2329 3443 20
2511 3391 2627 3444 Nos
2656 3387 2891 3460 ordinet
2918 3388 3162 3462 palatio.

2510 3495 2620 3551 Per
2652 3495 2830 3551 saecla
2852 3499 3028 3552 metae
3051 3494 3256 3552 nescia

2512 3583 2668 3639 Patri
2700 3599 2984 3656 supremo
3014 3583 3222 3654 gloria,

2506 3674 2830 3746 Honorque
2860 3673 2937 3729 sit
2965 3689 3105 3729 cum
3140 3673 3281 3730 Filio

2508 3764 2576 3819 Et
2604 3761 2815 3835 spiritu
2837 3762 3149 3836 paraclito.

2256 4098 2601 4174 obsaeptam
2624 4114 2931 4174 removere
2970 4100 3144 4173 (Apo.
3174 4118 3275 4168 xx,
3306 4102 3393 4174 t3)
3422 4108 3490 4174 et,
3517 4102 3779 4173 ﬁngitur
3812 4102 3915 4159 Ch.

2254 4171 2526 4227 incedere
2546 4171 2954 4240 triumphator
2973 4177 3028 4228 et
3044 4171 3339 4240 ‘maqnam
3363 4171 3707 4230 turbam'ea:
3735 4175 3916 4230 servi-

2256 4188 2526 4227 znceaere
2546 4188 2954 4240 mumpnator
2973 4188 3028 4228 et
3056 4188 3115 4227 m
3199 4188 3339 4229 nam
3363 4188 3604 4230 turoam
3630 4188 3707 4229 ea:
3735 4189 3915 4230 serv:-

2256 4246 2379 4324 tute
2404 4241 2792 4324 liberatarum
2816 4257 3013 4324 secum
3044 4188 3303 4301 iraa/Silere.
3338 4243 3483 4324 Dicit
3510 4249 3691 4317 poeta
3718 4250 3915 4324 patres

2252 4311 2315 4366 in
2342 4311 2549 4386 limbo.
2606 4313 2717 4386 Hi1.
2753 4312 3009 4386 legendo
3046 4328 3371 4386 sequamur
3393 4315 3472 4371 ad
3501 4311 3915 4386 omnes—perti-

2252 4398 2399 4456 nere,
2422 4383 2974 4456 facitChristianos.
3010 4388 3095 4442 14.
3119 4383 3276 4442 ἶιιιᾱ.
3301 4387 3626 4456 praecelsus
3656 4383 3821 4456 ain—p.
3850 4416 3910 4426 -—

2256 4457 2337 4530 {6.
2376 4455 2541 4510 Cass.
2572 4455 2664 4510 Hi1
2693 4471 2740 4512 e.
2774 4470 2830 4511 a.
2856 4456 3021 4530 (egit.
3050 4455 3325 4530 _—_l7-20’.
3358 4459 3583 4513 Desunt
3610 4455 3779 4530 apud
3814 4460 3909 4513 Lu-

2251 4524 2469 4579 decum
2489 4530 2683 4598 21-24;,
2713 4524 2877 4598 apud
2914 4527 3275 4584 Fabricium.
3308 4560 3376 4569 —
3401 4532 3492 4585 20.
3515 4558 3584 4569 -—
3605 4524 3904 4595 ordinare,

2250 4610 2368 4678 vox
2408 4596 2709 4678 militaris.
2742 4596 2812 4637 Ξ-
2857 4602 2947 4655 21.
2994 4597 3247 4678 ξΙᾳῙμΗὶΙ.
3299 4606 3493 4678 mente
3532 4601 3735 4656 nescia
3778 4616 3905 4678 quae

2549 4670 2816 4726 humana
2844 4671 3239 4739 possibilitate
3278 4677 3421 4728 sunt
3456 4667 3906 4741 incomprehen-

2248 4753 2466 4795 swma.
