3904 6380
27 296 132 351 353

1536 298 1950 353 DIPLOMATA.

3350 310 3454 363 354

38 419 3453 456 Ἢ

955 541 958 545 ’
1072 554 1589 673 SANCTI
1692 555 2407 675 FULBERTI

1547 777 1929 865 VERSUS

873 929 962 981 DE
1006 928 1217 983 UNCIA
1259 928 1345 981 ET
1384 928 1719 993 PARTIBUS
1738 926 1922 982 ’EJUS
1964 929 2045 981 ET
2085 928 2174 980 DE
2216 928 2595 983 SCRUPU[.O.

22 1100 237 1171 [Edidit
268 1100 513 1158 Carolus
541 1101 615 1156 de
646 1101 889 1169 Villiers,
925 1102 1235 1173 theologus
1259 1103 1620 1173 Parisiensis,
1652 1103 1713 1157 in
1744 1103 1901 1243 nsouti)s
1936 1102 2012 1157 ad
2046 1102 2217 1173 epist.
2258 1107 2354 1159 113
2377 1102 2651 1165 Fulberti,
2678 1104 2947 1162 Biblioth.
2973 1111 3071 1163 PP.
3108 1113 3249 1165 tom.
3270 1110 3444 1179 XVIII,

1588 1189 1727 1243 pag.
1808 1198 1857 1228 ο.

1588 1189 1727 1246 pag.
1772 1189 1857 1229 55.

1364 1432 1450 1487 De
1497 1432 1678 1486 uncia
1722 1436 1775 1486 et
1801 1430 2098 1499 partibus.

1023 1520 1208 1592 Uncia
1224 1518 1438 1592 rviginti
1461 1519 1749 1592 scirpulos
1777 1525 1831 1592 et
1860 1524 2117 1592 quatuor
2139 1519 2367 1592 ambit:

1021 1590 1344 1644 Dimidium
1376 1595 1554 1645 stater
1578 1590 1647 1645 ac
1679 1590 2004 1645 semiuncia
2036 1590 2248 1645 dicitur
2276 1592 2433 1659 ejus;

1018 1661 1358 1733 Ternaduae
1392 1662 1560 1733 seclae
1592 1677 1733 1733 pars
1766 1666 1852 1716 est
1890 1662 2220 1733 eademque
2251 1661 2448 1733 duella
2478 1678 2490 1727 ;

1020 1734 1240 1804 Quarta
1260 1732 1439 1786 siclus
1459 1732 1551 1786 vel
1579 1732 1831 1804 sicilicus
1858 1732 1951 1786 vel
1979 1732 2235 1804 denique
2261 1732 2405 1804 sicet
2428 1750 2439 1785 ε

1023 1802 1259 1857 Sextula
1291 1808 1456 1857 sexta
1486 1804 1666 1859 modo
1698 1803 1847 1858 solet
1867 1808 1921 1857 et
1945 1802 2316 1858 modo—secla
2344 1802 2545 1857 vocari
2572 1820 2583 1869 ;

1018 1874 1302 1927 Octavam
1336 1874 1639 1945 appellant
1671 1874 2079 1943 dragmam....

1270 1973 1353 2026 De
1382 1973 1644 2040 scirpula
1668 1978 1721 2027 et
1742 1972 2017 2041 partibus
2048 1974 2175 2040 ejus

1016 2067 1343 2140 Unusitem
1368 2068 1596 2140 scirpus
1625 2068 1800 2123 calcis
1831 2069 2209 2140 componitur
2229 2072 2382 2133 octo,

1018 2138 1338 2211 Dimidium
1366 2138 1605 2211 scirpuli
1632 2145 1723 2211 est
1751 2140 1916 2205 obul,
1950 2138 2088 2211 pars
2110 2144 2323 2211 quarta
2345 2142 2568 2211 ceratos
2596 2156 2608 2205 ;

1015 2209 1161 2282 Hinc
1194 2215 1419 2264 sextam
1447 2209 1589 2282 ﬁngi
1622 2210 1843 2282 placuit
1873 2209 2223 2282 scitamque
2250 2209 2445 2265 vocari
2481 2226 2492 2262 :

1018 2280 1270 2334 Ultimus
1302 2286 1386 2336 est
1411 2280 1640 2351 caicus,
1668 2282 1872 2336 ciceris
1903 2282 2025 2336 duo
2053 2280 2307 2351 granula
2334 2296 2616 2353 pensans.

1341 2544 2113 2631 PROCLAMATIO

1115 2725 1493 2788 ANTEQUAM
1533 2726 1787 2779 DICANT
1832 2724 2006 2779 PAX
2039 2724 2330 2780 DOMINI

798 2901 1132 2970 Composita
1158 2915 1195 2956 a
1226 2900 1461 2956 domino
1494 2903 1776 2955 FULBERTO
1804 2916 1916 2969 pro
1948 2901 2310 2957 adversariis
2337 2902 2638 2957 Ecclesia}.

903 3024 1160 3096 (Dunod,
1195 3026 1455 3081 Histoire
1484 3026 1555 3081 de
1582 3026 1893 3095 Besancon
1926 3028 1965 3095 Ι,
2000 3026 2279 3094 Preuves,
2312 3041 2370 3097 p.
2402 3026 2543 3097 vm.)

1500 3158 1927 3170 _————-———

74 3309 139 3361 In
169 3302 387 3377 spiritu
412 3302 758 3359 humilitatis
789 3307 845 3358 et
868 3301 929 3357 in
986 3302 1189 3357 animo
1229 3300 1477 3356 contrito
1532 3304 1667 3355 ante
1705 3283 1750 3334 Α
1779 3297 1895 3353 bus
1924 3298 2209 3367 fundasti,
2238 3304 2294 3354 et
2322 3299 2381 3354 in
2413 3298 2640 3354 honore
2664 3302 3262 3358 sanctorumloannis
3294 3320 3433 3376 apo-

8 3400 291 3451 sanctum
322 3393 509 3449 altare
541 3397 711 3448 tuum
743 3397 799 3447 et
841 3391 1309 3447 sacratissimum
1368 3406 1583 3462 corpus
1614 3394 1670 3444 et

8 3482 377 3555 sanguinem
395 3486 585 3548 tuum,
612 3480 861 3537 Domine
877 3483 901 3534 .l
908 3496 1035 3547 esu,
1056 3479 1413 3550 Redemptor
1434 3477 1666 3544 mundi,

6 3572 379 3639 accedimus,
409 3576 465 3627 et
494 3571 567 3626 de
590 3570 848 3643 peccatis
869 3569 1106 3634 nostris,
1140 3585 1249 3639 pro
1270 3568 1489 3639 quibus
1513 3568 1669 3637 juste

6 3661 358 3731 afﬂigimur,
388 3659 716 3732 culpabiles
748 3674 953 3713 coram
986 3662 1037 3711 te
1082 3672 1192 3711 nos
1215 3656 1546 3711 reddimus.
1578 3655 1670 3709 Ad

6 3753 75 3815 te,
113 3748 374 3804 Domine
406 3749 568 3816 Jesu,
600 3746 895 3812 venimus,
929 3744 1003 3801 ad
1046 3749 1098 3799 te
1128 3743 1401 3815 prostrati
1447 3742 1668 3797 clama-

6 3852 163 3906 mus,
202 3835 351 3908 quia
380 3834 570 3907 iniqui
596 3840 653 3889 et
674 3833 933 3906 superbi.
965 3832 1206 3903 suisque
1232 3830 1451 3885 viribus
1492 3831 1673 3885 conﬁ-

5 3925 68 3991 si,
106 3923 386 4001 undique
437 3939 618 3995 super
650 3939 762 3978 nos
811 3923 1146 3991 insurgunt.
1215 3921 1425 3975 Terras
1464 3920 1674 3975 Sancti

5 4014 267 4071 Joannis
302 4019 354 4068 et
387 4013 602 4069 Sancti
626 4002 920 4080 Stephani
963 4009 1278 4077 invadunt,
1324 4009 1673 4077 deprendun-

5 4108 105 4159 tur
128 4110 189 4161 et
250 4107 513 4158 vastant.
548 4104 842 4173 Pauperes
872 4104 1005 4155 tuos
1064 4098 1316 4153 cultores
1346 4113 1552 4153 earum
1610 4098 1671 4152 in

5 4190 216 4247 dolore
242 4194 301 4245 et
332 4189 490 4244 fame
521 4193 699 4261 atque
730 4187 997 4242 nuditate
1025 4186 1220 4241 vivere
1252 4185 1496 4240 faciunt.
1531 4189 1669 4240 Tor—

5 4279 225 4335 mentis
257 4278 437 4333 etiam
478 4282 534 4333 et
566 4277 777 4347 gladiis
833 4275 1144 4331 occidunt:
1201 4279 1438 4329 nostras
1493 4273 1671 4329 etiam

5 4386 93 4425 res
131 4367 301 4425 unde
321 4368 521 4422 vivere
551 4366 844 4422 debemus
876 4365 937 4421 in
964 4370 1061 4420 tuo
1095 4369 1302 4419 sancto
1334 4363 1586 4431 servitio,
1616 4367 1673 4418 et

5 4475 157 4530 quas
192 4457 386 4513 beatae
415 4454 627 4510 animae
660 4453 799 4508 huic
824 4452 956 4508 loco
1006 4468 1114 4525 pro
1169 4452 1353 4508 salute
1386 4468 1493 4507 sua
1545 4451 1673 4506 reli-

5 4548 291 4617 querunt,
321 4541 629 4614 diripiunt,
658 4541 835 4597 nobis
865 4541 1043 4596 etiam
1070 4540 1352 4596 violenter
1374 4540 1667 4595 auferunt.

1781 3386 1911 3441 stoli
1933 3391 1989 3441 et
2021 3387 2301 3458 Stephani
2332 3387 2785 3458 protomartyris
2818 3387 2900 3441 tui
2950 3389 3306 3461 sublimasti,
3347 3409 3433 3447 se-

1779 3474 1877 3530 det
1906 3474 1965 3529 in
1999 3475 2247 3542 tristitia,
2267 3491 2376 3530 nec
2404 3481 2491 3530 est
2520 3476 2622 3546 qui
2676 3475 3018 3532 consoletur
3048 3495 3178 3532 eam
3213 3485 3265 3535 et
3292 3480 3433 3535 libe-

1778 3568 1884 3632 ret,
1916 3563 2032 3618 nisi
2070 3568 2153 3621 tu.
2186 3567 2335 3618 Deus
2356 3570 2572 3618 noster.
2610 3568 2890 3633 Exsurge,
2922 3566 3166 3621 Domine
3196 3570 3431 3638 Jcsu,in

1779 3652 2145 3723 adjutorium
2172 3657 2464 3718 nostrum,
2499 3652 2767 3707 contorta
2798 3669 2908 3707 nos
2933 3660 2988 3709 et
3015 3656 3298 3711 auxiliare
3320 3674 3428 3712 no-

1778 3742 1890 3797 bis.
1922 3745 2208 3813 Expugna
2238 3741 2660 3813 impugnantes
2690 3758 2819 3796 nos.
2875 3746 3096 3811 Frange
3129 3745 3306 3799 etiam
3338 3763 3431 3800 su-

1778 3831 2050 3903 perbiam
2083 3830 2318 3884 illorum
2346 3830 2450 3901 qui
2475 3832 2634 3885 hunc
2662 3830 2860 3886 locum
2892 3837 2947 3887 et
2993 3849 3103 3887 nos
3137 3833 3428 3904 aﬂligunt,

1780 3925 1836 3975 et
1856 3919 2117 3989 afﬂigere
2150 3919 2416 3992 cupiunt.
2448 3922 2529 3975 Tu
2561 3920 2693 3988 scis,
2729 3921 2995 3991 Domine,
3028 3923 3132 3995 qui
3163 3930 3299 3979 sunt
3330 3924 3428 3993 illi,

1781 4014 1837 4063 et
1858 4009 2107 4063 nomina
2164 4025 2415 4075 eorum;
2448 4025 2701 4081 corpora
2752 4014 2808 4065 et
2855 4012 3056 4077 corda,
3108 4018 3432 4085 antequam

1780 4104 2189 4167 nascerentur,
2223 4098 2326 4153 tibi
2381 4104 2519 4153 sunt
2571 4098 2826 4168 cognita.
2885 4103 3260 4174 Quapropter
3308 4122 3429 4171 eos,

1781 4188 2050 4259 Domine,
2082 4188 2232 4243 sicut
2254 4189 2387 4255 scis,
2414 4188 2674 4259 justitica
2702 4190 2761 4244 in
2792 4190 3002 4246 virtute
3034 4196 3165 4259 tua;
3208 4193 3300 4247 fac
3330 4210 3431 4247 eos

1780 4292 2226 4345 recognoscere,
2261 4282 2440 4348 prout
2470 4277 2572 4332 tibi
2596 4278 2809 4349 placet,
2857 4296 2965 4334 sua
3011 4280 3346 4347 malefacta,
3375 4286 3431 4336 et

1778 4363 1967 4419 libera
1988 4380 2099 4419 nos
2126 4364 2185 4418 in
2232 4365 2639 4420 misericordia
2672 4371 2789 4421 tua.
2846 4370 2925 4421 Ne
2955 4367 3247 4438 despicias
3295 4384 3425 4437 nos,

1780 4453 2050 4523 Domine,
2082 4453 2409 4508 clamantes
2432 4454 2509 4508 ad
2536 4459 2609 4521 te,
2644 4455 2747 4509 sed
2777 4460 3016 4525 propter
3046 4456 3295 4523 gloriam
3318 4474 3428 4513 no-

1779 4542 1957 4597 minis
1990 4542 2071 4597 tui
2098 4546 2153 4596 et
2176 4541 2649 4597 misericordiam
2710 4543 2875 4597 visita
2904 4559 3014 4598 nos
3042 4544 3102 4598 in
3154 4562 3322 4617 pace,
3374 4554 3431 4604 et

6 4633 273 4690 Ecclesia
304 4637 407 4687 tua
436 4631 582 4698 haec,
617 4630 885 4697 Domine,
924 4646 1111 4701 quam
1132 4628 1344 4701 priscis
1390 4629 1669 4701 tempori-
1710 4632 1749 4684 B
1778 4647 1917 4686 erue
1944 4646 2053 4685 nos
2079 4647 2115 4685 a
2144 4630 2419 4701 praesenti
2447 4631 2743 4700 angustia.

889 4899 1560 5016 SANGTI
1651 4900 2539 5019 FULBERTI

1266 5106 2166 5229 DIPLOMATA.

813 5455 855 5506 1.

102 5561 214 5601 PRO
257 5554 541 5599 MONACHIS
572 5554 799 5595 MAJORIS
831 5556 1161 5595 MONASTERII
1200 5558 1555 5599 TURONENSIS.

141 5635 373 5704 (Bsz.
397 5629 579 5684 Cone.
608 5627 741 5683 Gal.
757 5629 1022 5684 Narbon.
1042 5630 1315 5700 Append.
1336 5648 1392 5703 p.
1416 5632 1524 5700 77.)

64 5726 131 5779 In
146 5719 403 5779 nomine
420 5719 638 5771 sanctae
661 5720 716 5770 et
734 5715 1053 5771 individuae
1076 5717 1386 5774 Trinitatis.
1426 5721 1662 5773 Fuman-

1777 5470 1898 5520 TUS,
1928 5468 2050 5508 non
2079 5452 2326 5525 quidem
2356 5453 2504 5509 meis
2555 5451 2798 5519 meritis,
2831 5457 2935 5512 sed
2998 5458 3186 5527 gratia
3211 5478 3443 5535 praeve-

1777 5542 1972 5597 niente
2000 5541 2426 5615 Redemptoris,
2457 5543 2830 5599 Carnotensis
2862 5548 3197 5621 episcopus.

1847 5653 1873 5679 «
1934 5634 2147 5685 Notum
2195 5631 2322 5686 ﬁeri
2378 5631 2656 5686 volumus
2709 5635 2989 5692 omnibus
3030 5638 3441 5703 confratribus

1773 5718 1988 5775 nostris
2016 5719 2399 5792 presbyteris,
2427 5720 2803 5794 diaconibus,
2830 5742 2935 5783 seu
2958 5728 3183 5784 cunctis
3216 5738 3444 5793 utrius-
