3958 6410
461 296 564 352 3η

1507 291 1563 346 s.
1605 283 1945 346 FULBERTI
1984 279 2460 344 animum
2498 284 2831 342 EPISCOPI.
3099 242 3111 252 ’
3793 293 3886 346 asa

459 435 578 492 que
627 417 875 488 ordinis,
909 415 1262 474 clericorum
1294 413 1515 470 scilicet
1544 417 1600 470 et
1655 408 2114 473 monachorum,
2153 407 2204 460 Α
2233 407 2480 464 alodum
2511 426 2686 466 suum
2745 409 3046 480 delegaret
3075 412 3292 468 nostris
3323 412 3556 482 usibus,
3588 429 3660 470 ea
3689 413 3889 469 videli-

457 513 586 566 tam
612 507 1008 582 praesentibus
1051 522 1240 578 quam
1278 504 1490 560 futuris
1544 519 1650 576 per
1676 507 1927 563 ventura
1984 505 2124 570 tem-

458 615 611 672 pora
639 596 1124 663 succedentibus,
1155 594 1410 666 qualiter
1437 592 1720 654 monachi
1753 591 1948 652 Sancti
1975 593 2121 656 Mair—

459 687 566 744 tini
594 686 826 758 Majoris
855 684 1188 742 Monasterii
1235 687 1504 738 nostram
1536 682 1808 738 adierunt
1867 694 2125 752 praesen-

459 777 603 834 tiam
677 774 978 830 humiliter
1031 773 1422 846 deprecantes
1467 777 1532 827 ut
1568 771 1647 826 ob
1697 785 1968 826 amorem
2022 765 2124 822 Dei

458 863 886 938 omnipotentis
917 867 972 918 et
1003 867 1222 917 sanctae
1250 862 1438 926 Mariae
1475 860 1572 916 Dei
1591 858 1886 930 genitricis
1915 855 2120 912 simul-

459 971 578 1027 que
603 955 733 1025 jam
762 952 902 1008 dicti
924 951 1281 1008 confessoris
1303 951 1548 1018 Martini,
1574 948 1909 1022 quamdam
1939 945 2122 1002 eccle-

459 1043 612 1100 siam
645 1041 844 1100 Navoil
872 1041 1116 1099 nomine
1147 1041 1225 1098 ad
1255 1040 1439 1098 altare
1472 1044 1690 1096 sanctae
1721 1055 1790 1093 ac
1845 1035 2119 1092 beatissi-

459 1149 572 1188 mae
627 1131 876 1202 Virginis
925 1131 1115 1188 Mariae
1167 1131 1585 1203 pertinentem,
1613 1129 1696 1205 eis
1753 1143 1950 1182 emere
2002 1142 2122 1182 em:

456 1227 746 1296 ptamque
774 1221 1084 1294 possidere
1112 1221 1174 1275 in
1213 1224 1572 1292 perpetuum
1625 1217 2116 1273 concederemus.

459 1311 630 1378 Quod
657 1311 738 1366 ita
765 1310 1040 1378 facimus,
1074 1309 1344 1380 Hilgodio
1398 1308 1604 1379 milite,
1635 1308 1732 1362 cui
1779 1307 1854 1362 de
1911 1311 2118 1361 nostro

454 1399 750 1456 beneﬁcio
807 1399 1102 1472 pertinere
1151 1399 1406 1465 videtur,
1437 1414 1756 1454 assensum
1794 1396 2116 1469 praebente.

457 1492 752 1547 Coemunt
779 1505 922 1559 ergo
953 1505 1090 1545 eam
1111 1495 1168 1545 et
1195 1489 1448 1545 minimo
1494 1487 1685 1561 pretio,
1711 1487 1774 1556 in
1811 1491 2120 1560 posterum

459 1579 572 1636 sibi
600 1577 910 1635 vindicant
953 1579 1032 1635 ab
1063 1579 1319 1635 Roberto
1360 1579 1630 1651 quodam
1679 1576 1963 1645 vassallo,
1997 1579 2054 1632 et
2083 1589 2118 1630 a

456 1669 696 1725 duobus
721 1668 859 1724 ﬁliis
915 1669 1045 1740 ejus
1084 1668 1330 1724 Arnulfo
1362 1673 1419 1724 et
1466 1668 1765 1736 Notberto,
1821 1672 1878 1722 et
1929 1669 2118 1720 matre

2230 500 2320 552 cet
2347 500 2574 566 ratione
2607 504 2669 554 ut
2693 499 2966 570 quandiu
2993 501 3258 556 viverent
3298 501 3427 574 ipse
3455 507 3512 558 et
3543 519 3693 558 uxor
3743 503 3888 574 ejus,

2227 587 2472 655 nomine
2502 588 2648 656 Oda,
2681 588 2742 643 in
2799 589 2971 660 cujus
3000 589 3137 645 dote
3169 595 3260 646 est
3308 591 3626 663 praedictus
3657 591 3889 660 alodus,

2229 680 2552 750 utrumque
2583 681 2883 746 tenerent;
2917 683 3052 751 post
3099 679 3413 736 decessum
3469 697 3612 737 vero
3657 698 3889 749 eorum,

2231 769 2552 838 utrumque
2581 765 2866 822 fratribus
2887 773 3241 824 remaneret.
3295 771 3474 840 Cujus
3505 771 3893 842 petitionibus

2228 853 2478 910 libenter
2509 855 2942 928 acquievimus,
2963 873 3070 929 per
3104 873 3419 914 assensum
3460 859 3684 914 Odonis
3713 859 3896 914 comi-

2230 944 2320 1011 tis,
2346 944 2406 998 in
2423 946 2594 1016 cujus
2620 945 2906 1001 comitatu
2929 951 3066 1002 sunt
3087 951 3351 1020 utraeque
3377 953 3542 1004 terrm
3567 948 3642 1004 de
3670 948 3898 1020 quibus

2229 1037 2320 1087 est
2336 1049 2551 1088 sermo.
2578 1037 2786 1090 Nostra
2817 1033 3114 1107 siquidem
3139 1040 3310 1103 terra,
3343 1053 3532 1109 quam
3565 1053 3669 1110 per
3689 1053 3898 1110 preca-

2228 1120 2379 1176 riam
2411 1126 2602 1194 poscit
2629 1123 2872 1191 habere,
2905 1123 2964 1178 in
2983 1125 3332 1180 Carnotensi
3355 1126 3640 1182 comitatu
3671 1127 3895 1200 posita,

2227 1216 2477 1267 vocatur
2513 1211 2938 1282 Jeranivillare,
2967 1217 3024 1268 et
3049 1213 3142 1268 ille
3192 1214 3403 1269 alodus
3429 1231 3610 1287 quem
3665 1232 3900 1272 recom-

2227 1304 2458 1372 pensat,
2495 1299 2555 1355 in
2585 1304 2775 1358 Droca
2806 1317 2985 1356 sensu
3007 1301 3124 1372 (13.,
3147 1303 3476 1366 Dorcasini)
3495 1303 3795 1360 comitatu
3809 1321 3901 1359 su-

2226 1404 2334 1460 per
2371 1387 2598 1452 ﬂumen
2630 1390 2831 1459 Blesis,
2883 1391 3112 1462 positus
3143 1391 3488 1448 nominatur
3543 1393 3898 1449 Palisiaeus.

2229 1478 2499 1532 Nostram
2559 1477 2761 1552 itaque
2821 1483 3039 1541 terram
3111 1481 3517 1537 Jeranivillare
3561 1498 3633 1536 eo
3691 1484 3902 1536 tenore

2229 1565 2513 1622 Gradulfo
2553 1582 2740 1640 supra
2769 1566 3081 1623 nominato
3111 1585 3220 1640 per
3249 1569 3584 1640 precariam
3624 1567 3905 1624 concedi-

2226 1671 2384 1724 mus,
2413 1660 2476 1711 ut
2506 1656 2781 1728 quandiu
2811 1657 2938 1730 ipse
2999 1657 3312 1727 advixerit,
3341 1663 3398 1714 et
3422 1659 3715 1731 praedicta
3773 1658 3902 1728 ejus

457 1773 696 1826 eorum;
889 1758 1170 1814 eamdem
1209 1759 1524 1817 ecclesiam
1551 1759 1625 1814 de
1666 1755 1968 1813 “7alverio
2229 1743 2356 1799 0(18.
2386 1761 2554 1813 uxor,
2582 1751 2906 1818 utrumque
2934 1751 3170 1801 teneant
3201 1763 3213 1811 ;
3245 1753 3382 1820 Ροεῐ
3411 1747 3738 1802 decessum
3762 1762 3903 1800 vero

458 1845 763 1902 Gaucelini
791 1850 1012 1911 tenent,
1045 1845 1159 1900 sub
1191 1846 1364 1917 cujus
1373 1847 1548 1918 jussu
1573 1852 1894 1902 etassensu
1919 1841 2118 1912 Sancti

457 1933 686 1990 Martini
723 1933 1040 1990 monachis
1064 1933 1257 1990 venali
1285 1933 1624 1990 conditione
1641 1934 1714 1989 de
1753 1933 1982 2005 reliquo
2015 1931 2118 2002 ha-

455 2021 726 2080 bendam
751 2023 1105 2078 concedunt.
1131 2022 1362 2078 Habent
1408 2011 1769 2095 itaque.......
1803 2027 1858 2078 et
1895 2024 2116 2088 tenent,

458 2115 516 2166 et
545 2111 776 2182 absque
801 2110 922 2166 ulla
952 2111 1365 2182 inquietudine
1411 2111 1664 2182 alicujus
1689 2109 1955 2184 episcopi
2014 2124 2121 2163 seu

461 2199 716 2270 alicujus
745 2199 1007 2255 hominis
1039 2199 1116 2254 ab
1144 2199 1436 2254 hodierna
1463 2200 1559 2255 die
1588 2204 1644 2256 et
1679 2199 1962 2270 deinceps
1987 2214 2118 2256 mo:

460 2287 636 2345 naehi
667 2290 782 2343 Deo
821 2292 878 2344 et
901 2292 1107 2344 sancto
1133 2289 1378 2348 Martino
1403 2289 1550 2344 inibi
1575 2287 1935 2344 famulantes
1973 2305 2122 2360 pra),—

459 2377 646 2442 fatam
669 2376 986 2443 ecclesiam
1013 2382 1068 2442 et
1091 2376 1390 2450 quidquid
1421 2377 1500 2442 ad
1547 2393 1682 2446 eam
1713 2377 2005 2449 pertinere
2037 2376 2119 2447 ri.-

459 2464 651 2531 detur,
685 2481 888 2520 secure
941 2469 1144 2520 tenant
1192 2469 1370 2536 atque
1427 2465 1796 2538 possideant.
1848 2465 2121 2521 Consistit

461 2559 662 2610 autem
679 2554 805 2609 haec
833 2553 1083 2610 ecclesia
1104 2554 1165 2608 in
1192 2569 1351 2626 pago
1374 2553 1796 2610 Vindocinensi
1811 2553 1976 2610 haud
1995 2553 2120 2610 lon-

459 2657 531 2712 ge
557 2641 634 2697 ab
668 2641 803 2714 ipso
831 2645 1027 2696 castro
1059 2641 1338 2713 seposita.
1397 2641 1652 2698 Nomina
1681 2657 1824 2696 vero
1878 2641 2118 2696 testium

457 2730 560 2803 qui
588 2729 666 2785 ad
696 2730 809 2785 hoc
840 2729 1212 2785 audiendum
1251 2729 1528 2801 producti
1577 2729 1820 2784 fuerunt
1875 2729 2118 2784 inferius

457 2817 744 2874 adnotata
763 2817 1170 2873 continentur:
1189 2816 1586 2872 Theodericus
1610 2817 1959 2890 capicerius,
1983 2817 2118 2886 Sigo

456 2911 807 2982 praecentor,
855 2905 1222 2975 Hildegarius
1265 2905 1514 2978 Pupilla,
1547 2906 1838 2971 Giroinus,
1891 2905 2124 2960 Bainal-a

458 2995 572 3050 dus
601 2993 1037 3061 vicedominus,
1067 2993 1349 3050 Girardus
1393 2994 1688 3069 Bodellus,
1719 2993 2056 3068 Gauslinus,
2087 3017 2116 3044 »

1255 3085 1322 3138 ll.

455 3173 544 3228 De
561 3171 995 3227 Jeranivilla-re
1019 3185 1130 3239 per
1153 3172 1494 3238 precariam
1525 3172 1667 3227 dato
1689 3172 1894 3227 Gradu
1905 3172 1990 3240 lfo
2011 3173 2116 3226 mi-

495 3243 610 3314 liti,
628 3247 682 3298 et
699 3241 772 3298 de
784 3241 1087 3314 Pausiaca
1099 3241 1162 3296 in
1181 3245 1720 3314 recompensatione
1738 3242 1812 3300 ab
1829 3259 1892 3300 eo
1915 3243 2076 3300 dato.

983 3350 1129 3402 Ante
1159 3362 1390 3418 annum
1431 3351 1586 3405 1024..

455 3457 762 3528 [Genuam
793 3455 1150 3528 Documents
1175 3455 1526 3528 ineditsisur
1549 3457 1728 3528 l’lu'st.
1759 3457 1838 3528 de,
1859 3457 2114 3528 France,

525 3530 748 3602 ζοῳτιζ
771 3541 910 3602 pag:
945 3531 1033 3602 99,
1081 3525 1166 3602 du
1211 3526 1536 3602 Cartulaire
1579 3527 1654 3583 de
1705 3527 1986 3602 l‘abbaye
2041 3525 2118 3596 de

527 3593 946 3672 Saint-Pérede
975 3597 1294 3668 Chartres.]

525 3727 553 3762 ςς
583 3709 647 3777 In
677 3704 922 3772 nomine
949 3708 1166 3762 sanctae
1196 3709 1253 3763 et
1280 3703 1605 3778 individuae
1657 3705 1990 3784 Trinitatis,
2015 3712 2118 3765 Pa-

453 3794 555 3853 tris
579 3793 871 3867 videlicet,
899 3798 957 3851 et
983 3793 1126 3860 Filii,
1151 3797 1210 3864 et
1234 3793 1484 3866 Spiritus
1529 3797 1739 3864 sancti,
1773 3799 2113 3872 FULBERTUS,

453 3881 650 3941 Gratia
680 3881 782 3948 Dei
831 3881 1285 3956 Qarnotensium
1308 3885 1650 3957 episcopus,
1672 3889 1728 3940 et
1757 3885 1948 3944 abbas
1969 3891 2115 3945 San:

454 3969 530 4028 cti
583 3969 730 4036 Petri
781 3969 1130 4042 monasterii
1179 3973 1575 4042 Maeemanus,
1623 3975 1681 4028 et
1729 3977 2114 4046 congregatio

452 4057 728 4130 fratrum,

528 4169 555 4200 ‹‹
597 4150 813 4210 Notum
841 4161 970 4205 esse
1006 4145 1290 4204 volumus
1349 4152 1570 4204 sanctas
1619 4149 1720 4210 Dei
1751 4153 2020 4208 Ecclesiae
2053 4155 2118 4210 li-

453 4236 690 4308 delibus
721 4235 1034 4306 universis,
1049 4237 1444 4328 praesentibus
1467 4243 1646 4312 atque
1663 4239 1896 4312 futuris,
1921 4245 2114 4328 quali:

2227 1847 2460 1907 eorum,
2493 1839 2548 1888 et
2581 1839 2733 1890 terra
2755 1851 2942 1906 quam
2959 1835 3196 1905 damus,
3229 1839 3284 1890 et
3313 1834 3526 1890 alodus
3542 1836 3675 1906 jam
3709 1835 3902 1891 nomi-

2227 1923 2426 1990 natus,
2450 1921 2651 1994 quieta
2665 1926 2720 1977 et
2747 1921 2936 1976 solida
2967 1922 3045 1977 ad
3073 1939 3218 1976 usus
3237 1923 3482 1976 fratrum
3513 1921 3897 1992 perveniant.

2229 2008 2456 2066 Placuit
2481 2009 2695 2066 iterum
2726 2015 2789 2065 ut
2818 2011 2943 2065 haec
2972 2015 3179 2066 nostra
3213 2010 3530 2066 conventio
3560 2011 3621 2066 in
3653 2011 3902 2066 duabus

2229 2097 2448 2153 chartis
2475 2099 2844 2165 scriberetur,
2875 2114 3136 2170 quarum
3169 2114 3354 2152 unam
3375 2097 3702 2169 praedictus
3731 2097 3901 2153 miles

2228 2187 2492 2255 haberet;
2545 2187 2729 2246 altera
2785 2203 2927 2244 vero
2957 2187 3276 2242 nobiscum
3330 2190 3688 2242 remaneret.
3727 2189 3802 2242 Et
3847 2192 3903 2242 ut

2228 2277 2357 2332 haec
2382 2277 2588 2334 notitia
2607 2281 2960 2350 permaneat
2987 2276 3185 2346 ﬁrma,
3208 2280 3414 2330 nostra
3448 2275 3725 2352 Onomina
3764 2276 3905 2332 assi-

2231 2366 2550 2448 gnavimus
2575 2365 2873 2422 etcomitis
2897 2365 3143 2433 Odonis,
3159 2381 3492 2450 eorumque
3519 2365 3622 2450 qui
3637 2365 3792 2420 huic
3810 2382 3904 2420 ne-

2229 2454 2390 2523 gotio
2408 2453 2670 2508 maxime
2695 2453 3088 2508 interfuerunt
3115 2451 3366 2507 nomina
3396 2451 3899 2508 subnotavimus:

2275 2583 2289 2610 τ
2334 2541 2588 2611 Fulberti
2614 2541 2898 2612 episcopi.

2274 2670 2285 2682 .
2330 2628 2534 2683 Odinis
2566 2629 2816 2684 comitis.

2274 2757 2286 2770 .
2329 2716 2670 2785 Magenardi
2697 2717 2952 2776 abbatis.

2274 2846 2286 2858 .
2329 2805 2595 2861 Durandi
2626 2805 2864 2861 deeani.

2275 2932 2286 2944 .
2328 2893 2574 2951 Arnulﬁ.

2274 3023 2286 3036 .
2328 2981 2630 3039 Marcuini.

2275 3111 2288 3122 .
2331 3071 2602 3127 Richerii.

2329 3159 2664 3229 Beringerii.

2327 3249 2577 3305 Wadrici
2588 3291 2600 3303 .

2273 3381 2284 3394 .
2331 3337 2571 3394 Letaldi.

2272 3471 2284 3483 .
2330 3426 2757 3500 Christophori.

2272 3559 2284 3570 .
2331 3515 2664 3572 Gauzberti.

2272 3650 2284 3661 .
2327 3603 2686 3660 Guinefredi.

2271 3737 2283 3750 .
2327 3692 2568 3751 Otberti.

2271 3826 2282 3838 .
2325 3783 2588 3858 lluberti.‘

2271 3913 2282 3926 .
2326 3871 2586 3928 Huberti.

2271 4005 2283 4017 .
2324 3962 2624 4030 Rodberti,
2659 3966 2716 4017 et
2741 3965 3112 4016 caeterorum.
3137 3983 3167 4010 »

2295 4073 2432 4136 Post
2477 4073 2735 4128 mortem
2781 4068 3029 4141 quidem
3078 4067 3341 4135 Gradulﬁ
3392 4072 3450 4124 et
3505 4070 3710 4126 uxoris
3761 4071 3886 4142 ejus

2227 4159 2387 4228 Odae,
2417 4160 2491 4216 de
2522 4159 2878 4232 supradictis
2897 4157 3063 4214 terris
3079 4157 3269 4228 multa
3287 4157 3448 4226 mala
3465 4159 3738 4232 perpessi
3754 4163 3888 4217 sunt

2225 4249 2510 4306 monachi
2569 4265 2606 4304 a
2646 4246 2995 4322 parentibus
3046 4246 3493 4322 praedictorum,
3549 4247 3886 4304 dicentibus

452 4329 689 4399 terante
709 4330 977 4382 nostram
995 4327 1375 4398 praesentiam
1392 4329 1633 4386 veniens
1652 4331 1820 4390 miles
1841 4327 2114 4408 quidam,
2219 4337 2355 4408 jure
2388 4336 2502 4398 sibi
2523 4341 2860 4410 competere
2889 4335 3056 4408 quod
3084 4340 3362 4408 parentes
3392 4352 3602 4392 eorum
3655 4341 3800 4394 ante
3829 4353 3882 4391 se

451 4415 695 4488 nomine
727 4414 1068 4493 Graduit'us,
1099 4415 1402 4490 humiliter
1457 4418 1733 4490 expetivit
1757 4427 1819 4477 ut
1847 4422 1921 4478 de
1967 4440 2112 4496 qua-
2148 4446 2192 4500 ι)
2227 4425 2335 4485 visi
2359 4429 2498 4482 sunt
2522 4429 2740 4480 tenere.
2794 4423 2957 4480 Unde
3010 4423 3312 4494 monachi,
3362 4423 3659 4480 inﬁnitam
3713 4441 3883 4499 pecu-

452 4505 598 4578 dam
622 4511 778 4578 terra
802 4504 984 4576 nostri
1000 4504 1268 4578 pradicti
1287 4507 1634 4570 monasterii
1647 4511 1982 4580 precariam
2003 4515 2116 4580 sibi

450 4595 804 4662 faceremus,
825 4598 882 4651 et
900 4594 1048 4667 ipse,
1066 4611 1178 4668 pro
1192 4596 1768 4670 recompensatione,
1785 4603 2114 4678 quemdam

2223 4515 2390 4575 niam
2415 4513 2648 4583 dantes,
2671 4513 2934 4581 tandem,
2968 4513 3088 4576 Deo
3117 4512 3464 4586 cpitulante,
3498 4513 3560 4584 in
3591 4515 3722 4572 suis
3779 4513 3882 4570 usi-

2223 4604 2339 4660 bus
2365 4605 2745 4676 retorserunt.

1308 4802 1664 4937 VITA.
1759 4805 2278 4932 SANCTI
2370 4810 3019 4944 AUBERTI

1737 5012 2230 5060 GAMERACENSIS
2273 5014 2569 5059 EPISCOPI
2578 5043 2592 5069 ,

1171 5119 1595 5196 AUGTORE,
1654 5123 1769 5186 UT
1837 5122 2238 5208 VIDETUR,
2288 5129 2616 5209 sANCTo
2681 5127 3148 5190 FULBERTO.

1773 5258 1966 5331 (Apud
2014 5260 2274 5332 Surium,
2303 5265 2366 5318 l3
2398 5263 2560 5334 Dec.)

1086 5457 1473 5514 PROLOGUS.

529 5532 736 5622 Multos
758 5539 1131 5598 saecularium
1154 5545 1354 5612 gloriae
1385 5547 1732 5620 temporalis
1788 5566 1923 5622 spes
1951 5567 2112 5608 vana

459 5621 880 5714 smpti-delusit,
912 5646 1066 5700 quos
1095 5631 1524 5692 immoderatus
1571 5637 1767 5694 laudis
1811 5621 2110 5714 appetitus

457 5707 540 5766 ad
549 5708 900 5795 subeundos
909 5715 1147 5774 labores
1159 5723 1218 5775 et
1225 5721 1533 5783 toleranda
1543 5727 1809 5798 pericula
1818 5707 2107 5799 accendit,

2220 5464 2576 5520 arbitrantes
2598 5479 2659 5519 se
2689 5462 2886 5520 vivere
2915 5468 3049 5537 post
3074 5466 3352 5531 mortem,
3389 5463 3437 5520 si
3489 5463 3586 5519 sui
3613 5461 3865 5520 nominis

2220 5552 2578 5608 memoriam
2606 5552 2672 5612 in.
2696 5558 2966 5625 posteros
2988 5569 3179 5625 usque
3210 5551 3547 5621 dilatarent,
3595 5553 3748 5610 dum
3777 5565 3867 5625 per

2221 5641 2610 5713 triumphales
2636 5643 3034 5716 corruptibilis
3058 5658 3299 5714 pompae
3321 5641 3522 5698 titulos
3539 5641 3750 5699 fabula
3777 5657 3864 5697 eos

2219 5729 2416 5786 inanis
2431 5730 2720 5787 recitaret.
2745 5733 2873 5795 Qua
2897 5747 3099 5787 rerum
3121 5732 3320 5802 specie
3341 5730 3596 5803 quidam
3619 5720 3867 5804 philoso-
