3904 6390
83 274 183 329 357

1460 266 1615 331 VITA
1657 265 1712 319 S.
1755 264 2113 333 AUTEERTL

3385 276 3488 341 358

80 393 337 462 phorum
366 392 600 455 i-nanter
656 389 908 455 excitati,
941 388 1248 460 pepularis
1280 406 1438 443 aurie
1479 387 1729 455 gratiam
1763 392 1808 457 Α
1847 386 2201 453 caligantem
2226 390 2483 449 veritatis
2514 390 2738 449 lumine
2768 391 3215 459 illustrarent,et
3244 395 3498 451 virulen-

80 486 405 552 captantes,
441 480 583 537 dum
617 496 677 533 se
742 479 1014 545 intirmos
1069 478 1389 537 tolerandis
1429 476 1733 530 laboribus

80 571 380 635 sentirent,
413 584 534 623 non
567 566 739 622 simili
770 567 997 633 labore,
1060 567 1161 629 sed
1220 567 1477 623 consorti
1517 580 1730 631 errore,

78 659 150 712 ad
189 657 504 725 scribenda
527 661 689 723 gesta
714 655 1095 715 sazcnlarium
1152 654 1410 711 virorum
1444 671 1506 707 se
1540 652 1733 707 studio

78 746 387 799 accinxere
415 763 426 813 ;
457 745 737 815 qui,dum
771 743 951 798 vitam
984 742 1163 797 aliam
1208 743 1573 811 nesciebant,
1622 742 1735 795 hoc

80 835 188 897 sibi
222 835 301 897 ad
332 834 658 905 quemdam
690 832 858 904 quasi
894 832 1149 886 fructum
1191 831 1573 885 beatitudinis
1600 847 1733 901 pro-

78 924 254 979 iicere
286 924 681 986 mstimabant,
716 923 759 976 si
793 920 1089 975 scribendi
1131 921 1464 987 occasione,
1498 920 1734 989 ingenia

80 1030 199 1066 suae
234 1012 484 1077 solertiae
516 1012 575 1066 in
617 1011 967 1067 memoriam
1023 1010 1273 1081 posteris
1332 1009 1729 1080 reliquissent.

82 1102 197 1165 Sed
218 1102 498 1161 lectorem
532 1116 733 1155 meum
762 1115 939 1169 super
970 1098 1060 1153 his
1114 1098 1363 1151 obsecro
1413 1096 1557 1169 quid
1590 1097 1735 1151 alter

78 1189 265 1257 alteri,
298 1188 441 1260 quid
476 1188 588 1242 sibi
620 1193 863 1258 uterque
898 1186 1163 1258 priestitit
1222 1186 1439 1241 talibus
1472 1185 1678 1239 studiis
1706 1185 1733 1253 ?

79 1278 230 1345 Quid
265 1278 418 1331 enim
452 1277 759 1331 Dardaniis
791 1276 1003 1329 ductor
1031 1280 1131 1329 aut
1157 1274 1404 1335 Rutulus
1434 1274 1596 1330 ferox
1626 1290 1732 1327 suo

76 1367 320 1435 Maroni,
346 1371 445 1427 aut
477 1366 583 1420 istc
613 1364 859 1421 contulit
906 1363 1004 1430 illi,
1040 1380 1176 1417 cum
1232 1379 1481 1433 corpora
1528 1362 1734 1417 vermi-

72 1456 211 1526 bus,
246 1456 478 1511 aniinas
510 1454 723 1509 dedere
754 1453 926 1507 saevis
982 1453 1220 1519 ignibus
1248 1453 1272 1505 '3
1320 1452 1505 1517 Digne
1534 1451 1730 1523 plane,

73 1546 179 1599 sed
210 1544 431 1613 ﬂenda,
491 1559 757 1601 errorum
802 1558 1048 1596 suorum
1090 1541 1487 1599 remuneratio
1523 1540 1533 1593 !
1588 1539 1735 1597 Nihil

74 1635 150 1693 ad
174 1650 379 1697 veram
414 1633 844 1687 beatitudinem
874 1632 999 1685 hzee
1034 1648 1240 1685 eorum
1298 1629 1541 1684 intentio
1583 1630 1735 1701 aspi-

70 1723 247 1789 rabat
273 1738 425 1793 quos
458 1726 687 1777 constat
719 1736 961 1775 suorum
991 1721 1245 1773 fructum
1275 1719 1547 1785 laborum
1575 1735 1733 1791 quae-
1761 1739 1803 1790 Β

78 1813 234 1867 sisse
256 1812 315 1865 in
350 1810 549 1877 rebus,
583 1809 803 1880 quibus
834 1809 997 1865 nulla
1029 1808 1139 1862 sibi
1168 1809 1416 1862 oriretur
1444 1825 1619 1862 causa
1652 1826 1738 1863 sa,-

73 1901 233 1970 lntjs,
269 1917 376 1963 nec
405 1898 695 1971 profuturi
720 1904 917 1952 essent.
945 1898 1018 1951 ad
1055 1897 1404 1952 memoriam
1428 1898 1733 1969 posterita-

76 1991 165 2045 tis.
200 1990 315 2049 Sed
343 1988 485 2060 quia
531 1988 814 2059 scriptum
876 1991 1000 2041 est:
1065 1991 1123 2040 lii
1176 1986 1465 2040 memoria
1518 1991 1736 2055 aeterna

75 2083 251 2134 erunt
275 2078 417 2147 justi
449 2078 635 2144 (I’sal.
673 2077 806 2146 cxi),
852 2076 983 2130 licet
1013 2076 1095 2129 eis
1126 2080 1329 2130 nostra
1362 2075 1579 2128 fraarilis
1612 2092 1736 2129 me-

74 2167 271 2229 moria
298 2182 418 2220 non
459 2165 712 2221 sutliciat
751 2164 829 2219 ad
860 2164 1163 2235 propriam
1199 2163 1447 2231 gloriam
1479 2180 1735 2235 quorum

74 2256 327 2311 nomina
358 2254 417 2307 in
448 2254 597 2307 libro
628 2254 760 2307 vitae
789 2257 925 2306 sunt
952 2252 1188 2323 scripta,
1240 2258 1437 2306 tamen
1486 2253 1737 2321 dignum

74 2347 248 2402 valde
282 2349 369 2399 est
395 2348 450 2397 et
481 2360 712 2397 summe
745 2343 881 2396 utile
922 2360 1129 2397 eorum
1162 2343 1233 2395 ad
1270 2343 1509 2396 laudem
1541 2343 1737 2397 Domi-

75 2435 133 2489 ni
164 2433 462 2499 iniitanda
494 2438 657 2501 gesta
700 2431 953 2485 recolere
981 2448 1239 2502 quorum
1268 2431 1385 2485 vita
1417 2431 1739 2485 sanctitatis

74 2524 391 2594 profutura
422 2526 508 2575 est
558 2520 633 2574 ad
665 2519 1119 2573 :editieationem
1170 2519 1523 2587 legentibus,
1578 2524 1631 2573 et
1661 2519 1737 2573 ad

77 2609 524 2675 mutilationem
578 2608 859 2663 virtutum
926 2606 1327 2667 audientibus.
1384 2608 1560 2675 Igitur
1613 2624 1737 2681 non

78 2700 262 2757 fretus
295 2697 524 2761 solertis
556 2712 667 2767 ope
697 2695 936 2763 ingenii,
969 2696 1069 2748 sed
1105 2694 1354 2764 Spiritus
1386 2694 1574 2749 sancti
1611 2711 1739 2764 gra-

76 2790 153 2853 tia
186 2788 383 2847 tidens
414 2802 510 2841 me
540 2801 715 2856 posse
742 2783 958 2853 juravi,
992 2799 1186 2854 pauca
1206 2783 1452 2854 quidem
1474 2800 1502 2835 e
1537 2783 1737 2851 multis

78 2877 337 2945 scribere
368 2874 653 2947 proposui
687 2890 820 2944 quae
854 2889 957 2943 per
989 2872 1232 2926 beatum
1264 2872 1612 2926 Autbertum
1641 2888 1737 2928 su-

76 2982 269 3037 perna
292 2964 481 3033 gratia
517 2963 593 3016 ad
622 2962 863 3017 laudem
896 2960 986 3023 sui
1036 2966 1090 3016 et
1119 2960 1518 3016 ostensionem
1546 2961 1737 3017 ﬁdelis

78 3056 165 3123 sui
198 3052 561 3119 confessoris
612 3051 857 3118 dignata
910 3054 996 3103 est
1049 3051 1301 3121 operari.
1361 3054 1499 3113 Quze
1560 3049 1737 3104 etiam

78 3141 644 3215 probatissimorum
678 3140 942 3194 virorum
962 3139 1241 3195 relatione
1256 3138 1561 3203 didici,aut
1576 3154 1737 3209 spar-

78 3232 188 3288 sim
220 3232 283 3286 in
325 3230 508 3287 sacris
552 3228 833 3285 chartulis
881 3227 1099 3300 scripta
1154 3227 1362 3300 reperi,
1410 3232 1467 3281 ut
1524 3226 1741 3281 habeat

78 3324 358 3374 sanetum
392 3318 518 3388 ejus
541 3317 856 3385 collegium
883 3316 961 3381 ad
990 3316 1231 3379 laudem
1265 3315 1592 3371 Conditoris
1619 3331 1739 3388 quo

76 3425 135 3463 se
167 3408 270 3475 die
298 3406 551 3461 solemni
577 3406 635 3461 in
676 3404 891 3459 divinis
944 3404 1199 3467 cultibus
1259 3410 1545 3473 exerceat,
1578 3410 1632 3458 et
1664 3403 1741 3458 ad

77 3494 526 3569 temulationem
551 3492 737 3549 sancti
766 3492 961 3564 eperis
986 3509 1107 3564 quo
1137 3492 1561 3562 proﬁciatQua
1592 3492 1649 3547 in
1681 3508 1741 3547 re

78 3584 365 3641 lectorem
396 3599 600 3638 meum
659 3582 907 3635 obsecro
953 3586 1036 3650 ut,
1096 3581 1146 3636 si
1190 3582 1436 3636 fortasse
1486 3582 1743 3645 incultus

79 3690 278 3730 sermo
330 3672 548 3744 peritas
602 3686 777 3726 aures
817 3670 1150 3744 perculerit,
1204 3670 1398 3733 discat
1434 3670 1741 3741 imperitia:

78 3764 323 3829 veniam
363 3762 527 3830 dare,
575 3776 713 3814 cum
770 3760 955 3814 sciam
1005 3760 1063 3813 in
1122 3759 1405 3813 humanis
1474 3760 1743 3830 partibus

79 3852 224 3909 nihil
248 3850 581 3926 perfectum
613 3865 744 3903 esse
771 3866 783 3917 ;
816 3865 923 3903 nec
958 3852 1185 3903 tantum
1208 3847 1739 3921 perieliteturapud

78 3958 217 4009 eum
247 3940 505 3997 audacia
538 3938 847 3994 scribentis
893 3942 1188 4008 quantum
1245 3937 1437 3995 valeat
1486 3937 1744 4005 dignitas

76 4027 456 4102 imperantis.
486 4027 546 4082 Id
578 4043 714 4081 vero
748 4026 927 4080 lector
959 4042 993 4080 a
1020 4026 1192 4080 nobis
1254 4026 1521 4079 curiosus
1552 4025 1743 4099 requi-

77 4135 204 4183 rere
228 4133 357 4181 non
386 4115 561 4170 debet
594 4115 834 4171 utbeati
890 4115 999 4169 viri
1040 4119 1203 4183 gesta
1263 4114 1604 4171 continendi
1657 4131 1745 4170 or-

78 4208 218 4273 dine
243 4206 607 4273 scribantur,
660 4204 929 4271 videlicet
958 4204 1177 4275 quibus
1211 4203 1498 4258 oriundus
1539 4204 1743 4258 natali-

76 4296 217 4367 bus,
253 4295 477 4368 quibus
507 4293 683 4349 initiis
720 4298 925 4349 sancta
956 4293 1223 4361 infantia,
1264 4292 1482 4364 quibus
1514 4292 1743 4347 adoles-

78 4385 273 4440 centia
309 4380 611 4438 miraculis
651 4380 881 4451 claruit,
916 4380 1063 4434 dum
1120 4380 1405 4447 intelligat
1436 4379 1745 4434 miraculo-

76 4489 213 4527 rum
239 4471 373 4541 ejus
406 4486 708 4537 summam
754 4474 809 4524 et
857 4484 1144 4537 magnam
1175 4473 1403 4539 partem
1458 4485 1493 4523 a
1540 4475 1743 4523 nostra

77 4562 295 4631 notitia
326 4560 525 4617 latere.
570 4559 738 4623 Quod
799 4562 951 4612 certe
1002 4556 1255 4611 dubium
1313 4563 1398 4612 est
1448 4564 1641 4611 utrum
1684 4556 1744 4610 id

79 4652 445 4727 scriptorum
478 4647 729 4715 ignaviae
758 4647 972 4701 debeat
997 4645 1277 4717 imputari
1328 4662 1403 4700 an
1424 4646 1585 4714 justo
1648 4645 1745 4715 Dei

72 4734 310 4809 judicio
343 4736 583 4808 ascribi,
607 4736 710 4807 qui
737 4736 941 4791 stellas
964 4734 1191 4790 claudit
1224 4736 1397 4804 quasi
1422 4734 1527 4788 sub
1550 4736 1749 4803 signa-

79 4826 505 4898 culo(Jobix),
552 4824 719 4892 dum,
776 4823 1041 4878 videlicet
1071 4822 1441 4891 exigentibus
1490 4823 1746 4894 peccatis

77 4917 412 4987 malorum,
438 4914 560 4981 vita
585 4912 973 4969 absconditur
998 4912 1318 4966 bonorum.

152 5098 190 5151 Ι.
232 5093 418 5164 Igitur
445 5092 727 5161 humanze
784 5088 1129 5163 perditionis
1190 5092 1406 5145 sortem
1434 5088 1747 5145 miseratus

79 5186 240 5253 Deus
273 5188 333 5238 et
364 5181 654 5237 Dominus
704 5184 903 5237 noster
959 5182 1124 5233 Jesus
1166 5177 1446 5243 Christus,
1492 5179 1745 5249 peractis

77 5279 358 5345 paternae
414 5270 823 5343 dispositionis
877 5267 1290 5334 sacramentis,
1344 5272 1400 5321 et
1426 5268 1503 5323 ad
1531 5268 1749 5323 cuilum

76 5363 390 5433 rediturus
407 5376 752 5431 novamque
784 5358 1035 5414 victricis
1060 5357 1253 5414 carnis
1282 5356 1532 5427 gloriam
1554 5362 1749 5429 pater-

75 5456 173 5509 nis
202 5451 478 5509 vultibus
532 5452 1022 5521 praasentaturus,
1079 5464 1270 5511 novos
1313 5448 1611 5503 nascentis
1651 5452 1749 5505 Ec:

77 5542 279 5599 clesiaz
312 5539 588 5604 cultores,
621 5537 841 5609 quibus
872 5537 1067 5607 gregis
1098 5535 1315 5591 novelli
1338 5553 1479 5591 cura
1506 5537 1750 5593 manda:

78 5638 269 5699 retur,
308 5628 504 5695 elegit.
536 5627 661 5692 Qui,
716 5626 940 5681 lumine
996 5627 1131 5680 tidei
1177 5626 1458 5692 irradiati,
1506 5628 1752 5698 Spiritus

80 5721 286 5793 sancti
310 5732 564 5787 munere
594 5715 779 5782 ditati,
801 5716 1100 5785 mundum
1117 5715 1466 5783 ignorantia:
1498 5716 1753 5777 tenebris

1848 480 1902 529 ta
1923 477 2148 547 antiqui
2179 479 2505 532 sediictoris
2540 480 2770 535 semina
2793 480 2867 536 de
2886 497 3031 550 agro
3067 483 3338 549 Ecclesize
3363 501 3500 541 con-

1845 569 2065 620 stanter
2103 572 2455 633 resecarent.
2514 569 2701 638 Hujus
2753 570 3074 629 Dominicze
3116 572 3500 645 institutionis

1844 659 2214 719 exsecutercs
2245 656 2419 726 primi
2449 657 2742 728 discipuli,
2773 657 2987 714 deinde
3011 676 3381 719 successores
3400 680 3499 725 eo:

1843 758 1997 811 rum,
2033 744 2219 799 sancti
2252 745 2522 801 videlicet
2551 747 2824 802 doctores
2871 748 3217 807 exstiterunt
3256 767 3409 821 quos
3438 752 3502 823 in

1843 830 1959 886 ﬁne
1990 836 2346 888 senescentis
2376 835 2587 897 mundi
2622 836 2697 889 ad
2730 836 3089 901 excolendas
3116 842 3341 905 mentes
3360 839 3503 905 ﬁde.-

1842 918 1989 973 lium
2020 922 2393 991 providentia
2410 922 2609 977 divina
2639 925 3195 994 praeordinavitﬂui
3226 926 3499 997 spiritua:

1842 1006 1988 1062 lium
2022 1009 2236 1064 talenta
2264 1011 2562 1065 donorum
2595 1028 2629 1065 a
2662 1029 2903 1069 summo
2954 1014 3378 1081 Patrefamilias
3402 1033 3499 1087 ac:

1844 1097 2122 1168 cipientes
2154 1103 2226 1163 et,
2260 1100 2625 1170 priedicai‘idi
2660 1103 2918 1171 negotio,
2975 1103 3051 1157 ad
3084 1120 3331 1177 usuram
3379 1106 3503 1162 ani-

1844 1203 2081 1246 marum
2109 1191 2530 1259 expendentes,
2562 1196 2725 1246 tanto
2752 1190 3084 1262 impensius
3136 1193 3501 1265 amplificare

1845 1274 2197 1330 studuerunt
2227 1281 2453 1347 quanto
2485 1277 2759 1332 certiores
2787 1284 2952 1333 erant
2982 1278 3053 1343 de
3076 1281 3501 1345 remuneratio.-

1844 1379 1917 1417 ne
1951 1365 2284 1433 Largiteris,
2320 1370 2374 1421 et
2405 1366 2752 1433 evangelica
2784 1366 3073 1425 sententia
3101 1371 3395 1425 conterriti
3425 1370 3500 1437 de

1844 1451 2229 1518 damnatione
2286 1455 2569 1524 torpentis
2621 1454 2792 1509 servi.
2838 1458 2916 1509 De
2963 1471 3221 1524 quorum
3249 1472 3501 1521 numero

1846 1545 2084 1594 sanctus
2118 1541 2220 1606 vir,
2247 1542 2529 1597 dominus
2563 1543 2880 1601 Autbertus
2898 1547 2953 1596 et
2975 1543 3253 1607 sacerdos
3289 1544 3500 1611 Christi

1844 1629 2325 1698 probatissimiis,
2368 1631 2609 1700 refulsit,
2666 1631 3031 1703 temporibus
3072 1632 3386 1700 Dagoberti
3416 1649 3501 1691 re.-

1846 1718 1933 1786 gis
1968 1721 2330 1789 Francorum
2378 1720 2602 1791 inclyti.
2639 1721 2766 1790 Qui,
2799 1721 2875 1775 ab
2928 1720 3070 1790 ipsis
3095 1738 3277 1776 sacras
3308 1723 3501 1793 pueri.-

1845 1807 1936 1861 tize
1968 1807 2158 1875 annis,
2196 1824 2457 1879 superna
2487 1810 2673 1876 gratia
2708 1810 3002 1881 aspiratus
3049 1826 3310 1867 annoses
3338 1811 3499 1883 viros

1845 1896 2061 1950 sanctis
2090 1897 2339 1967 prieibat
2365 1898 2657 1953 moribus.
2691 1898 3057 1955 Litteralibus
3085 1898 3342 1971 denique
3383 1904 3499 1965 stu-

1843 1983 1955 2038 diis
1988 1985 2234 2039 traditus
2268 1990 2321 2040 et
2350 1986 2767 2041 ecclesiasticis
2793 1987 3201 2043 sanctionibus
3226 1987 3500 2046 decenter

1842 2071 2217 2139 informatus,
2250 2092 2355 2146 per
2384 2076 2604 2144 gradus
2635 2076 2902 2144 singulos
2935 2076 3270 2147 proficiens,
3304 2094 3502 2141 succe:

1844 2161 2121 2216 dentibus
2143 2163 2423 2217 virtutum
2478 2164 2872 2233 incrementis,
2932 2170 3247 2235 provectus
3295 2172 3382 2222 est
3422 2167 3500 2237 ad

1845 2251 2081 2319 culmen
2114 2254 2495 2311 sacerdotalis
2520 2254 2781 2309 honoris.
2822 2257 2898 2308 Ex
2931 2260 3101 2323 gente
3130 2256 3328 2327 itaque
3347 2262 3501 2321 sorte

1844 2341 2110 2397 mortalis
2137 2346 2360 2395 naturae
2395 2343 2638 2411 contigit
2693 2342 2996 2398 Albertum
3057 2344 3501 2411 Cameracensis

1848 2429 2004 2487 sedis
2038 2430 2409 2501 episcopum,
2442 2431 2711 2502 deposito
2762 2430 2955 2485 carnis
3013 2448 3212 2501 onere,
3259 2433 3332 2488 de
3388 2435 3501 2488 hoc

1844 2520 2072 2585 mundo
2096 2519 2416 2579 transiisse.
2454 2520 2661 2585 Divina
2712 2519 2887 2588 igitur
2912 2520 3255 2590 operatione
3288 2526 3500 2589 cuncta

1846 2607 2155 2662 salubriter
2184 2608 2557 2679 disponente,
2588 2608 2903 2673 Autbertns
2938 2608 3021 2675 vir
3043 2609 3404 2680 conspicuus
3437 2613 3493 2673 et

1847 2712 2154 2750 successor
2188 2697 2488 2766 emeritus,
2522 2696 2842 2767 proﬁciens
2874 2697 2947 2751 de
3001 2696 3207 2763 virtute
3234 2697 3293 2767 in
3324 2697 3501 2767 virtu.-

1846 2788 1982 2850 tenl,
2012 2784 2283 2853 ejusdem
2314 2785 2470 2839 sedis
2488 2785 2891 2856 pontiﬁcalem
2924 2786 3160 2849 sortitus
3190 2790 3277 2840 est
3306 2784 3500 2855 digni-

1844 2879 2044 2939 tatem.
2078 2878 2255 2939 Porro
2286 2876 2567 2931 humanae
2592 2876 2796 2931 salutis
2826 2880 3060 2942 Auctor,
3090 2876 3353 2947 preseius
3393 2891 3498 2931 an-_

1846 2962 2077 3032 tiquum
2100 2963 2331 3021 hostem
2350 2968 2510 3018 tanto
2538 2964 2840 3019 ardentius
2870 2980 3108 3033 gregem
3130 2965 3503 3035 Dominieum

1846 3050 2254 3106 insecuturum
2284 3058 2512 3124 quanto
2543 3052 2811 3119 vicinius,
2841 3052 3094 3108 instante
3132 3054 3252 3108 tine
3282 3053 3502 3121 saeculi,

1850 3140 2020 3194 sciret
2049 3140 2194 3194 nihil
2225 3156 2533 3210 superesse
2565 3141 2729 3211 quod
2762 3142 2838 3195 ad
2872 3141 3225 3207 tentandum
3275 3142 3501 3211 artibus

1852 3228 1972 3282 suis
2007 3228 2247 3284 ulterius
2288 3229 2594 3299 potuisset,
2652 3228 2939 3283 adversus
2998 3230 3326 3300 tyrannidis
3378 3231 3506 3301 ejus

1850 3316 2167 3388 imperium
2192 3316 2457 3372 validum
2512 3317 2874 3373 defensionis
2906 3317 3078 3371 nobis
3109 3318 3344 3389 paravit
3372 3319 3509 3375 obs:

1852 3405 2296 3476 taculum,dans
2324 3405 2498 3461 nobis
2526 3405 3175 3474 Autbertum,viilelicet
3205 3407 3399 3475 gregis
3416 3406 3506 3475 sui

1850 3502 2151 3567 pastorem
2184 3496 2703 3565 vigilantissimum
2736 3501 2789 3551 et
2820 3496 3131 3553 custodem
3164 3498 3505 3567 animarum

1850 3584 2226 3640 ﬁdissimum.

1924 3677 1986 3728 ΙΙ.
2023 3672 2381 3727 tionstitutus
2414 3676 2613 3730 autem
2640 3672 2701 3727 in
2746 3672 2883 3726 sede
2916 3671 3262 3742 pontiﬁcali,
3310 3672 3503 3743 qualis

1853 3765 2225 3833 quantusque
2260 3762 2319 3815 in
2350 3778 2420 3815 ea
2444 3760 2668 3830 vixerit,
2704 3777 2823 3816 non
2856 3765 2941 3814 est
2966 3766 3181 3815 nostrze
3213 3761 3507 3832 possibilie

1852 3851 1983 3906 tatis
2010 3850 2298 3904 evolvere.
2332 3848 2515 3904 Altius
2556 3849 2715 3904 enim
2770 3849 2987 3903 eminet
3012 3866 3197 3922 quam
3243 3850 3360 3904 ullo
3392 3866 3506 3903 ser-

1854 3954 2030 3993 mone
2062 3937 2281 3994 iucludi
2312 3937 2521 3993 valeat.
2580 3938 2864 3993 Animalis
2913 3938 3070 3995 enim
3110 3938 3292 3993 homo
3326 3937 3508 4011 perci-

1854 4042 1991 4097 pere
2022 4042 2141 4080 non
2169 4030 2361 4097 potest
2393 4030 2653 4097 quantus
2685 4026 2779 4081 liic
2803 4028 2973 4082 fuerit
2997 4027 3055 4082 in
3078 4028 3263 4082 oculis
3291 4026 3511 4081 summi

1856 4114 2164 4177 Creatoris,
2200 4114 2294 4169 cui
2324 4114 2469 4169 nihil
2500 4119 2625 4169 erat
2678 4131 2995 4170 commune
3046 4132 3184 4171 cum
3228 4114 3509 4179 amatori-

1854 4203 1969 4259 bus
1999 4203 2231 4273 mundi,
2259 4208 2471 4274 prieter
2502 4203 2667 4275 quod
2690 4221 2845 4258 curre
2872 4205 3156 4275 pastorali
3199 4204 3511 4267 necessitu-

1856 4291 1993 4347 dine
2026 4292 2339 4346 videbatur
2370 4292 2583 4346 arctari
2618 4311 2628 4355 ;
2663 4309 2848 4362 quam
2900 4293 2945 4346 si
3002 4294 3290 4349 inott‘ense
3340 4290 3513 4346 decli-

1857 4396 2000 4447 nare
2033 4380 2342 4452 potuisset,
2376 4396 2517 4435 vera
2548 4380 2694 4436 tides
2727 4386 2815 4435 est
2842 4380 2983 4451 quia
3029 4397 3296 4436 eremum
3314 4380 3508 4451 potius

1857 4486 2041 4542 quam
2069 4468 2495 4524 monasterium
2518 4468 2849 4535 delegisset.
2883 4467 3512 4539 Frequentabaturigi-

1855 4565 1947 4615 tur
1976 4576 2010 4625 a
2037 4557 2293 4630 populis,
2328 4574 2399 4610 ex
2425 4556 2629 4611 vicinis
2660 4562 2715 4609 et
2739 4558 2945 4627 procul
2975 4558 3216 4617 remotis
3259 4556 3509 4623 urbibus

1855 4646 2197 4702 catervatim
2248 4645 2324 4699 ad
2384 4661 2521 4711 eum
2572 4644 3031 4699 conﬂuentibus.
3095 4644 3225 4712 Qui,
3281 4644 3511 4707 eximite

1855 4733 2318 4791 conversationis
2366 4733 2527 4788 fama
2555 4732 2806 4800 excitati,
2852 4731 3047 4788 videre
3078 4748 3215 4786 eum
3242 4732 3415 4795 anxie
3444 4732 3515 4787 si-

1858 4825 2255 4881 tiebant.Jam
2305 4839 2464 4893 vero,
2520 4821 2632 4877 nisi
2684 4838 2859 4877 sexus
2917 4821 3176 4876 alternus
3202 4820 3507 4893 impediat,

1856 4930 1994 4969 eum
2024 4928 2293 4985 personae
2325 4911 2593 4980 dignitati
2622 4910 2836 4981 faveat,
2862 4909 3346 4982 videasreginam
3368 4913 3512 4965 Aus:

1856 5004 1927 5060 tri
1956 5003 2257 5076 requirere
2288 5002 2644 5074 sapientiam
2692 5000 3044 5068 Salomonis,
3073 5015 3273 5069 regem
3316 4998 3554 5061 videlir

1856 5098 1948 5148 cet
1972 5092 2347 5148 festinantem
2366 5092 2444 5146 ad
2474 5090 2747 5147 consulta
2784 5088 3098 5162 pontiﬁcis.
3144 5093 3289 5145 Nam
3318 5092 3512 5158 Dege-

1856 5182 2077 5250 bertus,
2102 5181 2204 5253 qui
2236 5187 2373 5235 tunc
2407 5180 2688 5252 temporis
2714 5180 2863 5234 inter
2919 5178 3315 5249 Francigenas
3348 5177 3516 5249 regni

1858 5271 2273 5327 menarcliiam
2300 5270 2561 5339 regebat,
2594 5269 2993 5326 celeberrima:
3037 5268 3336 5341 opinionis
3367 5286 3517 5326 nun-

1858 5361 1951 5415 tiis
1979 5360 2164 5415 semel
2194 5360 2500 5424 excitatus,
2564 5358 2836 5429 deposito
2884 5357 3041 5413 fastu
3078 5357 3293 5427 regalis
3323 5359 3516 5415 excel-

1858 5449 2072 5517 lentiae,
2103 5450 2311 5505 crebro
2356 5448 2430 5503 ad
2483 5462 2619 5501 eum
2675 5446 2955 5502 veniebat
3003 5451 3077 5515 et,
3114 5446 3248 5502 licet
3306 5446 3519 5505 terreni

1858 5538 2027 5609 regni
2057 5539 2306 5611 imperio
2350 5536 2726 5606 sublimatus,
2758 5537 3035 5609 cupiebat
3067 5542 3265 5592 tamen
3294 5536 3368 5592 de
3410 5554 3523 5594 ete-

1859 5627 1987 5682 lesti
2017 5629 2406 5701 acquisitione
2436 5642 2469 5679 a
2496 5626 2623 5680 viro
2662 5628 2755 5681 Dei
2812 5628 3111 5682 aediﬁcari.
3144 5626 3253 5691 Qui
3285 5642 3427 5683 cum
3454 5643 3521 5682 eo

1861 5718 1937 5774 de
1960 5718 2306 5791 temporalis
2344 5716 2511 5785 regni
2541 5716 2954 5788 sollicitudine,
2993 5718 3067 5787 de
3113 5716 3294 5787 futuri
3320 5711 3525 5789 siecnli
