3958 6410
429 289 533 342 359

1490 283 1545 338 S.
1588 278 1926 338 FULBERTI
1965 277 2446 337 CARNOTENSIS
2486 282 2813 339 EPISCOPI

3772 274 3873 343 860

425 398 922 476 beatitudine,'de
948 407 1154 479 judicii
1185 410 1369 473 metu,
1403 405 1478 461 de
1505 422 1609 479 spe
1627 404 1968 461 aeternitatis
1998 404 2087 460 fa-
2123 406 2173 459 Α
2201 405 2279 460 ad
2344 405 2733 463 invisibilium
2790 407 2975 463 ﬁnem
3054 406 3503 481 pertrahebant,
3553 407 3723 477 dum,
3769 423 3874 481 per

428 498 646 553 miliari
699 497 999 569 colloquio
1058 498 1475 568 praemoneret,
1536 494 1631 550 ille
1686 510 1824 550 cum
1850 493 2099 549 liventer

428 586 713 643 audiebat
751 591 806 642 et
839 585 1045 642 audito
1093 602 1164 640 eo
1194 583 1389 640 multa
1419 583 1710 651 faciebat;
1735 599 1879 651 non,
1900 587 1964 638 ut
2010 582 2099 637 in-

427 680 629 732 cestus
662 675 924 730 Herodes
966 673 1285 729 videbatur
1342 672 1602 728 audiisse
1657 675 1949 727 Joannem
2008 686 2098 726 ar-

428 768 731 835 guentem,
761 763 865 819 sed
890 762 1166 818 Ezechias
1198 761 1391 816 ﬁdelis
1412 761 1628 816 Isaiam
1660 760 2091 816 consolantem.

427 857 647 910 Verum
672 853 950 909 aestimati
981 867 1104 907 non
1129 856 1324 924 potest
1361 856 1589 922 quanto
1637 851 1794 920 regis
1853 849 2092 905 animus

425 943 757 1001 resultabat
786 941 1008 1011 gaudio
1037 940 1204 1013 quod
1233 940 1381 995 tanti
1412 940 1521 995 viri
1578 940 1837 1012 hospitio
1888 938 2090 1011 recipi,

425 1032 841 1089 benedictione
872 1030 1079 1094 foveri,
1134 1029 1527 1085 collocutione
1567 1028 1883 1084 meruisset
1912 1026 2094 1083 aediﬁ-

424 1121 567 1178 cari.
602 1120 782 1190 Igitur
807 1135 882 1174 ne
908 1118 1177 1187 ingratus
1208 1118 1385 1173 tantis
1414 1117 1719 1173 beneﬁciis
1775 1116 2091 1184 videretur,

424 1209 720 1266 aestuabat
749 1208 952 1263 animo
978 1223 1250 1279 quonam
1284 1207 1469 1262 modo
1494 1206 1740 1261 uberius
1763 1205 1951 1261 sancti
1981 1204 2091 1260 viri

425 1298 681 1369 gratiam
707 1296 815 1351 sibi
849 1295 1209 1351 conciliaret.
1244 1295 1511 1351 Tandem
1543 1311 1581 1350 a
1622 1293 1894 1367 quodam
1915 1293 2089 1349 fami-

425 1386 562 1442 liari
591 1386 723 1457 ejus
754 1383 982 1439 audivit
1009 1384 1123 1438 hoc
1154 1382 1318 1439 nullo
1371 1384 1488 1439 alio
1511 1388 1691 1455 pacta
1744 1382 1975 1438 facilius
2028 1398 2090 1438 se

422 1490 601 1549 posse
631 1472 959 1546 promereri
1016 1488 1201 1543 quam
1236 1472 1286 1526 si
1342 1488 1435 1527 res
1461 1471 1723 1527 ecclesiae
1754 1474 1943 1526 Beata:
1972 1474 2089 1527 Ma-

421 1564 543 1630 riae,
570 1563 668 1619 cui
696 1562 827 1634 ipse
853 1564 1021 1616 Pater
1046 1560 1426 1627 venerabilis,
1461 1564 1580 1616 Deo
1611 1565 1873 1627 auctore,
1892 1560 2089 1615 deser-

420 1652 641 1717 viebat,
670 1650 745 1707 de
777 1666 889 1705 suo
914 1650 1048 1720 jure
1108 1650 1422 1717 augendas
1455 1654 1719 1705 curaret:
1752 1648 1900 1704 nihil
1927 1650 2088 1704 enim

2206 494 2322 551 hoc
2347 495 2514 568 quod
2542 496 2764 551 mirum
2792 496 2934 552 foris
2982 496 3292 566 agebatur,
3327 498 3442 553 hoc
3490 497 3659 571 quod
3716 496 3871 553 intus

2208 584 2572 656 operabatur
2596 584 2928 641 sentiretur.
2972 589 3140 642 Nunc
3183 591 3386 643 autem
3437 586 3581 656 vita,
3636 590 3696 642 et
3749 601 3870 642 non

2208 674 2383 744 signa
2411 674 2736 747 quaerenda
2761 678 2920 745 sunt,
2944 676 3088 749 quia
3131 681 3417 749 operante
3443 678 3564 733 Deo
3592 692 3871 733 numero-

2207 762 2351 819 sitas
2380 763 2650 819 ﬁdelium
2680 763 2957 820 excrevit.
2994 764 3110 821 Sed
3159 781 3236 822 ne
3262 765 3411 821 forte
3458 764 3711 838 quilibet
3760 766 3871 821 hoc

2204 852 2453 909 beatum
2478 853 2830 909 Autbertum
2847 852 3113 924 indigere
3143 854 3459 912 arbritetur
3487 857 3573 924 ut,
3591 854 3672 911 ad
3700 869 3875 911 excu-

2206 942 2463 998 sandam
2507 942 2817 1012 signorum
2870 943 3159 1017 inopiam,
3208 960 3318 1000 nos
3374 944 3450 1000 de
3500 944 3622 1000 vita
3673 943 3875 1017 potius

2203 1048 2391 1105 quam
2447 1032 2522 1087 de
2578 1032 2881 1088 miraculis
2919 1033 3262 1107 loquamur,
3318 1038 3473 1090 certe
3521 1037 3741 1107 praeter
3779 1031 3878 1088 illa

2202 1139 2360 1195 quae,
2389 1126 2455 1178 ut
2478 1122 2829 1193 jactantiam
2878 1122 3110 1192 vitaret,
3169 1122 3507 1188 occultavit,
3566 1137 3769 1195 neque
3816 1120 3876 1176 in

2202 1210 2520 1267 hominum
2571 1209 2846 1266 notitiam
2898 1227 3115 1283 passus
3173 1214 3261 1266 est
3303 1210 3635 1283 pervenire.
3692 1209 3876 1266 Multa

2202 1300 2449 1372 quidem
2511 1303 2654 1355 sunt
2700 1315 2836 1372 quae
2862 1299 3233 1356 -hominibus
3290 1300 3623 1366 innotuere,
3676 1314 3879 1371 neque

2201 1390 2363 1444 enim
2395 1387 2573 1443 celari
2595 1391 2951 1459 potuerunt;
2985 1404 3059 1444 ex
3088 1388 3312 1461 quibus
3365 1387 3651 1444 aestimari
3678 1390 3882 1461 potest

2200 1482 2434 1553 quanta
2462 1477 2562 1533 illa
2617 1478 2838 1534 fuerint
2893 1495 3050 1551 quae,
3092 1483 3240 1535 teste
3278 1478 3467 1548 nullo,
3522 1481 3687 1534 solus
3714 1493 3884 1534 exer-

2202 1567 2339 1623 cuit.
2372 1570 2590 1623 Verum
2621 1567 2782 1623 enim
2807 1583 2945 1623 vero
2974 1584 3115 1623 cum
3176 1566 3480 1641 Scriptura
3503 1566 3664 1622 dicat
3697 1582 3710 1621 :
3744 1566 3883 1621 Glo-

2200 1659 2296 1713 ria
2320 1658 2520 1726 patris
2549 1663 2605 1712 et
2631 1658 2796 1726 ﬁlius
2817 1659 3055 1727 sapiens
3096 1658 3297 1729 (Prov.
3340 1657 3420 1729 x),
3469 1672 3541 1713 ea
3584 1654 3876 1711 ﬁdelibus

419 1740 482 1796 in
510 1740 691 1795 rebus
724 1737 1074 1793 transitoriis
1106 1737 1391 1809 episcopo
1417 1737 1652 1809 placere
1684 1742 1898 1809 praeter
1919 1737 2087 1816 quod
2126 1751 2167 1805 Β
2199 1746 2575 1803 auditoribus
2603 1745 2873 1803 sufﬁcere
2903 1750 3181 1819 poterant
3208 1746 3283 1801 de
3335 1746 3465 1802 viro
3496 1746 3599 1801 Dei
3628 1745 3709 1801 ad
3739 1744 3883 1800 insi-

421 1829 857 1903 expenderetur
884 1826 946 1881 in
976 1843 1125 1881 usus
1156 1826 1441 1881 ecclesiae.
1497 1830 1656 1882 Tunc
1710 1842 1835 1894 rex,
1872 1831 1934 1881 ut
1962 1831 2089 1882 erat

419 1919 625 1976 hilaris
640 1917 833 1979 dator,
862 1914 1144 1970 fratribus
1173 1916 1278 1986 qui
1301 1915 1360 1969 in
1394 1915 1653 1970 oratorio
1680 1918 1868 1970 Beatae
1895 1915 2086 1970 Mariae

419 2007 873 2065 famulabantur
901 2020 1091 2058 unum
1120 2003 1337 2072 regalis
1389 2003 1814 2059 muniﬁcentia
1872 2004 2087 2059 ﬁscum

420 2095 671 2153 donavit
695 2095 774 2151 ad
805 2092 1075 2148 subsidia
1096 2091 1451 2163 temporalia
1472 2091 1741 2155 fratrum,
1761 2092 1858 2147 cui
1884 2094 2088 2162 Oveng

419 2183 744 2256 antiquitas
774 2197 997 2237 nomen
1024 2180 1414 2252 imposuerat.
1798 2180 1802 2184 ’

492 2276 583 2328 IlI.
616 2270 725 2327 Sed
750 2285 861 2324 nos
885 2269 1036 2324 dum
1061 2267 1218 2336 regis
1251 2266 1778 2324 mansuetudinem
1807 2268 2087 2323 extollen-

419 2356 499 2441 dp
526 2356 949 2429 praedicamus,
972 2357 1034 2411 in
1062 2355 1191 2411 viro
1236 2355 1336 2411 Dei
1365 2360 1593 2427 quanta
1650 2354 1825 2411 fuerit
1850 2355 2086 2411 humili-

420 2446 556 2502 tatis
590 2445 928 2501 constantia
956 2460 1082 2500 non
1132 2448 1254 2499 tam
1280 2445 1575 2500 aestimare
1614 2444 1863 2516 quilibet
1893 2451 2087 2517 potest

418 2552 608 2609 quam
637 2534 925 2591 admirari
960 2552 972 2601 ;
1015 2534 1140 2606 qui,
1165 2534 1317 2589 inter
1345 2538 1511 2589 tanta
1536 2533 1713 2603 regiae
1736 2535 2081 2603 sedulitatis,

418 2626 585 2682 nullo
608 2625 887 2681 vanitatis
918 2622 1245 2679 tentamine
1274 2623 1651 2695 supplantari
1683 2624 2083 2696 potuit..Quod

415 2716 629 2771 vitium
647 2714 710 2769 in
731 2713 934 2768 multis
955 2712 1211 2767 nimium
1241 2712 1465 2785 experti
1510 2728 1741 2782 sumus,
1798 2729 1952 2785 quos
2006 2714 2085 2769 ad

414 2805 593 2861 unius
631 2801 985 2859 homunculi
1031 2802 1449 2857 salutationem
1506 2805 1610 2857 aut
1658 2801 2083 2858 simulatricem

416 2892 825 2948 adulationem
846 2890 1052 2945 videas
1084 2889 1255 2945 facile
1290 2890 1590 2959 jactantize
1625 2890 1834 2963 spiritu
1864 2890 2079 2946 inﬂari.

417 2981 530 3047 Qui
560 2981 610 3035 si
636 2980 839 3051 aliqua
896 2977 1092 3047 ﬁgura
1143 2978 1235 3033 vel
1283 2978 1432 3033 falsa
1483 2978 1799 3033 hominum
1823 2979 2083 3035 aestima-

414 3069 575 3124 tione
606 3068 795 3137 egisse
826 3067 1181 3134 diccrentur,
1214 3066 1423 3137 procul
1453 3066 1637 3121 dubio
1670 3084 1730 3122 se
1757 3069 2082 3139 prophetas

415 3159 797 3221 aestimarent,
830 3173 970 3211 cum
995 3156 1158 3211 dona
1186 3172 1310 3211 non
1332 3156 1719 3228 accepissent.
1764 3158 1878 3213 Sed
1916 3158 2082 3215 nullo

415 3247 683 3320 impulsu
714 3244 1015 3317 jactantiae
1065 3244 1142 3300 ab
1194 3261 1329 3300 arce
1388 3245 1738 3300 humilitatis
1769 3246 1854 3301 vir
1884 3247 2080 3317 justus

416 3336 592 3407 dejici
614 3338 869 3407 poterat,
903 3334 996 3388 cui
1029 3332 1208 3388 etiam
1266 3334 1402 3405 ipsa
1434 3333 1789 3405 pontiﬁcalis
1836 3336 2080 3390 honoris

414 3424 772 3490 sublimitas,
804 3440 939 3495 quae
958 3422 1256 3494 plerisque
1296 3438 1537 3494 pompae
1584 3422 1849 3479 fomenta
1877 3424 2083 3479 minis-

412 3519 566 3571 trare
599 3513 764 3580 solet,
803 3512 937 3584 plus
978 3512 1331 3582 abjectionis
1379 3512 1695 3567 materiam
1735 3513 2074 3584 praestabat.

418 3604 570 3669 Quin
601 3603 781 3658 etiam
811 3618 950 3656 cum
981 3600 1331 3673 aliquando,
1394 3617 1466 3656 ex
1521 3602 1835 3657 occasione
1876 3604 2077 3673 cujus-

410 3692 555 3748 dam
588 3691 880 3751 miraculi.
912 3690 1143 3745 clamor
1173 3690 1772 3762 populiexcitaretur,
1797 3691 1890 3747 ille
1917 3692 2080 3748 altio-

408 3782 459 3838 ri
489 3781 739 3837 consilio
770 3780 931 3847 vulgi
981 3779 1377 3835 admiratione
1431 3796 1814 3852 compescere
1854 3781 2078 3837 niteba-

410 3875 524 3937 tur,
557 3887 710 3941 opus
738 3868 885 3923 illud
916 3868 1120 3923 dicens
1151 3884 1274 3923 non
1331 3886 1453 3924 suae
1510 3870 1694 3925 fuisse
1752 3870 1912 3938 ﬁdei,
1972 3871 2078 3925 sed

409 3958 627 4014 divinae
652 3957 904 4021 virtutis,
927 3958 1021 4028 pie
1046 3974 1253 4012 secum
1282 3963 1570 4029 reputans
1603 3959 1919 4015 meliorum
1946 3976 2075 4015 esse

408 4045 768 4102 inﬁrmitatis
792 4044 1217 4100 conscientiam
1248 4045 1533 4101 virtutum
1562 4047 1842 4117 vanitate,
1859 4052 2074 4103 utcum

408 4133 692 4207 Apostolo
722 4132 1039 4188 videbatur
1067 4132 1263 4187 dicere
1296 4150 1307 4186 :
1341 4135 1621 4190 Libenter
1674 4136 1983 4205 gloriabor
2011 4139 2074 4193 in

409 4222 859 4293 inﬁrmitatibus
907 4223 1068 4290 meis,
1142 4227 1204 4276 ut
1264 4222 1555 4279 inhabitet
1604 4226 1664 4279 in
1721 4239 1813 4280 me
1882 4227 2073 4281 virtus

409 4314 643 4370 Christi
669 4311 730 4383 (Ι
755 4313 894 4368 Cor.
925 4312 1046 4381 χιι).

2198 1851 2314 1905 gne
2344 1834 2591 1906 virtutis,
2624 1851 2760 1908 quae
2802 1850 2909 1907 per
2936 1834 3265 1891 imitatores
3288 1849 3433 1889 suos
3468 1833 3660 1902 egisse
3711 1832 3878 1888 vide-

2196 1929 2311 1993 tur,
2343 1924 2487 1998 quia
2515 1925 2631 1981 hoc
2658 1924 2737 1980 ab
2766 1925 2899 1997 ipso
2927 1923 3038 1979 sibi
3089 1926 3451 1995 acceperunt
3478 1921 3647 1994 quod
3678 1921 3877 1992 signis

2197 2017 2255 2069 et
2279 2013 2584 2069 miraculis
2614 2014 2972 2079 enituerunt,
3010 2011 3178 2085 quod
3206 2009 3422 2067 mundi
3450 2008 3708 2079 gloriam
3762 2008 3878 2064 cal-

2197 2102 2421 2173 cantes,
2453 2107 2511 2158 et
2539 2101 2735 2158 carnis
2763 2100 3074 2156 illecebras
3104 2099 3494 2165 declinantes,
3541 2098 3762 2170 spretis
3794 2114 3877 2153 re-

2193 2208 2332 2247 rum
2382 2190 2894 2264 possessionibus,
2960 2189 3069 2246 soli
3135 2187 3437 2247 Conditori
3503 2190 3628 2243 toto
3687 2186 3874 2243 corde

2196 2279 2599 2335 adhaeserunt.

2266 2459 2328 2512 V.
2360 2455 2475 2513 Sed
2534 2454 2679 2528 quia
2709 2454 2949 2525 signum
2988 2452 3064 2509 de
3113 2451 3263 2508 coelo
3312 2455 3648 2523 quaerentes
3681 2467 3721 2509 a
3751 2454 3866 2508 Do-

2193 2546 2385 2617 mino,
2416 2545 2657 2615 signum
2680 2548 2841 2600 Jonas
2873 2543 3229 2610 audierunt;
3262 2541 3366 2616 qui
3397 2545 3600 2598 tamen
3620 2542 3869 2613 signum

2192 2639 2355 2692 Jonas
2383 2650 2420 2690 a
2464 2633 2716 2689 mortuis
2757 2632 3123 2703 resurgentis
3166 2646 3291 2687 non
3337 2630 3722 2687 crediderunt
3766 2647 3870 2705 per

2192 2727 2540 2781 revocatum
2562 2722 2872 2778 hominem
2901 2721 3077 2795 quasi
3099 2721 3175 2778 de
3205 2724 3412 2776 ventre
3443 2719 3553 2776 ceti
3590 2720 3863 2777 inferna-

2190 2813 2284 2881 lis,
2318 2811 2635 2885 pensanda
2691 2815 2831 2866 sunt
2880 2811 3094 2867 merita
3143 2810 3302 2867 beati
3350 2807 3674 2883 pontiﬁcis.
3732 2813 3866 2866 Erat

2191 2917 2461 2973 namque
2486 2900 2547 2955 in
2577 2899 2826 2955 ecclesia
2852 2901 3045 2956 Beatae
3067 2900 3278 2967 Mariae,
3310 2916 3447 2973 quae
3472 2898 3624 2955 intra
3658 2915 3868 2956 muros

2191 2990 2530 3046 Cameracaa
2561 2989 2719 3045 sedis
2746 2993 2835 3044 est
2859 2993 3223 3053 constructa,
3256 3004 3406 3061 puer
3451 2987 3733 3062 quidam,
3766 3003 3864 3043 no-

2121 3100 2162 3156 ρ
2187 3079 2325 3137 bilis
2354 3079 2677 3151 prosapiae,
2706 3078 2767 3133 in
2792 3077 2932 3133 villa
2961 3082 3124 3134 ortus
3153 3094 3289 3151 quae
3344 3076 3424 3133 ab
3452 3076 3663 3133 incolis
3683 3076 3861 3133 Vallis

2189 3183 2414 3226 nomen
2446 3167 2694 3240 accepit,
2726 3167 3026 3223 vocabulo
3076 3167 3464 3234 Landelinus,
3516 3182 3703 3240 quem
3765 3181 3860 3238 pa-

2189 3262 2412 3326 rentes,
2436 3256 2599 3312 fonte
2625 3255 3002 3328 baptismatis
3059 3255 3481 3312 innovandum
3507 3260 3566 3311 et
3592 3254 3673 3311 ob
3721 3270 3858 3311 sua-

2188 3363 2325 3403 rum
2354 3346 2606 3401 salutem
2640 3345 2981 3401 animarum
3014 3345 3344 3417 disciplinis
3375 3344 3560 3400 sacris
3586 3343 3857 3400 imbuen-

2188 3436 2359 3501 dum,
2388 3436 2565 3491 beato
2596 3434 2880 3491 Autberto
2911 3434 3305 3491 tradiderunt.
3336 3433 3468 3501 Qui,
3494 3433 3630 3489 licet
3659 3433 3855 3489 adhuc

2188 3529 2406 3581 tenerae
2446 3524 2636 3579 aetatis
2686 3524 3031 3579 inﬁrmitate
3089 3522 3390 3591 detentus,
3448 3521 3857 3595 praetendebat

2188 3614 2460 3671 moribus
2485 3614 2768 3687 quaedam
2820 3613 2993 3684 signa
3046 3612 3259 3669 futurie
3303 3613 3654 3669 sanctitatis.
3699 3614 3853 3679 Qua-

2186 3703 2463 3759 mobrem
2490 3702 2773 3774 antiquus
2825 3700 3078 3757 humani
3137 3701 3370 3771 generis
3418 3700 3722 3770 inimicus,
3755 3699 3855 3773 qui

2187 3791 2266 3847 ab
2296 3791 2462 3847 initio
2495 3790 2669 3846 bonis
2695 3789 2929 3846 actibus
2957 3790 3229 3846 resistere
3261 3789 3585 3857 contendit,
3618 3789 3851 3845 invidiae

2187 3880 2421 3936 facibus
2473 3895 2764 3935 accensus
2821 3883 3027 3935 contra
3074 3878 3237 3934 hunc
3304 3878 3367 3935 in
3427 3878 3755 3935 tentatione
3794 3894 3850 3933 se

2183 3969 2350 4036 rexit,
2383 3973 2685 4041 quatenus
2718 3971 2775 4023 et
2803 3968 2981 4023 beato
3009 3967 3138 4023 viro
3191 3967 3416 4024 laboris
3466 3968 3557 4023 sui
3587 3967 3849 4024 fructum

2185 4058 2475 4114 adimeret
2498 4062 2554 4113 et
2577 4073 2834 4130 puerum
2874 4056 3082 4113 mortis
3111 4056 3357 4113 vulnere
3394 4056 3709 4114 sauciaret.
3742 4059 3847 4112 Fu-

2182 4151 2383 4203 turum
2414 4147 2576 4203 enim
2606 4147 2911 4203 metuebat
2939 4163 3013 4203 ne
3044 4163 3152 4220 per
3195 4147 3671 4205 conversationis
3722 4148 3772 4219 ej
3785 4164 3846 4202 us

2184 4238 2462 4311 exempla
2490 4237 2662 4293 multi
2685 4237 2829 4293 olim
2860 4238 3259 4294 excitarentur
3287 4238 3366 4295 ad
3395 4254 3677 4295 normam
3703 4238 3845 4309 justi

2183 4328 2381 4400 operis
2415 4326 2890 4399 exsequendam.
2948 4327 3063 4383 Sed
3113 4327 3275 4383 unde
3330 4328 3517 4384 hostis
3573 4327 3843 4400 impurus

480 4406 565 4459 IV.
600 4403 765 4458 Unde
790 4402 904 4457 nisi
933 4401 1225 4501 hodierna
1262 4400 1446 4501 l’atris
1495 4402 1681 4459 nostri
1728 4404 2072 4461 solemnitas
2110 4449 2157 4505 Β
2186 4416 2509 4474 adversum
2548 4416 2793 4472 beatum
2813 4417 3167 4473 Autbertum
3199 4434 3325 4473 sum
3355 4416 3596 4474 malitia;
3626 4432 3842 4473 ausum

404 4494 467 4549 in
496 4492 781 4549 landibus
813 4491 985 4561 Regis
1036 4491 1277 4565 superni
1329 4507 1443 4548 n05
1487 4494 1764 4550 attentius
1824 4496 2075 4565 astringi
2110 4491 2155 4505 υ
2185 4505 2482 4577 excitavit,
2513 4505 2651 4561 inde
2690 4509 2747 4561 et
2774 4505 3033 4561 victoriae
3078 4506 3462 4563 occasionem
3482 4506 3707 4562 invitus
3736 4505 3839 4561 mi-

405 4586 837 4653 commoneret,
870 4597 993 4648 eos,
1024 4582 1310 4637 nimirum
1364 4598 1519 4655 quos
1564 4584 1856 4640 adversus
1896 4602 2070 4641 sanc-

404 4676 531 4729 tum
562 4672 755 4727 virum
781 4672 1150 4743 requirentes
1182 4671 1357 4740 signa
1413 4672 1804 4729 scandalizari
1835 4674 2071 4729 audivi-

404 4778 562 4831 mus,
610 4764 958 4833 oportuerat
1032 4760 1388 4831 evangelicae
1442 4761 1771 4818 severitatis
1828 4763 2070 4819 verbere

403 4850 711 4917 contundi,
736 4866 874 4923 quae
906 4849 1050 4905 dicit
1081 4866 1093 4904 :
1126 4850 1442 4905 Generatio
1490 4852 1656 4907 maia
1682 4856 1735 4908 et
1789 4852 2071 4909 adultera

401 4942 637 5011 signum
670 4941 888 5012 quaerit
911 4939 1152 5008 (Matth.
1180 4939 1305 5011 xn),
1366 4943 1431 4994 ut
1478 4939 1834 4996 Pharisiacei
1866 4940 2069 4997 livoris

401 5028 545 5084 vitio
575 5028 655 5084 ad
701 5044 925 5101 purum
973 5032 1239 5095 excocto,
1285 5026 1428 5083 ﬁdei
1476 5029 1834 5099 evangelicae
1885 5030 2071 5086 verba

401 5122 763 5189 pensarent;
820 5134 977 5190 quae,
1047 5118 1175 5189 ipse
1228 5121 1439 5173 auctor
1488 5118 1818 5189 signorum,
1872 5119 2063 5176 dixit:

405 5206 519 5272 Qui
554 5208 617 5261 in
642 5222 734 5261 me
762 5207 972 5273 credit,
1006 5222 1189 5276 opera
1219 5221 1353 5278 quae
1397 5223 1501 5277 ego
1524 5209 1686 5277 facio
1716 5213 1773 5264 et
1817 5209 1942 5278 ipse
1964 5211 2067 5279 fa-

402 5295 533 5361 ciet,
567 5301 621 5351 et
651 5298 888 5364 majora
914 5294 1124 5351 horum
1148 5296 1333 5365 faciet
1366 5296 1561 5367 (Joan.
1606 5297 1746 5369 xw).
1781 5300 1870 5368 Ut,
1900 5298 2067 5353 vide-

400 5382 535 5438 licet
607 5382 981 5437 cessantibus
1030 5384 1420 5440 exterioribus
1486 5385 1791 5441 miraculis
1843 5385 2066 5459 quibus

402 5470 546 5525 olim
586 5468 858 5524 carnales
905 5469 1061 5523 oculi
1112 5476 1167 5526 et
1215 5473 1440 5545 inﬁrmi
1486 5474 1787 5530 auditores
1834 5474 2065 5545 indige-

401 5557 570 5621 bant,
596 5556 724 5624 jam
757 5552 1001 5608 tandem
1056 5557 1357 5616 discerunt
1394 5562 1599 5632 vitam,
1653 5567 1709 5618 et
1738 5578 1859 5618 non
1893 5564 2066 5633 signa

401 5658 656 5716 pensare
687 5661 699 5710 ;
726 5659 864 5715 quae
894 5641 1071 5709 longe
1129 5649 1338 5703 melius
1364 5652 1599 5721 proﬁcit
1635 5653 1710 5708 ad
1744 5654 2067 5710 aemulatio-

402 5746 542 5786 nem
572 5729 859 5786 virtutum
890 5743 1076 5799 quam
1122 5737 1384 5791 ostensio
1438 5742 1839 5811 corporalium
1892 5742 2066 5798 mira-

403 5819 695 5876 culorum.
727 5815 1073 5875 Visibilibus
1100 5822 1258 5878 enim
1304 5825 1676 5885 audientium
1708 5831 1892 5887 corda
1919 5831 2063 5887 olim

2179 4594 2470 4650 nistravit.
2501 4597 2650 4651 Nam
2679 4594 2823 4667 quia
2854 4594 2969 4651 sub
2996 4595 3261 4652 districta
3310 4595 3547 4668 providi
3577 4592 3839 4666 magistri

2178 4699 2434 4740 censura
2459 4699 2612 4757 puer
2669 4684 2868 4739 adhuc
2924 4684 3201 4740 modicus
3246 4684 3557 4756 agebatur,
3598 4700 3673 4740 ex
3723 4698 3838 4757 quo

2177 4771 2345 4829 nulla
2365 4772 2479 4829 sibi
2526 4772 2855 4829 insolentiae
2904 4773 3150 4845 patebat
3200 4773 3460 4842 occasio,
3501 4772 3837 4830 frustratam

2178 4862 2291 4919 sibi
2320 4862 2625 4933 malignus
2659 4862 2899 4935 spiritus
2958 4862 3351 4919 erubescebat
3394 4861 3727 4919 victoriam.
3774 4864 3835 4918 Ut

2178 4955 2380 5009 autem
2400 4951 2463 5008 in
2476 4950 2660 5007 virilis
2674 4952 2859 5007 animi
2883 4952 3069 5008 robur
3088 4951 3442 5009 adolescens
3472 4952 3679 5019 evasit,
3706 4966 3833 5026 quae

2177 5044 2321 5098 aetas
2350 5040 2590 5097 liberior
2619 5040 2698 5097 ad
2722 5058 3000 5116 quaeque
3026 5042 3378 5099 audendum
3410 5057 3650 5115 semper
3676 5040 3832 5097 vide-

2174 5134 2290 5199 tur,
2316 5131 2601 5187 continuo
2626 5130 2816 5187 hostis
2854 5131 3171 5205 improbus
3221 5147 3283 5188 se
3314 5131 3451 5189 totis
3481 5130 3709 5187 viribus
3761 5128 3831 5185 ad

2175 5219 2516 5276 rebellionis
2545 5224 2700 5276 artes
2722 5221 3099 5294 praeparavit.
3157 5220 3345 5294 Ccepit
3373 5219 3632 5277 subdola
3660 5223 3832 5277 tenta-

2175 5308 2334 5364 tione
2357 5308 2597 5379 juvenis
2622 5307 2895 5366 animum
2924 5309 3186 5382 pulsare,
3210 5309 3721 5381 cogitationesque
3745 5323 3830 5365 va-

2173 5397 2294 5453 rias
2347 5402 2403 5453 et
2455 5397 2686 5453 illicitas
2729 5398 3018 5470 ingerere,
3052 5414 3214 5455 nunc
3243 5399 3494 5472 quidem
3513 5397 3827 5455 immittens

2174 5484 2227 5540 ei
2258 5484 2617 5541 memoriam
2658 5487 2873 5542 terreni
2921 5486 3287 5560 patrimonii,
3347 5486 3580 5559 generis
3632 5484 3827 5543 nobili-

2174 5573 2376 5636 tatem,
2432 5568 2671 5625 familiae
2741 5586 3137 5629 numerosam
3196 5572 3571 5643 dignitatem,
3640 5586 3822 5628 rerum

2174 5656 2447 5727 gloriam,
2477 5662 2532 5712 et
2567 5657 2794 5730 reliqua
2849 5660 2981 5716 vitae
3015 5660 3344 5717 lascivioris
3400 5658 3817 5717 blandimenta.

2172 5748 2389 5801 Verum
2467 5746 2719 5819 quidam
2789 5750 3027 5818 cognati
3112 5747 3572 5806 contubernales
3660 5748 3818 5811 illius,

2170 5833 2277 5906 qui
2298 5849 2437 5890 cum
2467 5835 2707 5907 puriore
2735 5837 2925 5906 gratia
2952 5838 3284 5896 dilectionis
3306 5853 3514 5896 amare
3541 5837 3821 5895 videban-
