3958 6462
668 31 2955 153 uua—"ﬁ
2996 112 2999 115 η

136 362 235 416 361

1507 363 1665 417 νιτΑ
1709 361 1763 416 S.
1806 358 2167 419 AUTBERTI.

3453 373 3562 426 362

134 486 255 547 tur,
286 483 434 538 dum
485 499 547 539 se
572 482 777 553 juveni
806 482 1119 539 consulere
1161 484 1481 558 putabant,
1510 483 1800 558 pernicio-
1827 488 1874 540 Α
1911 499 2092 553 super
2105 487 2323 554 justas,
2372 493 2429 543 et
2455 502 2632 543 aures
2654 489 2782 556 ejus
2821 488 2884 542 in
2908 502 3116 557 preces
3146 502 3347 545 eorum
3375 490 3563 565 (Psal,

136 572 261 627 sius
288 589 427 627 cum
456 572 629 627 malae
656 572 1065 644 persuasionis
1090 573 1303 629 ictibus
1332 575 1794 647 impugnabant.

136 661 251 724 Qui
282 666 338 716 et
368 660 501 733 ipsi,
534 661 748 718 eodem
778 662 987 734 spiritu
1017 662 1241 731 agitati,
1274 664 1610 720 referebant
1639 679 1800 733 egre-

134 748 302 818 giam
323 750 652 821 juventutis
682 751 941 807 formam
978 751 1297 821 indignum
1326 769 1454 810 esse
1486 753 1798 810 ecclesias-

132 837 267 894 ticis
292 838 551 895 cultibus
575 839 887 913 occupari;
916 840 1133 896 debere
1165 842 1364 914 potius
1395 843 1672 899 virtutem
1699 858 1798 898 ve-

135 930 336 982 terum
366 927 585 982 imitari
610 932 930 999 parentum
961 929 1064 1001 qui
1086 930 1305 986 militiae
1333 931 1634 987 saecularis
1666 930 1801 987 arti-

132 1014 256 1071 bus
286 1031 573 1084 magnam
606 1032 808 1072 rerum
839 1017 1091 1086 gloriam
1131 1020 1536 1092 acquisierunt
1569 1040 1581 1090 ;
1634 1021 1800 1077 illam

135 1109 344 1160 autem
371 1106 715 1161 monasterii
741 1107 1032 1177 regulam,
1064 1108 1521 1177 intolerabilem,
1552 1110 1801 1183 planam

136 1194 217 1249 ad
242 1193 977 1265 suscipiendum,arduam
999 1196 1077 1251 ad
1098 1198 1802 1270 exsequendum,nemini

136 1283 540 1356 expetendam
570 1282 686 1337 nisi
712 1299 895 1355 quem
945 1284 1185 1341 animus
1226 1286 1671 1356 formidolosus,
1701 1292 1805 1344 aut

136 1376 287 1427 aetas
318 1371 592 1441 debilior,
644 1376 747 1427 aut
806 1372 883 1427 ad
932 1373 1167 1429 nullum
1216 1374 1400 1431 decus
1441 1375 1801 1433 fortitudinis

136 1464 303 1533 apta,
342 1461 573 1516 vincere
602 1460 925 1531 inglorium
957 1462 1115 1532 cogit
1143 1467 1200 1518 et
1235 1463 1528 1533 ignotum.
1565 1468 1799 1533 Verum,

137 1550 295 1605 sicut
316 1549 465 1606 solet
494 1550 620 1606 fieri
653 1555 717 1605 ut
746 1551 945 1607 omnis
992 1568 1192 1608 sermo
1222 1552 1417 1608 malus
1447 1553 1617 1610 facile
1638 1569 1803 1610 men-

136 1644 261 1694 tem
314 1638 608 1694 audientis
640 1639 885 1707 inﬁciat,
939 1656 1078 1695 cum
1112 1641 1358 1697 assidua
1405 1642 1706 1715 colloquia
1748 1647 1805 1698 et

134 1728 461 1784 diuturnus
494 1746 639 1785 usus
686 1734 915 1802 pestem
947 1730 1164 1786 animis
1208 1730 1521 1787 infundere
1551 1732 1799 1802 soleant,

1906 576 2313 645 xxxm).Porro
2334 577 2618 633 humanae
2642 576 2851 633 salutis
2868 581 3104 633 amator
3126 585 3566 652 competentem

1908 661 2119 719 famuli
2163 664 2254 720 sui
2281 682 2528 722 causam
2555 666 2847 738 praevidit,
2879 682 3003 739 qua
3028 670 3085 722 et
3112 667 3227 740 piae
3270 669 3570 741 petitionis

1910 752 2237 824 compleret
2263 753 2539 810 effectum
2566 759 2624 812 et
2654 759 2872 811 sanctae
2896 755 3071 811 matri
3098 756 3375 814 Ecclesiae
3413 774 3572 815 erro-

1910 858 2095 898 neum
2123 843 2456 901 restitueret
2477 845 2691 902 filium.

1982 935 2093 988 V11.
2126 932 2381 1002 Contigit
2399 934 2647 1006 quidem
2667 938 2733 991 ut
2757 933 3079 1005 cujusdam
3104 934 3301 991 divitis
3317 936 3571 993 domum

1911 1020 2166 1094 diripere
2188 1038 2328 1078 cum
2352 1024 2476 1078 suis
2503 1023 2899 1097 complicibus
2926 1023 3101 1080 solito
3121 1041 3289 1081 more
3310 1031 3568 1098 pararet.

1913 1114 2183 1184 cumque
2233 1113 2363 1184 jam
2408 1114 2900 1170 incumbentibus
2952 1114 3211 1171 tenebris
3265 1131 3387 1171 nox
3425 1120 3573 1172 tetra

1909 1201 2361 1272 inhorresceret,
2417 1219 2541 1276 qua
2588 1203 2667 1259 illi
2723 1203 3019 1260 nefarium
3075 1220 3229 1277 opus
3288 1205 3572 1279 perﬁcere

1911 1290 2292 1361 festinabant,
2343 1293 2442 1366 pia
2489 1293 2589 1348 Dei
2641 1293 3033 1365 dispositione
3083 1294 3326 1363 contigit
3380 1312 3573 1351 unum

1912 1396 1986 1436 ex
2014 1381 2377 1453 supradictis
2404 1382 2736 1439 furunculis
2775 1388 2967 1438 morte
2996 1382 3441 1455 deprehensum
3461 1383 3577 1457 spi-

1912 1470 2090 1526 ritum
2122 1471 2455 1542 exhalasse,
2490 1473 2663 1544 cujus
2694 1472 2962 1529 animam
3003 1488 3293 1545 corporeo
3337 1489 3572 1530 carcere

1910 1559 2257 1631 resolutam,
2289 1561 2551 1632 peccatis
2596 1560 2993 1631 exigentibus,
3026 1561 3308 1617 diabolus
3365 1578 3573 1618 secum

1910 1649 1990 1705 ad
2019 1648 2331 1705 infernalia
2354 1649 2612 1706 claustra
2632 1654 2907 1706 traxerat.
2934 1649 3024 1705 Ad
3053 1651 3226 1721 cujus
3258 1651 3573 1723 exsequias

1912 1739 2060 1794 dum
2112 1739 2277 1795 inani
2315 1739 2617 1809 religionis
2649 1740 2845 1796 studio
2906 1740 3049 1795 socii
3097 1740 3484 1811 excubarent,
3517 1744 3576 1796 et

135 1818 373 1875 etiamsi
423 1836 663 1875 morum
691 1819 1087 1891 tranquillitas
1119 1821 1210 1890 sit,
1258 1826 1481 1889 tamen,
1511 1822 1664 1878 sicut
1693 1826 1806 1878 sta-
1839 1841 1880 1894 Β
1913 1831 2239 1895 Maurosus,
2285 1828 2551 1884 defuncti
2602 1829 2807 1885 dolore
2858 1830 3242 1885 vehementer
3290 1829 3567 1900 afﬂictus,

136 1925 331 1979 gnum
355 1909 518 1981 mite,
545 1909 737 1965 ventis
766 1909 1227 1979 exagitantibus,
1269 1910 1329 1965 in
1359 1916 1573 1967 aestum
1607 1928 1803 1969 assur-

138 1999 331 2069 git,ita
363 1999 529 2055 bona
551 2005 765 2055 natura
795 1999 1088 2071 improbis
1106 2000 1506 2056 monitoribus
1532 2000 1800 2057 ﬂuctuat.

137 2091 303 2145 Patet
332 2094 485 2145 certe
532 2089 780 2145 fallaciae
812 2094 985 2145 aestas
1005 2090 1308 2161 juvenilis,
1364 2095 1421 2146 et
1445 2090 1613 2146 facile
1642 2090 1803 2146 deci-

138 2178 319 2252 pitur,
348 2194 485 2233 cum
517 2177 1039 2234 fraudulentorum
1061 2177 1293 2234 insidiis
1320 2180 1800 2235 circumvenitur.

142 2268 244 2322 Vix
276 2267 459 2323 etiam
488 2267 698 2323 restitit
728 2267 880 2322 dolis
912 2272 1055 2322 aetas
1077 2269 1299 2336 senilis,
1324 2285 1469 2324 nam
1500 2272 1556 2324 et
1576 2270 1803 2325 semine

141 2358 462 2430 prudentia
493 2360 850 2432 plerumque
872 2359 1125 2415 versutis
1148 2359 1556 2415 circumventa
1572 2359 1805 2415 insidiis

141 2447 416 2503 irritatur.
460 2451 612 2518 Ergo
665 2448 715 2502 si
760 2448 1049 2503 maturior
1081 2465 1223 2503 usus
1265 2465 1422 2521 saepe
1452 2448 1804 2519 labefactus,

141 2552 341 2610 neque
372 2537 483 2593 sibi
514 2537 854 2610 prospicere
882 2542 1096 2609 potest,
1138 2538 1287 2610 quid
1319 2538 1540 2594 mirum
1567 2537 1617 2592 si
1663 2543 1807 2594 aetas

142 2626 522 2682 immaturior
576 2626 689 2682 sibi
748 2627 956 2683 adesse
1011 2642 1134 2682 non
1191 2628 1404 2700 potuit,
1457 2644 1593 2700 quae
1632 2628 1809 2684 tantis

140 2716 577 2789 perurgebatur
628 2715 856 2771 insidiis
884 2718 911 2773 ?
965 2716 1220 2773 Provida
1270 2716 1474 2789 itaque
1539 2717 1640 2773 Dei
1695 2716 1810 2773 dis-

144 2805 498 2877 pensatione
558 2805 924 2877 permissum
954 2810 1042 2861 est
1090 2805 1169 2860 ad
1200 2810 1435 2878 tempus
1485 2805 1809 2878 praevalere

144 2894 408 2967 improbi
458 2894 790 2950 seductoris
837 2894 1150 2965 malitiam,
1178 2911 1303 2951 non
1332 2900 1535 2951 tamen
1578 2896 1657 2950 ad
1688 2895 1807 2951 fru-

148 2988 307 3040 ctum
361 2982 662 3053 [eﬁ‘ectum
692 2983 910 3055 ﬁnalis]
957 2983 1191 3039 socialis
1220 2983 1430 3053 ruinze,
1466 2984 1572 3039 sed
1600 2988 1664 3040 ut
1686 3001 1811 3039 ma-

149 3073 571 3129 nifestarentur
600 3088 782 3145 opera
840 3073 940 3128 Dei
980 3078 1036 3128 et
1086 3072 1298 3128 merita
1338 3073 1497 3129 beati
1546 3074 1812 3129 Autberti

148 3162 209 3218 in
272 3162 395 3218 illo.
466 3162 679 3234 Sicque
741 3160 967 3217 factum
1025 3166 1112 3217 est
1168 3166 1235 3217 ut
1287 3162 1477 3217 hostis
1535 3162 1810 3234 impurus

150 3269 268 3309 non
296 3267 365 3308 se
392 3252 470 3307 ab
501 3251 761 3324 inccepto
791 3255 929 3306 ante
955 3256 1363 3323 compesceret
1391 3268 1579 3324 quam
1610 3252 1813 3308 incau-

152 3346 277 3397 tum
300 3340 594 3413 juvenem
642 3339 868 3395 sensim
899 3339 977 3395 ad
1005 3338 1358 3395 sententiam
1389 3355 1564 3395 suam
1614 3339 1815 3395 inﬂec-

156 3435 315 3488 teret.

221 3523 307 3575 Vl.
342 3518 455 3584 Qui
475 3518 840 3576 malesuada
861 3517 1193 3575 dilectionis
1213 3518 1642 3575 blandimentis
1664 3518 1815 3575 mol-

152 3609 259 3665 lior
306 3609 521 3676 factus,
573 3608 806 3664 concito
863 3624 974 3663 ceu
1026 3623 1218 3679 equus
1268 3607 1537 3663 infrenus
1587 3612 1813 3664 rectore

156 3703 499 3771 contempto
527 3698 962 3755 monasterium
987 3697 1268 3766 deseruit,
1299 3702 1355 3753 et
1376 3698 1677 3754 saecularis
1706 3697 1814 3753 mi-

155 3788 286 3845 litiae
314 3788 501 3845 armis
532 3788 814 3855 intentus,
843 3787 1236 3861 postmodum
1267 3803 1327 3842 se
1372 3786 1592 3858 colligit
1620 3791 1813 3844 totum

158 3878 233 3934 ad
262 3878 463 3935 studia
491 3876 719 3950 rapinae
745 3895 758 3945 ;
793 3881 849 3932 et
869 3892 1023 3949 quos
1054 3875 1409 3946 hujusmodi
1432 3876 1654 3947 negotii
1707 3892 1812 3932 vo-

157 3965 448 4023 luntarios
479 3965 728 4033 audivit,
754 3964 848 4020 his
879 3969 1002 4020 tota
1046 3964 1452 4021 familiaritate
1482 3981 1545 4020 se
1584 3964 1815 4020 inferio-

157 4072 279 4112 rem
309 4054 496 4121 dedit,
546 4058 709 4111 tanto
740 4053 986 4126 pronior
1017 4053 1095 4108 ad
1140 4053 1363 4109 scelera
1400 4058 1629 4125 quanto
1659 4053 1712 4110 ei
1742 4053 1817 4109 de

160 4143 511 4218 impunitate
556 4142 886 4211 saecuritas,
918 4146 975 4197 et
1020 4141 1280 4214 potentis
1315 4142 1546 4211 generis
1596 4142 1819 4214 aspira-

160 4230 261 4289 bat
288 4230 630 4287 auctoritas.
664 4229 901 4285 Timens
931 4245 1093 4297 vero,
1128 4246 1201 4286 ne
1226 4230 1301 4286 de
1324 4229 1583 4286 sollicitis
1608 4246 1820 4304 paren-

161 4320 317 4376 tibus
348 4320 574 4393 requiri
604 4319 928 4387 debuisset,
981 4336 1130 4375 neve
1176 4319 1398 4376 indicio
1447 4321 1707 4377 nominis
1738 4321 1822 4377 in-

161 4410 347 4466 veniri
394 4410 703 4483 potuisset,
764 4413 996 4465 mutato
1053 4409 1297 4465 nomine
1351 4426 1475 4483 quo
1532 4411 1821 4484 appellari

164 4504 574 4568 consueverat,
608 4502 948 4556 Maurosum
994 4515 1055 4555 se
1094 4499 1384 4573 appellari
1407 4499 1615 4571 jubet;
1676 4517 1822 4557 sane

164 4603 282 4646 non
337 4589 744 4659 incongruum
794 4587 1014 4644 talibus
1071 4588 1284 4644 studiis
1338 4604 1664 4661 agnomen,
1719 4590 1823 4662 qui

168 4677 423 4735 candido
473 4676 887 4733 ecclesiasticae
943 4677 1253 4733 munditiae
1282 4677 1495 4734 habitu
1523 4679 1822 4751 exspolia-

168 4768 279 4833 tus,
310 4766 594 4823 furtivam
638 4765 1000 4823 Mauritaniae
1043 4765 1406 4823 inﬁdelitatis
1450 4771 1714 4824 mentem
1743 4768 1826 4823 la-

168 4855 500 4913 trocinandi
529 4854 727 4911 studio
774 4854 1071 4922 induerat,
1104 4859 1161 4912 et
1202 4855 1552 4929 perditionis
1580 4872 1642 4912 se
1685 4856 1827 4913 late-

168 4944 287 5002 bris
318 4946 744 5003 occultaverat.
786 4948 918 5012 Qua
959 4962 1163 5003 rerum
1210 4945 1376 5002 fama
1423 4946 1713 5004 excitatus
1736 4948 1828 5004 vir

172 5034 270 5091 Dei
298 5034 473 5092 altius
502 5051 689 5108 quam
719 5034 838 5091 dici
862 5034 1053 5107 possit
1090 5034 1265 5090 ruina
1293 5034 1488 5091 fratris
1514 5035 1823 5105 ingemuit.

175 5123 283 5180 Sed
312 5129 370 5181 et
410 5124 484 5180 de
531 5123 1004 5198 praesumptione
1036 5123 1365 5180 adversarii
1392 5139 1504 5195 pro
1548 5124 1827 5195 indigna-

172 5211 343 5269 tionis
366 5217 536 5269 motu
562 5212 888 5270 infremuit.
922 5212 1072 5278 Quid
1104 5216 1307 5269 tamen
1337 5212 1586 5282 ageret?
1626 5217 1829 5285 Itaque

173 5315 380 5371 unum,
406 5302 573 5375 quod
602 5301 685 5358 illi
716 5317 957 5375 semper
988 5300 1278 5358 familiare
1308 5305 1435 5358 erat
1465 5300 1827 5371 subsidium,

120 5380 121 5383 “
173 5389 312 5446 adiit
335 5391 623 5448 orationis
663 5391 1021 5460 remedium,
1070 5390 1397 5465 multisque
1427 5406 1538 5463 pro
1582 5390 1831 5447 errantis

169 5477 403 5547 juvenis
429 5480 619 5537 salute
648 5480 930 5553 precibus
963 5480 1287 5536 Dominum
1314 5484 1508 5552 rogat,
1534 5484 1832 5554 quatenus

175 5573 444 5639 respectu
500 5570 771 5640 gratuita
802 5569 1039 5642 pietatis
1097 5569 1365 5626 animam
1407 5570 1710 5642 captivam
1758 5568 1834 5626 de

177 5653 391 5727 laqueo
422 5658 646 5714 inimici
697 5663 945 5726 erueret,
980 5676 1053 5715 ne
1110 5660 1299 5715 hostis
1346 5659 1697 5714 immundus
1730 5661 1836 5713 Do-

180 5743 323 5800 mini
350 5747 549 5818 gregis
605 5747 834 5804 damno
887 5748 1218 5806 insultarat.
1252 5752 1377 5805 Non
1407 5754 1609 5805 autem
1641 5748 1836 5803 inanis

1913 1933 1974 1972 se
2001 1933 2074 1972 ex
2101 1915 2457 1972 lassitudine
2489 1921 2547 1972 et
2566 1916 2798 1972 tristitia
2829 1916 3144 1988 paululum
3167 1917 3336 1973 daret
3367 1917 3570 1989 quieti,

1911 2005 2118 2061 divina
2163 2004 2467 2061 voluntate
2519 2009 2577 2061 et
2622 2005 3091 2072 suffragantibus
3140 2005 3365 2062 meritis
3417 2006 3578 2062 beati

1914 2094 2203 2161 Autberti,
2255 2093 2467 2149 datum
2524 2099 2611 2149 est
2666 2093 3031 2150 adolescenti
3081 2094 3281 2150 videre
3334 2094 3576 2167 quantis

1910 2183 2105 2257 poenis
2120 2182 2219 2238 illa
2237 2182 2574 2237 miserrima
2589 2183 2795 2238 anima
2810 2182 2871 2237 in
2887 2181 3152 2238 infernos
3171 2183 3574 2252 cruciabatur,

1912 2272 2155 2345 quantis
2184 2270 2407 2326 ultricis
2454 2270 2720 2326 ﬂammae
2767 2270 3059 2326 incendiis
3089 2271 3395 2334 urebatur,
3430 2288 3499 2328 ac
3530 2272 3578 2326 si

1915 2360 2135 2418 erranti
2156 2359 2364 2431 juveni
2392 2375 2465 2415 ex
2490 2360 2700 2415 divina
2728 2359 3035 2415 voluntate
3082 2360 3196 2416 hoc
3226 2360 3471 2416 daretur
3501 2360 3581 2416 ad

1915 2449 2261 2521 exemplum
2287 2448 2646 2518 formidinis,
2670 2453 2735 2504 ut
2763 2449 3037 2505 videlicet
3068 2465 3140 2505 ex
3165 2449 3279 2505 hac
3312 2448 3579 2505 conside-

1917 2539 2145 2596 ratione
2176 2537 2477 2608 colligeret
2505 2543 2734 2610 quanta
2763 2540 2817 2593 ei
2845 2542 3044 2594 reatus
3070 2537 3162 2593 sui
3191 2553 3375 2611 paena
3402 2538 3582 2595 insta-

1915 2631 2004 2684 ret
2031 2642 2214 2700 quem
2243 2642 2315 2681 ex
2346 2626 2646 2681 consortio
2671 2625 2933 2681 criminis
2963 2625 3171 2681 similis
3199 2626 3377 2699 culpa
3406 2642 3584 2683 accu-

1919 2721 2097 2773 saret.

1990 2805 2133 2859 VIII.
2185 2807 2609 2861 Consternatus
2662 2818 2805 2859 vero
2862 2806 3028 2859 tanto
3079 2818 3277 2858 errore
3333 2802 3578 2858 visionis

1914 2891 2170 2963 juvenis,
2228 2890 2433 2946 animo
2461 2889 2760 2946 aestuabat
2787 2888 3312 2962 quemadmodum
3337 2893 3461 2944 tam
3493 2889 3579 2944 di-

1919 2979 2129 3034 strictae
2162 2976 2701 3033 animadversionis
2718 2976 3013 3047 judicium
3041 2975 3449 3047 subterfugere
3475 2991 3578 3032 va-

1918 3065 2097 3133 leret;
2155 3065 2260 3120 sed
2310 3081 2382 3120 ex
2429 3063 2906 3120 consideratione
2966 3062 3229 3117 criminis
3278 3062 3581 3118 oriebatur

1846 3194 1885 3249 Ο
1919 3155 2096 3228 quasi
2140 3152 2473 3210 difﬁdentia
2499 3151 2990 3224 recuperationis.
3029 3155 3177 3207 Tum
3206 3168 3348 3207 vero
3380 3151 3442 3207 in
3471 3156 3581 3207 ter-

1919 3260 2053 3300 ram
2104 3258 2407 3310 corruens,
2461 3239 2871 3313 lacrymabilis
2901 3239 3287 3312 querimoniae
3319 3256 3381 3295 se
3424 3239 3581 3295 voci-

1919 3332 2036 3388 bus
2084 3331 2418 3387 incusabat.
2480 3329 2584 3387 Cui
2640 3328 2928 3384 assistens
2989 3328 3239 3398 angelus
3293 3327 3576 3384 Domini:

1925 3442 1954 3469 ‹‹
1986 3419 2287 3486 Quidnam
2331 3422 2438 3487 est,
2469 3415 2683 3489 inquit,
2715 3415 3056 3472 miserande
3094 3414 3378 3486 juvenis?
3435 3413 3582 3487 quid

1921 3510 2188 3575 invocas,
2218 3523 2397 3563 auras
2430 3504 2815 3561 infructuosis
2848 3504 3085 3559 ﬂetibus
3122 3502 3377 3573 fatigas?
3427 3500 3583 3568 Quid

1920 3599 2092 3654 illum
2134 3596 2492 3669 importunis
2522 3593 2802 3667 precibus
2834 3592 3129 3648 inclamas
3176 3608 3360 3665 quem
3392 3591 3581 3647 offen-

1921 3688 2062 3744 dere
2112 3702 2238 3742 non
2286 3683 2531 3740 timuisti
2558 3684 2586 3738 ?
2638 3681 2903 3737 Haeccine
2958 3685 3050 3737 est
3079 3681 3233 3737 stola
3282 3697 3472 3752 quam
3502 3680 3582 3736 ab

1920 3778 2052 3851 ipso
2084 3773 2548 3845 regenerationis
2578 3772 2737 3827 fonte
2774 3770 3056 3826 indueras
3080 3771 3108 3826 ?
3137 3769 3400 3825 Haeccine
3449 3784 3584 3841 pro—

1922 3865 2197 3924 fessionis
2246 3864 2398 3919 ﬁdes
2426 3878 2633 3935 quam,
2685 3859 3116 3917 abrenunciato
3166 3861 3386 3916 Satana
3442 3874 3582 3913 cum

1925 3956 2048 4013 suis
2089 3953 2393 4028 operibus,
2445 3956 2499 4007 te
2549 3954 2921 4007 servaturum
2976 3948 3383 4022 promiseras?
3430 3946 3584 4013 Quid

1923 4045 2123 4102 vultus
2153 4057 2446 4115 supernos
2475 4039 2695 4111 refugis
2720 4055 2874 4112 quos
2900 4037 3216 4094 habiturus
3239 4053 3371 4093 eras
3393 4036 3586 4093 conci-

1924 4153 2047 4207 ves,
2068 4136 2139 4206 isi
2192 4132 2545 4188 Autbertum
2569 4129 2911 4186 audisses?
2960 4131 3106 4184 Ecce
3144 4126 3454 4201 quomodo
3506 4126 3588 4183 Fi-

1926 4225 2042 4282 lius
2081 4224 2184 4281 Dei
2218 4222 2412 4279 factus
2437 4224 2526 4277 est
2572 4217 2947 4292 mancipium
2971 4216 3246 4290 {diabolL
3306 4215 3587 4289 Nunquid

1928 4318 2237 4373 Maurosus
2294 4311 2585 4381 signatus,
2644 4311 2910 4365 Morosus
2982 4310 3216 4374 unctus,
3276 4308 3585 4361 Maurosus

1928 4407 2173 4461 renatus
2201 4402 2230 4457 εἴ
2298 4398 2695 4457 Landelinum
2750 4397 2813 4452 in
2871 4395 3026 4452 libro
3053 4395 3407 4468 {nobiscum
3457 4393 3588 4447 vitae

1930 4493 2248 4550 Autbertus
2278 4489 2619 4545 obtinuerat
2648 4485 2865 4543 ascribi
2895 4504 2909 4553 ;
2942 4488 3283 4541 Maurosum
3314 4480 3591 4538 diabolus

1932 4600 2139 4639 secum
2166 4579 2374 4636 inserit
2414 4575 2816 4647 chirographo
2841 4572 3214 4645 perditionis.
3260 4570 3420 4628 Scias
3450 4586 3592 4626 vero

1932 4671 2078 4745 quia
2128 4684 2252 4725 non
2280 4666 2481 4722 leviter
2512 4663 2677 4736 apud
2705 4662 3039 4717 districtum
3076 4660 3343 4732 judicem
3392 4662 3593 4714 actum

1932 4764 2022 4816 est
2048 4756 2216 4831 quod
2267 4755 2347 4811 ad
2376 4751 2658 4824 injuriam
2690 4766 2866 4806 suam
2908 4748 3258 4805 insolentias
3291 4751 3424 4803 tuas
3468 4751 3595 4803 tam

1936 4844 2351 4923 aequanimiter
2397 4843 2715 4913 hucusque
2760 4837 3044 4913 portavit,
3098 4836 3265 4910 quod
3312 4835 3595 4906 fugitivus

1936 4940 2067 5011 ejus
2096 4939 2200 4993 aut
2227 4949 2445 4990 manus
2475 4927 2793 4987 hominum
2812 4929 3061 5002 impune
3084 4925 3599 4997 fugerit,autmor-

1935 5030 2009 5085 tis
2038 5027 2326 5099 laqueum
2353 5021 2653 5079 declinare
2678 5018 2954 5092 potuerit.
2988 5018 3097 5073 Diu
3125 5015 3286 5072 enim
3307 5018 3417 5086 est,
3431 5013 3599 5086 quod

1939 5115 2086 5174 tanti
2111 5129 2359 5188 pcenam
2396 5109 2657 5168 incendii
2685 5106 3044 5165 cruciandus
3083 5103 3388 5160 subiturus
3442 5118 3597 5172 eras,

1938 5206 2052 5263 nisi
2081 5202 2424 5260 intercessio
2462 5199 2621 5256 beati
2672 5195 2939 5254 Autberti
2992 5193 3265 5250 advocati
3312 5191 3415 5262 tui,
3448 5191 3601 5247 iram

1939 5294 2211 5352 ultricem
2235 5289 2457 5364 judicis
2480 5288 2830 5358 mitigasset.
2860 5284 2986 5341 Tibi
3016 5288 3263 5357 paratus
3294 5282 3449 5354 ignis
3477 5297 3606 5337 cru-

1942 5382 2177 5441 ciatoris
2207 5378 2573 5445 accenditur,
2604 5376 2709 5432 sed
2738 5373 3007 5431 Autberti
3033 5372 3317 5445 lacrymis
3344 5371 3604 5428 flammae

1943 5474 2073 5546 ejus
2086 5467 2578 5541 exstinguuntur?
2589 5465 2689 5521 Vel
2702 5480 2862 5520 nunc
2882 5467 3163 5536 expertus
3182 5461 3440 5532 intellige
3461 5460 3608 5533 quid

1942 5563 2143 5637 potius
2198 5559 2382 5629 eligas
2412 5576 2424 5613 :
2482 5572 2621 5611 cum
2653 5558 2950 5610 tormento
2981 5551 3121 5608 duci
3150 5551 3211 5607 in
3254 5551 3607 5607 barathrum

1946 5647 2358 5715 Gehennaa,vel
2384 5661 2523 5701 cum
2564 5642 2851 5698 Autberto
2873 5641 2986 5697 frui
3019 5640 3247 5696 cmlesti
3270 5640 3608 5697 mansione.

1950 5741 2063 5798 Sed
2086 5742 2218 5795 Sera
2232 5738 2345 5793 ista
2366 5733 2714 5791 deliberatio
2740 5731 3099 5799 fuisset,nisi
3122 5730 3438 5786 Autbertus
3468 5744 3617 5799 prae-

182 5847 307 5892 ειη
341 5816 535 5908 potuit
565 5837 755 5893 sancti
803 5836 910 5892 viri
939 5839 1164 5910 petitio,
1209 5837 1354 5911 quia
1397 5839 1561 5894 oculi
1599 5836 1841 5893 Domini
1950 5826 2517 5898 venisset.Relinque
2538 5823 2717 5893 igitur
2736 5822 3107 5878 exsecranda
3128 5817 3426 5876 consortia
3444 5816 3617 5873 latro-

536 5928 781 5984 ΡΑτιιοι..
860 5928 1033 5983 CXLI.

3304 5911 3364 5960 12
