3904 6528
390 390 492 443 383

126 0 3248 174 xm.»

1438 384 1493 439 S.
1536 381 1870 439 FULBERTI
1909 377 2384 437 CARNOTENSIS
2422 381 2754 438 EPISCOPI.

3698 375 3787 432 364

386 524 558 575 num,
590 510 646 562 et
676 506 885 562 Christi
933 505 1204 561 militiam
1235 521 1568 574 assumens,
1601 505 1817 560 ducem
1865 506 2035 557 tuum
2066 507 2113 558 Α
2152 502 2330 559 ticula
2359 504 2594 560 urbana
2624 503 2930 559 fastidiens
2957 517 3019 557 se
3048 502 3125 558 ad
3152 499 3473 557 remotiora
3500 498 3638 555 loca
3663 512 3789 555 con-

386 597 618 653 imitare
638 595 1177 659 Autbertum.Audi
1200 594 1613 651 beatissimum
1629 592 2043 666 przesulem,et
2150 592 2278 648 tulit
2302 593 2362 649 in
2392 593 2541 649 locis
2569 593 2814 649 desertis
2856 608 3027 647 secus
3073 591 3297 647 ﬂuenta
3330 588 3621 646 Sambras.
3673 590 3789 653 Quo

2146 680 2207 737 in
2230 681 2363 738 loco
2391 682 2727 738 solitudinis
2760 697 2898 736 cum
2930 680 3113 751 signis
3143 684 3199 736 et
3238 678 3543 735 miraculis
3602 682 3658 733 et
3685 675 3791 748 pias
3870 730 3871 741 χ

385 700 749 754 recognosce
780 690 948 740 tuum
973 683 1339 755 spiritualem
1367 685 1621 750 Patrem,
1650 687 1820 738 tuum
1849 685 2042 754 prote-

389 780 634 843 ctorem,
679 778 848 828 tuum
905 772 989 828 ab
1017 776 1237 828 mterno
1290 772 1527 828 interitu
1576 772 2036 843 redemptorem.

392 862 633 934 Suscipe
664 877 803 916 vero
835 861 913 915 ab
939 876 1009 915 eo
1043 861 1270 916 monita
1301 861 1556 916 cmlestis
1586 860 1891 926 doctrinae,
1915 857 2041 931 qui-

386 951 501 1007 bus
530 950 903 1005 cmendatior
931 950 1123 1005 factus
1155 950 1439 1004 merearis
1456 949 1672 1007 stolam
1698 963 1884 1021 quam
1911 962 2042 1019 per-

387 1039 625 1095 dideras
670 1038 951 1110 recipere,
980 1038 1115 1109 ipso
1142 1037 1549 1093 intercessore.
1588 1037 1682 1092 llis
1711 1037 1903 1104 dictis,
1937 1050 2041 1090 an-

387 1127 573 1197 gelus,
624 1126 907 1183 continuo
962 1126 1272 1198 disparuit.
1306 1130 1423 1183 Nos
1450 1143 1590 1182 vero
1637 1126 1814 1199 quale
1854 1138 2042 1197 quan-

386 1222 633 1289 tumque
664 1216 955 1273 aestimare
988 1232 1313 1288 possumus
1338 1217 1505 1289 quod
1524 1216 1865 1286 Autbertus,
1887 1212 2041 1269 testi-

385 1306 500 1363 bus
519 1305 769 1375 angclis,
786 1304 1071 1361 virtutum
1094 1306 1283 1374 gratia
1303 1305 1465 1373 nitet,
1508 1310 1564 1361 et
1583 1304 1747 1378 apud
1765 1302 2039 1359 homines

386 1394 599 1451 debitze
628 1392 1027 1449 venerationis
1060 1392 1259 1449 ofﬁcio
1289 1395 1465 1449 caret!
1499 1397 1678 1449 Porro
1708 1396 1846 1448 sunt
1860 1392 2040 1464 plena

383 1482 775 1553 jucunditatis
814 1482 1002 1554 quod,
1057 1482 1255 1538 adhuc
1284 1483 1343 1539 in
1383 1488 1540 1540 terra
1574 1484 1760 1539 homo
1786 1480 2037 1554 positus,

386 1571 537 1628 inter
566 1570 866 1639 angelicos
906 1572 1062 1627 cives
1090 1571 1312 1628 meritis
1341 1571 1563 1642 fulget;
1607 1572 1715 1628 sed
1765 1585 1889 1626 non
1914 1568 2039 1624 sine

387 1661 594 1718 dolore
617 1665 673 1717 et
716 1660 1031 1716 formidine
1056 1660 1337 1717 recolitur
1363 1661 1548 1734 quod,
1580 1660 1851 1733 supernis
1877 1659 2039 1715 coeti-

387 1750 500 1807 bus
528 1750 901 1820 conjunctUS,
934 1749 1083 1805 intcr
1110 1750 1386 1806 homines
1416 1750 1813 1821 ncgligentius
1856 1748 2040 1819 digno

389 1838 553 1897 cultu
584 1838 975 1896 venerationis
1015 1838 1365 1895 celebratur.

459 1930 545 1989 IX.
570 1931 701 1984 Jam
731 1944 872 1983 vero
906 1928 1260 1985 Landelinus
1286 1929 1569 1998 angelicis
1590 1929 1872 1985 affatibus
1893 1945 2041 2002 pau-

386 2018 567 2089 lisper
591 2021 910 2084 recreatus,
944 2016 1049 2071 sed
1076 2017 1293 2073 timens
1310 2017 1423 2073 sibi
1445 2018 1759 2073 subvenire
1787 2017 2036 2084 tardius,

386 2105 587 2163 relicto
616 2104 890 2161 nefandae
923 2104 1217 2160 societatis
1264 2106 1536 2176 collegio,
1568 2105 1925 2178 quantocius
1958 2104 2039 2159 ci-

389 2193 629 2251 vitatem
655 2192 839 2265 petiit,
864 2197 921 2248 et
952 2192 1002 2247 si
1026 2192 1109 2248 ibi
1136 2198 1381 2249 sanctus
1406 2194 1496 2249 vir
1520 2200 1693 2262 esset,
1721 2212 1756 2250 a
1785 2192 2042 2250 custodi-

391 2283 506 2339 bus
533 2282 843 2351 diligenter
894 2282 1215 2353 requisivit.
1253 2283 1362 2348 Qui
1408 2283 1482 2339 de
1512 2283 1827 2355 praesentia
1882 2280 2041 2338 beati

390 2371 501 2427 viri
522 2370 731 2427 certior
754 2371 962 2440 factus,
985 2371 1253 2443 nihilque
1269 2372 1775 2428 dissimulandum
1798 2371 2043 2427 arbitra-

391 2465 507 2532 tus,
537 2459 882 2532 poenitentia
908 2460 1140 2525 ductus,
1165 2462 1242 2516 ad
1259 2461 1442 2534 pedes
1458 2461 1647 2517 sancti
1670 2460 2038 2533 provolutus,

391 2549 634 2622 culpam
673 2548 904 2616 fatetur,
954 2549 1137 2605 errori
1182 2551 1423 2609 veniam
1466 2551 1676 2623 poscit.
1725 2554 1872 2606 Tum
1902 2564 2040 2605 vero

366 2638 621 2695 —videres
675 2653 748 2693 ex
794 2637 1126 2711 longinqua
1182 2641 1424 2710 regione
1478 2640 1801 2712 prodigum
1846 2639 2037 2697 tilium

388 2728 758 2795 redeuntem,
806 2730 861 2782 et
891 2732 1123 2799 patrem
1170 2727 1232 2784 in
1262 2728 1466 2785 oscula
1494 2733 1784 2785 ruentem.
1838 2733 2040 2801 Itaque

387 2818 476 2873 vir
506 2821 765 2887 sanctus,
798 2822 1047 2887 paterna
1084 2816 1301 2889 pietate
1343 2819 1728 2891 praestrictus,
1755 2820 2039 2890 juvenem

387 2906 635 2978 excepit,
666 2905 907 2961 veniam
936 2905 1294 2977 promittens
1315 2907 1365 2962 si
1396 2908 1556 2963 mala
1584 2907 1880 2980 praeterita
1919 2921 2042 2965 me-

385 2995 549 3051 lioris
577 2994 708 3050 vitae
736 2994 1123 3049 conuersione
1163 3001 1464 3066 purgaret,
1492 2996 1636 3052 nihil
1681 2997 1860 3067 igitur
1883 2994 2039 3050 difﬁ-

387 3081 656 3138 dendum
680 3086 916 3153 putaret
937 3098 998 3137 se
1028 3097 1141 3152 pro
1168 3082 1269 3136 illo
1293 3083 1587 3138 rationem
1615 3085 1990 3140 redditurum
2024 3100 2037 3149 ;

387 3170 684 3242 quidquid
727 3169 919 3224 fuerat
947 3170 1295 3226 offensionis
1324 3171 1676 3227 innocentiae
1704 3173 1833 3227 vice
1874 3187 2040 3228 com-

388 3257 748 3330 putandum,
793 3257 840 3311 si
884 3260 1084 3313 tamen
1134 3258 1419 3315 scelerata
1462 3262 1760 3316 consortia
1805 3260 2042 3332 penitus

387 3342 635 3399 vitanda
665 3343 1034 3399 aestimasset.
1064 3346 1343 3400 Paratum
1384 3363 1444 3401 se
1472 3347 1703 3416 juvenis
1756 3348 1832 3403 ad
1863 3363 2042 3402 omne

391 3428 809 3489 satisfactionis
846 3445 1034 3500 genus
1084 3431 1298 3487 fatetur
1354 3438 1554 3505 utpote
1583 3449 1766 3507 quem
1784 3435 2041 3490 recentis

389 3519 587 3575 adhuc
642 3519 884 3575 visionis
932 3520 1146 3576 horror
1200 3524 1500 3578 terruerat.
1536 3527 1606 3579 At
1662 3525 1797 3597 pius
1851 3528 2040 3597 pater,

387 3607 541 3663 votis
573 3608 702 3678 ejus
733 3607 1141 3678 congaudens,
1178 3611 1438 3683 suscepit
1462 3628 1600 3667 eum
1628 3614 2039 3685 pmnitentem,

386 3712 568 3769 quem
597 3696 698 3755 diu
740 3696 985 3754 ﬂeverat
1013 3714 1049 3754 a
1081 3713 1142 3753 se
1172 3699 1567 3771 recedentem,
1618 3701 1939 3774 sinumque
1988 3700 2041 3757 ei

386 3787 601 3843 divina!
628 3788 901 3860 aperiens
922 3787 1360 3856 misericordias,
1376 3791 1631 3847 reddidit
1654 3808 1793 3848 eum
1817 3796 2038 3849 sanctir

386 3878 560 3934 matri
594 3879 883 3933 Ecclesiae.
919 3879 1029 3944 Qui
1058 3879 1120 3934 in
1144 3882 1377 3935 tantum
1401 3881 1513 3937 sub
1534 3882 1849 3955 disciplina
1866 3899 2040 3940 vene-

384 3966 589 4023 rabilis
616 3968 800 4022 Patris
842 3967 1057 4036 vigiliis
1107 3984 1171 4023 se
1220 3972 1275 4024 et
1308 3970 1553 4040 jejuniis
1606 3973 2039 4044 praeteritorum

388 4068 573 4121 agens
599 4055 1010 4125 pmnitentiam
1040 4056 1407 4126 constrinxit,
1449 4062 1514 4113 ut
1542 4058 1755 4116 inferni
1784 4077 1924 4117 eum
1954 4063 2035 4118 vi-

389 4138 553 4195 disse
580 4146 636 4195 et
663 4141 1037 4212 pertimuisse
1059 4146 1371 4211 tormenta,
1392 4144 1625 4201 etiamsi
1651 4146 1857 4217 lingua
1885 4154 2036 4204 tace-

388 4231 496 4297 ret,
546 4229 919 4284 conversatio
964 4228 1323 4301 loqueretur.
1371 4236 1575 4305 Itaque
1607 4235 1722 4291 sub
1770 4238 2038 4293 surculari

387 4315 598 4372 habitu
625 4316 686 4372 in
719 4316 1083 4373 monasterio
1113 4318 1551 4391 aliquantulum
1581 4332 2036 4380 conversantem

387 4405 481 4462 vir
503 4411 743 4462 sanctus
772 4406 847 4462 ad
887 4423 1108 4479 purum
1155 4408 1427 4464 hortatur
1462 4410 1795 4484 relinquere
1839 4415 2038 4469 sreculi

388 4495 645 4566 negotia,
672 4500 737 4552 ut
764 4496 1006 4552 liberius
1028 4496 1413 4554 meditaretur
1438 4500 1716 4557 coelestia.
1738 4504 2038 4557 Paratum-

386 4598 502 4657 quc
531 4585 745 4641 videns
772 4585 851 4642 ad
875 4586 1359 4657 omnia,abscidit
1386 4589 1515 4659 ejus
1545 4605 1783 4646 comam
1805 4591 2034 4662 capitis,

2071 1857 2111 1912 Β

2068 3204 2109 3257 C

2149 770 2616 827 conversationis
2650 770 2857 826 studiis
2897 770 3117 842 pollere
3146 768 3460 835 videretur,
3487 765 3664 821 multi
3686 764 3791 820 illic
3866 764 3871 829 Τ

3866 760 3871 791 t

2149 860 2227 915 ab
2248 876 2320 917 eo
2349 861 2424 917 ad
2458 859 2761 916 servitium
2786 860 3006 915 summi
3033 857 3363 916 Conditoris
3394 860 3533 912 sunt
3555 870 3795 925 congre-
3870 902 3871 917 χ

2150 950 2288 1019 gati.
2321 950 2408 1005 Ad
2441 950 2854 1006 evacuandam
2876 948 3051 1017 igitur
3076 947 3289 1020 prioris
3316 946 3449 1002 vitae
3472 944 3792 1001 maculam.

2148 1039 2209 1095 in
2261 1039 2407 1095 locis
2460 1055 2595 1113 quae
2625 1039 2738 1094 sibi
2785 1038 2863 1094 ad
2903 1037 3197 1105 refugium
3251 1040 3309 1091 et
3350 1032 3799 1107 receptaculum
3870 1044 3871 1093 ξ

2147 1128 2449 1185 latronum
2494 1132 2834 1201 paraverat,
2889 1126 3249 1183 monasteria
3280 1124 3632 1191 construxit,
3687 1127 3800 1178 sta-
3868 1122 3871 1183 ζ

2146 1221 2322 1273 tuens
2353 1217 2656 1274 ministros
2683 1218 2743 1273 in
2774 1217 3149 1273 exsecutione
3188 1214 3597 1271 ecclesiasticae
3644 1210 3804 1267 insti—
3869 1213 3871 1267 ἶ

2148 1307 2392 1363 tutionis
2419 1326 2431 1374 ;
2460 1313 2516 1362 et
2543 1322 2697 1379 quos
2726 1311 2862 1363 ante
2895 1306 3089 1361 socios
3133 1305 3426 1361 habuerat
3455 1301 3801 1370 criminum,
3868 1296 3871 1357 ξ

2146 1396 2538 1466 postmodum
2586 1393 2722 1449 fecit
2748 1397 3161 1466 cooperatores
3189 1391 3532 1448 divinorum
3570 1392 3804 1461 myste-

2147 1483 2395 1539 riorum.
2427 1487 2584 1552 Quae,
2618 1484 2667 1540 si
2715 1484 2850 1556 quis
2876 1484 3008 1539 vitae
3046 1483 3175 1554 ejus
3208 1481 3419 1538 seriem
3450 1484 3805 1550 textumque

2148 1574 2616 1629 conversationis
2658 1573 2995 1642 diligentius
3025 1570 3365 1644 inspexerit,
3412 1568 3586 1625 facile
3638 1566 3809 1622 inve-

2148 1663 2287 1732 niet,
2333 1662 2661 1737 praesertim
2710 1678 2849 1718 cum
2906 1660 3354 1717 monasteriales
3403 1656 3812 1715 habitationes

2148 1769 2304 1825 quas
2325 1752 2453 1824 ipse
2478 1750 3223 1822 construxit,praesentibus
3249 1748 3446 1821 potius
3467 1746 3815 1819 appareant

2148 1858 2335 1915 quam
2383 1846 2585 1897 nostro
2628 1855 2903 1895 sermone
2950 1839 3334 1911 explicentur.
3395 1841 3567 1907 Nam,
3625 1838 3702 1889 ut
3745 1832 3817 1887 de

2148 1931 2393 2003 reliquis
2424 1931 2631 1985 sileam
2669 1944 2805 2001 quas
2849 1928 3098 1984 fortasse
3128 1943 3250 1983 non
3294 1925 3608 1981 benevolis
3645 1920 3820 1979 audi-

2150 2018 2376 2075 toribus
2426 2017 2666 2073 fastidio
2714 2017 2849 2085 sint,
2882 2015 3047 2088 apud
3076 2014 3329 2071 Laubias
3357 2012 3664 2068 exstruxit
3696 2025 3822 2066 mo-

2147 2106 2476 2164 nasterium
2520 2106 2582 2161 in
2625 2106 2851 2161 honore
2882 2108 2940 2160 B.
2973 2103 3123 2160 Petri
3152 2101 3424 2175 apostoli.
3479 2101 3671 2161 Quod
3708 2114 3823 2156 cer-

2148 2197 2426 2253 nentibus
2455 2194 2701 2269 quidem
2731 2195 2809 2250 ad
2824 2193 3119 2265 judicium
3144 2191 3363 2262 egregii
3391 2189 3623 2246 laboris
3659 2188 3825 2245 suﬂi-

2148 2302 2280 2343 cere
2308 2290 2503 2359 potest
2531 2302 2544 2351 ;
2575 2284 2741 2357 quod
2769 2284 2947 2339 etiam
2971 2281 3147 2352 regiis
3177 2280 3388 2336 (litavit
3423 2279 3821 2344 muneribus,

2148 2390 2216 2432 ac
2247 2375 2523 2430 villarum
2573 2371 2667 2446 [et]
2697 2372 2935 2428 familias
2966 2387 3136 2443 aeque
3181 2368 3430 2441 replevit
3458 2367 3668 2440 copia.
3720 2366 3825 2424 Cui

2148 2464 2446 2538 quidquid
2476 2463 2745 2535 priorum
2774 2477 2986 2532 regum
3023 2457 3433 2515 muniﬁcentia
3447 2457 3694 2530 passim
3717 2471 3823 2530 per

2150 2558 2511 2611 Francorum
2542 2550 2853 2624 acquisivit
2880 2564 3067 2619 regna
3092 2547 3411 2618 delegavit,
3444 2561 3519 2601 ne
3551 2546 3821 2603 fratrum

2147 2641 2534 2714 congregatio
2554 2640 2780 2697 ibidem
2811 2639 3073 2695 serviens
3102 2641 3301 2707 egeret
3326 2636 3422 2692 his
3439 2651 3577 2709 quae
3598 2650 3820 2692 mona-

2147 2731 2274 2788 chis
2302 2731 2572 2786 feruntur
2590 2744 2721 2784 esse
2749 2743 3034 2798 congrua.
3070 2725 3243 2791 Quod
3270 2724 3331 2779 in
3360 2723 3495 2779 loco
3521 2723 3817 2795 regendae

2147 2820 2413 2876 ecclesiae
2458 2818 2704 2874 beatum
2748 2820 3095 2873 Ursmarum
3132 2812 3414 2886 praefecit,
3446 2812 3661 2869 virum
3694 2827 3819 2868 mo-

2146 2910 2313 2965 ribus
2370 2911 2670 2977 ornatum,
2728 2905 2914 2976 signis
2972 2909 3028 2961 et
3078 2902 3382 2959 miraculis
3433 2917 3816 2969 coruscum;

2148 3000 2321 3069 cujus
2345 2998 2548 3053 dotem
2591 2996 2939 3051 meritorum
2968 2994 3100 3050 vitae
3129 2992 3319 3065 ipsius
3345 2990 3585 3047 libellus
3618 2992 3819 3047 editus

2147 3087 2428 3142 insinuat.
2484 3091 2547 3141 In
2603 3085 2915 3157 praesentis
2972 3088 3172 3140 autem
3224 3081 3487 3154 exempli
3539 3081 3816 3153 negotio,

2149 3176 2285 3247 quis
2326 3191 2449 3231 non
2473 3174 2730 3230 similem
2760 3173 2975 3229 Joanni
3013 3172 3400 3230 arbitraretur
3426 3172 3816 3239 Autbertum,

2150 3264 2299 3319 dum
2342 3264 2437 3319 ille
2481 3278 2555 3318 ex
2582 3263 2811 3318 latrone
2840 3266 3032 3318 tutum
3080 3262 3352 3318 Ecclesiae
3402 3261 3815 3334 provisorem,

2149 3353 2255 3409 iste
2287 3370 2358 3409 ex
2388 3368 2559 3425 aeque
2585 3352 2831 3419 latrone,
2874 3356 2930 3407 et
2972 3368 3045 3407 ex
3088 3352 3278 3425 impio
3309 3354 3572 3424 raptore,
3604 3368 3817 3409 verum

2149 3442 2284 3498 fecit
2321 3441 2555 3498 Domini
2595 3441 3013 3497 sacerdotem?
3055 3441 3169 3498 Sed
3197 3441 3373 3497 nobis
3415 3440 3533 3498 ista
3572 3441 3817 3497 interim

2148 3531 2572 3605 replicantibus
2600 3531 2916 3603 pensanda
2956 3531 3248 3587 occcurrit
3272 3530 3578 3587 immensa
3624 3532 3819 3604 pietas

2149 3619 2497 3690 Conditoris,
2532 3619 2637 3692 qui
2667 3625 2805 3692 post
2849 3619 3090 3692 lapsum
3132 3623 3477 3693 peccatores
3524 3619 3609 3676 ad
3638 3621 3819 3676 inno-

2148 3709 2403 3765 centiam
2448 3708 2645 3764 venire
2699 3708 2963 3767 donavit.
3016 3710 3159 3765 Item
3215 3725 3285 3765 ex
3328 3708 3485 3764 illius
3516 3710 3820 3766 sententia

2146 3797 2455 3853 maxillam
2504 3795 2845 3863 Leviathan,
2877 3796 3110 3854 armilla
3151 3795 3478 3853 divinitatis
3507 3812 3637 3852 suae
3688 3813 3819 3870 per-

2149 3889 2423 3959 foratam,
2478 3891 2535 3943 et
2590 3884 2889 3941 credimus
2945 3890 3003 3943 et
3059 3886 3415 3957 gaudemus,
3475 3886 3635 3943 dum
3694 3887 3819 3943 viro

2146 3978 2285 4033 huic
2342 3976 2525 4033 semel
2579 3975 2641 4031 in
2708 3974 2909 4031 fauces
2967 3976 3098 4046 ejus
3161 3975 3337 4048 lapso
3399 3979 3458 4031 et
3514 3975 3819 4033 evadendi

2148 4067 2379 4123 aditum
2420 4066 2671 4138 aperuit,
2704 4070 2779 4134 et,
2819 4081 2896 4121 ne
2921 4065 3164 4122 ulterius
3192 4063 3581 4138 relaberetur,
3617 4070 3822 4123 custo-

2144 4155 2306 4211 divit.

2218 4247 2303 4300 XI.
2336 4244 2578 4300 Athenis
2620 4260 2762 4301 vero
2808 4245 2957 4301 mbe
3008 4246 3348 4301 Graecorum
3403 4242 3819 4311 nobilissima,

2148 4332 2497 4388 adolescens
2518 4333 2769 4406 quidam
2793 4334 3027 4406 inclytis
3050 4338 3215 4390 ortus
3238 4331 3821 4401 natalibus,studiis-

2148 4436 2269 4491 que
2294 4421 2619 4479 litterarum
2658 4423 3032 4491 exercitatus,
3095 4422 3201 4478 sed
3248 4425 3305 4478 et
3347 4420 3492 4477 ﬁdei
3534 4423 3820 4479 moribus

2073 4550 2113 4603 Β
2148 4510 2495 4581 adornatus,
2510 4529 2583 4568 ex
2610 4512 2997 4586 inspiratione
3015 4510 3261 4585 superni
3283 4510 3530 4583 amoris,
3550 4513 3818 4583 patriam

2146 4604 2541 4672 parentesque
2566 4602 2836 4657 deserere
2858 4617 3226 4670 cursumque
3250 4600 3449 4670 longa
3462 4602 3819 4672 peregn'na—

386 4674 911 4764 aquodepulerat
930 4676 1201 4734 maculas
1218 4677 1746 4752 cordis.Adeptum
1774 4680 2034 4752 denique
2147 4687 2319 4743 tionis
2358 4690 2762 4746 meditabatur
2802 4706 3129 4761 assumere,
3181 4693 3482 4763 quatenus
3515 4689 3818 4764 impensis

382 4762 540 4819 hanc
559 4763 859 4836 dignitatis
885 4767 1158 4838 gratiam,
1177 4767 1326 4823 dum
1342 4768 1841 4825 animadverteret
1868 4769 1928 4824 in
1962 4786 2031 4825 eo

384 4853 708 4910 sanctitatis
742 4855 940 4925 vigere
967 4856 1265 4925 virtutem,
1318 4871 1427 4928 per
1481 4857 1750 4925 singulos
1805 4859 2027 4927 gradus

380 4941 678 5012 promovit
718 4943 797 4999 ad
845 4944 1199 5000 diaconatus
1236 4942 1541 4999 omium!
1583 4945 1673 5000 Ad
1724 4946 1891 5018 quod
1948 4949 2028 5003 sic

380 5031 660 5102 apparuit
706 5036 902 5104 aptus,
958 5036 1022 5086 ut
1070 5030 1302 5102 liquido
1358 5030 1706 5089 claresceret
1744 5035 2026 5093 omnibus

379 5118 544 5189 quod
597 5120 695 5173 Dei
726 5120 914 5187 gratia
959 5117 1038 5173 ad
1065 5118 1128 5173 id
1157 5118 1375 5174 electus
1405 5125 1577 5176 esset.
1618 5123 1827 5180 Paucis
1886 5142 2025 5181 vero

377 5204 737 5277 interpositis
764 5207 978 5261 diebus
1026 5221 1166 5260 cum
1223 5208 1415 5277 magis
1459 5225 1531 5265 ac
1566 5212 1760 5280 magis
1808 5220 2023 5269 semet—

376 5292 576 5365 ipsum
606 5294 853 5364 erigeret
881 5295 943 5350 in
974 5293 1075 5348 Dei
1104 5294 1482 5365 famulatum,
1523 5299 1734 5357 beatus
1758 5302 2025 5375 pontifex

377 5395 566 5451 agens
596 5382 821 5450 gratias
868 5385 986 5440 Deo
1037 5383 1115 5440 ad
1144 5385 1586 5459 Presbyteratus
1614 5391 1851 5449 culmen
1881 5409 2021 5452 eum

374 5470 585 5526 evexit.

444 5562 506 5614 X.
539 5557 903 5616 Sublimatus
941 5567 1138 5620 autem
1170 5563 1229 5620 in
1267 5566 1448 5638 hujus
1478 5570 1710 5642 apicem
1753 5573 2017 5644 honoris,

369 5648 634 5704 enarrari
665 5663 787 5703 non
827 5654 1015 5720 potest
1040 5658 1268 5723 quanto
1310 5655 1598 5714 virtutum
1630 5661 1889 5718 culmine
1927 5679 2023 5718 ex-

367 5737 564 5793 crevit.
616 5740 748 5793 Jam
780 5754 925 5794 vero
967 5742 1232 5811 magistri
1281 5746 1550 5802 moribus
1582 5749 1935 5808 informatus
1965 5759 2022 5810 et

364 5827 697 5886 exercitatas
727 5831 1187 5888 conversationis
1241 5850 1357 5891 usu
1382 5836 1719 5909 roboratus,
1759 5855 2017 5900 conven-

2144 4778 2487 4849 temporalis
2528 4779 2715 4834 exsilii
2764 4784 3129 4837 mercaretur
3178 4783 3417 4834 aeterna:
3462 4777 3818 4853 portionem

2142 4866 2707 4939 hiereditatingitur
2722 4871 2976 4925 Romam
2996 4866 3265 4935 veniens,
3285 4867 3550 4924 oratoria
3566 4872 3820 4941 aposto-

2142 4954 2339 5012 lorum
2352 4957 2635 5013 orationis
2657 4958 2847 5027 gratia
2866 4957 3178 5014 Iustrando
3195 4956 3650 5030 aliquantulum
3670 4962 3818 5014 tem-

2142 5045 2304 5117 poris
2326 5046 2918 5119 explevit.Qui,nocte
2937 5046 3723 5121 quadamJassescentibus
3746 5062 3817 5102 ex

2144 5134 2346 5190 itinere
2368 5136 2635 5203 artubus,
2672 5138 2733 5192 in
2774 5153 3059 5193 somnum
3083 5136 3402 5204 resolutus,
3443 5135 3677 5192 divinae
3692 5137 3815 5207 jus-

2140 5222 2321 5279 sionis
2339 5240 2481 5280 voce
2502 5228 2785 5281 monetur
2805 5226 3093 5282 occiduos
3117 5224 3443 5281 Galliarum
3466 5222 3625 5280 ﬁnes
3644 5239 3824 5297 expe~

2134 5316 2274 5379 tere,
2302 5328 2649 5386 pagumque
2676 5317 2926 5386 Hagnon
2947 5318 3665 5389 penetrans,congmum
3694 5328 3817 5369 suae

2130 5400 2733 5459 habitationislocum
2755 5420 3045 5477 quaerere,
3082 5404 3208 5472 ubi,
3242 5403 3507 5461 oratorio
3534 5408 3818 5461 constru-

2131 5490 2579 5558 cto,vocationis
2602 5508 2727 5548 sua:
2747 5497 2986 5567 tempus
3011 5495 3405 5566 exspectaret.
3429 5494 3646 5550 Sciens
3673 5506 3817 5561 ergo

2129 5578 2398 5635 divinam
2414 5580 2855 5651 providentiam
2873 5583 2985 5639 sibi
3007 5598 3251 5656 semper
3270 5582 3633 5651 affuturam,
3654 5582 3818 5639 labo-

2129 5667 2268 5722 riosi
2307 5684 2514 5723 cursus
2535 5686 2657 5725 non
2689 5677 2929 5744 paveret
2958 5672 3247 5743 injuriam
3268 5671 3467 5728 donec
3494 5672 3577 5728 ad
3606 5670 3815 5728 locum

2132 5756 2479 5828 perveniret,
2518 5760 2617 5813 ubi
2663 5760 2955 5815 inveniret
2992 5761 3099 5832 qui
3142 5759 3255 5814 sibi
3302 5758 3817 5832 peregrinationis

2132 5849 2371 5916 portum
2392 5846 2746 5920 indulgeret,
2766 5853 2825 5906 et
2850 5864 3053 5906 rerum
3082 5849 3443 5921 adjumenta
3472 5851 3814 5923 prastat-et.
