3958 6458
157 413 262 467 365

136 624 389 696 quentia
418 621 704 679 indicant.
743 623 857 679 Sed
887 623 1227 693 jussionem
1279 623 1514 680 Domini
1574 622 1809 695 explere

135 711 492 769 desiderans
518 711 609 767 vir
636 710 736 767 Dei
769 712 1039 769 Gislenus
1073 712 1178 783 (sic
1210 713 1370 768 enim
1419 728 1643 768 nomen
1687 716 1813 768 erat

132 804 340 875 illius),
369 803 716 874 regionibus
742 803 1006 871 diversis,
1039 803 1248 859 insulis
1283 808 1340 860 et
1361 801 1612 860 urbibus
1641 820 1812 876 pera-

138 891 346 962 gratis,
377 907 668 964 prospero
692 909 873 947 cursu
906 893 1151 949 tandem
1181 893 1452 966 pervenit
1479 893 1556 950 ad
1608 892 1810 947 locum

136 981 243 1054 qui
271 985 414 1037 tunc
442 979 725 1053 temporis
757 982 835 1037 ab
863 981 1071 1038 incolis
1101 984 1450 1053 Ursdungus
1477 980 1808 1053 dicebatur,

139 1087 214 1127 ex
245 1069 681 1126 consuetudine
707 1069 980 1127 videlicet
1011 1089 1163 1128 ursae
1192 1073 1575 1146 parturientis
1601 1090 1614 1140 ;
1649 1087 1809 1127 nunc

138 1175 284 1214 vero
319 1158 478 1216 Cella
506 1163 771 1214 vocatur.
809 1161 918 1226 Qui
967 1160 1135 1216 locus
1194 1162 1373 1218 distat
1425 1159 1660 1218 tricenis
1690 1159 1810 1215 fere

140 1247 409 1305 millibus
431 1247 508 1304 ab
535 1249 682 1304 urbe
711 1249 1129 1306 Cameracensi
1160 1269 1172 1318 ;
1206 1249 1267 1308 in
1295 1268 1419 1324 qua
1448 1251 1575 1324 ipse
1628 1267 1701 1306 ex
1727 1250 1810 1305 di-

138 1337 280 1394 vino
326 1337 570 1395 oraculo
619 1344 894 1394 sanctum
940 1339 1287 1412 pontiﬁcem
1331 1357 1512 1413 super
1568 1355 1811 1410 gregem

143 1427 355 1484 Christi
413 1445 557 1484 cura
610 1428 884 1500 pervigili
931 1429 1205 1485 audierat
1249 1428 1552 1486 insudare.
1596 1434 1666 1485 At
1717 1429 1810 1484 ille

137 1517 335 1575 noxiis
389 1517 612 1575 avulsis
661 1519 1002 1590 arboribus,
1050 1519 1394 1579 basilicam
1454 1521 1516 1576 in
1585 1521 1812 1576 honore

140 1607 556 1682 apostolorum
584 1609 763 1681 coepit
789 1609 1106 1678 aadiﬁcare,
1138 1614 1193 1664 et
1247 1609 1458 1665 studiis
1510 1609 1812 1665 bonorum

143 1712 206 1751 se
237 1712 493 1770 operum
523 1697 865 1753 exercitare.
904 1697 1332 1754 Disseminante
1375 1714 1518 1754 vero
1569 1698 1812 1755 diabolo

138 1785 330 1841 zelam
383 1785 623 1841 invidim
676 1801 783 1859 per
842 1787 1025 1842 corda
1055 1787 1378 1856 malorum,
1413 1787 1686 1844 auditum
1727 1792 1814 1843 est

1545 407 1704 464 Vl'l'A
1745 409 1801 464 S.
1841 407 2206 468 AUTBEHTI.

141 535 274 600 Qua
303 548 450 590 voce
480 531 685 588 divina
713 532 962 590 beatum
1005 530 1283 605 portendi
1312 533 1665 588 Autbertum
1723 549 1807 587 se-
1836 535 1886 587 A
1921 549 2035 589 nus
2066 535 2371 592 exsolvere
2402 535 2636 591 debeat.
2676 555 2701 582 η
2729 535 3009 592 Gaudens
3028 535 3208 607 igitur
3235 539 3588 596 venerabilis

3481 419 3585 473 366

1918 626 2088 680 Pater
2108 625 2286 681 bonis
2314 624 2421 681 viri
2449 623 2683 688 studiis,
2711 624 3001 682 accersito
3031 642 3237 683 secum
3282 627 3460 684 beato
3517 647 3587 685 ac

1918 715 2244 771 venerabili
2293 715 2394 771 Dei
2444 714 2667 770 cultore
2725 715 3021 782 Amando,
3065 731 3202 772 cum
3229 733 3455 787 magna
3484 718 3590 775 cir-

1919 803 2207 859 cumfuste
2237 803 2431 877 plebis
2459 802 2853 860 exsultatione
2884 805 3326 862 monasterium
3355 807 3434 863 ad
3465 807 3590 864 lau-

1917 892 2056 948 dem
2109 895 2344 950 Domini
2395 900 2451 950 et
2501 895 2795 950 honorem
2853 895 3267 967 apostolorum
3337 898 3486 954 Petri
3535 902 3592 954 et

1918 982 2082 1037 Pauli
2112 983 2499 1040 consecravit.

1989 1074 2048 1126 XI
2061 1075 2120 1126 ll.
2154 1072 2268 1128 Sed
2280 1077 2335 1127 et
2347 1071 2489 1127 illud
2503 1074 2990 1145 praetereundum
3003 1088 3127 1130 non
3149 1076 3381 1132 restimo
3399 1077 3588 1149 quod,

1917 1176 2056 1216 cum
2075 1162 2316 1234 superni
2334 1163 2593 1234 spiritus,
2613 1162 2675 1218 in
2696 1163 2876 1218 rebus
2898 1163 3170 1220 humana
3189 1164 3585 1222 sollicitudine

1918 1249 2428 1316 administrandis,
2457 1251 2691 1323 paucis,
2722 1256 2778 1307 et
2807 1251 2920 1306 illis
2954 1252 3212 1323 purioris
3241 1254 3377 1310 vitae
3407 1270 3589 1310 mun-

1917 1339 2060 1395 ditia
2088 1339 2386 1413 praedites,
2419 1356 2541 1396 non
2572 1341 2688 1396 nisi
2719 1357 2826 1414 per
2854 1341 3114 1397 visiones
3167 1349 3273 1399 aut
3329 1344 3591 1401 obscura

1918 1429 2186 1501 mystica}
2234 1430 2479 1485 visionis
2529 1430 2853 1501 aenigmata
2883 1447 2944 1486 se
2992 1431 3176 1487 videri
3221 1433 3587 1504 permittant,

1916 1518 2162 1574 beatum
2172 1519 2522 1575 Autbertum
2537 1520 2785 1589 angelos
2799 1520 3213 1593 corporalibus
3227 1522 3414 1578 oculis
3428 1539 3589 1595 saepe

1915 1607 2136 1663 vidisse
2166 1608 2337 1664 multi
2359 1609 2695 1665 audierunt.
2733 1609 2906 1674 Quod
2926 1610 3149 1667 mirum
3188 1611 3589 1682 prudentibus

1916 1697 2104 1752 videri
2130 1713 2254 1754 non
2285 1697 2480 1765 debet,
2509 1715 2646 1755 cum
2670 1699 2939 1756 internus
2960 1700 3177 1756 mentis
3199 1700 3449 1756 intuitus
3465 1717 3590 1757 eor-

1920 1787 2084 1858 porei
2128 1791 2409 1858 aspectus
2440 1787 2644 1843 lumen
2681 1787 2759 1843 ad
2797 1788 3129 1860 spiritualia
3157 1789 3459 1845 cernenda
3493 1807 3589 1846 ac-

141 1875 402 1947 aliqucs,
432 1879 496 1931 ut
526 1880 616 1930 est
669 1892 800 1930 mos
834 1871 1231 1945 adulantium,
1267 1882 1474 1933 sancto
1529 1877 1812 1949 episcopo
1842 1890 1882 1944 Β
1920 1876 2195 1930 conderet
2224 1893 2406 1948 quem
2437 1878 2516 1932 ab
2544 1877 2768 1933 inﬁmis
2791 1877 2972 1933 rebus
2997 1879 3183 1934 virtus
3211 1879 3586 1935 continentiae

140 1964 407 2020 suasisse
437 1979 512 2018 ne
541 1965 761 2021 sineret
801 1964 972 2020 illum
1002 1965 1549 2038 pseudodoctorem
1595 1967 1653 2021 in
1684 1965 1813 2020 ﬁni-

137 2054 252 2109 bus
285 2054 413 2110 suis
439 2055 518 2110 ad
544 2054 831 2125 injuriam
861 2054 951 2110 sui
980 2055 1225 2111 honoris
1272 2070 1536 2124 manere,
1596 2059 1660 2111 ut
1710 2056 1812 2128 qui

140 2143 217 2199 ad
249 2141 627 2199 seducendas
654 2149 888 2199 mentes
912 2143 1294 2216 simplicium,
1320 2145 1556 2200 urbana
1574 2145 1811 2217 sapien-

139 2233 284 2288 tium
307 2233 730 2289 conventicula
755 2233 971 2303 vitans,
1015 2233 1074 2288 in
1127 2235 1238 2290 has
1297 2235 1646 2290 solitudines
1676 2251 1815 2290 con-

137 2323 422 2380 venisset.
462 2324 574 2380 Sed
606 2323 693 2378 vir
727 2324 961 2379 Domini
1006 2325 1319 2380 advertens
1365 2326 1813 2397 suggestionem

139 2413 363 2468 invidia
390 2414 591 2486 potius
625 2428 813 2485 quam
843 2414 1071 2469 ratione
1095 2415 1498 2488 compositam
1556 2435 1568 2470 :
1623 2435 1653 2469 «
1686 2419 1812 2472 Non

141 2507 247 2570 est,
278 2502 494 2576 inquit,
528 2509 822 2569 nostrum,
853 2503 1162 2559 hominem
1200 2504 1605 2560 indiscussum
1657 2504 1813 2575 judi-

142 2607 290 2657 care,
327 2606 526 2662 neque
559 2591 724 2646 omni
756 2591 986 2664 spiritui
1017 2593 1276 2660 credere,
1301 2594 1495 2649 donec
1524 2593 1811 2666 probetur

143 2679 188 2733 si
217 2695 286 2734 ex
305 2683 428 2734 Deo
461 2679 551 2735 sit.
582 2703 609 2729 »

208 2771 314 2825 XII.
349 2768 586 2826 Mittitur
610 2767 811 2840 itaque
843 2769 1087 2824 nuntius
1105 2770 1210 2842 qui
1227 2769 1538 2826 hominem
1565 2769 1643 2824 ad
1665 2785 1808 2826 con—

142 2863 411 2931 spectum
442 2858 740 2931 pontiﬁcis
786 2860 1074 2914 accersire
1120 2859 1358 2930 debeat,
1412 2861 1527 2915 hoc
1572 2859 1808 2915 interim

140 2948 446 3022 prOposito
476 2965 550 3003 ne
579 2948 667 3004 vir
709 2949 810 3004 Dei
850 2965 922 3004 ex
954 2954 1251 3005 conventu
1309 2949 1524 3022 quovis
1573 2949 1807 3020 injurias

141 3043 302 3095 motu
324 3039 798 3095 contristaretur.
834 3042 1127 3094 Evocatus
1158 3042 1361 3095 autem
1391 3038 1605 3095 beatus
1624 3039 1806 3095 Gisle-

142 3143 250 3183 nus
274 3128 454 3200 coepit
483 3131 600 3184 Deo
657 3128 880 3198 gratias
929 3144 1104 3198 agere
1150 3129 1314 3200 quod
1370 3145 1430 3184 se
1467 3144 1574 3200 per
1631 3145 1808 3183 suum

139 3216 483 3290 pontiﬁcem
529 3233 791 3289 superna
832 3217 1022 3286 gratia
1077 3218 1396 3274 visitasset.
1454 3217 1808 3273 Perveniens

137 3305 332 3380 itaque
379 3307 457 3363 ad
486 3305 722 3376 urbem,
776 3312 982 3363 sancto
1032 3310 1425 3379 prtesentatur
1472 3307 1804 3380 episcopo;

145 3413 320 3469 quem
340 3396 461 3465 ille,
495 3401 560 3453 ut
584 3397 882 3467 ﬂagrabat
908 3397 1213 3454 charitatis
1246 3397 1585 3463 dulcedine,
1617 3398 1698 3452 sic
1722 3397 1806 3452 af-

139 3485 342 3543 fatus:
412 3509 439 3536 ‹‹
474 3487 593 3555 Dic,
664 3488 875 3560 inquit,
942 3487 1151 3557 nobis,
1206 3488 1388 3544 frater
1437 3488 1804 3555 charissime,

142 3577 304 3648 cujus
320 3593 405 3645 es,
432 3577 676 3648 cujusve
697 3577 1090 3647 dignitatis?»
1123 3577 1227 3633 Cui
1257 3577 1350 3633 ille
1382 3577 1755 3650 respondens
1792 3595 1804 3632 :

145 3683 172 3717 ‹
201 3666 459 3736 Graecus,
491 3664 705 3738 inquit,
738 3665 1002 3735 natione,
1032 3665 1400 3721 Christianus
1439 3681 1582 3721 vero
1619 3665 1808 3735 digni-

143 3756 274 3822 tate,
305 3753 550 3810 Athenis
579 3769 723 3809 vero
774 3758 963 3822 ortus,
1016 3753 1230 3810 Christi
1254 3753 1617 3826 baptismate
1640 3770 1809 3811 rena-

143 3843 251 3897 tus.
276 3845 357 3898 Ita
388 3844 643 3898 Romam
664 3841 892 3910 adiens,
924 3858 1031 3916 per
1063 3841 1165 3897 Dei
1217 3847 1590 3915 prseceptum
1649 3843 1807 3898 hanc

142 3931 379 4002 perveni
407 3929 471 3986 in
496 3930 776 4004 patriam,
803 3947 982 4004 super
996 3931 1225 3987 ﬂumen
1274 3934 1566 4001 Hagnam,
1591 3931 1806 3989 inloco

143 4020 242 4090 qui
269 4019 482 4076 dicitur
510 4020 861 4092 Ursdungus
887 4037 1137 4093 ;operor
1168 4021 1474 4089 manibus,
1508 4020 1806 4078 aediﬁcare

146 4107 396 4174 gestiens
445 4111 566 4164 Deo
619 4109 969 4164 oratorium.
1037 4109 1468 4165 Desiderabam
1524 4109 1806 4182 equidem

144 4198 302 4252 tuam
356 4203 631 4272 expetere
691 4199 1088 4269 sanctitatem,
1138 4199 1430 4271 petiturus
1503 4199 1806 4256 licentiam

145 4287 356 4356 agendi
378 4305 517 4361 quae
549 4293 688 4345 sunt
712 4294 928 4363 coepta,
967 4289 1075 4345 sed
1105 4289 1389 4362 praevenit
1431 4291 1624 4360 gratia
1680 4294 1804 4363 tua,

143 4389 271 4445 quae
292 4392 405 4432 nos
435 4377 762 4434 accersivit.
793 4400 822 4428 »
847 4379 1094 4434 lntuitus
1122 4385 1324 4435 autem
1351 4379 1547 4436 almus
1579 4377 1806 4451 episco-

142 4465 264 4533 pus‘
279 4465 389 4521 viri
419 4482 750 4536 sermones,
769 4466 1038 4540 nihilque
1085 4469 1570 4542 reprehensionis
1599 4467 1806 4540 depre-

143 4550 426 4624 hendens,
485 4556 688 4611 dilexit
744 4572 923 4624 eum;
987 4557 1191 4630 sicque
1237 4574 1346 4630 per
1393 4559 1621 4631 aliquot
1675 4557 1802 4613 dies

145 4643 326 4710 gratia
351 4645 773 4717 hospitalitatis
801 4650 1122 4715 retentum,
1157 4652 1214 4703 et
1235 4647 1564 4720 corporalis
1597 4646 1803 4703 alimo-

143 4730 250 4786 nia:
273 4734 564 4803 subsidio,
594 4739 651 4790 et
671 4751 842 4792 sacro
870 4735 1193 4808 spiritualis
1223 4736 1357 4791 vitae
1387 4735 1688 4806 colloquio
1712 4751 1805 4791 sa-

143 4818 316 4877 tiavit.
353 4824 573 4880 Dehinc
603 4825 1040 4881 benedictionis
1073 4842 1196 4880 suae
1212 4840 1461 4880 munere
1483 4825 1800 4894 donatum,

145 4915 501 4984 acceptaque
529 4913 908 4984 regrediendi
932 4913 1191 4981 licentia,
1248 4929 1392 4969 eum
1440 4911 1800 4968 venerabilis

144 4996 302 5054 Pater
327 4999 597 5057 hortatur
625 5001 912 5074 perﬁcere
940 5001 1207 5057 studiose
1236 5017 1373 5073 quas
1404 5005 1684 5072 coeperat,
1716 5016 1804 5055 se-

144 5099 274 5156 que,
332 5090 588 5160 peractis
639 5107 774 5164 quas
833 5095 1251 5162 congruerent,
1301 5089 1630 5146 oratorium
1679 5106 1802 5145 sua:

145 5176 500 5233 auctoritatis
525 5178 944 5236 benedictione
975 5184 1468 5236 consecraturum
1502 5177 1797 5250 promisit.

146 5262 268 5326 Qua.
291 5266 555 5348 episcopi
580 5269 978 5341 promissione
1028 5269 1222 5340 laetus,
1281 5268 1448 5341 operi
1496 5267 1802 5325 ardentius

142 5349 416 5424 instabat,
449 5359 935 5417 animadverteris
961 5361 1090 5432 jam
1121 5375 1194 5415 ex
1221 5375 1424 5414 rerum
1474 5362 1686 5413 eventu
1739 5373 1802 5412 se

142 5438 303 5499 illum
327 5445 625 5505 invenisse
641 5465 826 5522 quem
855 5449 933 5505 ad
955 5449 1351 5506 ministerium
1376 5447 1612 5505 socialis
1631 5446 1801 5503 labo-

142 5530 217 5586 ris
245 5533 530 5594 divinitus
547 5538 819 5596 audierat
836 5540 948 5596 sibi
965 5539 1358 5612 promissum.
1384 5537 1641 5612 Explctis
1660 5551 1802 5593 vero

143 5635 250 5691 pro
275 5624 522 5683 modulo
551 5644 662 5683 suo
684 5645 819 5701 quae
851 5629 1222 5695 monasticis
1246 5628 1454 5684 usibus
1511 5643 1804 5695 congrue-

145 5707 302 5778 bant,
339 5714 424 5769 vir
453 5717 553 5772 Dei
585 5718 1000 5774 venerandum
1033 5719 1251 5775 talibus
1282 5718 1480 5773 verbis
1530 5715 1805 5788 interpel-

147 5795 222 5854 lat
242 5802 590 5877 episcopum
621 5825 632 5861 :
668 5830 693 5855 ‹‹
730 5811 988 5880 Tempus
1018 5809 1206 5876 adest,
1242 5811 1428 5875 Pater,
1478 5823 1599 5878 quo
1632 5821 1804 5860 servo

149 5901 251 5946 suo
268 5889 552 5951 dominus
583 5894 849 5968 pontifex
875 5896 1195 5967 promissas
1221 5893 1655 5951 benedictionis
1672 5909 1804 5949 mu-

1920 1965 2233 2021 elauserat.
2259 1969 2476 2021 Rerum
2494 1967 2740 2038 quidem
2762 1968 3087 2025 necessitas
3106 1969 3386 2038 exigebat
3406 1973 3472 2024 ut
3491 1986 3588 2026 ve-

1918 2055 2203 2110 nerabilis
2234 2059 2399 2112 Pater
2426 2057 2751 2112 canonicos
2780 2072 2940 2125 suos,
2961 2057 3065 2129 qui
3083 2058 3344 2114 Atrebati
3364 2057 3426 2113 in
3445 2061 3586 2114 Bea-

1919 2148 1992 2199 tae
2050 2145 2241 2200 Mariae
2299 2145 2667 2201 monasterio
2713 2145 3185 2213 famulabantur,
3244 2146 3588 2203 visitaturus

1919 2233 2082 2289 adire
2109 2233 2372 2289 deberet.
2409 2234 2519 2299 Qui
2551 2235 2720 2290 locus
2748 2234 2891 2290 olim
2921 2241 2978 2290 et
3007 2235 3240 2291 ambitu
3269 2252 3588 2291 murorum

1919 2327 1976 2377 et
2005 2322 2338 2394 frequentia
2359 2323 2581 2378 civium
2611 2323 3034 2379 celeberrimus
3054 2323 3267 2393 fuerat,
3299 2324 3424 2392 sed,
3452 2340 3590 2393 gen-

1919 2412 2069 2467 tium
2086 2412 2466 2468 infestatione
2490 2429 2526 2468 a
2550 2414 2748 2485 prisco
2769 2417 2925 2468 statu
2947 2413 3339 2482 deformatus,
3362 2414 3588 2470 crebris

1918 2501 2105 2557 ruinis
2134 2501 2450 2575 hucusque
2483 2503 2774 2559 consistit.
2808 2503 2913 2558 Ubi
2935 2519 3074 2558 cum
3106 2503 3181 2558 de
3202 2503 3382 2558 rebus
3400 2503 3589 2559 Eccle-

1919 2591 2022 2646 siae
2053 2591 2195 2646 satis
2225 2591 2303 2647 ad
2335 2595 2571 2664 tempus
2611 2597 2942 2663 tractasset,
2969 2593 3242 2665 quadam
3297 2597 3490 2661 nocte,
3524 2597 3591 2649 ut

1915 2679 1998 2734 illi
2025 2684 2149 2735 erat
2181 2696 2419 2752 semper
2447 2681 2653 2750 moris,
2677 2681 2960 2736 fratribus
3003 2681 3204 2737 adhuc
3230 2681 3586 2754 quiescenti-

1916 2768 2052 2837 bus,
2079 2783 2333 2837 surgens
2361 2768 2440 2824 ad
2466 2773 2777 2824 nocturnae
2796 2769 3083 2824 orationis
3104 2774 3365 2841 tempus,
3392 2785 3586 2842 usque

1914 2858 1977 2913 in
2026 2858 2175 2913 lucis
2232 2858 2655 2930 crepusculum
2686 2859 3074 2914 continuavit.
3135 2859 3402 2915 Necdum
3443 2876 3584 2916 vero

1916 2963 2160 3003 cursum
2188 2947 2472 3004 orationis
2502 2948 2860 3020 expleverat,
2895 2963 3036 3003 cum
3067 2963 3131 3004 se
3177 2948 3359 3020 foras,
3409 2949 3586 3021 quasi

1914 3052 2027 3109 pro
2054 3036 2453 3093 refocillandis
2485 3036 2691 3109 aliquo
2757 3037 3121 3093 relevamine
3152 3038 3424 3108 artubus,
3458 3055 3586 3094 sus-

1916 3142 2106 3199 pensa
2121 3127 2355 3182 interim
2373 3127 2642 3184 oratione
2655 3126 2922 3196 contulit,
2945 3131 3001 3182 et
3027 3131 3190 3183 stans
3204 3127 3267 3183 in
3282 3126 3584 3184 moenibus

1839 3247 1880 3304 ρ
1918 3217 2096 3289 οωρὶῐ
2107 3216 2220 3289 piae
2235 3215 2640 3272 meditationis
2657 3216 2920 3272 motibus
2936 3216 3162 3288 pulsari
3182 3217 3585 3289 quamobrem

1915 3307 2225 3378 Vedastus,
2253 3312 2556 3363 tantorum
2587 3307 2779 3380 spatio
2811 3319 3110 3363 annorum
3148 3307 3282 3363 vilis
3330 3308 3586 3382 sepulcri

1918 3396 2140 3469 cespite
2164 3395 2424 3464 clausus,
2458 3395 2661 3453 debito
2690 3397 2919 3453 honore
2951 3401 3195 3464 careret,
3229 3409 3413 3468 quem
3454 3396 3585 3466 jam

1919 3500 2322 3557 supernorum
2341 3485 2562 3541 civium
2580 3485 2882 3541 consortio
2901 3485 3303 3542 exsultantem
3328 3484 3584 3541 caalestis

1916 3573 2307 3641 Hierusalem,
2339 3589 2448 3630 ceu
2480 3589 2786 3644 gemmam
2818 3575 3102 3631 virtutum
3145 3573 3441 3644 fulgorem
3470 3574 3582 3630 mi-

1917 3669 2174 3728 cantem,
2193 3663 2560 3718 adscivisset.
2595 3663 2842 3730 Etenim,
2867 3680 2901 3719 a
2927 3663 3024 3718 die
3039 3662 3432 3735 depositionis
3452 3663 3583 3734 ejus

1915 3767 2108 3823 usque
2140 3751 2217 3806 ad
2247 3754 2484 3822 tempus
2512 3751 2671 3806 beati
2697 3751 2982 3818 Autberti,
3004 3766 3106 3806 sex
3120 3751 3286 3806 fuere
3316 3749 3584 3824 episcopi

1915 3839 2136 3912 quibus
2151 3838 2282 3911 ipse
2304 3839 2596 3911 septimus
2611 3839 2689 3895 ad
2710 3838 2998 3911 pontiﬁcii
3011 3839 3250 3895 culmen
3274 3838 3579 3908 successit,

1915 3944 2054 3984 cum
2087 3931 2170 3983 tot
2192 3927 2535 3984 labentibus
2558 3928 2732 3984 annis
2751 3943 2994 3998 gemma
3022 3931 3119 3983 Dei
3150 3928 3418 4001 pretiosa
3445 3928 3583 3984 sub-

1914 4021 2188 4073 terraneo
2207 4016 2407 4073 adhuc
2425 4032 2608 4090 specu
2625 4016 3219 4089 claudebatur,cujus
3239 4017 3584 4090 sepulcrum

1913 4106 2078 4162 haud
2106 4105 2284 4175 longe
2311 4122 2347 4162 a
2377 4105 2585 4163 dextro
2616 4123 2804 4163 cornu
2836 4106 3041 4162 altaris
3066 4110 3258 4163 Beata}
3278 4106 3472 4163 Mariae
3501 4106 3586 4162 di-

1917 4195 2152 4251 stabat:
2188 4211 2327 4251 cum
2356 4211 2498 4251 vero
2527 4200 2611 4252 tot
2636 4196 2910 4267 egregios
2942 4195 3152 4252 Christi
3208 4195 3584 4252 confessores

1913 4283 2026 4340 illis
2052 4283 2238 4340 fuisse
2267 4286 2642 4359 temporibus
2661 4286 3005 4356 audiamus,
3030 4285 3254 4342 meritis
3271 4285 3582 4350 sublimes,

1913 4375 2235 4431 virtutibus
2262 4374 2542 4443 illustres,
2577 4376 2845 4431 minimis
2875 4375 2938 4431 in
2969 4376 3152 4432 rebus
3192 4373 3580 4442 sollicitiores,

1914 4464 2125 4536 procul
2155 4464 2342 4520 dubio
2363 4464 2752 4520 manifestum
2784 4469 3017 4520 estnon
3075 4479 3286 4520 eorum
3341 4462 3585 4532 ignavia

1914 4551 2358 4622 negligentibus
2383 4553 2583 4622 jacere
2599 4557 2834 4608 tantum
2851 4552 3224 4622 thesaurum,
3253 4549 3357 4607 sed
3378 4549 3584 4606 divino

1911 4641 2138 4711 judicio
2187 4645 2243 4695 et
2276 4639 2580 4695 voluntate
2616 4640 2775 4695 beati
2805 4640 3040 4696 Vedasti
3069 4641 3184 4695 hoc
3213 4639 3585 4710 exsequendi

1913 4729 2179 4785 muneris
2219 4727 2616 4783 ministerium
2643 4727 2823 4783 beato
2848 4728 3132 4784 Autberto
3185 4732 3579 4784 reservatum.

1914 4819 2101 4891 Coepit
2157 4817 2337 4887 igitur
2385 4815 2590 4872 anima
2647 4820 2899 4872 aestuare
2953 4817 3245 4889 quoniam
3275 4817 3585 4874 transferri

1913 4913 2157 4965 sanctus
2185 4907 2492 4964 confessor
2522 4906 2846 4975 debuisset,
2879 4912 3166 4980 reputans
3227 4925 3433 4964 secum
3489 4909 3581 4965 in-

1910 5013 2249 5067 congruum
2304 4996 2430 5052 fore
2485 4995 2606 5052 duo
2659 4995 2983 5052 luminaria
3049 5013 3277 5068 magna
3323 5003 3583 5068 angusta.

1910 5087 2088 5143 unius
2114 5087 2332 5143 domus
2359 5085 2500 5142 sede
2531 5085 2796 5142 cohiberi
2830 5103 2843 5141 :
2877 5085 3152 5142 videlicet
3178 5103 3276 5157 ne,
3295 5087 3400 5142 ubi
3429 5103 3580 5160 prae-

1910 5177 2071 5234 clara
2097 5175 2198 5232 Dei
2226 5174 2532 5231 Genitricis
2561 5175 2857 5231 memoria
2873 5175 3202 5248 primatum
3218 5176 3481 5233 nominis
3500 5181 3579 5234 te-

1909 5267 2112 5337 nebat,
2143 5265 2289 5322 tanti
2309 5265 2493 5321 Patris
2525 5264 2715 5336 gloria
2747 5265 3058 5321 obscurior
3078 5265 3411 5336 videretur;
3437 5283 3578 5323 cum

1909 5360 2170 5429 repente,
2186 5371 2404 5412 aurora
2413 5355 2684 5423 rubente,
2704 5355 2994 5411 orientem
3010 5371 3220 5411 versus
3237 5356 3575 5428 intendens,

1908 5445 2072 5502 videt
2095 5445 2330 5501 eminus
2359 5448 2520 5501 trans
2541 5443 2855 5500 ﬂuviolum
2879 5443 2983 5517 qui
3033 5445 3289 5502 Trientio
3308 5451 3575 5517 vocatur,

1909 5536 2107 5592 virum
2129 5533 2536 5607 splendidum,
2565 5533 2795 5605 virgam
2817 5534 2880 5590 in
2908 5551 3099 5591 manu
3131 5540 3453 5609 tenentem,
3471 5537 3577 5595 ba-

1913 5623 2089 5679 silicae
2118 5623 2320 5678 locum
2351 5621 2545 5677 metiri
2579 5640 2591 5689 ;
2625 5637 2735 5677 ceu
2750 5621 3064 5694 quondam
3089 5625 3370 5692 Ezechiel,
3404 5641 3577 5681 secus

1912 5713 2136 5768 ﬂuenta
2167 5711 2488 5783 Babylonis
2513 5727 2763 5783 corpore
2795 5713 3045 5784 positus,
3077 5714 3138 5769 in
3179 5715 3390 5786 spiritu
3414 5717 3576 5770 venit

1912 5801 1991 5858 ad
2048 5805 2266 5856 terram
2322 5799 2522 5866 Israel,
2554 5799 2660 5868 ubi
2691 5800 2751 5854 in
2787 5800 3121 5856 visionibus
3156 5805 3255 5857 Dei
3283 5801 3573 5873 templum

1914 5889 2148 5948 Domini
2171 5904 2360 5947 manu
2387 5886 2650 5944 hominis
2679 5887 2827 5945 vidit
2855 5889 3066 5946 metiri.
3118 5889 3287 5954 Quod
3319 5889 3414 5944 ille
3443 5903 3568 5943 cer-
