3904 6504
455 358 561 412 367

140 0 3294 121 ῃ

1616 356 1671 411 S.
1714 353 2047 412 FULBERTI
2086 352 2241 408 VITA
2280 354 2338 410 S.
2378 355 2740 414 AUTBERTI.
3744 370 3815 425 368

448 493 624 545 nens,
654 478 947 535 revelante
976 477 1200 551 spiritu,
1230 478 1520 534 visionem
1569 478 1844 547 cognovit
1874 478 2094 549 angeli-
2128 479 2177 532 A
2205 480 2405 533 autem
2431 479 2533 552 qui
2555 481 2804 538 aderant
2831 482 2997 539 vario
3027 486 3243 541 eventu
3271 484 3565 554 miraculi,
3613 486 3817 547 beatum

451 583 611 624 eam.
640 567 919 625 lntellexit
946 567 1121 635 igitur
1151 566 1236 621 vir
1261 567 1360 621 Dei
1388 566 1633 622 beatum
1682 567 2005 624 Vedastum
2034 567 2100 623 il-

446 657 569 724 luc,
595 661 892 715 annuente
923 657 1169 725 Christo,
1203 656 1700 713 transferendum.

520 750 652 804 XIV.
678 750 886 802 Beatus
905 745 1081 815 igitur
1100 744 1384 817 pontifex,
1418 745 1517 801 tali
1561 746 1919 803 revelatione
1973 764 2093 804 cer-

443 837 558 892 tior
583 836 791 905 factus,
813 835 1056 890 beatum
1072 834 1503 902 Audomarum,
1525 835 1629 908 qui
1650 852 1721 893 ea
1744 842 2090 911 tempestate

441 925 834 982 Tarvanensis
865 924 1028 979 urbis
1050 940 1290 994 gregem
1318 941 1461 980 cura
1502 926 1773 997 pervigili
1824 928 2085 997 regebat,

440 1015 520 1072 ad
550 1020 673 1072 tam
703 1014 965 1070 solemne
984 1013 1384 1069 translationis
1408 1014 1670 1071 ofﬁcium
1713 1016 2088 1074 invitandum

439 1103 769 1161 aestimavit.
804 1102 934 1173 Qui,
959 1102 1093 1158 licet
1123 1102 1285 1157 senio
1311 1118 1554 1174 pressus
1581 1108 1637 1159 et
1658 1104 1977 1161 amissione
2003 1106 2088 1162 lu-

436 1193 671 1249 minum
699 1191 948 1248 debilior
968 1191 1177 1261 factus,
1209 1190 1616 1247 imbecillioris
1648 1197 1847 1250 tamen
1878 1210 2085 1268 corpo-

436 1283 517 1339 ris
573 1286 801 1338 tantum
848 1296 969 1336 non
1024 1279 1389 1336 formidabat
1439 1281 1728 1350 laborem,
1786 1290 2083 1356 quantum

433 1371 595 1428 beati
620 1369 879 1426 Autberti
909 1369 1194 1425 mandato
1226 1369 1562 1427 satisfacere
1609 1373 1930 1441 gaudebat.
1966 1375 2080 1430 Dif-

432 1460 755 1516 ﬁcultatem
780 1458 957 1528 igitur
986 1459 1251 1531 corporis
1284 1460 1607 1532 superabat
1635 1461 1893 1518 charitas
1914 1480 2079 1519 men-

432 1549 522 1616 tis,
557 1548 901 1620 Christoque
922 1563 1162 1617 gressus
1190 1552 1448 1618 regente,
1477 1549 1727 1605 devotus
1775 1551 1853 1607 ad
1907 1570 2080 1609 vene-

428 1638 688 1694 randum
713 1636 979 1709 pervenit
1001 1637 1371 1710 episcopum.
1404 1643 1476 1694 At
1504 1639 1599 1695 ille
1630 1657 1768 1696 cum
1788 1643 1935 1714 quid
1956 1645 2078 1700 ani-

428 1743 529 1783 mo
559 1730 802 1797 gereret,
835 1729 891 1781 et
914 1726 1062 1798 quid
1093 1725 1206 1781 sibi
1235 1726 1518 1783 divinitus
1563 1734 1716 1785 esset
1763 1736 2073 1789 ostensum

2210 582 2425 639 corpus
2455 568 2535 624 ad
2558 568 2758 626 locum
2788 571 2865 627 ab
2892 572 3106 640 angelo
3129 573 3511 644 designatum
3526 576 3821 635 honorifice

2208 656 2650 713 transtulerunt.
2681 660 2810 724 Quo
2857 659 2918 715 in
2957 660 3089 716 loco
3121 662 3480 719 venerabilis
3537 665 3820 739 episcopus

2203 746 2633 802 monasterium
2663 749 3008 817 construxit,
3041 754 3095 806 et
3121 766 3193 807 ex
3217 751 3397 807 rebus
3428 752 3520 808 sui
3569 753 3820 828 episcOpii

2200 832 2263 889 in
2288 850 2471 890 usum
2496 835 2918 894 famulantium
2938 855 3049 912 pro
3064 855 3262 897 rerum
3285 841 3721 914 opportunitate
3740 843 3823 899 do-

2200 921 2382 990 navit,
2416 923 2539 990 ubi,
2563 924 2733 994 juxta
2758 941 3087 997 congruam
3111 943 3312 983 rerum
3342 928 3702 999 facultatem,
3730 931 3823 987 fra-

2200 1013 2313 1066 tres
2338 1011 2397 1066 in
2430 1011 2721 1085 obsequia
2749 1014 2935 1070 divini
2962 1015 3153 1071 cultus
3179 1016 3507 1088 deputavit.
3554 1021 3632 1075 De
3679 1019 3825 1075 obitu

2194 1114 2357 1167 vero,
2388 1116 2510 1172 quo
2540 1104 2804 1175 tempore
2835 1108 3039 1159 sancta
3056 1107 3115 1160 Β.
3142 1105 3407 1161 Autberti
3422 1105 3644 1173 anima,
3668 1123 3823 1163 carne

2194 1187 2407 1256 soluta,
2436 1205 2761 1262 supernam
2786 1192 3150 1248 Hierusalem
3179 1193 3361 1266 petiit,
3422 1200 3650 1251 certum
3698 1196 3827 1269 quid

2192 1276 2271 1331 ad
2293 1282 2561 1333 nostram
2586 1278 2855 1336 notitiam
2886 1296 3008 1336 non
3032 1283 3322 1353 pervenit,
3382 1283 3689 1339 nonnullis
3740 1284 3826 1340 ob-

2190 1367 2534 1425 sistentibus
2560 1371 2755 1426 causis
2781 1387 2917 1443 quae
2947 1372 3124 1428 etiam
3175 1374 3508 1430 maximam
3554 1374 3826 1431 virtutum

2188 1458 2317 1527 ejus
2346 1464 2578 1531 partem
2604 1476 2640 1515 a
2670 1465 2873 1517 nostra
2927 1462 3221 1518 memoria
3277 1463 3662 1519 sustulerunt.
3718 1464 3828 1519 Fuit

2187 1549 2387 1601 autem
2417 1553 2692 1604 sanctum
2722 1564 2940 1621 corpus
2961 1551 3091 1620 ejus
3124 1551 3484 1607 tumulatum
3512 1552 3575 1607 in
3592 1552 3830 1608 ecclesia

2186 1635 2343 1690 Beati
2367 1636 2535 1705 Petri,
2561 1654 2697 1710 quae
2745 1643 2910 1694 extra
2952 1656 3158 1695 muros
3209 1640 3462 1697 civitatis
3522 1645 3665 1697 tunc
3698 1645 3830 1697 erat.

2184 1739 2345 1781 nunc
2371 1742 2512 1782 vero
2536 1726 2691 1783 intra
2713 1728 2937 1783 mcenia
2966 1729 3097 1799 ejus
3124 1734 3231 1785 est.
3269 1734 3332 1786 In
3384 1747 3509 1803 qua
3549 1729 3835 1804 requievit

426 1816 684 1881 referret,
716 1815 1246 1885 congratulabatur
1281 1816 1517 1885 visioni,
1571 1823 1627 1874 et
1684 1836 1744 1875 se
1800 1821 2073 1879 fraternae
2110 1828 2153 1879 Β
2184 1828 2375 1885 usque
2406 1813 2480 1869 ad
2514 1818 2749 1887 tempus
2777 1815 3079 1871 Dodilonis
3106 1818 3390 1889 episcopi,
3422 1817 3527 1890 qui
3571 1818 3629 1873 ei
3684 1818 3832 1874 deci-

427 1905 751 1961 sedulitatis
788 1904 983 1960 studio
1025 1903 1368 1960 obedienter
1414 1907 1686 1964 accinxit.
1745 1912 1876 1966 Jam
1930 1928 2071 1967 vero

425 1995 704 2051 aestimari
732 2009 855 2049 non
876 1997 1071 2065 potest
1093 1998 1321 2065 quanta
1342 1996 1697 2052 confluentis
1724 2000 1931 2071 populi
1956 2005 2072 2056 tur-

422 2084 505 2140 ba
532 2100 602 2140 eo
631 2083 727 2139 die
757 2083 834 2139 ad
863 2098 1002 2137 eum
1030 2082 1231 2138 locum
1263 2086 1623 2154 convenerit,
1660 2087 1852 2144 clerus
1873 2090 2072 2146 videli-

423 2178 516 2230 eet
543 2178 601 2229 et
626 2172 935 2244 utriusque
965 2187 1141 2227 sexus
1165 2188 1288 2227 non
1305 2172 1567 2241 ignobile
1587 2176 1822 2246 vulgus.
1860 2182 2068 2236 Parato

420 2263 600 2332 igitur
623 2261 834 2318 feretro
863 2264 920 2315 et
955 2260 1235 2316 omnibus
1262 2278 1397 2333 quae
1427 2265 1761 2321 necessaria
1785 2266 2069 2323 videban-

421 2356 536 2421 tur,
568 2350 797 2407 detecto
828 2348 1118 2421 sepulcro,
1147 2353 1203 2404 et
1229 2349 1509 2422 imposita
1540 2353 1886 2425 antiphona,
1929 2371 2067 2411 cum

421 2455 645 2510 magna
662 2438 991 2495 reverentia
1012 2441 1284 2493 sanctum
1307 2440 1657 2496 thesaurum
1679 2443 2062 2511 sustulerunt,

418 2529 759 2602 paratisque
788 2527 1087 2597 crucibus,
1120 2531 1176 2582 et
1204 2528 1385 2583 cereis
1423 2531 1828 2599 etomnigenis
1855 2532 2066 2588 solem-

416 2618 508 2673 nis
537 2633 775 2690 pompaa
805 2615 1132 2681 ornatibus,
1167 2631 1306 2670 cum
1337 2632 1561 2687 magna
1589 2617 1780 2689 plebis
1806 2620 2063 2677 exsulta-

418 2706 574 2761 tione
597 2709 872 2760 sanctum
902 2718 1121 2775 corpus
1151 2703 1229 2758 ad
1256 2703 1456 2759 locum
1488 2705 1849 2762 destinatum
1880 2712 2064 2764 trans-

413 2795 563 2851 ferre
584 2796 908 2867 coeperunt.
941 2795 1335 2848 Transeuntes
1361 2799 1562 2850 autem
1583 2796 1935 2867 praedictum
1958 2799 2063 2853 ﬂu-

410 2884 660 2948 violum,
691 2899 830 2938 cum
854 2882 983 2952 jam
1011 2881 1123 2936 sub
1152 2881 1418 2938 urbanos
1450 2883 1597 2939 ﬁnes
1628 2885 2058 2957 contingerent,

416 2978 474 3029 et
492 2973 706 3028 beatus
737 2969 1116 3025 Audomarus
1144 2972 1333 3027 sancti
1361 2973 1627 3028 Autberti
1660 2975 1911 3045 vestigia
1962 2992 2063 3048 pe-

412 3060 694 3117 detentim
716 3064 1191 3131 prosequeretur,
1219 3060 1417 3116 statim
1450 3077 1723 3133 supernae
1762 3065 2058 3135 operatio-

2179 1918 2315 1957 mus
2352 1907 2601 1975 quartus
2659 1904 2720 1959 in
2769 1904 3120 1976 episcopatu
3171 1906 3472 1961 successit.
3531 1907 3663 1964 llic.
3708 1923 3833 1963 cum

2179 1992 2529 2047 Nortmanni
2559 1992 2804 2048 Galliam
2830 1994 3177 2065 depopulati
3199 1998 3415 2062 essent,
3440 2011 3580 2050 cum
3610 2012 3833 2067 magna

2177 2080 2484 2149 diligentia
2506 2086 2779 2138 sanctum
2801 2099 3018 2155 corpus
3042 2083 3103 2139 in
3129 2083 3442 2139 ecclesiam
3475 2087 3680 2141 Beata;
3733 2089 3832 2142 Ma-

2176 2169 2277 2224 ria;
2326 2170 2640 2239 transtulit,
2694 2170 2797 2225 ubi
2854 2171 3178 2227 honoriﬁce
3223 2171 3589 2227 collocatum
3653 2173 3833 2229 multo

2177 2262 2441 2329 tempore
2471 2257 2710 2329 quievit.

2247 2349 2351 2402 XV.
2393 2350 2570 2402 Porro
2601 2347 2750 2403 Otho
2779 2346 3121 2419 imperator,
3154 2349 3385 2405 Henrici
3410 2349 3570 2419 regis
3604 2350 3837 2417 ﬁlius,a

2176 2435 2447 2490 Fulberto
2478 2437 2893 2492 Cameracensi
2923 2437 3204 2510 episcopo
3226 2438 3357 2493 dari
3374 2438 3485 2493 sibi
3509 2439 3693 2511 petiit
3714 2456 3831 2495 cor-

2171 2539 2320 2596 pora
2333 2528 2677 2580 sanctorum
2690 2524 3015 2597 praesulum
3028 2526 3291 2581 Autberti
3313 2532 3367 2581 et
3381 2528 3727 2596 Gaugerici.
3750 2528 3833 2583 llle

2170 2628 2330 2680 vero,
2362 2613 2728 2685 quibusdam
2757 2613 2818 2668 in
2854 2613 3100 2669 consilio
3122 2614 3423 2682 adhibitis,
3484 2616 3832 2673 Theoderici

2172 2702 2613 2757 Cameracensis
2643 2702 2907 2774 epis00pi
2938 2702 3250 2758 etalterius
3268 2704 3607 2761 sacerdotis
3633 2722 3839 2777 corpo-

2169 2805 2236 2845 ra
2256 2789 2309 2844 ei
2338 2790 2519 2859 dedit,
2548 2790 2913 2862 quibusdam
2939 2791 3234 2861 adjunctis
3268 2809 3298 2847 e
3330 2809 3589 2866 corpore
3654 2792 3835 2850 sancti

2168 2878 2431 2934 Autberti
2458 2879 2716 2933 articulis
2738 2898 2750 2937 :
2774 2880 3098 2951 prudenter
3120 2884 3186 2935 ut
3212 2876 3479 2953 quidem,
3515 2898 3603 2939 ne
3632 2883 3835 2939 civitas

2168 2968 2612 3022 Cameracensis
2653 2968 2775 3023 suis
2800 2969 3067 3039 patronis
3103 2970 3433 3026 orbaretur.
3469 2973 3685 3027 Laetus
3746 2972 3836 3040 igi-

2166 3059 2263 3110 tur
2288 3055 2614 3126 imperator
2646 3055 2963 3128 praeclaras
3020 3058 3301 3130 reliquias
3340 3058 3402 3115 in
3457 3059 3836 3116 monasterio

413 3148 504 3204 nis
532 3148 593 3203 in
624 3164 685 3203 se
716 3147 954 3216 agnovit
982 3147 1278 3217 virtutem,
1306 3153 1371 3203 ut
1398 3149 1449 3203 ei
1480 3153 1679 3220 aperte
1709 3150 1953 3206 daretur
1973 3152 2058 3206 in-
2092 3168 2134 3221 ο
2167 3143 2331 3214 (1110(1
2350 3143 2475 3214 ipse
2503 3143 2884 3213 Magdeburgi
2901 3147 3227 3202 construxit
3260 3148 3663 3220 reponendas
3682 3164 3836 3205 cura-

339 3221 348 3227 ’
412 3237 590 3307 telligi
613 3236 821 3309 quanti
843 3241 1041 3292 essent
1065 3236 1278 3304 meriti,
1311 3241 1370 3292 et
1395 3237 1443 3290 is
1474 3237 1577 3308 qui
1596 3238 1968 3310 portabatur,
2001 3244 2058 3297 et

408 3326 458 3382 is
482 3326 584 3399 qui
605 3325 898 3399 portando
930 3324 1309 3398 sequebatur.
1343 3328 1510 3391 Nam,
1562 3325 1814 3398 depulsa
1860 3327 2055 3398 longa

410 3416 684 3474 caecitatis
713 3419 905 3483 nocte,
939 3414 1138 3470 statim
1167 3412 1479 3468 oculorum
1504 3413 1708 3469 lumen
1738 3416 1962 3488 recipit,
1994 3418 2054 3473 in

405 3505 536 3562 loco
566 3505 835 3561 videlicet
861 3503 966 3559 ubi
994 3503 1056 3558 in
1084 3502 1441 3557 memoriam
1474 3502 1633 3558 beati
1665 3504 1928 3561 Autberti
1958 3523 2054 3562 ec-

405 3595 584 3651 clesia
613 3597 955 3650 constructa
984 3607 1020 3647 a
1047 3591 1444 3664 praesentibus
1472 3592 1672 3648 adhuc
1703 3594 1959 3650 cernitur
1992 3596 2053 3651 in

403 3683 808 3741 testimonium
837 3680 1146 3755 praesentis
1173 3680 1464 3737 miraculi.
1512 3682 1624 3738 Sed
1679 3682 1821 3755 quia
1879 3700 2053 3740 vene-

399 3774 629 3830 randus
674 3772 765 3827 vir
796 3771 1174 3827 Audomarus
1194 3769 1670 3843 parvipendebat
1699 3771 1903 3827 lumen
1932 3788 2052 3829 car-

398 3861 629 3918 nalium
654 3859 988 3931 oculorum,
1014 3859 1119 3932 qui
1146 3858 1351 3915 lumen
1381 3863 1534 3915 certe
1566 3859 1786 3915 civium
1815 3860 2050 3916 deside-

398 3947 573 4003 rabat
605 3960 1023 4018 supernorum,
1055 3946 1210 4002 illico
1238 3947 1519 4019 precibus
1548 3946 1825 4002 eamdem
1862 3964 2050 4019 quam

400 4033 708 4088 ultroneus
734 4032 959 4086 ferebat
972 4049 1177 4087 rursus
1192 4032 1532 4105 impetravit
1552 4034 1895 4089 caecitatem.
1921 4036 2051 4099 Qua

401 4119 762 4176 exhibitione
792 4118 1062 4174 miraculi
1089 4135 1214 4174 non
1229 4119 1369 4175 latet
1388 4120 1573 4175 virtus
1600 4121 1923 4191 operantis,
1944 4121 2049 4175 sed

401 4212 678 4281 superest
705 4221 970 4277 quaerere
995 4206 1273 4261 meritum
1302 4210 1519 4279 optatae
1543 4207 1790 4263 virtutis.
1832 4210 2049 4264 Verum

399 4295 675 4352 subtilius
732 4292 1177 4365 speculantibus
1220 4293 1473 4349 dubium
1511 4310 1641 4349 esse
1685 4310 1809 4350 non
1856 4299 2050 4367 potest

2166 3231 2267 3286 vit.
2300 3234 2477 3286 Porro
2508 3238 2708 3288 autem
2732 3231 2893 3288 fama
2915 3234 3295 3291 Germaniam
3343 3252 3609 3294 omnem
3667 3253 3832 3294 occu-

2166 3325 2341 3393 parat
2371 3326 2606 3377 sanctos
2637 3323 2987 3379 Autbertum
3018 3328 3075 3379 et
3103 3325 3504 3394 Gaugericum
3551 3344 3587 3384 e
3647 3328 3831 3385 Galliis

2164 3411 2225 3466 in
2259 3411 2580 3468 Saxoniam
2602 3412 2941 3468 translatos.
2975 3414 3087 3470 Sed
3120 3431 3290 3469 secus
3320 3415 3454 3487 ipsa
3478 3434 3590 3473 res
3625 3417 3831 3474 habet:

2164 3500 2378 3554 nostris
2404 3500 2563 3555 enim
2592 3500 2961 3572 temporibus
2993 3501 3305 3557 Herluinus
3338 3505 3577 3574 praesul
3633 3505 3834 3560 Came-

2160 3588 2445 3655 racensis,
2479 3587 2788 3658 diligenter
2825 3595 3248 3661 perscrutatus,
3298 3591 3461 3647 beati
3522 3591 3835 3665 Gaugerici

2163 3691 2380 3747 corpus
2412 3676 2679 3732 maxima
2709 3694 2779 3732 ex
2809 3683 2977 3749 parte
3006 3679 3240 3750 reperit.
3276 3680 3415 3750 Ejus
3443 3687 3672 3737 autem
3720 3698 3835 3736 suc-

2161 3782 2360 3821 cessor
2384 3765 2677 3821 Gerardus
2704 3766 3136 3822 monasterium
3163 3767 3225 3822 in
3254 3784 3376 3841 quo
3406 3775 3681 3827 sanctus
3712 3772 3835 3825 Aut—

2157 3854 2362 3910 bertus
2388 3853 2654 3925 quiescit,
2675 3853 2753 3909 ab
2784 3853 3059 3910 Herluino
3082 3854 3558 3928 ampliﬁcatum,
3616 3859 3685 3915 in
3730 3872 3837 3913 me-

2160 3941 2416 3996 moriam
2444 3941 2631 3996 sancti
2672 3941 2832 3997 Pauli
2888 3942 3230 3999 solemniter
3273 3948 3698 4019 consecravit,
3752 3960 3835 4001 sa-

2159 4045 2447 4101 crumque
2475 4028 2634 4085 beati
2662 4031 2927 4087 Autberti
2951 4048 3168 4104 corpus
3200 4033 3325 4088 suis
3356 4035 3631 4092 sedibus
3689 4035 3837 4092 resti-

2158 4117 2286 4185 tuit,
2318 4132 2477 4173 anno
2506 4119 2714 4175 Christi
2739 4119 2973 4175 decimo
3023 4138 3206 4194 supra
3250 4122 3692 4201 millesimum.
3738 4122 3833 4189 Qui

2156 4206 2323 4262 locus
2341 4207 2507 4262 haud
2545 4207 2755 4280 procul
2793 4208 2961 4291 abest
2988 4209 3066 4265 ab
3107 4210 3359 4268 ecclesia
3423 4215 3835 4271 sanctissimae

2156 4295 2362 4352 matris
2395 4296 2513 4366 Dei,
2546 4300 2602 4350 et
2630 4302 2933 4369 perpetuae
2964 4298 3209 4368 virginis
3239 4300 3437 4356 Mariae
3477 4321 3493 4371 ;
3559 4305 3626 4360 in
3651 4316 3833 4374 eoque

396 4385 559 4459 quia,
591 4382 1083 4456 praetereuntibus
1110 4383 1333 4439 meritis
1363 4382 1552 4438 sancti
1600 4383 1855 4451 Vedasti,
1895 4383 2047 4440 ﬁdes
2153 4389 2314 4440 recta
2339 4384 2456 4439 ﬁde
2481 4384 2840 4457 petentibus,
2870 4385 3046 4442 beato
3077 4387 3361 4444 Autberto
3386 4389 3831 4459 intercedente,

393 4478 462 4531 ut
483 4471 814 4530 efficeretur
837 4469 1094 4528 obtinuit
1126 4469 1288 4528 beati
1322 4470 1606 4528 Autberti.
1661 4470 2045 4543 Stupentibus
2152 4474 2446 4531 beneﬁcia
2473 4472 2679 4530 divina
2710 4479 3088 4546 praestantur.

2784 6448 2826 6454 η
2894 6445 2956 6456 ﬁ
3014 6450 3051 6455 κη
3094 6452 3171 6461 ,x
