3958 6460
389 43 3794 141 -..ς-...Μ

102 418 208 472 369

110 499 2226 551 Μ*

107 516 2228 568 ω

1311 383 1648 446 ΑΡΡΕΝΒΙΧ
1686 383 1780 438 AD
1822 380 1877 436 S.
1922 373 2354 434 FULBERTUM.

232 638 1140 880 APPENDIX
1211 635 1448 862 AD
1550 614 2164 956 ΨΑ

3434 351 3539 406 3'70

3004 473 3510 512 β

2229 477 3407 839 mia

977 1016 1840 1148 DlPLOMATA
1897 996 2698 1127 NONNULLA

675 1220 800 1292 Ex
864 1214 1288 1290 chartularz'o
1351 1207 1641 1282 abbatiw
1703 1199 1784 1273 S.
1858 1195 2061 1269 Petri
2129 1184 2580 1262 Carnotensz's
2649 1186 3000 1271 excerpta.

112 1353 421 1424 (Cratine,
477 1349 835 1403 Documents
879 1342 1095 1398 ine’dits
1138 1354 1244 1395 sur
1285 1333 1570 1392 t’histoire
1614 1328 1687 1383 de
1732 1326 1988 1424 France,

2041 1311 2364 1374 Cartulaire
2402 1307 2477 1364 de
2511 1303 2846 1363 Saint-Pere
2877 1298 2951 1353 de
2984 1295 3280 1358 Chartres,
3313 1292 3459 1345 tom.
3495 1290 3547 1351 1,

1667 1411 1808 1470 pag.
1845 1395 1993 1458 116.)

1616 1552 1912 1566 ____,______.

939 1705 960 1756 1
1814 1681 1859 1734 A
1887 1670 2161 1729 videlicet
2185 1682 2256 1722 eo
2282 1668 2552 1735 tempore
2583 1672 2705 1730 quo
2735 1657 2876 1727 post
2932 1647 3157 1707 exitum
3205 1657 3411 1700 meum
3455 1655 3549 1694 se-

115 1819 204 1873 De
241 1813 488 1870 Viviano
547 1811 838 1867 Wiltelmi
861 1824 971 1879 pro
1003 1805 1317 1876 cujusdam
1350 1799 1508 1856 servi
1553 1795 1645 1852 sui
1694 1792 1781 1846 in-

478 1901 826 1970 terfectione
859 1895 1135 1952 servituti
1163 1892 1420 1948 addicto.

197 2007 410 2061 Notum
432 2018 561 2058 esse
614 2001 895 2056 volumus
954 2003 1080 2054 tam
1136 1991 1537 2068 praesentibus
1595 1998 1784 2058 quam

119 2094 356 2161 futuris,
390 2108 502 2162 ego
524 2091 805 2147 Amulqu
838 2089 1050 2158 abbas,
1084 2091 1140 2143 et
1169 2083 1365 2141 omnis
1399 2076 1597 2137 Sancti
1636 2070 1786 2129 Petri

124 2177 511 2237 Carnotensis
540 2176 800 2232 cuanobii
829 2175 976 2230 mihi
1005 2189 1041 2229 a
1099 2175 1217 2227 Deo
1275 2164 1598 2224 commissa
1649 2172 1787 2214 con-

125 2267 416 2340 gregatio,
477 2262 646 2338 quod
697 2265 1012 2320 Vivianum
1061 2265 1335 2317 nostrum
1393 2253 1787 2314 collibertum,

126 2374 271 2414 cum
301 2371 486 2411 uxore
514 2371 646 2425 sua,
678 2369 1043 2425 omnemque
1088 2347 1408 2423 pecuniam
1465 2343 1594 2413 ejus
1647 2336 1790 2392 sub-
1830 2395 1843 2414 ⁸

120 2448 460 2518 jungamus
495 2443 759 2499 servituti
788 2440 1060 2497 Willelmi
1089 2437 1310 2504 militis,
1359 2451 1468 2508 pro
1518 2427 1790 2486 interfec-

127 2536 290 2592 tione
347 2534 566 2589 furtiva
617 2532 938 2603 cujusdam
983 2530 1075 2585 sui
1132 2529 1308 2593 servi,
1369 2538 1554 2596 quem
1587 2519 1717 2591 ipse
1740 2517 1796 2570 et

128 2636 285 2676 uxor
315 2635 424 2674 sua
450 2619 698 2674 latenter
723 2617 1162 2685 interfecerunt,
1195 2618 1250 2667 et
1306 2626 1377 2666 eo
1434 2612 1638 2663 tenore
1694 2617 1796 2656 eos

128 2708 488 2765 dimittimus
514 2724 590 2763 ne
617 2708 968 2763 occidantur
994 2721 1103 2778 pro
1151 2703 1266 2758 hoc
1319 2699 1557 2755 scelere.
1621 2692 1793 2750 Filios

127 2814 279 2856 vero
318 2814 475 2870 quos
523 2813 685 2852 nunc
743 2796 988 2862 habent,
1044 2793 1125 2849 ad
1179 2795 1418 2847 nostros
1474 2784 1797 2842 retinemus

135 2905 284 2944 usus
315 2905 327 2955 ;
359 2903 514 2959 quos
546 2891 748 2942 autem
771 2883 1084 2954 genuerint
1112 2882 1382 2954 posthac,
1434 2877 1563 2946 ejus
1622 2869 1799 2928 servi-

133 2977 268 3045 tuti,
300 2993 412 3049 pro
442 2977 556 3031 hoc
581 2975 809 3032 nefario
839 2973 1200 3048 pertitulato,
1232 2967 1608 3025 dimittimus.

211 3068 465 3137 Signum
494 3067 740 3135 Arnutﬁ
769 3065 1000 3123 abbatis
1029 3065 1090 3134 ᾧ.

945 3181 1008 3232 ll.

562 3288 649 3345 De
675 3287 860 3345 alodo
908 3285 1112 3342 Calidi
1136 3283 1379 3338 Montis.

709 3377 900 3450 (Circa
929 3391 1028 3432 an.
1071 3375 1248 3444 1020.)

218 3491 281 3543 In
313 3486 555 3543 nomine
582 3490 800 3543 sanctae
826 3484 1220 3542 etindividuae
1249 3475 1564 3543 Trinitatis,
1596 3470 1802 3537 Patris,

139 3583 203 3635 et
232 3577 375 3647 Filii,
409 3583 466 3634 et
492 3577 741 3651 Spiritus
774 3576 983 3632 sancti.

219 3669 535 3728 Catholicae
577 3684 835 3740 vereque
879 3667 1084 3723 matris
1129 3662 1400 3720 Ecclesiae
1456 3655 1694 3730 populis
1747 3652 1808 3707 in

145 3760 506 3819 Christicolis
532 3759 667 3815 laus
696 3775 933 3831 semper
951 3757 1112 3826 viget
1154 3753 1473 3823 vigeatque
1524 3757 1805 3818 perenne.

145 3853 273 3908 Hoc
323 3855 525 3907 autem
573 3849 995 3919 dignissimum
1032 3847 1263 3917 justum
1306 3850 1551 3912 quoque
1599 3833 1809 3893 exstat,

147 3940 443 4015 quoniam
472 3943 560 3995 est
598 3942 788 3994 mater
841 3916 1064 4002 nostra,
1118 3929 1328 3989 Christi
1383 3941 1520 3982 vero
1579 3916 1814 3977 Domini

149 4026 336 4082 nostri
373 4041 620 4098 sponsa,
647 4039 835 4096 quam
890 4016 1206 4092 acquisivit
1264 4029 1373 4068 suo
1418 4023 1626 4066 cruore
1678 4020 1812 4078 pre-

148 4117 346 4183 tioso;
379 4115 440 4170 in
471 4131 541 4170 ea
568 4115 728 4170 enim
762 4109 1134 4168 renascimur
1160 4120 1268 4179 per
1313 4095 1691 4173 baptismatis
1733 4092 1815 4149 la-

149 4221 428 4271 vacrum,
463 4222 531 4261 ac
555 4205 615 4260 in
637 4221 707 4261 ea
732 4201 1103 4272 resurgimus
1131 4213 1167 4252 a
1196 4198 1385 4250 morte
1436 4188 1652 4246 animre
1711 4199 1817 4257 per

153 4295 520 4369 poenitentiae
546 4295 794 4364 luctum,
827 4296 882 4347 et
906 4294 1041 4363 post
1065 4287 1197 4342 vitae
1240 4282 1564 4339 terminum
1615 4278 1820 4331 nostra

153 4384 532 4441 tumulantur
562 4385 854 4440 cadavera
885 4362 946 4436 in
976 4380 1105 4450 ejus
1137 4375 1373 4432 atrium.
1418 4373 1581 4426 Hanc
1631 4362 1824 4421 Chris-
1864 4396 1904 4452 Ο

155 4480 258 4530 tus
288 4490 471 4546 supra
500 4473 684 4528 ﬁdem
705 4489 892 4544 quam
926 4467 1234 4525 confessus
1294 4466 1381 4518 est
1437 4454 1826 4516 ﬁdelissimus

161 4543 382 4618 Petrus
399 4563 689 4630 fundavit,
724 4543 872 4616 dum
900 4559 1152 4616 Domino
1175 4554 1360 4611 dixit:
1398 4553 1482 4606 Tu
1509 4563 1565 4604 es
1625 4543 1826 4602 Chris-

161 4652 501 4721 tus,Fitius
521 4653 631 4706 Dei
689 4652 809 4707 vivi
837 4649 1057 4721 (Matth
1106 4663 1221 4713 xvi,
1286 4643 1390 4702 16).
1449 4635 1828 4694 Fundamen-

165 4748 293 4796 tum.
322 4742 478 4795 enim
532 4741 706 4794 aliud
762 4719 930 4795 nemo
973 4742 1164 4807 potest
1212 4746 1452 4803 ponere,
1483 4731 1711 4796 praeter
1765 4719 1829 4774 id

164 4829 331 4901 quod
354 4829 614 4898 positum
645 4835 750 4897 est,
782 4829 942 4900 quod
971 4833 1054 4884 est
1086 4825 1361 4881 Christus
1391 4821 1559 4874 Jesus
1591 4814 1648 4882 (Ι
1689 4810 1826 4867 σον.

168 4899 254 4986 in,
288 4922 394 4990 ll).
432 4920 577 4974 Sunt
603 4935 744 4973 vero
764 4918 920 4974 beati
951 4915 1055 4989 qui
1081 4911 1368 4970 catholice
1418 4903 1676 4962 vivendo
1727 4899 1833 4954 ha-

171 4988 365 5065 bitant
389 5009 492 5079 ibi,
523 5015 585 5064 ut
616 5008 803 5064 David
828 4988 1038 5063 cecinit
1071 5023 1083 5059 :
1115 5003 1290 5059 Beati
1308 5000 1414 5070 qui
1438 4995 1714 5052 habitant
1768 4988 1831 5042 in

173 5101 347 5155 domo
380 5105 505 5170 tua,
539 5101 823 5166 Domine;
856 5100 920 5153 in
955 5097 1176 5152 saecula
1215 5091 1566 5148 δεραίων-ατη
1627 5079 1837 5138 lauda-

178 5190 328 5243 bunt
356 5167 616 5258 te(Psat.
657 5204 887 5255 Lxxxm,
917 5191 991 5252 5).
1028 5184 1123 5240 His
1167 5181 1427 5251 aliisque
1465 5167 1837 5247 quampluri-

179 5278 296 5332 bus
344 5271 691 5334 sanctorqu
721 5278 891 5333 dictis
939 5293 1008 5331 ac
1068 5289 1253 5328 sacrae
1306 5266 1620 5338 Scriptura
1674 5274 1839 5330 mys-

177 5365 342 5421 teriis
370 5367 582 5423 edocta
613 5373 669 5424 et
699 5366 1030 5435 admonita,
1081 5379 1193 5432 ego
1237 5352 1633 5427 Hildegardis,
1690 5347 1843 5403 vice-

177 5457 494 5512 comitissa
573 5459 964 5527 Castridunis,
1046 5455 1125 5511 do
1210 5445 1595 5508 Sanctissimo
1678 5441 1847 5495 Petro

178 5549 566 5604 xCarnotensis
623 5549 883 5605 coenobii
939 5546 1208 5602 alodium
1272 5555 1477 5597 meum
1533 5534 1607 5590 de
1664 5528 1848 5586 Bello-

189 5644 415 5706 monte,
448 5656 586 5694 cum
619 5641 785 5695 terris
807 5640 976 5695 cultis
999 5642 1056 5694 et
1083 5634 1340 5700 incultis,
1374 5635 1430 5687 et
1455 5626 1644 5695 silvis,
1662 5623 1854 5697 pisca-

192 5730 478 5802 toriisque
511 5729 736 5784 ibidem
768 5727 1227 5801 pertinentibus,
1284 5721 1644 5779 assentiente
1675 5716 1731 5768 et
1755 5725 1857 5767 an-

194 5827 415 5879 nuente
446 5820 568 5877 ﬁlio
590 5836 728 5875 meo
753 5821 1019 5887 Hugone,
1049 5814 1504 5888 archiepiscopo
1528 5812 1857 5870 Turonum,

1887 1761 2077 1837 peliar
2101 1758 2162 1814 in
2194 1734 2520 1812 claustrum
2550 1745 3011 1807 monachorum,
3040 1740 3106 1793 ut
3130 1748 3366 1807 semper
3396 1734 3554 1786 tran-

1892 1816 1920 1837 Γ
1942 1816 1956 1817 ,

1892 1854 2129 1907 seuntes
2163 1860 2345 1917 super
2371 1855 2576 1896 meum
2598 1833 2901 1892 tumulum
2926 1830 3097 1884 orent
3119 1840 3230 1898 pro
3285 1836 3382 1877 me
3399 1816 3556 1890 jugi-

1895 1947 1996 1998 ter.
2064 1941 2182 1993 Hoc
2235 1932 2514 1989 viderunt
2558 1930 2615 1982 et
2670 1921 3012 1980 annuerunt
3061 1911 3556 1973 Castridunenscs

1892 2042 2191 2104 proceres,
2224 2021 2328 2096 qui
2350 2022 2490 2075 sunt
2510 2013 2710 2086 scripti
2744 2010 2964 2066 subter.
3027 2005 3085 2062 Si
3137 2001 3273 2075 quis
3293 2013 3435 2055 vero
3484 2012 3558 2051 ex

1894 2115 2181 2193 progenie
2207 2126 2345 2167 mea
2375 2111 2479 2164 aut
2508 2104 2658 2162 alius
2711 2101 2976 2164 invasor,
3026 2091 3280 2149 stimulis
3327 2086 3421 2143 vel
3469 2099 3558 2140 sa-

2661 2192 2666 2193 ,
2715 2191 2723 2193 _
2857 2188 2866 2193 _
2972 2185 2990 2193 _
3125 2182 3158 2193 ,_
3381 2173 3535 2193 ηυ-

1899 2173 2056 2279 gittis
2086 2202 2418 2273 exagitatus
2448 2191 2783 2257 diabolicis,
2816 2188 2938 2243 vim
2965 2182 3166 2240 fecerit
3222 2173 3558 2240 monachis,

1900 2267 1955 2354 Et
1981 2267 2428 2363 eleemosynam
2450 2300 2638 2358 quam
2667 2282 2883 2337 Sancto
2904 2277 3071 2330 Petro
3099 2267 3238 2326 dedi
3293 2277 3564 2338 quocun-

1901 2403 2018 2460 que
2048 2360 2588 2441 modovabstulerit,
2623 2365 3014 2426 damnatione
3072 2360 3398 2416 damnatus
3437 2367 3568 2424 per.

1900 2443 2083 2549 petua
2113 2471 2318 2543 pereat
2349 2481 2490 2521 cum
2539 2460 2794 2524 Dathan,
2818 2463 2871 2510 et
2899 2451 3143 2517 Abiron,
3177 2451 3233 2503 et
3284 2450 3457 2500 Anna
3512 2443 3568 2494 et

1905 2530 2135 2636 Caipha
2159 2577 2172 2627 ;
2202 2553 2670 2622 auctoritateque
2693 2545 2796 2601 filii
2822 2542 2942 2598 mei
2963 2531 3404 2608 archipreesulis
3452 2530 3569 2583 Hu-

1907 2633 2078 2725 gonis
2110 2642 2646 2704 anathematizatus
2676 2633 3047 2709 permaneat.

1979 2745 2170 2808 Hugo,
2232 2727 2621 2804 archipraesul
2651 2708 2690 2793 ;7
2721 2717 3030 2785 Gautfridi,
3109 2710 3343 2784 nepotis
3393 2708 3521 2778 ejus
3553 2723 3566 2772 ;

1909 2799 2636 2894 Huberti';Godeschalci,
2665 2812 2767 2868 filii
2788 2811 2953 2881 ejus;
3006 2801 3268 2866 Huberti,
3329 2799 3570 2852 thesau-

1909 2884 2551 2978 Cenomanensis
2584 2884 2950 2976 ;7Radu1phi,
2981 2893 3130 2965 legis
3190 2887 3387 2954 docti;
3447 2884 3573 2941 Ful-

1912 3010 2067 3068 caldi
2097 3028 2108 3077 ;
2145 3003 2426 3064 Gathonis
2461 3019 2474 3068 ;
2505 2993 2728 3054 Odonis
2759 2985 3014 3046 Brunelli
3049 3002 3061 3039 :
3129 2979 3370 3037 Huberti
3429 2979 3572 3030 Bru-

1910 3063 2108 3167 nelli;
2133 3063 2577 3166 Helgaudipﬁlii
2621 3073 3094 3151 archiepiscopi;
3138 3064 3427 3137 Hclgaudi
3483 3063 3574 3119 ni-

1915 3191 2003 3262 gri
2037 3209 2050 3258 ;
2077 3183 2340 3245 Gradulﬁ
2374 3201 2387 3250 ;
2431 3175 2670 3236 Firmati
2700 3165 2975 3227 canonici
3008 3183 3022 3231 ;
3069 3156 3358 3218 Frederici
3391 3173 3404 3224 ;
3464 3156 3579 3209 Hu-

1916 3279 2089 3352 gonis
2119 3274 2327 3333 vicarii
2352 3291 2364 3341 ;
2396 3264 2677 3326 Bernardi
2707 3261 2782 3318 de
2812 3255 2988 3314 Buslo
3023 3271 3036 3322 ;
3067 3244 3410 3316 Junanigni,
3457 3244 3580 3315 jus-

1918 3343 1990 3426 su
2019 3359 2472 3439 archiepiscopi,
2503 3359 2616 3413 has
2643 3352 2866 3408 litteras
2894 3343 3047 3401 fecit.

2710 3443 2800 3496 Ill.

1918 3552 2002 3605 De
2023 3545 2271 3604 ecclesia
2300 3541 2372 3596 de
2390 3533 2657 3594 Rescotio
2685 3530 2846 3584 datae
2865 3524 3088 3579 Sancto
3111 3517 3291 3573 Petro
3315 3528 3354 3569 a
3375 3509 3586 3567 comite

2586 3613 2911 3674 Hic/tardo.

2492 3711 2661 3781 (Ante
2698 3719 2796 3760 an.
2830 3698 3010 3768 1024.)

1997 3813 2421 3869 Universorum
2447 3797 2720 3856 conditor
2746 3795 2901 3848 Deus
2930 3781 3202 3843 mirablis
3229 3781 3316 3835 est
3354 3776 3416 3831 in
3463 3773 3587 3830 suis

1922 3900 2249 3976 operibus,
2317 3892 2467 3948 dum
2524 3903 2597 3943 ex
2648 3881 2777 3939 aliis
2854 3876 2972 3934 alia
3003 3919 3016 3944 ,
3102 3887 3175 3926 ex
3251 3863 3588 3923 minoribus

1925 3956 2145 4049 sgilicet
2199 3956 2397 4060 portat
2453 3977 2558 4051 (56)
2607 3973 2861 4044 majora.
2921 3964 3102 4036 Cujus
3157 3959 3241 4016 rei
3289 3956 3588 4012 sinceram

1926 4074 2474 4139 considerationem
2519 4067 2680 4124 intus
2733 4056 3030 4123 faciendo,
3082 4055 3138 4108 et
3188 4049 3252 4106 in
3300 4048 3418 4102 hoc
3476 4041 3592 4114 ipsi

1928 4174 2125 4243 grates
2179 4164 2472 4221 debemus
2519 4171 2642 4212 non
2694 4148 3002 4215 minimas,
3063 4145 3121 4197 et
3173 4139 3236 4195 in
3265 4135 3387 4204 illo,
3416 4147 3588 4201 voce,

1928 4276 2128 4336 opere,
2161 4269 2350 4331 quam
2380 4248 2703 4316 maximas,
2733 4237 2902 4314 quod
2929 4249 3054 4291 non
3085 4229 3302 4298 solum,
3349 4229 3412 4280 ut
3448 4237 3595 4296 prae-

1931 4349 2274 4412 libavimus,
2309 4359 2381 4399 ex
2411 4331 2843 4410 temporalibus
2907 4325 3065 4381 fovet
3117 4319 3430 4393 perpetua,
3489 4323 3592 4363 ve-

1934 4428 2071 4498 rui’n
2098 4437 2280 4494 etiam
2310 4448 2383 4488 ea
2428 4421 2856 4485 rationabiliter
2903 4405 3314 4485 dispensando
3361 4395 3592 4456 miseri-

1935 4495 2190 4588 corditer
2209 4519 2483 4596 provehit
2507 4515 2586 4571 ad
2606 4516 2849 4596 aeterna.
2866 4502 2969 4596 iAd
2992 4499 3174 4596 hujus
3193 4495 3402 4596 itaque
3436 4500 3596 4596 Jper-

1936 4575 2310 4677 lecti-etiam
2361 4603 2640 4680 optabilis
2697 4594 2900 4669 gaudii
2956 4589 3140 4647 ﬁdem
3187 4575 3594 4673 formandam,

1936 4709 2088 4766 inter
2109 4705 2320 4759 cratera
2343 4712 2479 4771 qua:
2510 4687 2865 4748 mortalibus
2893 4695 3066 4754 spem
3106 4675 3325 4730 sanctae
3373 4662 3599 4721 {eterni-

1937 4756 2079 4856 tatis
2101 4756 2398 4862 ingerunt,
2439 4784 2571 4857 ipsa
2617 4778 2700 4836 ait
2745 4771 2967 4829 Veritas
3006 4781 3112 4839 per
3164 4756 3596 4859 semetipsam:

1939 4886 2144 4944 Facite
2171 4880 2332 4938 vobis
2363 4874 2578 4934 amicos
2605 4869 2676 4924 de
2702 4871 3042 4922 mammona
3100 4845 3458 4922 iniquitatis,
3510 4845 3599 4911 ut,

1942 4991 2076 5034 cum
2115 4967 2473 5042 defeceritis,
2497 4959 2796 5030 recipiant
2822 4967 2920 5010 vos
2951 4949 3014 5004 in
3069 4948 3297 5002 (eterna
3329 4934 3604 4991 taberna-

1944 5021 2076 5034 νη..-
2116 5021 2198 5042 η,
2359 5021 2389 5022 η
2433 5021 2473 5035 ν,
2618 5021 2636 5030 _

1944 5065 2088 5122 cula
2119 5062 2282 5134 (Luc.
2306 5073 2426 5126 xw,
2459 5055 2532 5124 9).
2569 5045 2737 5116 Quod
2770 5044 2931 5100 dono
2957 5033 3223 5110 sentiens
3247 5027 3398 5097 ejus,
3453 5021 3609 5134 ejus-

1948 5109 2086 5122 υνννν·
2120 5109 2282 5134 κ---ν-
2312 5109 2426 5126 ’“’“1
2466 5109 2507 5124 -ι
2578 5109 2611 5116 η
2957 5109 2960 5110 ,

1948 5155 2090 5212 dem
2118 5154 2292 5219 nutu,
2323 5149 2830 5204 Nortmannorum
2861 5142 3063 5186 comes
3093 5136 3204 5191 ego
3254 5109 3607 5219 Richajrglus,

1948 5195 2090 5212 ac...
2120 5195 2292 5219 μ.....,

1947 5246 2101 5302 inter
2131 5244 2339 5298 caetera
2365 5251 2522 5310 quae,
2555 5247 2626 5287 eo
2655 5223 3003 5298 inspirante,
3035 5214 3087 5270 ei
3117 5227 3190 5267 ex
3219 5221 3328 5263 suo
3353 5195 3610 5310 reddidi,

1953 5286 2094 5302 μην.
2132 5286 2339 5298 νην-..
2367 5286 2522 5310 γη,
2569 5286 2576 5287 ,
2750 5286 2773 5298 ι
2987 5286 2992 5288 ἒ

1953 5333 2289 5410 quamdam
2311 5324 2622 5385 ecclesiam
2652 5319 2714 5374 in
2763 5311 2951 5387 ipsius
3006 5299 3249 5361 nomine
3297 5286 3613 5351 monachis

2736 5405 2745 5410 ·
3021 5394 3036 5410 1
3068 5393 3098 5404 ο·
3169 5385 3296 5410 ,1-,12
3383 5397 3514 5410 "HM
3555 5375 3613 5410 ς...

1959 5375 2158 5484 Sancti
2205 5419 2354 5476 Petri
2403 5405 2782 5473 Carnotensis
2846 5393 3105 5456 coenobii
3162 5385 3323 5457 dedi,
3381 5397 3514 5455 quae
3555 5375 3619 5432 in

1959 5509 2304 5572 Ebroicensi
2326 5505 2614 5564 comitatu
2643 5499 2731 5554 est
2761 5492 2894 5562 sita,
2925 5487 2987 5544 in
3041 5481 3180 5541 villa
3223 5492 3356 5551 quae
3401 5472 3495 5571 est
3546 5479 3623 5572 ex

1961 5602 2207 5661 nomine
2221 5594 2556 5657 Rescolium
2567 5587 2726 5644 dicta
2741 5603 2754 5652 ;
2767 5584 2882 5638 hoc
2905 5579 3108 5634 autem
3126 5568 3308 5640 hujus
3331 5560 3418 5619 rei
3435 5553 3626 5629 gratia

1967 5695 2196 5759 credidi
2217 5691 2343 5749 istis
2366 5682 2660 5761 apicibus,
2687 5647 2753 5733 ut
2767 5663 3175 5761 dapsilibusin
3195 5647 3633 5761 esemplumzet

1971 5733 2023 5759 Ul
2035 5733 2196 5755 ῦιιιυι
2218 5733 2343 5749 ιυιιν
2366 5733 2402 5744 υ-
2447 5733 2557 5741 -.ηην
2577 5733 2632 5736 --ν
2648 5733 2660 5748 1
2847 5733 2870 5747 ⁵

1971 5783 2380 5850 testimonium
2404 5733 2486 5831 xsiit
2512 5765 2856 5843 rapacibus.
2889 5755 3063 5826 Quod
3091 5751 3141 5810 si
3160 5748 3296 5825 quis
3343 5733 3638 5800 contradi-

270 5923 379 5994 (56)
417 5919 610 5977 Verba
670 5918 765 5975 vet
812 5920 1125 5994 perpetrat
1170 5910 1578 5985 superscripta
1630 5905 1770 5962 sunt
1815 5899 1879 5955 in
1906 5891 2131 5953 codice.
