3958 6416
379 246 479 300 371

1575 240 1922 299 APPENDIX
1959 240 2056 295 AD
2097 238 2159 299 S.
2198 237 2630 297 FULBERTUI.

3721 243 3832 300 372

374 365 633 422 ctionem
662 363 891 420 dationi
917 363 1118 420 fecerit
1155 363 1596 437 suprascripta,
1648 363 1922 436 quandiu
1975 363 2039 418 in
2074 364 2123 418 Α
2156 377 2345 434 quam
2371 361 2713 432 ecclesiam,
2739 362 2837 421 vel
2861 361 3109 434 aliquod
3130 362 3569 419 monasterium
3592 364 3671 421 de
3692 380 3838 439 pro-

374 455 492 510 hac
544 455 947 527 permanserit
997 454 1344 521 intentione,
1404 454 1677 510 humana
1729 458 1786 509 et
1842 452 2045 509 divina

374 542 666 601 multetur
690 542 1127 605 maledictione.

454 633 510 690 S.
544 632 821 692 Richardi
843 631 1095 691 comitis.
1132 632 1189 690 8.
1235 630 1517 689 Rodberti
1573 628 2039 707 archipreesulis.

377 723 433 778 S.
462 721 739 777 Richardi
770 720 1004 777 comitis
1046 720 1224 776 frater
1281 720 1664 793 archipreesul
1724 718 2042 777 Rothoma-

375 810 594 881 gensis.
629 811 684 866 S.
718 809 1078 866 Gunnoridis
1106 809 1441 865 comitissaa.
1479 812 1533 866 S.
1585 810 1882 877 Richardi,
1935 809 2041 865 ﬁlii

376 898 629 955 comitis.
665 901 721 956 S.
746 898 1049 969 Rodberti,
1078 898 1183 953 ﬁlii
1204 897 1458 957 comitis.
1496 901 1550 957 S.
1586 899 1832 958 Unfridi.

449 989 836 1062 Supradictus
856 988 1110 1055 viculus,
1146 1004 1182 1044 a
1210 988 1390 1043 rebus
1419 987 1788 1059 colligendis,
1831 992 2041 1045 Resco-

373 1076 488 1133 lius
515 1077 659 1133 olim
691 1077 936 1150 quidem
969 1077 1316 1143 dicebatur;
1344 1076 1427 1133 ibi
1458 1077 1620 1134 enim
1644 1094 1741 1135 res
1758 1076 1888 1134 ﬁsci
1920 1076 2039 1132 col~

372 1165 714 1235 ﬁgebantur
734 1166 829 1224 vel
855 1166 1402 1237 congregabantur.
1434 1170 1495 1225 In
1526 1183 1670 1241 quo,
1709 1182 1834 1222 non
1862 1166 2040 1235 longe

378 1254 458 1310 ab
491 1258 619 1311 Ava
649 1256 917 1321 ﬂumine,
950 1260 1194 1327 propter
1214 1256 1545 1327 quemdam
1577 1256 1823 1323 fontem,
1874 1270 2041 1327 quee-

374 1343 848 1400 damecclesiola
891 1344 1090 1413 lignea
1135 1344 1245 1399 sita
1293 1348 1419 1399 erat
1472 1344 1531 1399 in
1575 1344 1803 1400 honore
1850 1344 2041 1399 sancti

376 1433 646 1503 Remigii.
678 1434 981 1488 Detluente
1010 1450 1150 1488 vero
1176 1438 1464 1505 tempore,
1514 1438 1570 1488 et
1618 1432 1850 1488 viculus
1902 1449 2041 1487 cum

374 1522 627 1582 ecclesia
646 1522 817 1579 bellis
847 1522 1106 1580 assiduis
1136 1522 1215 1583 ad
1247 1522 1499 1580 nihilum
1524 1538 1677 1595 pene
1703 1522 2039 1587 deducitur,

372 1620 429 1671 et
458 1619 619 1685 tunc,
649 1618 952 1671 annuente
984 1613 1202 1670 comite
1234 1613 1553 1682 Richardo,
1586 1613 1875 1685 parochia
1910 1613 2042 1686 ipsa

2153 450 2296 524 priis
2342 452 2789 508 haereditatibus
2842 451 3246 520 honoravcrit,
3294 451 3391 507 vel
3432 452 3836 511 donationem

2153 537 2371 609 fecerit,
2402 540 2745 598 nullatenus
2771 556 2883 596 nec
2909 556 2946 599 a
2969 538 3111 606 ﬁlio,
3147 555 3261 596 nec
3296 540 3376 596 ab
3430 540 3636 617 aliquo
3691 560 3832 601 suc-

2151 645 2387 688 cessore
2414 636 2704 703 repetere,
2734 631 2956 688 idcirco
2988 645 3101 701 ego
3128 629 3479 697 Joscelinus,
3526 634 3832 693 Gausfridi

2151 718 2333 790 ﬁlius,
2365 725 2577 777 notum
2604 737 2733 777 esse
2763 719 2942 793 cupio
2968 719 3255 776 omnibus
3276 726 3402 776 tam
3421 723 3830 794 praesentibus

2149 825 2338 882 quam
2362 810 2591 877 futuris,
2624 809 2879 883 qualiter
2909 812 2967 864 et
2984 824 3109 881 qua
3138 809 3367 865 ratione
3397 826 3509 883 pro
3549 811 3645 868 his
3683 828 3830 886 quae

2151 916 2187 955 a
2206 904 2373 975 patre
2403 916 2541 956 meo
2562 900 2813 956 dimissa
2842 903 2983 955 sunt
3002 902 3183 971 atque
3210 899 3429 955 tradita
3458 902 3673 957 Sancto
3724 904 3834 958 Pe-

2150 993 2239 1044 tro
2262 990 2638 1046 Carnotensis
2671 988 2949 1056 cmnobii,
2978 992 3120 1060 post
3137 993 3394 1045 mortem
3424 990 3630 1063 ipsius,
3656 992 3830 1048 adie-

2148 1079 2262 1135 rim
2289 1079 2588 1137 domuum
2620 1078 2905 1135 abbatem
2937 1077 3350 1149 Majenardum
3381 1083 3439 1134 et
3460 1095 3707 1136 omnem
3739 1080 3834 1154 ip-

2152 1169 2273 1224 sius
2300 1168 2415 1224 loci
2460 1156 3013 1241 congregationem.
3076 1170 3246 1224 Pater
3295 1167 3593 1243 siquidem
3644 1186 3832 1226 meus

2151 1257 2522 1329 Gausfridus,
2556 1259 2634 1315 ob
2664 1258 3001 1314 remedium
3057 1273 3306 1313 suorum
3373 1258 3830 1331 peccaminum,

2151 1348 2420 1414 alodum,
2444 1348 2690 1403 nomine
2722 1345 3107 1415 Exclusellas,
3141 1346 3203 1401 in
3223 1346 3509 1403 comitatu
3549 1348 3831 1404 Dorcasi-

2149 1453 2249 1502 no,
2287 1438 2503 1492 Sancto
2534 1439 2702 1492 Petro
2732 1434 3050 1504 delegavit,
3084 1451 3264 1508 super
3313 1436 3564 1492 ﬂuvium
3614 1437 3834 1492 Andu-

2150 1541 2251 1590 τω,
2288 1541 2383 1579 me
2416 1540 2605 1597 puero
2640 1528 2696 1580 et
2726 1529 2914 1580 matre
2944 1524 3201 1579 vivente.
3237 1527 3358 1594 Ego
3389 1529 3591 1581 autem
3616 1526 3833 1598 ipsum

2151 1613 2399 1669 alodum
2433 1613 2667 1686 expetii,
2693 1628 2816 1668 non
2860 1613 2996 1667 ideo
3048 1617 3111 1667 ut
3149 1612 3332 1668 velim
3384 1615 3685 1670 retrahere
3746 1614 3833 1670 ab

373 1703 541 1759 unita
578 1705 670 1761 est
702 1702 897 1760 Sancti
926 1701 1157 1775 Georgii
1180 1701 1502 1775 parochias,
1564 1702 1735 1772 cujus
1791 1701 2041 1758 ecclesia
2072 1721 2110 1777 Β
2149 1701 2281 1773 ipso
2310 1700 2637 1757 venerabili
2665 1701 2798 1756 loco
2828 1700 2924 1755 cui
2954 1705 3043 1756 est
3068 1700 3339 1773 traditus,
3363 1718 3473 1758 nec
3506 1706 3568 1758 ut
3616 1702 3835 1775 aliqua

371 1808 494 1848 non
523 1790 703 1862 longe
733 1791 961 1861 aberat,
996 1796 1053 1847 et
1082 1791 1269 1848 altare
1304 1790 1501 1847 Sancti
1525 1790 1773 1859 Remigii
1825 1790 1886 1846 in
1944 1789 2041 1844 ala

371 1879 541 1937 istius
574 1879 839 1938 ecclesiae
864 1896 900 1935 a
931 1879 1247 1937 monachis
1272 1878 1626 1937 translatum
1645 1882 1752 1946 est,
1786 1878 1890 1934 ubi
1910 1894 2040 1951 per-

371 1969 595 2027 mansit
622 1969 816 2026 donec
842 1969 1137 2027 moderno
1165 1972 1432 2041 tempore
1459 1983 1495 2022 a
1522 1966 1822 2024 monacho
1844 1966 2041 2023 nomi-

374 2074 450 2113 ne
478 2057 743 2117 Huberto
766 2061 1057 2116 caemento
1084 2066 1141 2114 et
1165 2056 1363 2130 lapide
1419 2061 1510 2113 est
1559 2055 1855 2115 aediﬁcata
1908 2057 2038 2127 [al.,

372 2146 623 2205 doneca
653 2146 960 2203 modernis
1018 2144 1333 2203 monachis
1390 2145 1585 2218 major
1637 2148 1928 2201 cremento
1984 2148 2043 2199 et

371 2234 574 2308 lapide
607 2240 697 2292 est
716 2234 1057 2307 aediﬁcata}.

1164 2326 1251 2381 IV.

370 2414 458 2471 De
479 2414 728 2473 ecclesia
755 2413 1226 2473 Wadoniscurtis
1257 2412 1404 2471 data
1432 2413 1654 2471 Sancto
1682 2413 1861 2473 Petro
1880 2412 2043 2472 aRa-

1064 2504 1331 2576 jenario.

924 2594 1094 2664 (Ante
1142 2609 1241 2653 an.
1302 2592 1484 2665 1024.)

448 2685 511 2740 In
532 2682 779 2740 nomine
804 2688 1027 2743 sanctae
1054 2687 1111 2741 et
1160 2682 1487 2739 individua:
1541 2678 1854 2743 Trinitatis.
1918 2681 2039 2748 Ego

374 2770 730 2843 Riohardus,
764 2776 1274 2833 Nortmannorum
1303 2770 1448 2840 dux,
1472 2775 1683 2827 notum
1708 2766 1845 2824 volo
1907 2784 2037 2825 esse

370 2864 494 2918 tam
524 2861 919 2934 praesentibus
941 2877 1129 2935 quam
1149 2858 1382 2925 futuris,
1416 2858 1558 2931 quia
1579 2857 1723 2915 adiit
1774 2871 2038 2929 praesen-

370 2948 517 3008 tiam
547 2966 748 3008 meam
770 2950 961 3007 ﬁdelis
993 2965 1186 3017 meus,
1219 2947 1465 3005 nomine
1490 2944 1861 3017 Rajenarius,
1895 2961 2035 3002 cum

2149 1790 2357 1845 fraude
2384 1790 2731 1862 possideam
2761 1808 2774 1853 ;
2809 1789 2910 1845 sed
2945 1805 3016 1845 eo
3049 1793 3255 1845 tenore
3296 1795 3353 1846 et
3409 1789 3511 1846 tali
3561 1807 3837 1847 conven-

2150 1880 2307 1936 tione
2337 1880 2701 1952 ut,quandiu
2728 1879 3038 1944 vixero,xu
3076 1878 3302 1934 solidos
3330 1880 3392 1934 in
3414 1895 3669 1935 censum
3689 1897 3837 1952 per-

2151 1969 2404 2035 solvam,
2459 1972 2681 2024 statuto
2732 1968 3009 2037 termino,
3063 1967 3455 2040 debitumque
3510 1968 3833 2024 servitium

2149 2058 2493 2130 persolvam
2526 2076 2540 2125 ;
2570 2072 2682 2112 nec
2702 2072 2975 2128 unquam
3027 2055 3174 2111 mihi
3199 2055 3372 2113 liceat
3393 2073 3504 2113 nec
3539 2058 3830 2125 vendere,

2149 2162 2260 2202 nec
2285 2148 2515 2203 tradere
2547 2145 2743 2211 aheni,
2795 2161 2907 2200 nec
2958 2144 3100 2211 ﬁlio,
3148 2160 3259 2201 nec
3308 2146 3487 2201 alicui
3539 2163 3833 2203 meorum

2150 2237 2633 2309 propinquorum
2668 2254 2681 2303 ;
2718 2235 2825 2289 sed
2854 2250 3113 2307 semper,
3136 2235 3284 2290 dum
3302 2235 3510 2291 ﬂatum
3538 2236 3829 2303 emisero,

2150 2327 2212 2381 in
2236 2340 2373 2381 mea
2402 2341 2591 2381 manu
2617 2340 2875 2397 meoque
2900 2324 3171 2380 dominio
3196 2325 3510 2381 habeatur.
3570 2328 3709 2382 Post
3748 2326 3833 2381 fi-

2149 2430 2290 2470 nem
2322 2429 2464 2469 vero
2484 2428 2632 2469 mea
2660 2413 2813 2482 vitae,
2848 2418 2911 2468 ut
2941 2414 3138 2484 major
3166 2413 3459 2470 memoria
3489 2414 3566 2471 sit
3604 2415 3826 2488 patris,

2150 2509 2207 2561 et
2236 2507 2471 2576 partem
2490 2502 2730 2559 valeam
2754 2502 2977 2559 habere
3000 2503 3061 2558 in
3082 2502 3273 2575 ipsius
3304 2503 3641 2575 benefacto,
3691 2520 3827 2561 non

2149 2592 2332 2648 modo
2370 2591 2515 2647 illud
2544 2591 2711 2665 quod
2739 2596 2910 2664 pater
2939 2591 3206 2660 donavit,
3237 2592 3405 2665 quod
3430 2608 3592 2650 nunc
3618 2596 3824 2664 teneo,

2147 2684 2311 2739 dono
2340 2682 2547 2737 domni
2581 2682 2818 2738 abbatis
2848 2681 3171 2753 Majenardi
3210 2686 3268 2738 et
3313 2682 3570 2739 aliorum
3624 2681 3830 2740 senio-

2145 2789 2302 2840 rum,
2337 2772 2442 2827 sed
2472 2772 2679 2827 omnia
2704 2787 2843 2827 cum
2864 2771 2957 2826 his
2983 2786 3119 2843 quae
3141 2771 3203 2826 in
3224 2772 3360 2844 ipso
3391 2777 3547 2841 sunt,
3594 2772 3827 2830 scilicet

2145 2860 2525 2927 molendinis,
2560 2860 2726 2916 terris
2760 2860 2930 2915 cultis
2955 2864 3012 2915 et
3066 2860 3322 2929 incultis,
3374 2861 3579 2933 pratis,
3626 2860 3822 2929 silvis,

2148 2949 2227 3003 ad
2254 2948 2536 3003 eumdem
2558 2948 2761 3003 locum
2788 2964 2823 3003 a
2847 2963 2970 3020 quo
2993 2947 3216 3019 accepi,
3241 2948 3564 3006 devenient
3585 2950 3645 3005 in
3666 2966 3823 3006 usus

366 3054 666 3097 consensu
709 3057 833 3099 suae
869 3039 1163 3110 conjugis,
1209 3036 1665 3126 Wandelburgis
1712 3034 2033 3107 vocabulo,
2074 3067 2115 3126 ο
2148 3054 2459 3126 servorum
2490 3037 2722 3126 (Phristi.
2760 3040 2829 3126 lit
2850 3041 3051 3126 autem
3083 3036 3314 3126 absque
3346 3038 3650 3095 calumnia
3692 3039 3824 3095 ulla

364 3128 666 3187 humiliter
690 3133 901 3205 petens
932 3133 1016 3196 ut,
1045 3144 1155 3199 pro
1177 3125 1443 3183 remedio
1470 3124 1687 3183 animae
1717 3142 1889 3194 meae,
1941 3140 2031 3180 ec-

366 3215 610 3273 clesiam
640 3218 704 3274 in
734 3218 1025 3274 comitatu
1051 3215 1323 3282 Ebroico,
1356 3212 1452 3271 cui
1480 3229 1703 3271 nomen
1758 3218 1846 3270 est
1898 3217 2030 3269 Wa-

364 3305 752 3376 doniscurtis,
783 3324 889 3363 seu
917 3322 1028 3379 pro
1057 3305 1161 3360 ﬁlii
1193 3303 1286 3359 sui
1312 3303 1536 3369 anima,
1563 3304 1736 3374 cujus
1768 3303 2032 3359 vocabu-

362 3392 492 3452 lum
522 3394 634 3453 fuit
657 3395 1014 3459 Bodbertus,
1044 3392 1134 3451 vel
1154 3407 1263 3463 pro
1295 3390 1610 3448 abolendis
1658 3392 1780 3448 suis
1821 3408 2031 3473 pecca:

369 3482 465 3550 tis,
511 3483 826 3539 monachis
887 3480 1087 3537 Sancti
1138 3479 1289 3537 Petri
1333 3479 1590 3536 ccenobii
1651 3480 2033 3537 Carnotensis

368 3568 972 3636 concederem.'Qui,
1034 3570 1260 3645 justam
1311 3568 1659 3643 petitionem
1718 3570 1866 3625 tanti
1922 3569 2033 3625 viri

363 3660 757 3721 considerans
789 3673 1114 3715 assensum
1159 3658 1414 3733 praebui,
1460 3658 1706 3732 insuper
1758 3659 2033 3717 sanciens

363 3755 448 3821 ut,
476 3750 553 3807 ab
582 3748 765 3806 hodie
820 3748 883 3805 in
941 3748 1333 3825 subsequenti
1379 3747 1781 3819 generatione,
1829 3749 2031 3806 nullus

366 3855 639 3911 suorum,
670 3837 766 3895 vel
792 3838 1201 3913 quorumlibet
1229 3838 1506 3913 aliorum,
1531 3840 1633 3910 jus
1675 3838 2034 3897 dominatio-

362 3929 457 3984 nis
480 3943 586 3984 seu
616 3926 959 3985 violentiam
994 3928 1311 3999 cujuslibet
1349 3929 1716 4002 irruptionis,
1778 3929 2029 4001 [contra]

363 4017 551 4089 hujus
574 4016 958 4076 ﬁrmitudinis
984 4023 1197 4074 nostrae
1221 4018 1720 4091 compactionem,
1778 4024 2029 4079 temera-

361 4106 452 4163 ria
471 4106 856 4180 procacitate,
904 4108 1167 4181 irrogare
1219 4114 1483 4166 conetur.
1544 4111 1611 4165 Ut
1659 4113 1858 4167 autem
1903 4110 2030 4165 haec

362 4195 593 4253 cartula
620 4195 683 4254 in
715 4194 817 4253 Dei
870 4198 1115 4255 nomine
1163 4197 1413 4255 ﬁrmiori
1461 4197 1747 4255 innitatur
1802 4197 2028 4268 vigore,

360 4301 552 4343 manu
582 4286 828 4358 propria
850 4286 1200 4360 subscripsi,
1244 4286 1523 4344 ﬁdelibus
1580 4302 1822 4359 quoque
1877 4286 2031 4345 meis

367 4373 448 4431 ad
474 4373 994 4431 oorroborandum
1025 4373 1262 4431 tradidi.

433 4422 1531 4522 EcEdi—do-mih's‘thoerﬁ
1572 4462 2025 4536 archiepiscopi.
2059 4422 2105 4477 Β

362 4553 418 4609 8.
451 4552 715 4610 Herberti
743 4551 1029 4626 episcopi.
1066 4552 1121 4609 S.
1156 4550 1500 4610 Theoderici
1517 4550 1775 4609 abbatis.
1800 4553 1855 4612 S.
1877 4552 2030 4609 Rod-

356 4641 511 4699 berti
533 4641 748 4701 clerici.
780 4644 835 4702 S.
885 4640 1202 4715 Rajenarii,
1258 4640 1365 4713 qui
1423 4640 1581 4698 hanc
1638 4640 2028 4700 donationem

360 4730 516 4792 fecit.
548 4734 602 4789 S.
639 4732 925 4790 Hunfredi
952 4732 1026 4788 de
1054 4730 1418 4790 Wetulabus.

434 4824 643 4880 Utrum
668 4822 828 4880 illius
858 4821 1143 4894 temporis
1174 4820 1458 4880 monachi
1510 4820 1888 4895 possederint
1938 4821 2030 4878 vel

358 4910 680 4971 habuerint
726 4911 1040 4986 praefatam
1096 4908 1413 4969 ecclesiam
1463 4910 1703 4983 penitus
1766 4909 2027 4983 ignoro;

357 5014 505 5060 nam
532 5014 731 5074 neque
756 5016 898 5057 eam
923 4999 1210 5059 habuisse
1257 4998 1336 5057 ab
1393 4997 1654 5075 antiquis
1712 5001 2029 5058 monachis

360 5088 585 5147 audivi.
614 5104 811 5165 neque
834 5105 872 5149 a
903 5089 1209 5169 modernis
1230 5087 1600 5147 mentionem
1631 5088 1900 5164 aliquam
1927 5090 2031 5146 ﬁe-

358 5177 408 5230 ri
434 5192 756 5251 nunquam
785 5179 912 5250 (sic,
945 5194 1078 5237 cum
1139 5179 1374 5250 duplici
1413 5179 1747 5255 negatione)
1798 5179 2021 5236 audivi.

1158 5270 1222 5325 V.

361 5351 449 5407 De
472 5351 650 5409 alodo
677 5353 1113 5414 Selusellarum
1144 5356 1285 5415 dato
1315 5372 1353 5415 a
1384 5356 1713 5428 Gausfrido
1742 5363 1798 5413 et
1827 5359 2025 5415 Josce—

1040 5445 1163 5500 lino
1194 5447 1344 5517 ﬁlio.

934 5520 1107 5601 (Ante
1130 5548 1227 5590 an.
1270 5534 1453 5608 1024.)

438 5613 736 5678 Quoniam
765 5624 1077 5690 permanet
1107 5621 1392 5695 scriptum
1422 5628 1600 5698 atque
1632 5623 1932 5681 sancitum
1961 5626 2024 5682 in

364 5698 611 5757 decretis
639 5708 931 5770 veterum,
967 5704 1013 5759 si
1041 5706 1178 5778 quis
1229 5709 1524 5767 nobilium
1567 5712 1861 5771 laicorum
1913 5714 2020 5773 ali-

2145 3125 2241 3180 vel
2270 3124 2737 3181 contradictione
2764 3124 2879 3181 hoc
2926 3123 3051 3196 ﬁat,
3100 3124 3304 3181 litteris
3353 3126 3648 3185 mandare
3689 3131 3821 3183 stu-

2144 3214 2249 3270 dui
2282 3232 2294 3282 ;
2325 3214 2405 3269 ob
2427 3214 2541 3269 hoc
2562 3214 2825 3269 maxime
2850 3229 2924 3269 ne
2953 3213 3193 3287 aliquis,
3232 3214 3381 3270 mihi
3436 3214 3611 3271 fuerit
3665 3216 3820 3289 (sic),

2144 3303 2256 3358 sibi
2280 3302 2558 3358 vindicet.
2595 3302 2820 3358 Seniori
2844 3318 3089 3376 quoque
3140 3318 3277 3358 meo
3338 3303 3551 3373 Odoni,
3612 3306 3821 3363 comiti

2148 3393 2391 3465 inclyto,
2414 3392 2891 3465 proceribusque
2925 3392 3048 3446 suis
3074 3392 3245 3447 trado
3268 3394 3817 3463 corroborandum,

2143 3487 2208 3537 ut
2236 3498 2494 3554 sequens
2524 3481 2585 3536 in
2618 3498 2813 3536 aevum
2840 3480 3085 3536 ﬁrmum
3115 3485 3171 3537 et
3215 3481 3635 3539 inconvulsum
3684 3499 3823 3557 per-

2143 3574 2388 3625 maneat
2417 3569 2584 3641 quod
2613 3569 2909 3625 insertum
2941 3574 3049 3625 est.
3083 3572 3137 3627 8.
3174 3569 3399 3626 Odonis
3433 3571 3691 3641 comitis,
3758 3575 3815 3629 S.

2144 3663 2345 3727 Bertae,
2379 3660 2585 3714 matris
2617 3676 2756 3714 suae.
2790 3661 2845 3714 S.
2877 3660 3141 3730 Agnetis,
3168 3659 3305 3715 ﬁliae
3328 3659 3541 3732 ipsius.
3573 3662 3628 3718 S.
3664 3661 3821 3717 Wal-

2141 3748 2269 3805 terii
2301 3748 2553 3804 comitis.
2592 3752 2647 3805 S.
2681 3747 2991 3804 Gausfredi
3021 3747 3241 3804 militis.
3296 3750 3352 3804 S.
3413 3749 3618 3805 Hervei
3661 3750 3823 3806 vice-

2141 3838 2393 3893 comitis.
2431 3840 2487 3895 S.
2522 3836 2777 3893 Bodulﬁ.
2834 3839 2889 3894 S.
2945 3837 3274 3893 Gausberti.
3339 3839 3393 3894 S.
3446 3838 3687 3895 Alberti.
3755 3842 3813 3898 S.

2140 3925 2449 3981 Wasulini.
2482 3928 2538 3982 S.
2578 3925 2739 3981 Sulii.
2778 3927 2833 3982 S.
2862 3925 3160 3993 Joscelini,
3210 3925 3315 3998 qui
3367 3926 3524 3981 hanc
3576 3927 3821 3983 chartu-

2140 4013 2264 4070 lam
2291 4012 2519 4069 ﬁrmari
2540 4012 2811 4070 instituit.
2834 4015 2889 4071 S.
2925 4014 3241 4085 Gausfridi,
3267 4014 3472 4071 militis
3514 4014 3627 4071 sui.

2928 4104 3015 4158 Vl.

2440 4193 2526 4247 De
2556 4191 2790 4260 Guerpo
2816 4191 3190 4248 Ursivillaris
3218 4193 3497 4249 ecclesiae.

2699 4279 2890 4350 (Circa
2926 4295 3025 4335 an.
3059 4281 3243 4351 1024.)

2211 4367 2334 4425 Sub
2386 4371 2608 4423 aeterno
2665 4367 2954 4437 regimine
3035 4383 3397 4441 summoque
3472 4366 3814 4425 sacerdotio

2137 4457 2371 4525 Christi,
2400 4473 2538 4513 meo
2597 4460 2883 4530 tempore,
2936 4472 3049 4528 ego
3092 4456 3425 4527 Odolricus,
3459 4457 3813 4515 Aureliano-

2134 4566 2272 4606 rum
2317 4547 2659 4620 episcopus,
2725 4550 2937 4603 notum
3002 4545 3130 4603 ﬁeri
3190 4546 3326 4603 volo
3384 4552 3812 4619 contempora-

2135 4639 2294 4695 libus
2353 4641 2534 4710 atque
2598 4635 3049 4693 successoribus
3120 4636 3271 4692 meis
3328 4637 3583 4692 modum
3631 4641 3691 4693 et
3741 4637 3814 4693 ﬁ-

2138 4744 2278 4785 nem
2306 4743 2503 4783 causaa
2564 4743 2700 4800 quae
2730 4727 2793 4782 in
2820 4725 2937 4782 hac
2959 4726 3234 4782 chartula
3262 4726 3483 4798 scripta
3523 4730 3631 4782 est.
3685 4729 3808 4783 Mo-

2134 4820 2315 4875 nachi
2374 4817 2573 4874 Sancti
2628 4816 2782 4873 Petri
2835 4816 3212 4873 Carnotensis
3253 4816 3807 4888 coanobiiposside-

2136 4909 2307 4971 bant,
2366 4923 2439 4963 ex
2492 4906 2676 4978 longo
2708 4911 2996 4979 tempore,
3031 4906 3368 4978 quamdam
3398 4905 3712 4961 ecclesiam
3740 4905 3806 4963 in

2135 5011 2294 5071 pago
2328 4995 2592 5053 Dunensi
2618 4996 2682 5052 in
2705 4995 2840 5051 loco
2867 4994 2975 5067 qui
3003 4994 3222 5050 dicitur
3250 4994 3622 5051 Ursivillaris.
3667 4995 3809 5060 Qui-

2135 5087 2280 5143 dam
2304 5102 2448 5143 vero
2479 5089 2718 5143 casatus
2746 5088 2969 5155 noster,
2997 5084 3242 5141 nomine
3290 5083 3625 5175 Hilduinus,
3662 5100 3805 5141 cum

2136 5176 2259 5232 suis
2280 5175 2640 5249 propinquis
2670 5173 3021 5231 intendebat
3046 5173 3131 5229 eis
3156 5172 3526 5229 calumniam
3568 5172 3643 5228 de
3667 5172 3806 5245 ipsa

2133 5265 2406 5336 ecclesia,
2428 5264 2636 5320 dicens
2663 5279 2800 5320 eam
2822 5262 2902 5319 ad
2939 5266 3357 5319 casamentum
3413 5265 3689 5318 nostrum
3747 5267 3805 5319 et

2133 5355 2213 5411 ad
2252 5371 2432 5410 suum
2482 5352 2844 5410 beneﬁcium
2906 5352 3219 5425 pertinere.
3283 5350 3562 5407 Addebat
3618 5350 3801 5408 etiam

2133 5444 2508 5517 temporibus
2540 5446 2990 5499 antecessorum
3027 5456 3303 5497 meorum
3362 5456 3423 5495 se
3482 5440 3623 5496 satis
3679 5441 3804 5513 agi-

2131 5537 2291 5589 tasse
2345 5531 2713 5589 calumniam
2794 5530 2994 5597 istam,
3055 5530 3159 5587 sed
3202 5529 3494 5601 justitiam
3548 5528 3800 5587 minime

2134 5621 2427 5694 consequi
2478 5620 2765 5697 potuisse.
2835 5620 3239 5676 Convenimus
3296 5634 3440 5690 ergo
3499 5618 3799 5676 domuum

2134 5712 2500 5782 Fulbertum,
2529 5710 2881 5785 episcopum
2903 5709 3349 5777 Carnotensem,
3374 5712 3431 5765 et
3455 5708 3798 5782 Arnulfum,
