3958 6482
396 61 3796 154 -κδ--ῄ-ῖ--εῆ-..ςμ

114 397 223 451 373

1348 395 1524 449 LAUS
1551 394 1739 449 'Vl'l‘lE
1777 392 2212 450 MONASTICE.

3465 394 3566 450 374

120 519 322 576 Sancti
350 517 501 573 Petri
528 517 832 587 abbatem,
858 521 923 573 ut
951 516 1026 571 de
1064 517 1177 572 ista
1209 533 1395 573 causa
1435 519 1647 573 darent
1675 535 1783 573 no-
1825 520 1872 571 A
1899 517 2167 588 jusmodi
2199 518 2556 588 sacrilegam
2587 518 2954 574 calumniam
2985 519 3229 574 ulterius
3260 519 3565 592 inquietet.

115 609 212 664 bis
265 607 582 664 audientiae
626 607 860 674 locum;
916 606 1084 679 quod
1130 612 1184 662 et
1215 607 1479 662 fecerunt
1513 607 1697 663 semel
1726 607 1788 662 in

117 699 334 754 eadem
363 697 505 752 villa
533 713 668 769 quae
696 696 910 752 dicitur
952 696 1322 765 Ursivillaris,
1379 701 1434 753 et
1483 697 1697 754 iterum
1725 698 1786 753 in

114 788 255 844 villa
280 804 415 860 quae
446 786 660 859 dicitur
709 789 1076 843 Castanetas.
1136 785 1412 842 Discussa
1464 785 1667 861 itaque
1717 801 1786 845 ex

115 881 375 949 utraque
428 868 596 948 parte
655 874 1079 942 controversia,
1155 875 1497 931 invenimus
1554 880 1789 948 partem

115 966 562 1021 monachorum
610 965 691 1019 ita
750 964 1046 1036 scriptura
1100 969 1156 1019 et
1209 964 1454 1018 testibus
1505 969 1560 1019 et
1606 965 1790 1034 longa

114 1055 410 1110 vestitura
461 1053 788 1120 suffultam,
836 1057 899 1107 ut
938 1053 1102 1109 nulla
1143 1052 1616 1108 Christianorum
1659 1053 1788 1122 lege

114 1150 323 1217 posset
348 1144 693 1217 supradicta
721 1142 970 1199 ecclesia
1017 1143 1094 1198 ab
1148 1159 1356 1197 eorum
1403 1143 1787 1214 possessione

114 1234 358 1290 auferri.
392 1235 576 1302 Unde,
605 1239 813 1290 contra
835 1235 936 1304 jus
969 1237 1147 1305 atque
1205 1234 1373 1288 nefas
1429 1233 1788 1288 contendere

113 1325 414 1394 nolentes,
454 1340 566 1393 ego
595 1323 866 1379 videlicet
896 1322 1206 1379 Odolricus
1233 1322 1572 1394 episcopus,
1599 1327 1658 1377 et
1675 1321 1789 1378 fra-

115 1419 207 1471 ter
237 1431 410 1469 meus
436 1413 836 1479 lsembardus,
871 1417 926 1467 et
949 1411 1270 1484 praedictus
1303 1411 1612 1466 Hilduinus
1647 1427 1786 1466 cum

114 1507 255 1561 ﬁliis
286 1509 341 1561 et
391 1503 615 1560 caeteris
664 1502 1022 1575 propinquis
1071 1501 1213 1571 suis,
1265 1518 1336 1556 ex
1368 1505 1489 1557 toto
1523 1501 1784 1573 gurpivi-

114 1613 257 1651 mus
287 1595 612 1666 incceptam
643 1591 1011 1648 calumniam
1039 1589 1351 1645 monachis
1380 1587 1576 1646 Sancti
1615 1587 1782 1657 Petri,

116 1688 453 1742 annuentes
475 1686 540 1737 ut
567 1681 750 1737 solide
782 1686 838 1737 et
865 1681 1061 1753 quiete
1093 1679 1443 1752 possideant
1469 1678 1784 1734 ecclesiam

117 1792 296 1831 suam
325 1772 676 1829 Ursivillaris
706 1772 765 1826 in
799 1776 1179 1844 perpetuum,
1215 1770 1366 1824 sicut
1390 1769 1622 1838 justum
1653 1784 1784 1822 esse

1902 607 2073 673 Quod
2124 608 2170 661 si
2225 609 2604 680 pertinaciter
2654 609 2880 664 odiosae
2929 609 3244 664 calumniae
3282 611 3568 664 inhaerere

1900 699 2197 765 maluerit,
2227 699 2325 753 illo
2370 716 2493 771 quo
2532 703 2684 754 Deus
2734 698 2920 753 iratus
2978 699 3409 769 incorrigibiles
3469 701 3570 756 da-

1899 793 2069 844 mnat
2095 790 2473 844 anathemate
2506 788 2764 844 feriatur.
2801 789 2926 844 Fiat
2954 789 3076 844 liat.
3115 793 3229 844 Nos
3274 806 3436 856 vero,
3466 791 3569 862 qui

1901 878 2267 933 calumniam
2300 877 2708 950 supradictam
2738 878 3132 950 gurpivimus,
3164 879 3412 934 nomina
3459 897 3568 934 no-

1901 973 2023 1023 stra
2054 973 2516 1039 nostrorumque
2568 967 2837 1022 ﬁdelium
2891 967 2995 1039 qui
3053 972 3374 1039 praesentes
3426 969 3567 1023 ade-

1900 1062 2052 1127 rant,
2082 1057 2140 1112 in
2167 1057 2448 1129 praesenti
2492 1057 2782 1126 chartula,
2830 1057 3135 1112 memoriae
3181 1074 3384 1127 causa,
3438 1058 3570 1113 feci-

1893 1164 2036 1201 mus
2062 1145 2356 1201 adnotari.

1973 1237 2027 1291 S.
2063 1235 2339 1304 Odolrici,
2391 1234 2834 1290 Aurelianensis
2873 1235 3142 1307 episcopi
3203 1239 3257 1291 S.
3316 1236 3569 1292 Fulberti

1900 1325 2280 1380 Carnotensis
2313 1324 2600 1396 episcopi.
2638 1326 2692 1379 S.
2728 1323 2952 1378 Alberti
2985 1325 3241 1380 abbatis.
3292 1327 3346 1381 8.
3405 1330 3566 1380 lsen-

1897 1412 2072 1468 bardi
2103 1413 2254 1467 laici.
2294 1413 2348 1467 S.
2385 1412 2606 1467 Erfredi
2660 1412 2882 1468 Clerici.
2944 1415 2998 1467 S.
3063 1413 3295 1468 Salonis
3351 1413 3564 1469 clerici.

1902 1504 1956 1558 S.
2018 1503 2290 1567 Bovonis,
2344 1502 2556 1557 decani
2638 1503 2831 1557 Sancti
2907 1503 3131 1558 Martini
3183 1504 3563 1559 Turonensis.

1902 1591 1956 1647 S.
1989 1591 2271 1646 'l‘ercelini
2303 1589 2516 1645 clerici.
2555 1594 2608 1647 S.
2644 1589 2887 1646 Tedoini
2918 1590 3130 1646 clerici.
3205 1594 3258 1647 S.
3289 1591 3563 1648 Alberici.

1901 1683 1954 1737 S.
1986 1680 2246 1735 Hilduini
2275 1681 2428 1748 laici,
2467 1683 2520 1737 8.
2557 1681 2813 1735 Hilduini
2863 1680 2946 1735 ﬁli
2994 1681 3142 1750 ejus.
3202 1683 3256 1737 S.
3294 1681 3566 1738 Odolrici

1896 1770 1998 1824 filii
2029 1771 2181 1839 ejus.
2219 1773 2274 1827 S.
2307 1770 2592 1825 Pontclini
2643 1770 2876 1842 nepotis
2931 1771 3079 1840 ejus.
3153 1773 3206 1826 S.
3266 1772 3563 1827 (iodefridi

114 1864 544 1938 comperimus.
582 1862 858 1918 lnterdixi
885 1861 1066 1917 etiam
1088 1859 1414 1932 episcopali
1437 1857 1785 1914 auctoritate
1826 1875 1866 1927 Β
1898 1859 2050 1914 laici.
2086 1862 2141 1915 S.
2173 1859 2417 1914 Adroldi
2441 1859 2827 1915 vicecomitis.
2882 1862 2936 1915 S.
2972 1860 3250 1915 Friderici
3288 1860 3357 1915 fr.
3408 1861 3560 1918 laici.

113 1955 266 2010 mihi
313 1971 349 2012 a
407 1958 524 2009 Deo
570 1952 786 2008 tradita
827 1967 901 2006 ne
931 1950 1066 2022 quis
1099 1965 1514 2005 successorum
1553 1953 1788 2004 nostro-

111 2061 253 2101 rum
311 2042 631 2116 praedictos
692 2039 1024 2096 monachos
1086 2038 1282 2095 Sancti
1334 2037 1483 2093 Petri
1524 2052 1632 2108 per
1676 2038 1786 2092 liu-

1139 2380 1413 2469 LAUS
1508 2379 1801 2468 VIT/‘E

1897 1950 1952 2004 S.
1989 1949 2253 2018 Hugonis
2284 1949 2562 2004 Badordi.
2593 1951 2649 2005 S.
2685 1949 2892 2005 Gualoi
2916 1948 3069 2005 laici.

1899 2381 2196 2469 MONA
2208 2383 2540 2470 STIC/E

779 2590 983 2664 (Apud
1012 2592 1077 2646 R.
1108 2591 1167 2646 P.
1197 2589 1525 2658 Sirmund.,
1556 2589 1706 2659 Opp.
1743 2589 1992 2659 Godofr.
2039 2591 2369 2658 Vindocin.,
2401 2593 2526 2646 not.
2559 2590 2636 2646 ad
2661 2589 2764 2646 lib.
2799 2592 2883 2661 ιι).

106 2879 268 2937 Felix
297 2889 440 2949 grex
468 2874 944 2948 hominum,qui,
962 2873 1176 2931 Christi
1192 2873 1419 2944 dogma
1433 2877 1775 2947 sequentes,

174 2967 547 3040 Contemptis
580 2966 842 3038 optibus,
873 2961 958 3020 nil
986 2964 1300 3038 proprium
1326 2964 1581 3021 retinent
1611 2982 1624 3032 ;

105 3059 296 3116 Unius
328 3055 572 3114 arbitrio
592 3071 748 3127 quos
779 3053 986 3124 regula
1017 3058 1227 3110 sancta
1247 3058 1497 3123 coercet,

173 3151 452 3215 Quorum
480 3145 737 3218 quisque
771 3159 880 3199 suo
912 3143 994 3198 nil
1025 3143 1148 3213 agit
1173 3159 1245 3198 ex
1275 3141 1460 3198 libito.

1890 2872 2239 2930 Discursum
2271 2870 2604 2942 monachis,
2638 2873 2822 2931 vitam
2849 2873 3016 2943 dant,
3036 2876 3093 2931 et
3123 2871 3439 2932 stationem
3466 2894 3478 2936 :

1960 2964 2090 3028 Qua
2119 2961 2282 3020 velut
2304 2963 2364 3018 in
2389 2962 2576 3020 caulis
2607 2963 3026 3020 contineantur
3052 2975 3214 3019 oves.

1888 3055 2155 3119 Quarum
2184 3052 2381 3124 prima
2403 3053 2622 3108 domus
2639 3057 2834 3109 servat
2856 3057 3188 3126 potumque
3207 3051 3552 3127 cibumque,

1960 3145 2042 3197 Ex
2071 3142 2294 3214 quibus
2322 3142 2432 3196 hos
2463 3141 2650 3197 reﬁcit
2669 3142 2879 3212 juncta
2909 3139 3174 3199 secunda
3205 3142 3444 3197 domus.

102 3241 214 3296 Cor
249 3237 471 3309 quibus
500 3240 588 3290 est
617 3247 826 3300 unum,
868 3233 1092 3305 quibus
1121 3233 1442 3288 indiscreta
1480 3231 1776 3302 voluntas,
1818 3256 1857 3310 ρ
1882 3229 2077 3287 Tertia
2106 3229 2383 3286 membra
2411 3231 2569 3286 fovet
2598 3235 2815 3287 vexata
2845 3230 3050 3287 labore
3084 3231 3320 3300 diurno,

171 3332 288 3384 Par
314 3325 540 3383 cunctis
571 3323 811 3380 habitus
837 3327 895 3379 et
918 3323 1089 3378 cibus
1120 3328 1210 3378 est
1238 3323 1465 3378 similis.

106 3419 196 3475 Sic
226 3422 433 3474 tamen
471 3418 537 3469 ut
565 3413 763 3486 capiat
783 3428 905 3485 quo
931 3411 1189 3484 quisque
1213 3411 1446 3468 videtur
1475 3425 1668 3482 egere,

174 3512 336 3565 zEtas
366 3510 431 3561 ut
452 3503 677 3573 fragilis
703 3503 1054 3558 debilitasve
1079 3503 1271 3573 jubet.

105 3603 308 3655 Luxus
335 3596 505 3651 abest
534 3593 752 3660 omnis,
777 3592 1069 3665 peccandi
1099 3608 1237 3648 rara
1263 3591 1535 3664 facultas,

175 3685 390 3745 Cuncti
417 3689 774 3740 cunctorum
803 3697 942 3738 cum
965 3683 1213 3738 timeant
1238 3679 1466 3737 oculos.

105 3781 222 3834 Lex
255 3775 598 3832 communis
632 3772 816 3840 habet
854 3771 1018 3828 visas
1073 3784 1218 3827 mox
1257 3771 1512 3842 prodere
1545 3769 1778 3841 culpas,

177 3870 249 3922 Ut
278 3878 536 3921 nascens
567 3862 776 3919 vitium
806 3869 990 3933 poena
1015 3873 1275 3933 sequens
1304 3861 1547 3914 resecet.

106 3955 410 4014 Desidiam
436 3953 693 4024 fugiunt,
725 3951 900 4008 labor
921 3950 1082 4006 utilis
1112 3951 1371 4021 occupat
1399 3959 1629 4015 omnes,

175 4045 367 4103 Noxia
396 4045 699 4116 torpentes
731 4057 806 4098 ne
832 4040 1091 4097 subeant
1116 4038 1370 4095 animos.

105 4135 442 4194 Confusum
469 4131 616 4189 nihil
645 4133 752 4203 est,
779 4131 884 4186 ubi
909 4130 1062 4185 ﬁunt
1085 4127 1295 4185 ordine
1321 4127 1559 4195 cuncta,

176 4229 432 4284 curatur
459 4227 671 4291 totum,
705 4220 1144 4292 negligiturque
1176 4217 1342 4275 nihil.

101 4320 219 4373 Nec
255 4314 452 4370 solum
479 4312 622 4383 vita,
657 4311 764 4367 sed
791 4313 1023 4366 constat
1042 4311 1101 4365 et
1124 4307 1274 4364 ordo
1296 4302 1584 4380 loquendi
1613 4315 1628 4362 ξ

175 4405 543 4476 Dispensant
565 4409 736 4474 aeque
766 4398 1037 4455 maxima
1071 4411 1210 4454 cum
1235 4396 1521 4468 minimis,

101 4499 237 4552 Non
258 4493 371 4548 nisi
389 4489 741 4564 praescripto
772 4488 1099 4561 quisquam
1124 4487 1462 4560 loquiturve
1490 4484 1710 4555 siletve,

179 4586 323 4650 Stat,
359 4582 556 4653 sedes,
582 4579 803 4635 incedit
827 4577 1036 4634 ordine
1065 4577 1321 4651 quisque
1352 4587 1484 4632 suo.

104 4671 383 4731 Ecclesiae
412 4671 594 4726 limen
624 4671 949 4740 noctesque
979 4667 1227 4739 diesque
1256 4665 1654 4738 frequentant,

179 4767 249 4820 Et
279 4760 498 4817 sanctis
526 4755 807 4832 precibus
840 4773 1021 4829 seque
1053 4771 1313 4828 suosque
1331 4756 1566 4826 juvant.

107 4854 266 4923 Quid
296 4865 516 4917 moror,
547 4853 603 4905 et
625 4848 822 4906 verbis
845 4847 1119 4904 evolvere
1148 4841 1384 4915 singula
1412 4849 1575 4902 tento
1605 4839 1632 4898 σέ

180 4939 482 5013 Quidquid
517 4942 724 5010 agunt,
758 4953 913 5009 opus
936 4940 1024 4992 est
1052 4934 1318 5006 corporis
1348 4938 1450 4990 aut
1476 4933 1712 4990 animm.

110 5033 268 5101 Quid
293 5029 459 5105 quod
485 5029 567 5086 sic
592 5027 886 5099 habitant,
917 5030 984 5082 ut
1012 5024 1084 5081 sit
1107 5040 1275 5081 sacer
1302 5024 1430 5098 ipse
1451 5019 1776 5081 domorum

185 5126 253 5179 Et
281 5123 426 5178 situs
457 5124 514 5177 et
536 5135 846 5189 numerus,
880 5115 1305 5187 sufﬁciensque
1333 5113 1446 5169 sibi
1464 5115 1492 5170 ‘?

109 5212 480 5279 Quadratam
512 5209 776 5284 speciem
803 5210 1101 5265 structura
1145 5203 1474 5261 domestica
1514 5202 1770 5278 praefert.

183 5284 346 5356 Atria
374 5300 466 5355 bis
497 5299 653 5354 binis
678 5298 900 5370 inclyta
927 5295 1277 5368 porticibus.

112 5394 280 5460 Quae,
309 5389 499 5446 tribus
529 5389 778 5445 inclusae
800 5385 1106 5457 domibus,
1149 5399 1302 5458 quas
1333 5382 1600 5456 corporis
1625 5397 1775 5441 usus

181 5479 470 5550 Postulat,
499 5483 558 5536 et
584 5482 820 5553 quarta,
847 5493 984 5552 quae
1008 5475 1227 5532 domus
1256 5478 1349 5531 est
1371 5471 1628 5542 Domini,

1960 3323 2184 3387 Quarta
2206 3319 2304 3375 Dei
2334 3318 2543 3376 laudes
2573 3319 2813 3376 assidue
2846 3326 3103 3378 resonat.

1885 3410 2145 3467 Plurima
2173 3415 2460 3482 praetereo
2493 3408 2669 3465 simili
2695 3409 2997 3479 condigna
3024 3411 3232 3482 relatu,

1962 3500 2075 3557 Sed
2104 3499 2361 3555 breviter
2389 3499 2610 3570 dicam,
2640 3499 2723 3553 nil
2746 3502 3035 3572 superest,
3063 3497 3153 3555 vel
3185 3498 3372 3556 abest.

1886 3593 2002 3646 Hos
2023 3589 2200 3658 igitur
2231 3603 2530 3661 proceres,
2563 3588 2725 3642 hunc
2755 3588 3006 3657 dignum
3033 3587 3212 3643 laude
3254 3590 3551 3656 senatum,

1957 3678 2253 3747 Exiguum
2285 3676 2502 3749 specie,
2538 3673 2810 3731 moribus
2835 3673 3142 3743 eximium,

1886 3766 2182 3837 Comparo
2213 3765 2500 3836 formicis,
2534 3779 2797 3838 quarum
2831 3763 3101 3822 studiosa
3129 3761 3409 3822 laborum

1955 3853 2237 3910 Turmula
2268 3859 2578 3911 convectat
2603 3868 2852 3928 corpore
2888 3843 3085 3927 majus
3115 3873 3288 3912 onus.

1886 3948 2027 4012 Quae
2057 3959 2133 4000 ne
2163 3961 2288 4001 non
2316 3945 2551 4020 possint
2571 3961 2960 4002 communem
2987 3947 3204 4003 ducere
3235 3946 3440 4017 vitam,

1955 4031 2151 4090 Isdem
2183 4035 2296 4090 sub
2321 4035 2547 4092 laribus
2576 4037 2793 4093 horrea
2817 4053 3008 4111 parva
3028 4035 3248 4093 locant.

1885 4126 2180 4197 Comparo
2207 4123 2420 4180 divinis
2450 4123 2686 4199 apibus,
2720 4139 2856 4200 quae
2883 4143 3132 4200 corpore
3157 4141 3348 4200 parvo

1956 4216 2229 4285 Ingentes
2256 4217 2492 4272 animas
2519 4217 2910 4292 egregiasque
2937 4221 3150 4289 gerunt
3179 4236 3190 4272 :

1884 4305 2220 4374 Hexagonis
2252 4303 2412 4362 cellis
2443 4320 2573 4380 quae
2595 4305 2775 4363 mella
2802 4305 3092 4382 liquentia
3117 4305 3404 4374 condunt,

1957 4396 2101 4452 Utile
2126 4391 2448 4452 mirificum
2476 4409 2612 4469 quae
2638 4397 3007 4454 fabricantur
3031 4415 3205 4471 opus.

1885 4487 2027 4551 Quae
2058 4486 2462 4557 disciplinam,
2498 4503 2630 4559 quae
2650 4487 2790 4558 jura
2820 4488 3151 4544 domestica
3181 4490 3438 4542 servant.

1811 4613 1858 4668 Β
1961 4576 2241 4646 Quasque
2266 4573 2446 4630 simul
2472 4573 2660 4631 reficit
2688 4575 3000 4646 ingeniosa
3020 4577 3260 4632 domus.

1889 4668 2186 4737 Comparo
2219 4663 2535 4736 sideribus,
2566 4665 2789 4738 quibus
2817 4667 2956 4722 aula
2985 4681 3247 4739 superna
3272 4664 3545 4734 refulget,

1954 4759 2108 4812 Aera
2129 4771 2266 4825 qua:
2292 4755 2535 4810 furvum
2559 4755 2838 4811 noctibus
2867 4755 3172 4811 irradiant.

1885 4846 2025 4909 Quae
2049 4842 2233 4897 semel
2258 4841 2605 4916 impositam
2636 4848 2876 4899 servant
2902 4859 3009 4918 per
3064 4839 3280 4901 πριιὶᾶ
3326 4838 3543 4914 legem,

1957 4935 2095 4998 Quae
2127 4931 2328 4988 solitos
2360 4948 2569 4989 cursus
2599 4935 2655 4988 et
2684 4950 2969 4990 numeros
2999 4940 3312 5006 peragunt.

1885 5025 2184 5096 Comparo
2200 5023 2437 5095 gyranti
2467 5023 2811 5084 solemniter
2835 5025 3047 5085 «mnia
3061 5024 3254 5081 oculos
3277 5069 3282 5073 .

1956 5117 2208 5186 Insuper
2236 5113 2521 5183 angelicis
2550 5127 2838 5188 comparo
2863 5114 3187 5188 spiritibus,

1887 5204 1997 5269 Qui
2023 5219 2266 5276 semper
2293 5206 2541 5261 Sumus
2572 5205 2866 5278 triplicata
2892 5216 3039 5260 voce
3066 5202 3374 5273 resultant,

1957 5297 2023 5348 In
2049 5293 2216 5349 terris
2247 5295 2528 5351 monachi
2545 5294 2713 5369 quod
2738 5294 3128 5352 modulantur
3155 5294 3356 5359 idem”

1888 5384 1980 5442 Sic
2013 5383 2312 5440 Cherubin
2341 5385 2512 5453 caelo,
2543 5384 2828 5442 monachi
2857 5385 3062 5441 tellure
3089 5389 3422 5455 manentes,

1957 5476 2154 5532 Unum
2170 5475 2320 5535 dant
2335 5475 2444 5533 uni
2466 5474 2778 5532 servitium
2805 5475 3076 5532 Domino.
