3958 6398
374 254 2516 305 Μ

1569 431 1774 476 INTRA
1815 430 2056 475 ANNUM
2089 428 2322 472 -MXXIX
2366 428 2626 471 MXXXIV

1125 530 1808 760 GUIDO

1985 605 2773 749 ABETIN
2812 601 3058 750 US

1573 866 1802 922 ABBAS
1843 867 1899 922 S.
1943 865 2190 921 CRUCIS
2229 863 2620 920 AVELLANIE

1541 1209 1986 1300 NOTITIA
2070 1210 2666 1298 HISTORICA

813 1421 1015 1497 (Apud
1048 1421 1382 1479 Fabricium
1406 1418 1782 1476 Bibliotheca
1811 1417 2020 1476 mediaD
2050 1422 2105 1474 et
2146 1417 2370 1486 inﬁma;-
2397 1417 2769 1486 Latinitatis,
2793 1420 2938 1473 tom.
2973 1418 3062 1486 IV,
3092 1431 3232 1490 pag.
3272 1416 3412 1490 I27).

454 1733 644 1790 Guido
663 1731 959 1800 Aretinus,
986 1728 1322 1785 monachus
1348 1728 1478 1785 ord.
1535 1730 1590 1786 S.
1627 1727 1922 1784 Benedicti
1973 1743 2045 1784 ac
2083 1730 2133 1783 A
2162 1729 2541 1799 Anecdotor.,
2575 1736 2743 1804 parte
2773 1748 2852 1799 ιιι,
2878 1747 3016 1805 pag.
3051 1735 3176 1800 618,
3207 1731 3270 1786 in
3309 1729 3674 1786 bibliotheca
3715 1730 3836 1783 Bu-

384 1823 601 1879 deinde
631 1821 827 1879 abbas
859 1823 916 1878 S.
951 1819 1152 1877 Crucis
1183 1818 1482 1874 Avellanaa
1514 1819 1574 1874 in
1619 1819 1864 1875 dimcesi
1921 1817 2052 1876 Cal-

384 1911 556 1968 liensi
592 1926 782 1985 prope
812 1908 1097 1975 Aretium,
1145 1923 1182 1963 a
1232 1907 1548 1964 Benedicto
1603 1911 1718 1963 VIII
1772 1907 2053 1981 pontiﬁce

385 2001 492 2075 qui
521 2016 617 2058 an.
655 2003 812 2070 1024,
844 1997 991 2054 obiit
1022 1996 1350 2054 accersitus
1383 2001 1635 2054 Romam
1677 1998 1772 2070 (I),
1819 1997 1936 2070 ipsi
1966 2001 2054 2054 at-

387 2107 506 2164 que
537 2087 875 2146 successori
904 2089 1036 2159 ejus
1065 2086 1279 2144 Joanni
1317 2089 1425 2144 XIX
1454 2088 1528 2160 (2)
1574 2087 1857 2161 probavit
1902 2103 2055 2160 prae-

387 2179 620 2236 clarum
647 2178 711 2233 in
736 2177 974 2233 musica
999 2177 1268 2234 studium
1297 2193 1477 2233 suum
1525 2195 1538 2232 :
1593 2178 1665 2233 In
1716 2178 1849 2243 hoc,
1901 2177 2060 2247 Sige-

387 2268 557 2325 berto
604 2266 805 2338 judice
862 2267 961 2339 (3),
1003 2267 1314 2337 prioribus
1362 2267 1822 2338 praeferendus,
1901 2267 2060 2338 quod

389 2359 620 2429 ignotos
646 2363 859 2414 cantus
890 2359 1067 2414 etiam
1088 2358 1271 2427 pueri
1315 2362 1371 2414 et
1415 2358 1637 2427 puellae
1683 2358 1931 2427 facilius
1973 2357 2062 2412 di-

390 2451 563 2504 scant
607 2447 703 2503 vel
747 2447 1077 2503 doceantur
1096 2462 1212 2516 per
1240 2449 1369 2517 ejus
1400 2447 1694 2517 regulam,
1735 2462 1914 2519 quam
1951 2461 2062 2516 per

394 2551 589 2592 vocem
615 2536 894 2606 magistri
917 2541 1023 2591 aut
1046 2550 1161 2604 per
1189 2550 1362 2592 usum
1401 2536 1662 2605 alicujus
1703 2537 2061 2591 instrumen-

396 2625 462 2695 ti,
487 2623 806 2680 dummodo
835 2639 941 2681 sex
966 2625 1186 2681 litteris
1216 2625 1310 2681 vel
1335 2624 1590 2694 syllabis
1611 2623 1686 2696 (4)
1707 2624 2064 2680 modulatim

395 2715 680 2784 appositis
707 2714 788 2770 ad
813 2729 921 2771 sex
956 2730 1122 2770 voces
1155 2714 1228 2785 (5)
1285 2729 1435 2786 quas
1489 2715 1648 2770 solas
1699 2715 2066 2784 regulariter

393 2805 622 2860 musica
652 2804 865 2874 recipit
891 2817 914 2874 ,°
954 2804 1163 2876 hisque
1190 2803 1426 2860 vocibus
1449 2819 1566 2872 per
1599 2805 1871 2873 ﬂexuras
1914 2803 2066 2873 digi-

397 2901 594 2951 torum
623 2895 787 2950 ιωυω
815 2909 1030 2950 manus
1061 2895 1379 2960 distinctis,
1437 2909 1547 2962 per
1592 2895 1889 2964 integrum
1941 2894 2065 2949 dia-

395 2999 585 3054 pason
615 2998 676 3039 se
704 2985 891 3038 oculis
919 2989 972 3038 et
1001 2983 1204 3038 oribus
1252 2983 1536 3052 ingerunt
1582 2984 1827 3039 intentae
1876 2989 1931 3039 et
1979 2997 2068 3038 re-

2160 1819 2319 1875 rensi
2342 1826 2573 1877 exstare
2604 1826 2848 1878 testatur
2874 1821 3053 1876 breve
3084 1819 3369 1876 Guidonis
3424 1819 3722 1889 scriptum
3749 1819 3840 1873 De

2160 1926 2443 1968 mensura
2471 1912 2882 1979 monochordi,
2913 1911 3080 1984 quod
3109 1909 3316 1982 incipit
3341 1927 3352 1964 :
3386 1909 3531 1966 Cum
3556 1911 3835 1978 primum

2162 2015 2198 2056 a
2227 2002 2275 2056 G
2305 2001 2386 2056 ad
2409 2003 2610 2072 ﬁnem,
2643 2016 2851 2057 novem
2877 2000 3152 2071 passibus
3191 1999 3660 2056 monochordum
3687 2013 3843 2068 par-

2164 2091 2316 2159 tiris,
2345 2093 2578 2160 primus
2603 2106 2812 2160 passus
2845 2089 3270 2146 terminabitur
3297 2091 3360 2144 in
3391 2089 3464 2155 Α,
3494 2092 3604 2143 etc.
3641 2085 3842 2142 Guido

2163 2181 2291 2253 ipse
2312 2180 2372 2236 in
2401 2182 2678 2251 Epistola
2705 2180 2788 2236 ad
2834 2180 3185 2236 Michaelem
3217 2179 3598 2244 monachum,
3641 2191 3843 2249 quam

2164 2269 2445 2327 laudatus
2476 2270 2764 2326 Baronius
2802 2269 2881 2326 ad
2911 2285 3142 2325 annum
3172 2273 3328 2336 1022,
3374 2284 3436 2324 n.
3466 2270 3593 2337 XXI,
3624 2265 3843 2334 vulga-

2166 2359 2268 2430 vit,
2292 2364 2590 2416 memorat
2618 2360 3134 2429 Antipho-narium
3165 2373 3338 2413 suum
3357 2357 3629 2426 praeﬁxis
3657 2369 3843 2424 regu-

2170 2449 2242 2505 lis
2287 2449 2670 2518 recensitum,
2719 2447 2886 2521 quod
2941 2449 3099 2504 velut
3151 2447 3451 2519 quoddam
3486 2445 3845 2516 prodigium

2168 2537 2414 2594 revolvit
2464 2537 2815 2594 Benedictus
2868 2540 3003 2592 VIII.
3062 2537 3374 2603 Caeterum,
3429 2532 3690 2606 exceptis
3730 2548 3848 2589 no-

2169 2625 2243 2683 tis
2298 2625 2542 2681 musicis
2577 2668 2591 2693 ,
2672 2624 2821 2680 nihil
2897 2624 3229 2680 Guidonem
3288 2628 3502 2696 praeter
3565 2626 3848 2678 veterum

2171 2715 2584 2772 auctoritatem
2642 2714 3078 2779 immutavisse,
3130 2713 3224 2769 vel
3276 2712 3572 2768 musicam
3627 2725 3851 2767 eorum

2170 2805 2610 2862 instructiorem
2657 2803 2987 2860 reddidisse
3045 2803 3309 2877 disputat
3355 2805 3582 2859 Marcus
3630 2800 3852 2858 Meibo-

2175 2895 2330 2950 mius
2385 2894 2463 2950 ad
2519 2893 2834 2950 Aristidem
2891 2892 3320 2956 Quintilianum
3368 2909 3429 2964 p.
3462 2895 3588 2960 240,
3646 2894 3704 2946 et
3764 2888 3849 2945 ad

2176 2983 2481 3039 Euclidem
2509 2999 2650 3056 pag.
2686 2988 2773 3038 51.
2835 2984 3049 3039 Contra
3102 2981 3340 3047 illorum
3385 2983 3565 3037 etiam
3604 2983 3848 3035 senten-

397 3072 589 3127 missae
619 3071 973 3127 elevationes
1004 3071 1098 3127 vel
1149 3071 1541 3139 depositiones
1590 3072 1931 3128 earumdem
1968 3087 2065 3126 vo-
2106 3083 2147 3139 Β
2177 3072 2357 3141 tiam,
2414 3071 2520 3145 qui
2567 3087 2638 3127 eo
2695 3076 3052 3142 argumento
3104 3076 3348 3126 cantum
3400 3068 3849 3126 Guidonianum

401 3173 556 3214 cum.
588 3157 687 3212 Hic
710 3157 789 3213 ad
809 3157 1224 3214 Theobaldum
1256 3159 1379 3214 sive
1410 3159 1823 3215 Theodaldum
1843 3159 2068 3232 potius,

403 3245 779 3318 episcopum,
812 3244 890 3301 ab
921 3261 1082 3301 anno
1117 3249 1252 3302 1014
1298 3247 1377 3302 ad
1435 3251 1591 3314 1037,
1646 3247 1951 3303 Aretinum
1995 3247 2069 3318 (6)

404 3334 638 3408 scripsit
679 3335 1075 3405 Micrologum
1121 3335 1244 3392 sive
1292 3338 1476 3393 libros
1513 3338 1659 3394 duos
1708 3337 1781 3394 de
1818 3339 2066 3405 musica,

404 3439 665 3496 quorum
696 3422 858 3497 prior
886 3439 1068 3497 prosa
1093 3429 1349 3484 constat,
1383 3425 1531 3482 alter
1555 3427 1820 3482 carmine
1850 3426 2071 3499 partim

404 3514 755 3570 hexametro
787 3514 1006 3586 partim
1032 3515 1335 3572 trochaico
1362 3516 1816 3589 rhythmico(7).
1840 3518 2076 3587 Episto-

410 3605 529 3660 lam
551 3604 983 3661 dedicaloriam
1028 3603 1108 3660 ad
1141 3604 1553 3662 Theodaldum
1581 3605 1764 3662 edidit
1785 3607 2046 3662 Baroniu

408 3691 488 3748 ad
517 3707 747 3748 annum
781 3697 938 3764 1022,
967 3709 1028 3749 n.
1060 3697 1238 3750 XXIII.
1271 3695 1530 3752 Meminit
1571 3699 1627 3751 et
1655 3695 1940 3752 Domnizo
1969 3695 2073 3752 lib.

407 3798 426 3839 ι
452 3785 532 3838 De
562 3781 692 3838 Vita
721 3782 1016 3840 Mathildis
1043 3783 1366 3840 ducatricis
1400 3800 1533 3857 cap.
1567 3789 1620 3856 5,
1653 3785 1820 3859 apud
1847 3784 2078 3842 Leibni-

408 3872 562 3929 tium
581 3877 726 3928 tom.
753 3876 772 3928 I
805 3872 1076 3946 scriptor.
1111 3875 1441 3944 Brunsvic.,
1472 3891 1612 3949 pag.
1649 3876 1946 3932 64I.Libri
1966 3876 2079 3950 ipsi

414 3960 719 4029 Guidonis,
753 3977 1110 4034 quanquam
1137 3963 1200 4019 in
1215 3963 1492 4037 pluribus
1515 3964 1890 4022 bibliothecis
1918 3965 2078 4029 msti,

414 4049 679 4106 necdum
701 4049 898 4105 lucem
927 4051 1204 4108 viderunt
1240 4053 1408 4126 quod
1433 4069 1646 4110 solam.
1709 4054 1901 4111 Semel
1946 4054 2070 4112 cita

418 4143 514 4195 tur
544 4138 675 4209 ejus
707 4138 1058 4210 Micrologus
1086 4157 1122 4197 a
1150 4143 1217 4198 Μ.
1250 4140 1529 4198 Mibomio
1577 4142 1655 4198 ad
1685 4143 2083 4199 Gaudentium

419 4244 562 4303 pag.
595 4233 683 4286 37.
711 4228 809 4285 Vir
832 4229 1197 4288 clarissimus
1254 4231 1590 4288 Bernardus
1641 4235 1768 4289 Pez.
1821 4237 1965 4290 tom.
2014 4236 2080 4290 Ill

495 4407 576 4480 (I)
614 4407 804 4490 Guido
833 4407 961 4490 ipse
967 4408 1052 4490 _in
1080 4410 1356 4490 Epistola
1386 4410 1466 4468 ad
1487 4412 1830 4490 Michaelem
1868 4430 2082 4472 mona-

425 4479 610 4560 chum
644 4480 700 4560 S_.
742 4479 936 4536 Mariae
956 4479 1350 4560 ‘Bomposiani
1378 4484 1655 4560 coenobii,
1689 4485 1848 4542 edita
1875 4502 1931 4560 _a
1979 4491 2088 4544 Ba-

423 4551 605 4632 ronio
625 4551 703 4606 ad
731 4567 902 4608 num.
948 4551 1196 4632 IO22_,’n.
1231 4557 1359 4622 XXI,
1385 4556 1652 4632 XXII_ub_i
1683 4572 1792 4629 pro
1823 4558 1948 4632 abii
1975 4562 2083 4632 igi-

426 4628 529 4704 tur
554 4623 910 4704 Ijomanum,
961 4624 1120 4682 male
1159 4641 1482 4684 excussum
1528 4623 1742 4701 legitur
1774 4647 1788 4699 ;
1822 4631 1951 4687 Alii
1977 4623 2088 4704 igi-

427 4698 531 4749 tur
555 4693 911 4751 Romanum.

502 4763 575 4851 (2)
615 4766 904 4851 Baronius
957 4767 1019 4824 in
1067 4770 1272 4851 codice
1321 4787 1430 4829 suo
1459 4774 1677 4851 reperit
1702 4775 1833 4831 haec
1862 4777 2044 4836 verba
2073 4796 2088 4834 :

425 4836 1003 4917 Joanne_.vicesimo,
1056 4841 1389 4917 Romanam
1453 4836 1829 4915 gu‘bernante
1883 4851 2090 4908 Eccle-

428 4909 602 4977 siam,
628 4909 1014 4993 Micrologum
1039 4927 1213 4993 suum
1238 4914 1424 4970 edidit
1453 4909 1646 4993 Guido
1676 4933 1836 4975 anno
1864 4923 2093 4993 trigesi-

428 4993 524 5063 mo
561 4986 779 5048 quarto
805 4985 1063 5063 vetatis;
1090 4986 1401 5063 Ceterum,
1458 4991 1523 5043 ut
1565 4993 1838 5063 notatum
1891 4985 2090 5063 Pagio,

427 5050 694 5136 Joannes
714 5051 820 5132 qui
845 5053 1164 5136 Benedicto
1190 5058 1305 5136 VIII
1336 5050 1638 5136 successit,
1664 5061 1961 5121 Joannem
1972 5050 2094 5124 XIX

431 5134 494 5174 se
509 5125 701 5200 [vocat
727 5125 858 5200 ipse
887 5125 948 5200 in
977 5127 1276 5200 rescriptis
1302 5129 1447 5186 suis.

502 5189 1009 5275 (§)_In._Chronic_o
1037 5198 1118 5255 ad
1147 5189 1378 5257 annum
1408 5205 1565 5275 1028,
1620 5209 1678 5261 et
1727 5205 1788 5262 in
1836 5205 1988 5265 libro
2014 5210 2096 5265 De

432 5263 824 5332 scriptoribus
854 5268 1066 5326 eccles.
1097 5286 1150 5327 c.
1187 5275 1308 5330 164.

487 5329 610 5424 {(41
618 5332 843 5424 EtLre,
873 5341 979 5424 mi,
1001 5342 1094 5411 fa,
1128 5344 1244 5424 sol,
1276 5345 1370 5424 la,
1386 5361 1460 5424 ex
1486 5351 1630 5406 noto
1671 5352 1902 5424 hymno
1935 5351 2098 5412 Pauli

435 5401 679 5456 Diaconi
706 5401 769 5459 in
796 5401 851 5462 S'.
879 5401 1174 5470 Joannem
1208 5401 1576 5490 BaptiStam':

864 5506 1052 5558 queant
1078 5501 1211 5552 laxis
1241 5503 1502 5558 REsonare
1532 5508 1675 5559 ﬁbris

750 5551 1152 5622 glra'gestorum
1182 5551 1632 5622 riﬁiiiiu'oﬁﬁ

744 5614 933 5685 80qu
953 5621 1165 5682 pollutis
1192 5614 1599 5685 LABiE'réEiiﬁi

906 5679 1080 5731 sancto
1109 5685 1338 5740 Joannes.

2179 3161 2619 3219 instructiorem
2669 3177 2798 3217 esse
2863 3160 3113 3232 antiquo
3159 3159 3575 3226 contendunt,
3635 3157 3803 3230 quod
3837 3199 3850 3219 .

2179 3267 2319 3307 cum
2375 3255 2641 3306 veterum
2696 3253 3061 3322 systemata,
3148 3248 3484 3305 Aristoxeni
3540 3245 3850 3314 tredecim,

2181 3341 2436 3397 aliorum
2483 3345 2620 3414 post
2670 3355 2810 3395 eum
2865 3338 3212 3411 quindecim
3265 3342 3494 3395 tantum
3543 3336 3855 3393 continue-

2180 3429 2298 3486 rint
2354 3445 2557 3499 sonos,
2617 3428 2806 3485 Guido
2864 3429 3164 3484 senarium
3238 3427 3541 3498 majorem,
3596 3423 3853 3480 addide-

2213 3519 2273 3585 it,
2315 3517 2397 3573 ita.
2454 3521 2520 3572 ut
2565 3515 2774 3588 viginti
2821 3532 2984 3572 nunc
3041 3532 3221 3572 sonos
3295 3514 3652 3571 habeamus.
3696 3516 3855 3568 Isaa-

2201 3624 2291 3664 zus
2332 3606 2595 3678 Vossius,
2649 3609 2729 3662 De
2782 3605 3009 3661 viribus
3062 3605 3346 3678 rhythmi,
3399 3620 3538 3676 pag.
3588 3608 3677 3670 01,
3747 3617 3858 3659 no-

2209 3703 2270 3756 at
2295 3696 2627 3754 Guidonem
2655 3695 2717 3752 in
2747 3695 3169 3752 concinnanda
3200 3711 3311 3750 sua
3359 3693 3522 3750 scala
3577 3699 3856 3748 secutum

2188 3803 2320 3843 esse
2349 3787 2680 3859 harparum
2709 3789 2767 3840 et
2795 3800 3162 3854 organorum
3194 3782 3285 3839 sui
3330 3781 3614 3855 temporis
3659 3796 3860 3837 exem-

2197 3874 2359 3943 plum
2391 3873 2530 3930 :illa
2558 3873 2718 3930 enim
2749 3872 2976 3945 viginti,
3007 3871 3220 3945 inquit,
3277 3875 3342 3927 ut
3389 3869 3722 3944 plurimum
3769 3868 3859 3925 in-

2198 3968 2416 4022 structa
2469 3963 2625 4019 tibiis
2654 3963 2937 4020 habuisse
2986 3967 3332 4036 systemata,
3383 3960 3560 4017 docet
3606 3960 3862 4033 scriptor

2229 4053 2419 4126 liquot
2447 4051 2680 4108 saeculis
2711 4051 2980 4108 Guidone
3009 4051 3296 4107 vetustior
3321 4067 3334 4105 :
3366 4051 3560 4106 Porro
3588 4065 3863 4106 numero-

2190 4145 2335 4202 sitas
2386 4157 2707 4200 nervorum
2760 4143 2854 4199 vel
2899 4143 3266 4212 ﬁstularum,
3319 4147 3384 4197 ut
3436 4146 3588 4210 puta
3645 4139 3866 4211 viginti

2195 4233 2372 4290 unius
2391 4238 2497 4290 aut
2504 4233 2806 4304 plurium,
2825 4247 2946 4287 non
2963 4232 3187 4288 idcirco
3203 4232 3536 4302 apponitur
3552 4229 3712 4302 quod
3729 4230 3868 4285 soni

2212 4412 2470 4486 Ncitzius
2498 4410 2966 4486 in_Heortolog_io
2998 4428 3058 4485 p.
3090 4417 3216 4478 263,
3250 4429 3378 4486 seq.
3402 4416 3460 4469 et
3477 4407 3864 4486 plenagiugin

2197 4483 2788 4556 Originibuslinguac
2821 4477 3072 4556 Callicle,
3106 4500 3251 4540 voce
3282 4477 3510 4550 Βὲγηοι,
3539 4477 3867 4538 ubi'aﬁ‘ert

2197 4561 2257 4615 et
2283 4555 2398 4614 hoc
2426 4555 2722 4613 distichon
2751 4555 2957 4612 nescio
2993 4556 3165 4630 cujus
3195 4557 3452 4614 auctoris
3485 4572 3499 4612 :

2199 4676 2358 4740 Corde
2387 4675 2548 4740 Deum
2572 4675 3209 4740 EitrFidibusiGemituque
3243 4675 3368 4740 Alio
3391 4672 3689 4724 Benedicam

2263 4739 2348 4789 UT
2400 4739 2458 4788 Ili
2490 4739 2560 4790 Ml
2590 4739 2779 4789 FAciat
2801 4738 3031 4788 SOLvere
3057 4736 3234 4786 LA'bra
3263 4737 3390 4787 Sibi.

2203 4851 2405 4906 Exstat
2431 4852 2489 4906 et
2515 4849 2631 4906 hoc
2677 4845 3004 4906 Abrahami
3052 4842 3395 4900 Bucholzeri
3450 4842 3749 4898 distichon
3800 4837 3866 4894 in

2202 4923 2331 4994 ejus
2359 4920 2749 4990 chronologia
2779 4918 2857 4974 ad
2888 4921 2956 4974 Α.
2990 4919 3049 4974 C.
3083 4918 3239 4972 1044.

2265 5037 2364 5089 Cur
2393 5037 2605 5090 adhibes
2637 5036 2770 5087 tristi
2798 5047 3032 5084 numeros
3059 5039 3362 5090 cautumque
3395 5025 3594 5090 labori?

2329 5087 2413 5152 UT
2433 5087 2666 5152 iRElevet
2694 5097 2931 5149 Mlserum
2964 5094 3160 5144 FAtum
3193 5087 3508 5153 SOLitosque
3533 5087 3788 5140 LAbores.

2278 5210 2355 5282 15)
2393 5209 2537 5282 Vide
2566 5205 2964 5282 recentiorum
2997 5205 3260 5274 systema
3305 5196 3607 5282 musicum
3651 5196 3870 5282 Guido-

2205 5272 2459 5339 nianum
2487 5278 2609 5335 sive
2639 5275 2865 5333 scalam
2892 5272 3180 5339 magnam
3202 5286 3342 5326 cum
3375 5273 3640 5324 veterum
3671 5272 3868 5339 syste-

2205 5358 2365 5411 mate
2395 5351 2831 5418 comparatam,
2855 5345 2917 5418 in
2945 5339 3162 5418 tabella
3179 5340 3355 5418 apud
3377 5339 3868 5418 M._Meibomium,

2206 5422 2364 5481 notis
2410 5421 2490 5477 ad
2534 5412 2825 5475 'Euclidis'
2874 5412 3376 5472 introductiohem
3449 5412 3869 5481 harmonicam

2207 5479 2357 5621 piﬁ;
2375 5497 2462 5560 51,
2495 5495 2550 5547 et
2582 5487 2913 5570 Sebastiani
2943 5485 3256 5541 Brossardi
3281 5483 3542 5566 ‘Lexicon
3572 5479 3870 5538 musicum

2211 5571 2251 5621 (ι
2341 5564 2425 5620 'ce
2450 5562 2677 5618 editum
2709 5575 2769 5615 in
2797 5557 3096 5614 vocabulo
3123 5557 3409 5621 Systeme,
3443 5571 3502 5621 p.
3543 5557 3641 5610 I63
3672 5567 3796 5621 seq.
3864 5603 3870 5616 ,

2211 5567 2425 5622 Gallice
2450 5567 2677 5618 editum
2709 5567 2769 5615 in
2797 5567 3096 5614 vocabulo
3123 5567 3409 5627 Systeme,
3441 5571 3502 5627 p.
3543 5567 3641 5610 163
3672 5567 3796 5623 seq.
3864 5603 3870 5616 ,

2282 5637 2357 5708 (6)
2400 5633 2626 5708 Ughell.
2653 5636 2798 5708 tom.
2833 5628 3302 5708 I_ltal_i_m_s.acra:,
3330 5643 3390 5699 p.
3423 5629 3548 5708 415.
3613 5698 3643 5708 ἢ
3693 5697 3724 5708 _
3809 5707 3830 5708 π
3867 5681 3870 5688 .

2305 5697 2362 5776 7)
2401 5697 2654 5776 Vossius,
2671 5706 2758 5760 De
2778 5701 3037 5776 scientiis
3065 5700 3259 5776 Matii.
3311 5697 3443 5770 cap.
3474 5698 3569 5766 22,
3611 5698 3646 5759 §
3693 5697 3751 5761 7,
3806 5707 3867 5764 p.

3867 5681 3873 5688 λ

432 5744 576 5804 Vide
595 5748 646 5807 si
672 5752 868 5826 placet
893 5776 1030 5838 quae
1045 5763 1125 5825 ad
1147 5763 1316 5824 illum
1341 5772 1506 5829 Pauli
1523 5774 1825 5847 hymnum
1842 5784 2082 5841 Joanne:

2244 5744 2329 5848 ἐξ
2345 5744 3295 5850 ὀέιῖἇῖίιέ”ίὶι’ἶόἒὲᾜὶἷνόῖὸ”ᾱᾶὲ.
3343 5744 3421 5770 "
3547 5744 3569 5766 '
3611 5744 3645 5759 "
3733 5744 3751 5761 '
3807 5744 3871 5818 ‘.
