3958 6466
212 395 322 451 377

208 608 321 663 sed
335 609 452 678 ipsi
461 609 638 666 iidem
651 612 757 682 qui
765 617 904 668 sunt
921 613 1175 683 inferius
1192 623 1628 689 repetuntur,et
1644 619 1753 676 hoc
1767 637 1879 692 pro

207 699 512 755 varietate
530 699 862 757 modorum.
897 705 977 757 Ac
1000 719 1142 760 sane
1166 709 1233 761 28
1257 709 1510 779 φθόγγους
1554 709 1676 766 sive
1711 715 1881 768 tonos

206 785 463 842 musicis
491 785 900 860 frequentatos
941 790 1073 861 jam
1131 792 1411 850 describit
1464 795 1880 870 Nicomachus,

205 871 320 930 lib.
349 891 387 930 ιι
424 877 712 933 Manualis
768 877 1124 954 harmonici,
1158 899 1298 956 pag.
1354 889 1441 942 39.
1485 885 1643 943 Sicut
1681 891 1881 943 autem

209 961 406 1018 Guido
464 979 572 1036 per
628 966 894 1038 syllabas
951 976 1035 1038 ut,
1097 987 1179 1042 re,
1211 975 1313 1042 mi,
1348 978 1485 1045 etc.,
1516 974 1598 1032 ita
1655 981 1882 1033 veteres

208 1052 472 1126 Egyptii
502 1069 610 1126 per
641 1060 872 1128 septem
902 1059 1136 1117 vocales
1168 1055 1498 1136 exprimere
1519 1065 1766 1122 totidem
1791 1084 1883 1124 so-

207 1155 328 1198 nos
357 1150 815 1214 consueverunt,
845 1152 910 1204 ut
939 1165 1012 1205 ex
1065 1153 1341 1208 Demetrii
1369 1153 1520 1211 libro
1554 1160 1677 1230 Περὶ
1724 1161 1880 1231 ἑρμη-

208 1236 352 1294 νείας
378 1235 406 1300 §
433 1237 518 1303 l7,
548 1234 686 1291 edit.
721 1237 909 1293 Oxon.
946 1243 1184 1297 lsaacus
1208 1243 1449 1300 Vossius
1473 1245 1664 1314 docet,
1699 1251 1879 1319 atque

209 1320 502 1378 eumdem
532 1322 594 1379 in
624 1325 879 1382 modum
906 1329 1221 1399 Gregorius
1252 1335 1500 1402 Magnus
1543 1334 1750 1406 primis
1800 1335 1878 1392 ad

208 1409 330 1466 hoc
371 1427 516 1468 usus
545 1417 636 1469 est
664 1419 893 1488 septem
915 1416 1119 1475 litteris
1143 1419 1468 1493 alphabeti,
1501 1423 1722 1496 quibus
1773 1425 1877 1481 de-

207 1501 404 1556 cursis
430 1502 553 1559 sive
583 1505 916 1563 ascendens
947 1513 1159 1565 cantus
1181 1510 1303 1567 sive
1325 1511 1696 1570 descendens
1727 1515 1880 1571 redit

207 1590 294 1647 ad
325 1597 602 1650 octavam
633 1598 689 1650 et
713 1595 925 1654 iisdem
957 1599 1303 1673 obloquitur
1351 1605 1615 1660 numeris
1656 1611 1874 1674 septem

206 1682 565 1740 discrimina
595 1701 823 1742 vocum.
1577 1703 1580 1708 '

287 1772 432 1827 Huic
464 1773 720 1830 Guidoni
751 1776 1125 1848 Trithemius,
1180 1794 1314 1852 cap.
1376 1785 1500 1849 318,
1554 1781 1760 1838 tribuit
1810 1783 1878 1838 li-

1177 403 1392 461 GUlDO
1431 407 1794 464 ARETINUS.
1828 439 1896 450 -ο
1925 409 2207 466 ΝΟΤΙΤΙΑ
2246 413 2678 468 LlTTERARlA.

209 520 386 576 ultra
417 521 752 593 quindecim
774 528 883 580 aut
907 523 1069 592 forte
1086 528 1380 584 sexdecim
1404 531 1866 600 protenduntur,
1907 539 1954 589 A
1984 536 2069 590 tia
2094 535 2627 605 incomparabilem
2658 533 2940 607 appellat.
2971 531 3142 588 Gerh.
3176 534 3344 586 Joan.
3410 528 3654 584 Vossius

3547 394 3651 462 37's
3667 399 3669 402 ’

1988 624 2190 695 etiam,
2216 641 2358 698 pag.
2391 630 2458 682 95
2483 628 2561 680 De
2591 625 2852 680 scientiis
2879 621 3337 687 niathematicis,
3374 618 3455 675 ait
3474 617 3654 673 musi-

1990 728 2129 767 cum
2158 713 2490 769 Guidonem
2521 729 2648 768 esse
2679 712 2783 784 qui
2815 727 2886 766 ex
2913 710 3216 766 monacho
3238 707 3494 766 coenobii
3516 709 3655 761 Hec-

1989 801 2145 856 tonis
2175 802 2296 856 sive
2327 803 2381 858 S.
2421 801 2690 856 Leufredi
2714 799 2837 854 sive
2868 797 3166 854 Lodifredi
3225 796 3388 870 apud
3447 793 3654 850 Ebroi-

1988 905 2197 946 censes
2250 894 2670 957 Nortmannos,
2738 889 2930 944 factus
3014 887 3086 942 sit
3160 884 3651 958 archiepiscopus

1986 982 2348 1049 Aversanus,
2374 984 2553 1052 atque
2579 978 2850 1035 Ecclesiae
2877 980 3158 1033 Romanae
3185 971 3653 1031 cordinalis.Sed

1985 1067 2156 1124 illum
2187 1068 2522 1125 Guidonem
2552 1068 2674 1124 sive
2707 1066 3138 1135 Guimundum,
3171 1064 3276 1137 qui
3301 1066 3509 1120 contra
3551 1063 3652 1116 Be-

1985 1158 2332 1228 rengarium
2363 1157 2617 1231 scripsit,
2651 1161 2807 1213 recte
2832 1173 2870 1214 a
2887 1156 3154 1213 Guidone
3179 1153 3419 1210 Aretino
3442 1150 3652 1206 distin-

1987 1246 2131 1317 guit,
2161 1251 2376 1320 praeter
2405 1261 2781 1318 anonymum
2814 1244 3206 1302 Mellicensem
3233 1259 3282 1298 c.
3320 1244 3442 1307 102,
3488 1239 3649 1294 idem

1985 1335 2363 1406 Trithemius,
2391 1352 2523 1409 cap.
2555 1340 2676 1404 122,
2701 1339 2758 1391 et
2786 1338 2850 1390 ll.
2882 1338 2951 1391 80
2979 1341 3060 1390 De
3087 1335 3314 1389 itlustr.
3358 1329 3649 1386 Benedic-

1986 1427 2126 1480 tinis
2146 1440 2171 1497 ;
2197 1442 2395 1498 neque
2420 1432 2656 1498 tempus
2682 1424 2902 1497 patitur
2929 1441 3067 1480 cum
3113 1421 3381 1479 Guidone
3409 1419 3647 1474 Aretino

1984 1515 2268 1571 eumdem
2297 1515 2484 1572 fuisse
2533 1514 3056 1587 archiepiscopum
3105 1517 3504 1578 Aversanum,
3553 1523 3648 1562 su-

1983 1604 2286 1678 perstitem
2319 1605 2519 1661 adhuc
2549 1620 2646 1661 an.
2676 1608 2830 1660 1090.

2058 1692 2334 1750 Similiter
2353 1692 2656 1749 cavendus
2684 1692 2891 1765 lapsus
2923 1689 3242 1757 Possevini,
3274 1687 3380 1760 qui
3425 1687 3643 1742 Micro-

1989 1784 2187 1853 logum
2215 1782 2502 1839 Guidonis
2532 1782 2831 1838 musicum
2863 1780 3174 1837 confundit
3197 1795 3337 1835 cum
3380 1775 3644 1834 Microlo-

205 1860 392 1917 brum
416 1863 505 1918 De
533 1879 781 1933 corpore
810 1869 1172 1937 etsanguine
1191 1871 1432 1926 Domini
1450 1871 1743 1927 adversus
1770 1874 1878 1928 Be-
1919 1890 1960 1944 Β
1990 1887 2066 1941 go
2097 1872 2172 1928 de
2203 1871 2616 1928 ecclesiasticis
2647 1870 3168 1927 observationibus
3202 1885 3311 1923 seu
3336 1867 3410 1922 de
3453 1865 3645 1921 missa

206 1951 581 2021 rengarium,
611 1953 1015 2028 eumdemque
1043 1957 1364 2029 respiciens
1386 1958 1634 2015 fortasse
1649 1977 1879 2034 anony-

208 2054 350 2094 mus
375 2038 738 2108 Mellicensis,
773 2058 905 2115 cap.
940 2048 1029 2114 80,
1064 2045 1418 2112 Guidonem,
1450 2048 1569 2103 iide
1595 2065 1666 2105 ac
1692 2051 1878 2106 scien-

1985 1962 2094 2016 rite
2127 1961 2509 2027 celebranda,
2534 1965 2598 2016 ut
2623 1977 2657 2015 a
2695 1961 2874 2030 Pagio
2902 1960 2980 2016 ad
3006 1975 3235 2015 annum
3263 1961 3418 2014 1022.
3470 1971 3638 2010 num.

1985 2056 2038 2119 9,
2061 2057 2117 2108 et
2146 2051 2224 2108 ab
2248 2051 2482 2107 Oudino
2510 2056 2664 2107 recte
2687 2051 2817 2122 jam
2845 2054 3144 2106 notatum.

1296 2435 1737 2524 ΝΟΤΙΤΙΑ
1853 2438 2559 2527 LITTERARIA.

804 2640 892 2705 (Ι).
928 2639 1208 2696 Martinus
1231 2643 1576 2713 Gsnanarus,
1606 2644 1940 2714 Scriptores
1967 2644 2354 2700 ecclesiastici
2376 2645 2448 2700 de
2475 2645 2722 2710 musica,
2758 2647 2822 2708 ll,
2853 2642 3042 2715 praef.)

282 2945 332 2997 l.
366 2940 596 3012 Dignus
625 2944 878 3001 omnino
908 2951 995 3002 est
1046 2963 1083 3004 a
1133 2965 1256 3020 quo
1304 2965 1523 3006 novam
1573 2951 1869 3022 epocham
1908 2954 1950 3009 C
1979 2955 2273 3022 operibus.
2307 2959 2434 3027 Ipse
2469 2953 2657 3010 Guido
2689 2954 2750 3008 in
2780 2952 3028 3025 epistola
3049 2951 3126 3006 ad
3147 2949 3491 3007 Michaelem
3510 2965 3637 3004 mo-

207 3029 573 3104 scriptorum
605 3034 679 3089 de
700 3051 762 3090 re
792 3037 1024 3092 musica
1056 3039 1460 3111 auspicemus,
1498 3041 1686 3096 Guido
1733 3047 1868 3096 Are-

202 3120 386 3190 tinus,
420 3122 543 3193 qui,
577 3123 816 3181 sublata
841 3130 1111 3182 veterum
1144 3133 1420 3184 notarum
1453 3130 1753 3199 indigesta
1785 3147 1872 3186 se-

199 3210 289 3266 rie
321 3227 390 3266 ac
419 3213 791 3281 confusione,
826 3232 932 3289 per
959 3217 1148 3274 lineas
1179 3223 1234 3274 et
1264 3219 1484 3289 claves,
1517 3237 1671 3292 quas
1701 3237 1871 3276 voca-

197 3316 340 3355 mus
360 3301 421 3355 in
447 3301 610 3358 scala
636 3305 889 3376 musica,
917 3306 1187 3363 discendi
1213 3310 1703 3382 exsequendique
1734 3327 1868 3364 mu-

197 3389 390 3445 sicam
416 3389 796 3464 disciplinam
814 3395 1035 3452 mirum
1059 3396 1122 3451 in
1148 3398 1401 3454 modum
1433 3400 1711 3454 eamdem
1731 3399 1869 3454 faci-

196 3477 410 3536 litavit.
442 3482 710 3537 Testatur
738 3484 800 3539 id
821 3485 948 3557 ipse
998 3485 1060 3540 in
1092 3488 1412 3558 Micrologi
1455 3489 1544 3544 sui
1593 3489 1866 3560 prologo,
1897 3546 1905 3553 ,

197 3568 445 3624 tandem
477 3570 740 3628 adfuisse
772 3573 885 3628 sibi
921 3574 1190 3631 divinam
1222 3579 1510 3648 gratiam,
1571 3594 1706 3633 cum
1745 3594 1872 3632 mu-

195 3657 385 3713 sicam
412 3662 618 3728 pueris
651 3662 939 3733 traderet,
970 3669 1026 3720 et
1067 3665 1343 3735 Quidam,
1394 3666 1611 3738 inquit,
1662 3683 1867 3723 eorum

199 3747 539 3805 imitatione
568 3750 808 3807 chorda?
836 3759 1185 3810 nostrarum
1217 3761 1496 3810 notarum
1548 3771 1659 3810 usu
1705 3771 1868 3812 exer-

199 3837 393 3902 citati,
428 3845 569 3895 ante
599 3843 776 3897 unius
799 3845 1014 3899 mensis
1043 3846 1305 3913 spatium
1351 3846 1570 3901 invisos
1593 3851 1648 3901 et
1702 3847 1870 3901 inau-

203 3925 361 3981 ditos
393 3937 606 3984 cantus
637 3931 723 3986 ita
752 3933 948 4000 primo
978 3934 1204 3988 intuitu
1250 3933 1666 3990 indubitanter
1723 3949 1867 3990 can-

201 4015 437 4086 tabant,
470 4023 534 4072 ut
566 4020 899 4076 maximum
930 4023 1340 4091 spectaculum
1390 4024 1672 4092 plurimis
1710 4038 1870 4092 prae—

201 4104 461 4161 beretur.
486 4109 593 4163 Per
607 4109 897 4166 chordam
918 4110 1186 4182 intelligit
1213 4111 1432 4168 lineam
1464 4112 1647 4182 illam,
1680 4129 1868 4185 quam

197 4193 400 4250 colore
434 4213 644 4253 croceo
674 4198 769 4254 vel
799 4199 983 4255 rubro
1010 4201 1379 4271 distinguere
1411 4202 1645 4258 solebat
1673 4219 1744 4258 eo
1786 4203 1869 4258 lo-

1976 3044 2239 3098 nachum
2271 3043 2762 3116 Pomposianum,
2794 3060 2854 3115 p.
2885 3046 2972 3106 43,
3001 3043 3259 3109 prolixis
3293 3039 3512 3106 finibus
3543 3054 3640 3093 ex-

1975 3135 2239 3190 sulatum
2273 3151 2333 3188 se
2360 3134 2501 3188 dicit
2535 3153 2546 3198 ;
2572 3149 2642 3188 ac
2673 3149 2835 3198 mox,
2869 3147 3229 3204 persuasum
3297 3145 3360 3182 se
3389 3132 3451 3183 ut
3476 3128 3536 3182 in
3567 3144 3638 3182 eo

1976 3221 2342 3276 monasterio
2374 3226 2663 3288 maneret,
2688 3238 2724 3277 a
2746 3222 3014 3277 Guidone
3043 3219 3226 3288 hujus
3249 3215 3507 3272 ccenobii
3540 3215 3641 3271 ab—

1975 3307 2134 3378 bate,
2163 3311 2292 3365 viro
2331 3327 2548 3384 nempe
2577 3311 2678 3366 illo
2709 3310 3111 3378 sanctissimo,
3170 3307 3342 3377 cujus
3396 3321 3636 3376 corpus,

1977 3403 2040 3452 ut
2068 3405 2209 3470 post
2230 3401 2642 3456 Hermannum
2673 3403 3074 3466 Contractum,
3101 3398 3450 3470 scriptorem
3493 3410 3640 3449 coae-

1975 3505 2142 3560 vum,
2177 3489 2275 3545 alii
2305 3491 2537 3563 passim
2577 3491 2893 3546 chronistaa
2951 3487 3284 3562 perhibent,
3343 3501 3440 3540 an.
3481 3487 3636 3551 1047,

1975 3585 2115 3633 ante
2147 3595 2267 3634 non
2301 3581 2601 3649 integrum
2630 3596 2857 3635 annum
2888 3579 3180 3648 defuncti,
3207 3576 3492 3646 plurimis
3514 3575 3640 3643 glo-

1976 3667 2276 3734 riﬁcatum
2306 3670 2619 3724 miraculis
2641 3669 2939 3723 Henricus
2971 3668 3004 3720 Ι
3007 3667 3072 3720 II
3091 3680 3232 3733 imp.
3254 3664 3326 3718 de
3349 3664 3640 3718 Parmen-

1973 3756 2043 3821 si,
2071 3755 2174 3809 ubi
2201 3758 2469 3825 sepultus
2512 3758 2656 3827 fuit,
2712 3757 2956 3812 civitate
3007 3754 3087 3810 ad
3139 3752 3342 3807 urbem
3396 3751 3639 3819 Spiram

1978 3843 2101 3913 (ubi
2129 3843 2431 3916 hodieque
2460 3844 2709 3913 insignis
2758 3844 2817 3898 in
2871 3843 2999 3914 ejus
3054 3843 3348 3896 honorem
3390 3837 3640 3893 ecclesia

1975 3931 2418 4006 collegiumque
2450 3934 2880 3990 canonicorum
2903 3932 3113 4003 exstat)
3149 3928 3638 3998 transferendum

1973 4037 2194 4092 magno
2224 4038 2420 4078 secum
2450 4025 2676 4079 honore
2704 4024 2938 4079 rediens
2969 4021 3224 4077 devexit.

2047 4111 2188 4166 lnde
2212 4129 2352 4167 vero
2383 4118 2548 4186 quod
2578 4114 2632 4169 S.
2669 4111 2879 4180 Guido,
2936 4109 3376 4182 Pomposianus
3424 4105 3638 4174 abbas,

1976 4199 2232 4256 Guidoni
2261 4202 2500 4257 Aretino
2527 4201 2889 4274 persuaserit
2917 4215 3161 4256 manere
3187 4198 3248 4254 in
3276 4213 3386 4252 suo
3435 4210 3643 4251 mona-

198 4300 272 4338 co
302 4300 425 4356 quo
456 4301 566 4341 nos
599 4302 761 4342 nunc
793 4287 1024 4344 clavem
1053 4292 1092 4346 C
1121 4295 1225 4346 aut
1253 4291 1474 4346 Finitio
1499 4291 1669 4347 linea:
1697 4293 1865 4364 poni-
1901 4304 1948 4358 ι)
1980 4292 2180 4360 sterio,
2210 4298 2484 4366 auctores
2505 4293 2718 4348 Annal.
2754 4291 3086 4356 Camaldul.
3122 4295 3160 4344 t.
3197 4292 3261 4356 ll,
3294 4304 3354 4359 p.
3386 4290 3474 4346 43,
3504 4299 3644 4339 con-

196 4389 338 4428 mus
388 4374 540 4431 inter
596 4381 840 4434 caeteras
875 4394 911 4433 a
951 4395 1012 4434 se
1045 4379 1227 4435 etiam
1280 4380 1566 4453 primum}
1596 4383 1872 4437 inventas

195 4461 413 4530 lineas,
441 4463 516 4519 de
564 4464 790 4536 quibus
846 4467 974 4538 ipse
1022 4469 1190 4525 haud
1238 4469 1536 4526 immerito
1583 4470 1865 4527 (licebat:

197 4551 434 4608 Musica
464 4554 592 4610 sine
622 4555 794 4609 lineis
825 4561 910 4610 est
937 4558 1092 4613 sicut
1130 4565 1352 4627 puteus
1402 4562 1532 4615 sine
1574 4561 1741 4629 fune.
1804 4563 1867 4613 ln

198 4638 338 4713 ipsa
365 4641 544 4696 etiam
572 4643 804 4698 musica
829 4643 1184 4702 harmonica
1215 4664 1318 4702 seu
1349 4647 1721 4720 polyphonia
1769 4647 1869 4702 ali-

199 4735 504 4804 quatenus
529 4729 810 4787 duritiam
839 4733 1203 4807 diaphoniae,
1238 4741 1301 4791 ut
1327 4736 1646 4800 vocabant,
1679 4751 1868 4808 quam

202 4819 266 4874 in
300 4819 608 4876 Hucbaldo
634 4821 996 4893 notavimus,
1028 4824 1312 4880 emollivit
1333 4812 1632 4891 Guido,.ut
1650 4825 1710 4879 in
1736 4825 1868 4896 ipso

205 4924 386 4980 opere
409 4910 641 4967 musico
671 4911 710 4967 l.
743 4928 826 4979 Ill,
855 4928 906 4968 c.
941 4917 988 4980 l,
1023 4929 1083 4967 n.
1118 4918 1170 4980 7,
1199 4913 1596 4985 prodidimus.
1751 4904 1766 4938 ‘

278 4999 483 5055 Mirum
517 5000 669 5056 adeo
697 5000 864 5056 haud
889 5005 978 5056 est
1006 5000 1170 5073 quod
1203 5000 1395 5056 Guido
1422 5002 1501 5056 ad
1529 5002 1869 5057 docendam

206 5088 502 5144 musicam
527 5095 898 5146 evocaretur.
933 5091 1220 5160 Congruit
1249 5106 1492 5163 quoque
1531 5090 1659 5161 ejus
1711 5090 1868 5146 aetati

205 5177 373 5247 quod
399 5177 474 5233 ad
508 5194 607 5236 an.
646 5184 800 5247 l023,
829 5196 953 5252 quo
990 5182 1321 5236 Hermanus
1389 5180 1720 5235 Bremensis
1773 5195 1867 5234 ar-

207 5264 626 5339 chiepiscopus
656 5267 766 5323 fuit
793 5268 1189 5336 renuntiatus,
1207 5267 1422 5339 legitur
1446 5267 1620 5339 apud.
1636 5267 1868 5323 Leibni-

205 5351 361 5407 zium
395 5354 577 5427 Scrip.
611 5373 723 5412 rer.
758 5359 1034 5428 Brunsv.,
1067 5373 1126 5430 p.
1161 5361 1286 5424 745,
1317 5357 1378 5411 in
1411 5356 1702 5413 Chronico
1751 5355 1871 5412 Sla-

205 5457 442 5512 vorum,
473 5449 530 5500 et
559 5446 775 5503 iisdem
806 5447 926 5502 fere
969 5446 1168 5502 verbis
1197 5447 1258 5502 in
1307 5446 1598 5503 Chronico
1650 5445 1870 5501 Alberti

210 5531 516 5588 Stadensis
539 5533 621 5590 ita
682 5541 998 5592 narratur:
1053 5537 1421 5592 Herimanus
1478 5552 1638 5607 ergo,
1685 5537 1872 5605 parvi

204 5620 474 5689 pendens
499 5623 696 5677 omnia
719 5640 850 5693 quae
877 5626 941 5680 in
972 5626 1316 5695 episcopatu
1374 5626 1618 5690 inrenit‘,
1669 5625 1866 5694 primo

211 5707 451 5779 quidem
481 5710 774 5766 musicum
806 5714 1132 5770 Guidonem
1154 5715 1436 5771 Bremam
1459 5715 1740 5780 adduxit,
1773 5729 1872 5768 cu-

204 5797 311 5866 jus
341 5797 644 5854 industria
656 5801 972 5859 melodiam
994 5810 1048 5860 et
1075 5806 1464 5862 claustralem
1486 5806 1869 5874 disciplinam

218 5888 500 5943 correxit.
537 5888 705 5956 Quod
733 5890 923 5947 solum
969 5907 1044 5949 ea:
1092 5896 1219 5962 ejus
1261 5909 1549 5964 prospere
1593 5895 1871 5951 successit

1974 4381 2190 4451 jiciunt
2221 4383 2554 4438 Guidonem
2584 4382 2894 4438 Aretiuum
2925 4381 2985 4435 in
3014 4396 3122 4435 suo
3147 4375 3473 4449 juventutis
3495 4373 3639 4427 ﬂore

1977 4469 2359 4542 Pomposiani
2393 4471 2739 4525 monasterii
2777 4469 3104 4541 disciplinae
3163 4481 3286 4521 non
3326 4463 3506 4518 fuisse
3538 4459 3641 4514 ad-

1976 4557 2202 4613 dictum
2240 4575 2252 4614 :
2286 4575 2395 4613 nec
2424 4559 2744 4614 abhorrent
2779 4557 2858 4612 ab
2888 4574 2958 4612 ea
2979 4555 3261 4627 opinione
3291 4553 3470 4608 iidem
3493 4549 3638 4603 scri-

1975 4651 2196 4719 ptores,
2230 4646 2562 4702 Guidonem
2586 4651 2858 4700 nostrum
2882 4644 3047 4699 illum
3079 4644 3282 4713 ipsum
3315 4640 3494 4694 fuisse
3511 4653 3639 4692 mo-

1977 4735 2218 4791 nasterii
2246 4734 2513 4790 Avellani
2541 4733 2844 4802 abbatem,
2878 4733 2979 4804 qui
3009 4734 3063 4788 S.
3097 4734 3333 4786 Petrum
3366 4725 3638 4782 Damiani

1979 4825 2058 4880 ad
2082 4823 2460 4896 disciplinam
2489 4823 2887 4878 monasticam
2915 4819 3256 4892 susceperit,
3281 4822 3459 4890 atque
3490 4815 3638 4870 forte

1977 4914 2158 4970 etiam
2185 4911 2533 4984 aliquando,
2567 4917 2787 4985 utpote,
2820 4909 3200 4967 Domnizonis
3243 4907 3304 4962 in
3353 4905 3477 4961 Vita
3526 4907 3638 4960 Ma-

1976 5001 2178 5056 thildis
2231 5001 2593 5068 testimonio,
2651 5001 2982 5056 monachus
3038 5013 3145 5054 nec
3213 5013 3334 5052 non
3391 4994 3636 5050 eremita

1981 5090 2264 5155 beandus,
2293 5091 2354 5145 in
2386 5089 2828 5146 Camaldulensi
2854 5105 3054 5144 eremo
3081 5101 3288 5141 recens
3329 5084 3388 5138 in
3443 5079 3638 5154 patrio

1979 5179 2106 5234 solo
2128 5181 2366 5236 Aretino
2389 5180 2638 5235 fundata
2670 5180 2922 5235 latuerit.
2961 5178 3041 5232 Ibi
3069 5192 3166 5231 an.
3232 5177 3387 5229 1033.
3445 5171 3636 5226 Guido

1971 5269 2176 5338 frater
2203 5270 2376 5323 Petri
2402 5269 2759 5323 venerabilis
2800 5267 3053 5321 cremita"
3075 5264 3335 5330 iussione
3364 5259 3636 5326 dictavit,

1971 5360 2146 5428 petiit
2178 5364 2230 5413 et
2263 5359 2603 5425 impetravit
2636 5373 2672 5412 a
2702 5354 3036 5411 Theobaldo
3069 5354 3338 5422 episcopo
3365 5350 3636 5413 Aretino,

1979 5449 2078 5503 cui
2109 5446 2300 5502 Guido
2331 5448 2725 5515 M-icrologum
2755 5445 3070 5510 dedicavit,
3099 5442 3476 5495 (laenalionem
3508 5452 3638 5508 quae

1981 5537 2204 5606 legitur
2224 5536 2390 5604 apud
2417 5529 2837 5590 Mabiltonizim
2870 5539 2908 5589 t.
2941 5534 3005 5587 lV
3030 5531 3255 5586 Annal.
3291 5531 3354 5583 0.
3384 5530 3441 5582 S.
3467 5528 3539 5582 B.
3575 5542 3635 5598 p.

1979 5628 2120 5693 389;
2156 5624 2260 5681 sed
2291 5640 2450 5691 cum,
2484 5623 2731 5680 testibus
2787 5623 3022 5678 illismet
3069 5619 3377 5677 annalistis
3427 5620 3638 5674 Cama-

1976 5713 2374 5778 blulensibus,
2404 5713 2548 5768 mihi
2578 5713 2726 5767 dum
2749 5712 3009 5768 viverent
3034 5708 3434 5772 amicissimis,
3457 5705 3638 5761 etiam

1978 5803 2042 5860 in
2071 5803 2442 5859 monasterio
2465 5802 2753 5858 Avellano
2784 5803 2977 5871 rigida
3003 5801 3100 5858 illa
3144 5799 3462 5872 disciplina
3519 5798 3638 5852 fue-

1979 5895 2057 5953 rit
2086 5898 2340 5963 servata,
2368 5895 2443 5949 de
2476 5893 2918 5951 Camaldulensi
2941 5893 3024 5948 nil
3065 5892 3246 5948 statui
3274 5896 3488 5962 potest.
3516 5885 3633 5940 Ad-
