3958 6416
370 277 478 337 379

1758 270 2087 330 GUIDONIS
2122 272 2404 328 ARETINI

3696 273 3813 328 380

368 398 523 456 dunt
548 397 611 456 in
640 398 916 470 ejusdem
943 397 1212 455 Avellani
1240 397 1498 454 coanobii
1531 396 1840 454 refectorio
1864 395 2027 451 cerni
2064 399 2111 453 A
2140 396 2523 451 Hermannus
2553 396 2905 452 Contractus
2929 395 3059 465 ejus
3090 397 3349 450 mortem
3377 392 3568 467 ponit,
3586 394 3812 451 Trithe-

368 484 667 559 hodieque
695 486 981 543 Guidonis
998 487 1327 558 imaginem
1354 503 1493 542 cum
1514 487 1631 542 hac
1661 486 2022 559 epigraphe:

368 574 594 632 Beatus
619 575 811 632 Guido
857 576 1148 632 Aretinus
1198 577 1475 632 inventor
1530 576 1813 631 musicae:
1862 574 2029 648 quod

369 662 632 734 elogium
659 680 784 724 non
809 680 933 721 uno
980 665 1149 723 titulo
1188 666 1387 722 eidem
1412 682 1590 740 posse
1620 665 1857 734 ascribi,
1891 665 2027 722 scri-

368 755 474 826 pta
501 755 632 826 ejus
661 770 797 828 quae
826 754 1063 811 edimus
1102 755 1446 813 ostendunt.

440 846 493 899 2.
529 840 696 900 Brevi
723 842 972 900 omnino
1002 843 1286 901 Guidonis
1323 859 1548 900 nomen
1596 843 1656 900 in
1715 843 2032 901 Germania

370 930 744 1005 inclaruisse,
777 933 1061 990 Bernonis
1085 932 1398 1004 Augiensis
1429 932 1667 990 abbatis
1698 933 1916 1007 scripta
1956 932 2031 988 de

370 1020 605 1079 musica
655 1021 1060 1090 manifestam,
1101 1024 1165 1078 in
1208 1023 1441 1095 quibus,
1493 1026 1643 1079 teste
1728 1021 2032 1093 Sigeberto

374 1109 810 1180 Gemblacensi,
839 1113 913 1168 de
934 1113 1142 1182 script.
1167 1114 1372 1169 eccles.
1408 1128 1458 1167 c.
1495 1116 1618 1183 156,
1650 1113 1864 1169 eminet
1924 1110 2032 1166 hoc

329 1257 340 1269 ι
371 1200 533 1270 quod
559 1201 622 1256 in
653 1207 786 1258 arte
812 1202 1041 1258 musica
1064 1203 1436 1273 praepollens
1474 1201 1548 1257 de
1596 1203 1821 1273 regulis
1881 1215 2035 1271 sym-

362 1287 733 1357 phoniarum
765 1296 820 1346 et
850 1294 1127 1346 tonorum
1156 1291 1420 1360 scripsit,
1450 1296 1504 1345 et
1536 1290 1695 1363 quod
1723 1291 1785 1345 in
1805 1304 2038 1345 mensu-

372 1378 567 1433 rando
595 1379 996 1436 monochordo
1027 1380 1195 1436 ultra
1222 1380 1493 1449 regulam
1520 1380 1733 1447 Boetii,
1789 1378 1892 1435 sed
1943 1393 2034 1434 as-

371 1479 546 1521 sensu
570 1468 820 1522 minoris
847 1468 1055 1524 Boetio
1121 1465 1432 1533 Guidonis,
1472 1468 1785 1537 supposuit
1848 1482 2033 1521 unum

372 1558 579 1611 tonum
607 1556 993 1613 tetrachordo
1025 1555 1317 1627 hypaton,
1350 1560 1406 1611 et
1425 1561 1636 1611 contra
1654 1571 1827 1611 usum
1853 1557 2038 1623 majo-

372 1655 508 1698 rum
529 1645 593 1700 in
622 1646 748 1714 ipso
780 1645 1164 1702 tetrachordo
1189 1646 1440 1701 inseruit
1467 1645 1702 1701 utiliter
1720 1658 2039 1714 synemme—

2137 483 2294 539 mius
2324 500 2462 539 vero
2489 484 2567 539 ad
2593 501 2691 540 an.
2730 488 2885 547 1030,
2930 482 3029 539 alii
3083 483 3347 556 denique
3397 483 3475 538 ad
3524 499 3622 540 an.
3670 487 3809 539 l035

2136 577 2455 647 reponunt.
2487 574 2651 629 Unde
2680 590 2810 630 rem
2839 589 2877 629 a
2907 572 3175 629 Guidone
3234 572 3369 645 ipso
3410 569 3652 629 haurire
3704 587 3813 645 po-

2139 662 2247 719 tuit
2272 666 2480 734 Berno,
2506 663 2611 735 qui
2641 678 2958 735 nunquam
2990 677 3101 717 sua
3124 661 3254 717 haee
3285 661 3530 718 inventa
3557 677 3689 717 esse
3720 660 3811 716 di-

2139 752 2234 821 cit,
2278 752 2403 809 imo
2453 751 2526 808 de
2573 754 2825 809 Gemma
2875 754 3077 807 Graeco
3130 751 3551 807 monochordo
3599 749 3815 807 addito

2138 841 2506 898 mentionem
2533 840 2776 907 faciens,
2810 838 2957 896 illud
2981 857 3017 895 a
3046 841 3355 896 modernis
3371 836 3644 896 additum
3676 853 3815 894 esse

2138 930 2413 1005 perhibet
2436 946 2557 986 non
2579 914 2766 986 semel
2797 946 2866 986 eo
2888 928 3020 1002 ipso
3041 930 3103 985 in
3125 930 3378 1001 prologo
3410 945 3516 985 seu
3536 926 3690 984 libro
3739 927 3820 982 de

2141 1022 2367 1091 regulis
2397 1019 2894 1090 symphoniarum
2925 1026 2979 1075 et
3013 1025 3317 1091 tonorum,
3347 1024 3411 1074 ut
3467 1017 3819 1089 Sigebertus

2142 1109 2422 1183 appellat,
2456 1109 2799 1166 Mellicensis
2829 1113 3029 1165 autem
3061 1124 3414 1185 anonymus
3464 1106 3821 1181 simpliciter

2142 1200 2215 1255 de
2241 1200 2471 1255 musica
2500 1214 2647 1268 opus
2704 1200 3293 1269 praestantissimum,
3343 1202 3400 1254 et
3455 1190 3822 1253 Trithemius

2145 1286 2223 1343 ad
2254 1303 2484 1344 annum
2519 1290 2653 1342 1018
2688 1287 2904 1343 Chron.
2967 1286 3141 1354 Hirs.,
3195 1289 3429 1359 insigne
3486 1285 3771 1342 volumen
3798 1296 3822 1351 ,'

2145 1377 2430 1449 additque
2461 1376 2590 1446 ejus
2619 1378 2841 1432 librum
2874 1392 3061 1432 unum
3091 1378 3162 1432 de
3192 1375 3604 1432 instrumentis
3635 1373 3825 1427 musi-

2145 1469 2248 1535 eis,
2267 1483 2451 1540 quem
2477 1466 2675 1523 videre
2704 1466 2871 1522 haud
2894 1466 3074 1522 licuit.
3112 1466 3227 1522 Nisi
3282 1466 3430 1522 forte
3473 1465 3592 1521 huc
3637 1461 3825 1536 perti—

2146 1560 2330 1611 neant
2370 1570 2506 1627 quae
2558 1555 2621 1610 in
2681 1554 2887 1611 codice
2943 1554 3088 1610 hibl.
3125 1559 3340 1611 Caesar.
3376 1552 3654 1619 Vindob.,
3708 1549 3827 1623 qui

2146 1662 2340 1719 nuper
2365 1660 2438 1700 ex
2466 1644 2832 1700 bibliotheca
2857 1644 3044 1700 civica
3073 1660 3144 1700 eo
3166 1644 3277 1699 fuit
3304 1642 3647 1707 translatus,
3671 1643 3827 1712 post

369 1746 512 1788 non.
545 1733 884 1811 Conspicua
912 1734 1041 1790 haec
1070 1734 1405 1789 redduntur
1432 1748 1505 1787 ex
1533 1730 1786 1805 prologo
1818 1733 2038 1787 Berno-
2077 1756 2119 1810 Β
2147 1734 2468 1807 prologum
2499 1749 2605 1788 seu
2634 1730 2856 1789 librum
2884 1732 3151 1805 primum
3177 1733 3527 1802 regularum
3560 1743 3826 1785 venera-

372 1820 467 1876 nis
491 1822 555 1878 in
584 1822 888 1880 tonarium
914 1823 993 1881 ad
1034 1822 1400 1894 Piligrinum,
1459 1821 1873 1879 Coloniensem
1940 1836 2032 1876 ar-

372 1910 825 1985 chiepiscopum
856 1912 935 1968 ab
966 1928 1065 1969 an.
1102 1916 1260 1981 1020,
1301 1912 1474 1983 juxta
1525 1911 1914 1968 Trithemium
1972 1909 2035 1965 in

371 1998 584 2055 Annal.
610 1999 760 2057 Hirs.
793 2000 873 2056 ad
892 2000 953 2056 h.
988 2016 1067 2067 a.,
1096 2016 1288 2073 usque
1317 1998 1396 2057 ad
1427 2014 1527 2056 an.
1563 2003 1720 2068 1034,
1747 1998 1827 2055 ad
1850 2014 2035 2071 quem

2143 1825 2276 1880 bilis
2293 1824 2476 1878 Bern.
2502 1821 2736 1879 abbatis
2767 1824 2829 1878 in
2860 1828 3050 1879 artem
3079 1822 3387 1879 musicam,
3423 1822 3560 1873 ante
3610 1815 3827 1873 tonale

2141 1908 2581 1965 interseruntur
2601 1909 2676 1965 de
2708 1925 2991 1966 mensura
3044 1909 3419 1978 ﬁseularum,
3454 1905 3824 1987 organistri,

2135 1997 2574 2068 ponderatione
2602 1999 2885 2069 cymbali,
2926 2003 3035 2054 etc.

1243 2217 1670 2383 cum
1680 2216 2107 2335 oms
2174 2215 2937 2335 ann-rm:

1457 2396 2020 2538 OPUSGULA
2071 2398 2207 2536 DE
2269 2398 2707 2536 MUSIGA.

1157 2578 1249 2651 (D.
1291 2579 1636 2648 Cannenses,
1676 2576 2013 2648 Scriptores
2050 2572 2381 2634 ecclesiasti
2430 2578 2503 2634 de
2543 2576 2793 2648 musica,
2835 2578 2903 2645 II,
2944 2574 3015 2648 1.)

1751 2815 2410 2905 MONITUM.

447 2995 960 3076 Celebratissimus
991 2995 1398 3076 est_Guidon_is
1420 2996 1787 3076 Micrologus
1814 2997 1887 3054 de
1906 2997 2229 3076 disciplina
2257 2997 2406 3076 artis
2438 2996 2695 3076 musicas,
2726 3010 2911 3076 quem
2939 3008 3050 3076 nos
3080 3009 3154 3075 ex
3174 3007 3287 3076 ms:
3523 2988 3808 3076 Sari-Bla-

376 3066 559 3122 sianae
590 3065 872 3122 collatum
899 3084 1038 3123 cum
1065 3067 1304 3122 duobus
1327 3058 2083 3137 San-Emerainmensibus,
2118 3064 2533 3133 Admontensi,
2567 3058 2797 3122 mancis
2825 3064 3195 3137 Ottoburano
3215 3067 3285 3137 ‘et
3314 3058 3617 3137 Casinensi
3665 3058 3804 3137 edi-

374 3137 901 3211 mus.__Sequuntur
928 3138 1202 3208 ejusdem
1229 3138 1495 3211 rhythmi
1524 3143 1580 3211 et
1610 3153 1853 3211 carnem
1911 3140 1983 3195 de
2009 3132 2254 3195 musij
2285 3132 2713 3208 explanatione
2765 3153 2837 3211 ex
2868 3136 3081 3211 eodem
3122 3134 3325 3190 codice
3361 3132 3805 3211 _S_an-B_lasiano

376 3224 515 3282 cum
540 3206 931 3282 iisdemmss.
960 3206 1216 3282 excepto
1240 3206 1547 3265 Casinensi
1576 3210 1812 3266 collata.
1846 3213 1994 3266 Item
2034 3212 2172 3267 aliae
2202 3206 2493 3266 Guidonis
2524 3211 2755 3282 regulw
2782 3210 2854 3282 tle
2886 3210 3088 3278 ignoto
3118 3214 3302 3282 cantu
3331 3206 3671 3282 identidem
3731 3207 3795 3260 in

375 3280 798 3348 antiphonarii
817 3282 916 3335 sui
939 3278 1257 3352 prologum
1281 3283 1560 3351 prolata.
1586 3282 1807 3338 Deinde
1839 3298 1910 3337 ex
1941 3282 2068 3337 solo
2102 3282 2306 3336 codice
2331 3278 2752 3338 San-Blaéiano
2780 3281 3073 3352 Epilogus
3103 3279 3177 3352 de
3204 3278 3515 3352 modorum

3568 3278 3805 3346 formu-

379 3351 451 3406 lis
493 3347 549 3407 et
596 3358 881 3423 cantuum
939 3347 1335 3423 oualit'atibus
1386 3352 1448 3407 in
1500 3369 1604 3408 sex
1652 3353 1881 3408 divisus
1934 3353 2150 3423 capita.
2182 3354 2431 3408 Demum
2466 3353 2739 3422 Epistola
2768 3347 3056 3423 Guidonis
3087 3350 3374 3423 Michaeli
3398 3347 3805 3423 monac_h0__de

375 3423 577 3492 ignoto
594 3428 778 3478 cantu
798 3418 1047 3479 directa.
1076 3422 1339 3479 Tandem
1372 3423 1640 3495 sequitur
1667 3440 1740 3479 ex
1770 3423 1974 3479 codice
2005 3418 2425 3492 l‘egernseensi
2457 3418 2672 3479 collato
2703 3439 2841 3495 cum
2880 3418 3191 3495 Mellicensi
3239 3423 3554 3495 Truc-tatus
3586 3418 3804 3495 Guidoj

375 3491 468 3548 nis
498 3496 891 3550 correctorius
929 3495 1258 3551 multorum
1308 3491 1602 3565 errorum,
1634 3497 1740 3567 qui
1780 3496 1939 3565 ﬁunt
1968 3496 2031 3551 in
2079 3491 2263 3552 cantu
2296 3496 2666 3566 Gregoriano
2695 3494 2756 3551 in
2787 3494 2992 3550 multis
3027 3494 3190 3560 locis,
3214 3491 3665 3562 pseudonymus
3695 3493 3805 3547 aut

375 3572 529 3622 certe
549 3567 970 3635 inm-potatus.

1226 3698 2156 3894 Micam
2249 3764 2961 3894 GUIDHNIS
3068 3690 3125 3899 ξ

1532 3928 1624 3987 DE
1663 3934 2052 3989 DISCIPLlNA
2096 3934 2299 3989 ARTIS
2339 3934 2634 3989 MUSICE.

1232 4054 1556 4128 Gymnasio
1583 4068 1791 4128 musas
1818 4054 2046 4128 placuit
2072 4071 2353 4128 revocare
2382 4055 2626 4128 solutas.

1231 4125 1302 4206 _Ut
1322 4129 1571 4206 pateant
1590 4126 1790 4198 parvis
1818 4125 2480 4206 habitaenvixdhactenus
2502 4127 2655 4197 altis,

1227 4196 1469 4270 Invidiae
1486 4196 1683 4270 telum
1714 4198 1973 4270 perimat
1993 4197 2230 4254 dilectio
2258 4213 2505 4255 caseum.

1229 4268 1366 4341 Dira
1394 4268 1642 4341 quidem
1672 4268 1853 4341 pestis
1874 4269 2007 4326 tulit
2035 4270 2242 4327 omnia
2266 4270 2593 4327 commoda
2614 4271 2802 4339 terris,

1230 4339 1449 4396 Ordine
1480 4356 1575 4396 me
1604 4339 1815 4414 scripsi
1842 4341 2040 4415 primo
2077 4342 2182 4414 qui
2210 4342 2479 4399 carmina
2505 4342 2670 4398 tinxi.

472 4516 808 4573 EPISTOLA
847 4514 1177 4574 GUlDONlS
1222 4519 1536 4576 MONACHI
1574 4520 1666 4576 AC
1703 4519 1937 4575 MUSlCl

408 4622 480 4661 an
519 4621 845 4662 TEUDALDUM
885 4622 1190 4663 EPISCOPUM
1231 4623 1376 4663 suum
1429 4607 1529 4679 (8),
1570 4624 1635 4663 ne
1684 4623 1994 4663 DISCIPLINA

980 4711 1141 4751 ARTIS
1190 4712 1422 4752 Μυειειε.

444 4781 636 4839 Divini
663 4782 912 4851 timoris,
942 4784 1241 4857 totiusque
1271 4784 1603 4857 prudentiae
1640 4784 1872 4853 fulgore
1920 4784 2036 4841 cla-

368 4869 610 4928 rissimo
636 4887 706 4928 ac
738 4872 1085 4929 dulcissimo
1115 4872 1269 4929 Patri
1297 4877 1354 4929 et
1376 4872 1877 4930 reverendissimo
1923 4872 2033 4929 do-

370 4960 537 5017 mino
568 4963 903 5018 THEODALDO
933 4962 1317 5018 sacerdotum
1342 4978 1413 5018 ac
1442 4962 1772 5035 praesulum
1807 4962 2033 5031 dignis—

374 5048 549 5121 simo,
581 5050 775 5118 Gmno,
799 5067 1049 5107 suorum
1075 5050 1517 5107 monachorum
1575 5051 1809 5109 utinam
1864 5051 2038 5107 mini-

372 5154 534 5205 mus,
561 5139 859 5212 quidquid
885 5157 1089 5197 servus
1115 5144 1172 5197 et
1197 5140 1377 5197 ﬁlius.

449 5229 600 5282 Dum
630 5227 907 5285 solitariae
930 5229 1066 5287 vitea
1088 5229 1297 5287 saltem
1328 5229 1633 5286 modicam
1664 5230 1911 5303 exsequi
1937 5245 2037 5285 cu-

376 5313 478 5386 pio
499 5317 914 5387 quantitatem,
947 5324 1158 5376 vestrae
1205 5319 1590 5390 benignitatis
1643 5319 1911 5389 dignatio
1958 5318 2038 5375 ad

379 5403 532 5459 sacri
554 5403 722 5460 verbi
752 5406 1018 5463 studium
1041 5423 1246 5464 meam
1285 5407 1399 5464 sibi
1444 5408 1661 5465 sociari
1687 5407 1878 5464 voluit
1903 5424 2039 5482 par-

378 5490 623 5549 vitatem
647 5511 661 5561 ;
690 5507 815 5549 non
845 5493 1011 5564 quod
1034 5494 1230 5553 desint
1245 5501 1461 5553 vestrae
1487 5496 1843 5554 excellentiae
1865 5498 2040 5555 multi

379 5579 633 5637 maximi
663 5578 958 5649 spiritales
980 5580 1113 5650 viri,
1136 5586 1196 5641 et
1208 5584 1496 5643 virtutum
1518 5584 1827 5643 eﬁ'ectibus
1849 5586 2039 5645 abuno

454 5718 538 5792 (8)
564 5712 815 5774 Matina
843 5715 1112 5780 civitatis.

2142 4517 2492 4573 dantissime
2520 4517 2798 4586 reborati,
2855 4521 2911 4574 et
2965 4517 3269 4591 sapientiae
3328 4517 3537 4574 studiis
3579 4515 3802 4590 plenis—

2143 4606 2291 4663 sime
2320 4606 2617 4675 adornati,
2667 4607 2773 4679 qui
2828 4612 2885 4663 et
2935 4607 3325 4664 commissam
3388 4606 3627 4680 plebem
3680 4620 3805 4663 una

2140 4695 2458 4752 vobiscum
2502 4701 2917 4770 competenter
2971 4690 3267 4764 erudiant,
3318 4700 3375 4751 et
3402 4694 3635 4763 Divinas
3666 4711 3805 4751 con-

2143 4785 2514 4858 templationi
2544 4786 2784 4842 assidue
2814 4790 2870 4842 et
2902 4785 3240 4860 frequenter
3268 4784 3601 4841 inhaereant
3628 4801 3641 4839 :
3697 4784 3805 4841 sed

2143 4879 2208 4930 ut
2236 4890 2383 4930 meae
2414 4875 2725 4949 parvitatis
2776 4880 2834 4932 et
2861 4875 3078 4931 mentis
3108 4880 3164 4930 et
3228 4873 3493 4947 corporis
3540 4873 3803 4930 imbecil-

2142 4961 2276 5019 litas
2306 4964 2591 5021 miserata
2621 4964 2795 5020 vobis
2846 4969 3054 5021 vestrae
3112 4963 3347 5038 pietatis
3386 4967 3443 5020 et
3487 4964 3805 5036 paternita-

2145 5050 2216 5106 tis
2248 5051 2526 5109 fulciatur
2555 5053 2789 5109 munita
2821 5053 3103 5126 praesidio
3138 5070 3150 5107 :
3183 5056 3248 5108 ut
3272 5052 3322 5108 si
3349 5052 3497 5125 quid
3525 5052 3674 5108 mihi
3722 5053 3804 5109 di-

2144 5140 2365 5196 vinitus
2410 5142 2673 5198 utilitatis
2706 5142 3041 5209 accesserit,
3100 5145 3298 5197 vestro
3345 5144 3501 5197 Deus
3554 5140 3807 5214 imputet

2146 5231 2376 5287 merito.
2411 5233 2541 5298 Qua
2582 5232 2657 5288 de
2681 5248 2744 5288 re
2771 5248 2911 5288 cum
2958 5233 3033 5287 de
3100 5230 3512 5295 ecclesiasticis
3550 5230 3804 5288 utilitati-

2145 5319 2262 5375 bus
2290 5324 2583 5389 ageretur,
2614 5322 2961 5378 exercitium
2991 5321 3239 5378 musicaa
3298 5320 3461 5388 artis,
3520 5336 3631 5394 pro
3684 5336 3805 5394 quo

2146 5407 2381 5465 favente
2405 5409 2525 5465 Deo
2556 5425 2679 5465 non
2708 5409 3020 5468 incassum
3048 5409 3383 5467 desudasse
3408 5425 3507 5466 me
3537 5409 3802 5476 memini,

2146 5502 2346 5554 vestra
2396 5498 2576 5569 jussit
2622 5501 2945 5557 auctoritas
3018 5498 3283 5574 proferre
3339 5498 3403 5555 in
3444 5498 3802 5572 publicum:

2146 5590 2213 5649 ut
2261 5586 2415 5646 sicut
2459 5587 2784 5647 Ecclesiam
2836 5588 3172 5648 beatissimi
3221 5588 3436 5648 Donati
3463 5589 3733 5665 episcopi
3755 5593 3804 5648 et
