3958 6422
108 270 205 325 381

1591 273 2065 339 MICROLOGUS.

3438 291 3544 350 382

104 390 404 463 martyris,
439 391 535 486 cui
567 393 685 447 Deo
726 398 966 449 auctore
994 396 1127 466 jure
1153 398 1377 455 vicario
1410 399 1761 471 praesidetis,
1798 404 1844 455 A
1878 404 2011 459 CAP.
2042 407 2128 462 VI.
2178 407 2319 465 Item
2368 408 2442 464 de
2496 408 2913 479 divisionibus,
2957 415 3014 467 et
3060 411 3545 486 interpretatione

103 480 362 535 mirabili
392 480 649 537 nimium
683 484 985 539 schemate
1018 488 1346 556 peregistis,
1378 490 1460 543 ita
1490 489 1765 558 ejusdem

99 570 403 625 ministros
446 571 714 627 ecclesiae
766 574 1189 631 honestissimo
1221 578 1765 651 decentissimoque

98 659 370 732 quodam
398 660 705 732 privilegio
735 664 962 719 cunctis
984 681 1135 737 pene
1170 683 1275 739 per
1305 669 1516 724 orbem
1540 669 1765 724 clericis

101 749 458 820 spectabiles
483 751 825 807 redderetis.
860 756 923 808 Et
952 770 1191 812 reverra
1222 758 1362 813 satis
1388 758 1571 815 habet
1592 759 1767 813 mira~

101 838 219 893 culi
249 842 306 894 et
333 840 613 911 optionis,
646 857 785 897 cum
816 848 1025 899 vestras
1072 846 1355 903 Ecclesiae
1390 848 1569 903 etiam
1596 849 1765 921 pueri

100 928 161 982 in
191 928 547 984 modulandi
593 932 789 986 studio
821 934 1111 1004 perfectos
1141 936 1396 992 aliorum
1427 954 1768 1011 usquequa-

100 1033 219 1089 que
244 1017 517 1073 locorum
552 1026 837 1091 superent
864 1038 1055 1093 senes,
1087 1027 1387 1099 vestrique
1426 1020 1671 1084 honeris
1697 1045 1766 1084 ac

100 1105 294 1161 meriti
339 1106 780 1178 perplurimum
830 1112 1236 1169 cumulabitur
1284 1115 1592 1184 celsitudo,
1626 1134 1766 1173 cum

100 1200 239 1268 post
262 1196 492 1267 priores
532 1200 735 1254 Patres
768 1204 931 1257 tanta
964 1218 1034 1257 ac
1061 1204 1193 1259 talis
1224 1207 1495 1262 Ecclesiae
1521 1225 1629 1280 per
1657 1224 1765 1264 vos

101 1285 439 1340 studiorum
468 1289 806 1359 provenerit
834 1290 1147 1348 claritudo.
1182 1298 1384 1367 Itaque
1408 1297 1550 1368 quia
1570 1303 1764 1353 vestro

100 1379 223 1430 tam
253 1377 580 1433 commodo
628 1385 928 1451 praecepto
976 1398 1085 1437 nec
1116 1383 1278 1439 volui
1311 1388 1623 1457 contraire,
1658 1404 1765 1443 nec

98 1464 280 1531 valui,
314 1465 500 1521 offero
532 1466 932 1525 solertissimus
975 1472 1313 1543 paternitati
1345 1480 1557 1531 vestrae
1601 1478 1768 1534 Musi-

98 1570 187 1609 caa
215 1556 355 1610 artis
384 1557 644 1627 regulas,
679 1564 907 1630 quanto
938 1560 1194 1616 lucidius
1225 1568 1281 1618 et
1305 1564 1543 1620 brevius
1576 1568 1763 1638 potui,

98 1660 133 1698 a
172 1645 547 1717 philosophis
596 1648 955 1719 explicatas;
1004 1667 1113 1706 nec
1161 1657 1361 1707 tamen
1407 1655 1621 1711 eadem
1668 1658 1765 1713 via

1949 509 2179 551 earum.

1878 584 2010 638 CAP.
2041 586 2150 639 VII.
2188 589 2264 641 De
2296 585 2582 643 afﬁnitate
2615 604 2835 644 vocum
2881 604 2988 661 per
3018 594 3277 657 quatuor
3303 593 3542 650 modos.

1877 674 2010 767 cAp.
2044 676 2179 731 VIII.
2214 679 2292 731 De
2324 676 2453 733 aliis
2484 676 2893 767 affinitatibus,
2920 684 2976 735 et
3000 679 3039 734 b
3071 684 3128 736 et
3162 663 3222 767 η

1875 760 2008 817 CAP.
2043 763 2126 819 IX.
2163 764 2305 820 Item
2346 765 2421 821 de
2449 766 2835 823 similitudine
2865 784 3102 835 vocum,
3136 760 3396 843 quarum
3424 770 3547 829 dia-

1945 866 2137 922 pason
2168 853 2294 910 sola
2320 854 2581 926 perfecta
2611 860 2718 912 est.

1876 942 2008 996 CAP.
2042 944 2101 997 X.
2137 942 2281 999 Item
2312 942 2386 999 de
2431 944 2628 1000 modis
2678 948 2735 1002 et
2777 943 2911 1001 falsi
2957 946 3099 1002 meli
3141 948 3445 1018 agnitione
3470 954 3545 1007 et

1946 1021 2331 1089 eorrectione.

1877 1122 2009 1176 CAP.
2042 1122 2127 1177 XI.
2159 1125 2299 1188 Quis
2332 1138 2468 1193 vox,
2522 1126 2577 1179 et
2626 1138 2731 1178 cur
2771 1122 2832 1179 in
2873 1129 3052 1181 cantu
3095 1125 3360 1183 obtineat
3386 1128 3547 1201 prin-

1946 1209 2211 1283 cipatum
2234 1214 2260 1267 ?

1876 1300 2010 1356 CAP.
2045 1300 2153 1355 XII.
2189 1303 2267 1356 De
2300 1300 2589 1356 divisione
2621 1306 2881 1373 quatuor
2906 1304 3228 1360 modorum
3259 1305 3319 1361 in
3343 1311 3501 1363 octo.

1876 1390 2008 1444 CAP.
2038 1389 2175 1445 XIII.
2213 1393 2291 1446 De
2322 1396 2455 1447 octo
2484 1390 2807 1447 modorum
2831 1392 3155 1463 agnitione,
3180 1396 3459 1452 acumine
3485 1402 3544 1452 et

1946 1480 2256 1547 gravitate.

1876 1566 2008 1619 CAP.
2041 1565 2173 1619 XIV.
2208 1566 2351 1620 Item
2381 1565 2455 1621 de
2483 1566 2665 1638 tropis
2691 1570 2747 1622 et
2777 1566 2988 1623 virtute
3020 1567 3286 1626 musicae.

1876 1654 2008 1707 CAP.
2041 1654 2147 1708 XV.
2188 1655 2266 1708 De
2313 1654 2637 1710 commoda
2668 1654 2761 1710 vel
2805 1656 3227 1728 componenda
3264 1656 3541 1713 modula-

97 1732 176 1786 ad
208 1733 477 1804 plenum,
510 1752 705 1807 neque
740 1738 965 1794 eisdem
993 1739 1323 1797 insistendo
1352 1745 1656 1813 vestigiis:
1706 1745 1765 1798 id
1803 1756 1844 1811 Β
1946 1741 2124 1797 tione.

97 1821 295 1877 solum
342 1841 677 1897 procurans
726 1829 891 1899 quod
944 1830 1355 1887 ecclesiasticas
1392 1834 1580 1905 prosit
1610 1834 1764 1889 utili-

94 1913 222 1984 tati,
252 1914 594 1987 nostrisque
625 1917 941 1974 subveniat
973 1920 1259 1989 parvulis.
1292 1922 1430 1977 Ideo
1457 1923 1618 1978 enim
1649 1924 1765 1979 hoc

92 2002 368 2058 studium
423 2004 713 2059 hactenus
761 2005 932 2061 latuit
976 2008 1365 2077 occultatum,
1414 2011 1578 2082 quia,
1624 2028 1763 2066 cum

90 2108 304 2149 revera
340 2098 495 2149 esset
539 2095 819 2161 arduum,
862 2112 985 2152 non
1035 2102 1121 2153 est
1178 2115 1214 2154 a
1258 2100 1525 2171 quolibet
1571 2101 1765 2157 humi-

90 2180 224 2236 liter
268 2182 681 2253 explanatum.
727 2184 900 2249 Quod
949 2201 1073 2257 qua
1114 2188 1430 2243 occasione
1476 2189 1619 2244 olim
1664 2205 1766 2259 ag-

93 2285 338 2339 gressus
365 2270 499 2339 sim,
531 2286 730 2343 quave
776 2272 1020 2329 utilitate
1050 2278 1107 2330 et
1133 2275 1479 2348 intentione,
1510 2294 1767 2351 perpau-

94 2359 178 2413 cis
208 2358 551 2415 absolvam.

632 2450 909 2519 E'rplicit
954 2453 1225 2521 epistola.

182 2536 442 2591 INCIPIT
480 2537 851 2595 PROLOGUS
894 2542 1197 2597 EIUSDEM
1227 2542 1303 2597 ἸΝ
1344 2544 1671 2599 MUSICAM.

166 2628 317 2682 Cum
347 2641 444 2681 me
472 2630 532 2682 et
572 2628 864 2683 naturalis
914 2630 1177 2686 conditio
1207 2636 1265 2687 et
1306 2632 1607 2688 honorum
1638 2633 1766 2688 imi-

92 2715 236 2771 tatio
269 2716 611 2771 communis
642 2716 907 2775 utilitatis
954 2719 1303 2789 diligentem
1354 2721 1573 2777 faceret
1611 2724 1765 2794 ccepi

90 2804 244 2860 inter
274 2805 392 2861 alia
417 2805 617 2861 studia
646 2808 943 2863 musicam
985 2810 1215 2865 tradere
1245 2812 1464 2882 pueris.
1496 2812 1763 2869 Tandem

90 2894 287 2950 adfuit
314 2896 460 2950 mihi
488 2895 694 2951 divina
726 2898 935 2965 gratia,
970 2902 1027 2953 et
1045 2899 1296 2970 quidam
1323 2916 1533 2956 eorum
1564 2902 1761 2958 imita-

92 2983 255 3038 tione
289 2984 548 3049 chordte,
582 2991 924 3041 nostrarum
972 2991 1253 3044 notarum
1292 3006 1409 3043 usu
1440 2992 1760 3059 exercitati,

1875 1831 2008 1886 CAP.
2043 1832 2173 1887 XVI.
2224 1834 2301 1887 De
2340 1831 2653 1905 multiplici
2681 1833 2963 1889 varietate
2998 1850 3286 1890 sonorum
3313 1839 3364 1890 et
3396 1851 3540 1891 neu-

1944 1936 2205 1976 marum.

1876 2012 2008 2066 CAP.
2043 2011 2199 2065 XVII.
2236 2011 2409 2077 Quod
2438 2012 2518 2067 ad
2549 2016 2793 2068 cantum
2817 2012 3105 2083 redigitur
3148 2028 3328 2070 omne
3371 2014 3540 2087 quod

1943 2098 2176 2155 dicitur.

1876 2190 2007 2243 CAP.
2039 2187 2221 2242 XVIII.
2253 2190 2331 2243 De
2352 2187 2702 2261 diaphonia,
2723 2189 2783 2245 id
2804 2192 2912 2255 est,
2936 2190 3146 2261 organi
3166 2194 3487 2265 praecepto.

1876 2279 2009 2332 CAP.
2038 2277 2166 2332 XIX.
2203 2276 2379 2332 Dictae
2403 2278 2745 2350 diaphoniaa
2768 2294 2874 2351 per
2900 2279 3176 2352 exempla
3204 2279 3502 2353 probatio.

1876 2366 2008 2420 CAP.
2038 2367 2141 2420 XX.
2177 2366 2493 2431 Quomodo
2533 2367 2766 2423 musica
2814 2383 2887 2423 ex
2933 2368 3291 2425 malleorum
3344 2368 3543 2425 sonitu

1947 2452 2021 2509 sit
2049 2454 2310 2511 inventa.

2432 2544 2657 2599 CAPUT
2694 2544 2979 2601 PRIMUM.

1912 2629 2070 2696 Quid
2112 2630 2302 2695 faciat
2332 2630 2437 2701 qui
2462 2645 2523 2687 se
2553 2631 2635 2687 ad
2661 2632 3047 2701 disciplinam
3076 2634 3317 2690 musica
3353 2634 3504 2690 artis

2596 2725 2828 2789 parat?

1944 2807 2125 2878 Igitur
2152 2808 2255 2881 qui
2289 2813 2561 2865 nostram
2593 2808 2973 2883 disciplinam
3003 2811 3166 2883 petit,
3199 2811 3539 2885 aliquantos

1873 2902 2083 2952 cantus
2109 2896 2325 2953 nostris
2370 2898 2525 2953 notis
2557 2899 2886 2972 descriptos
2921 2899 3216 2971 addiscat,
3242 2900 3303 2956 in
3331 2916 3540 2957 mono-

1873 2987 2079 3041 chordi
2106 3003 2221 3041 usu
2246 3003 2497 3042 manum
2529 2992 2817 3053 exerceat,
2846 2989 3081 3061 hasque
3111 2989 3349 3059 regulas
3381 3006 3538 3062 saepe

90 3078 230 3129 ante
278 3074 455 3128 unius
507 3075 734 3129 mensis
777 3077 1036 3148 spatium
1083 3078 1308 3133 invisos
1358 3083 1415 3134 et
1462 3080 1762 3135 inauditos
1796 3117 1838 3175 α
1874 3076 2511 3143 meditetur,donec,vi
2536 3082 2591 3131 et
2611 3082 2829 3132 natura
2852 3094 3071 3133 vocum
3090 3079 3347 3148 cognita,
3374 3079 3540 3148 igno—

89 3167 305 3219 cantus
356 3165 436 3220 ita
466 3165 663 3236 primo
708 3165 924 3221 intuitu
971 3167 1382 3224 indubitanter
1412 3170 1759 3237 cantabant,

88 3257 153 3306 ut
196 3251 536 3307 maximum
586 3254 996 3324 spectaculum
1044 3255 1319 3327 plurimis
1360 3258 1760 3329 praeberetur:

87 3342 259 3413 quod
314 3346 513 3397 tamen
563 3343 667 3413 qui
712 3359 833 3399 non
882 3349 1077 3416 potest
1124 3344 1339 3415 facere,
1386 3347 1587 3402 nescio
1634 3364 1757 3420 qua

87 3429 285 3484 fronte
320 3446 381 3484 se
434 3432 734 3486 musicum
782 3432 876 3486 vel
922 3438 1227 3489 cantorem
1278 3436 1501 3491 audeat
1545 3436 1759 3490 dicere.

86 3520 342 3576 Maxime
372 3520 573 3593 itaque
620 3522 785 3577 dolui
837 3521 912 3577 de
960 3524 1179 3578 nostris
1229 3525 1595 3595 cantoribus,
1637 3525 1762 3596 qui,

86 3610 193 3664 etsi
221 3614 467 3666 centum
501 3596 675 3665 annis
701 3610 762 3666 in
815 3602 1071 3666 canendi
1124 3612 1321 3668 studio
1360 3619 1761 3684 perseverent,

84 3713 408 3771 nunquam
438 3704 643 3755 tamen
667 3700 761 3756 vel
792 3701 1110 3756 minimam
1141 3702 1537 3774 antiphonam
1566 3718 1673 3773 per
1701 3718 1763 3757 se

84 3788 291 3843 valent
324 3789 550 3859 efferre,
588 3806 824 3861 semper
867 3790 1183 3856 discentes,
1218 3795 1281 3845 ut
1310 3791 1390 3846 ait
1420 3792 1758 3862 Apostolus,

86 3881 142 3930 et
190 3892 511 3947 nunquam
562 3878 640 3933 ad
680 3877 1004 3949 perfectam
1056 3878 1238 3947 hujus
1280 3879 1421 3933 artis
1453 3879 1762 3935 scientiam

84 3965 527 4036 pervenientes.
560 3966 817 4038 Cupiens
866 3967 1068 4038 itaque
1122 3971 1246 4022 tam
1296 3967 1434 4022 utile
1486 3972 1760 4025 nostrum

85 4055 357 4110 studium
412 4056 472 4112 in
518 4072 907 4112 communem
956 4057 1266 4113 utilitatem
1296 4058 1653 4130 expendere,
1686 4058 1760 4114 de

82 4145 294 4202 multis
320 4145 565 4200 musicis
611 4145 999 4214 argumentis,
1035 4160 1169 4217 quas
1202 4145 1473 4216 adjutore
1508 4149 1625 4202 Deo
1656 4163 1762 4219 per

80 4234 256 4289 varia
288 4237 561 4306 tempora
593 4232 947 4306 conquisivi,
991 4233 1295 4305 quaedam,
1329 4250 1464 4306 qua:
1510 4237 1761 4292 cantori-

78 4320 199 4376 bus
230 4322 522 4394 proﬁcere
554 4320 798 4387 credidi,
831 4325 1060 4393 quanta
1092 4322 1257 4393 potui
1306 4321 1594 4379 brevitate
1624 4338 1759 4394 per-

82 4410 330 4480 strinxi;
365 4427 497 4483 quae
524 4410 684 4465 enim
709 4408 783 4464 de
816 4410 1049 4467 musica
1078 4411 1157 4467 ad
1186 4412 1527 4467 canendum
1558 4412 1758 4468 minus

78 4505 361 4571 prosunt,
394 4504 498 4556 aut
529 4500 576 4554 si
622 4515 759 4571 quae
794 4515 867 4555 ex
912 4499 1004 4555 his
1030 4517 1167 4572 quae
1198 4501 1479 4557 dicuntur
1507 4517 1631 4557 non
1658 4518 1758 4559 va-

77 4588 203 4644 lent
248 4587 516 4657 intelligi,
550 4603 658 4643 nec
700 4593 1040 4644 memoratu
1072 4589 1259 4659 digna
1283 4590 1592 4660 judicavi;
1635 4606 1758 4646 non

78 4695 305 4735 curans
336 4676 409 4732 de
441 4677 535 4732 his
562 4676 607 4731 si
628 4678 1036 4749 quorumdam
1069 4678 1309 4735 animus
1339 4679 1583 4735 Iivescat
1604 4680 1751 4735 invi-

78 4767 205 4836 dia,
241 4767 391 4823 dum
422 4765 831 4839 quorumdam
862 4766 1137 4838 proﬁciat
1161 4767 1501 4840 disciplina.

614 4856 881 4924 Explica
918 4857 1227 4926 prologus.

479 4948 825 5003 INCIPIUNT
880 4947 1221 5001 CAPITULA
1261 4945 1358 5017 (9).

79 5037 404 5091 CAPITULL’M
432 5039 472 5090 Ι.
509 5034 662 5103 Quid
692 5034 870 5093 faciat
894 5033 1000 5109 qui
1030 5050 1090 5089 se
1119 5034 1196 5090 ad
1218 5034 1598 5107 disciplinam
1624 5052 1756 5092 mu-

154 5124 297 5179 sicaa
326 5125 538 5196 parat?

79 5215 220 5269 CAP.
254 5217 319 5268 II.
364 5215 504 5278 Quae
533 5212 629 5269 vel
656 5213 866 5286 quales
894 5211 1010 5269 sint
1040 5217 1220 5283 notae,
1247 5212 1342 5268 vel
1372 5214 1556 5285 quot?

77 5304 219 5358 CAP.
259 5305 346 5359 III.
390 5305 469 5357 De
496 5302 885 5377 dispositione
918 5321 1125 5361 earum
1157 5304 1218 5358 in
1242 5303 1677 5359 monochordo.

77 5393 217 5446 CAP.
252 5392 335 5445 IV.
380 5390 607 5457 Quibus
634 5408 738 5449 sex
764 5394 963 5449 modis
993 5393 1106 5450 sibi
1131 5392 1389 5448 invicem
1415 5407 1588 5447 voces
1613 5393 1752 5465 jun-

150 5482 373 5548 gantur
388 5481 416 5536 ?

76 5570 218 5624 CAP.
233 5570 296 5624 V.
318 5570 395 5624 De
412 5569 731 5642 diapason,
745 5575 801 5627 et
813 5588 917 5627 cur
930 5576 1165 5629 tantum
1179 5575 1407 5644 septem
1425 5570 1542 5627 sint
1558 5575 1713 5628 note:
1728 5573 1756 5627 ?

148 5748 230 5819 (9)
271 5747 393 5804 Hoc
423 5748 749 5821 capitulare
778 5749 843 5806 in
870 5750 1096 5809 ceteris
1128 5766 1273 5808 mss.
1302 5754 1393 5812 est
1421 5750 1743 5810 omissum.

1871 3168 1966 3220 tos
1999 3168 2064 3220 ut
2093 3169 2267 3219 notos
2298 3170 2507 3219 cantus
2536 3165 2795 3221 suaviter
2821 3170 3016 3223 canat.
3045 3168 3152 3223 Sed
3179 3168 3322 3239 quia
3345 3183 3539 3238 voces,

1874 3271 2010 3326 quas.
2032 3255 2213 3323 hujus
2243 3254 2385 3309 artis
2413 3255 2609 3326 prima
2632 3260 2770 3309 sunt
2799 3256 3215 3323 fundamenta,
3246 3256 3305 3311 in
3332 3272 3543 3311 mono-

1876 3343 2102 3399 chordo
2134 3344 2344 3399 melius
2375 3344 2695 3411 intuemur,
2725 3346 3034 3417 quomodo
3066 3362 3167 3401 eas
3194 3344 3420 3401 ibidem
3443 3362 3542 3402 ars

1874 3438 2156 3489 naturam
2186 3433 2416 3488 imitata
2446 3432 2747 3502 discrevit,
2780 3434 3054 3504 primitus
3092 3434 3430 3490 videamus.

2548 3524 2771 3578 CAPUT
2809 3522 2873 3578 II.

2038 3610 2176 3677 Quae
2207 3612 2299 3666 vel
2330 3611 2535 3681 quales
2560 3612 2679 3665 sint
2709 3617 2885 3680 notae,
2921 3611 3013 3667 vel
3042 3615 3183 3682 quot
3214 3610 3329 3680 (I0)
3354 3616 3382 3667 ?

1946 3701 2105 3753 Notae
2152 3703 2353 3754 autem
2384 3699 2444 3753 in
2471 3698 2884 3754 monochordo
2913 3700 3006 3753 hae
3039 3702 3192 3754 sunt.
3238 3699 3301 3753 In
3332 3699 3542 3771 primis

1873 3790 2134 3859 ponatur
2154 3792 2207 3840 Γ.
2226 3801 2490 3855 grzecum
2508 3786 2863 3842 amodernis
2881 3786 2976 3857 adj
2986 3790 3254 3841 unctum.
3278 3788 3545 3859 Sequun-

1872 3880 1967 3930 tur
1998 3879 2224 3947 septem
2249 3875 2551 3948 alphabeti
2578 3875 2779 3931 litterae
2808 3890 3041 3944 graves,
3070 3874 3325 3947 ideoque
3353 3876 3546 3946 majo-

1871 3962 2037 4019 ribus
2057 3962 2262 4019 litteris
2289 3963 2585 4031 insignitas
2606 3964 2721 4019 hoc
2744 3964 2948 4019 modo.
2970 3968 3015 4018 Α
3034 3966 3071 4018 Β
3095 3966 3133 4019 C
3154 3966 3195 4018 D
3220 3966 3260 4018 E
3277 3966 3389 4019 FG.
3408 3966 3547 4019 Post

1870 4052 1981 4110 has
2008 4053 2101 4111 hae
2129 4052 2357 4109 eaedem
2406 4058 2634 4125 septem
2682 4052 2889 4109 litterae
2934 4057 3124 4109 acutae
3168 4058 3542 4126 repetuntur,

1872 4141 1977 4198 sed
2006 4142 2343 4199 minoribus
2371 4142 2577 4200 litteris
2625 4143 3063 4210 describuntur,
3097 4144 3158 4198 in
3189 4143 3411 4215 quibus
3461 4148 3548 4199 ta-

1868 4248 2009 4289 men
2025 4234 2178 4290 inter
2190 4249 2244 4289 a.
2262 4236 2319 4287 et
2337 4216 2393 4314 [5]
2423 4233 2606 4290 aliam
2626 4233 2687 4289 b.
2708 4233 3206 4306 ponimus,quam
3218 4233 3544 4314 rotundam

1868 4320 2163 4391 facimus;
2206 4310 2456 4377 alteram
2503 4338 2643 4376 vero
2686 4322 3144 4393 quadravimus.
3201 4322 3285 4376 Ita
3316 4337 3370 4376 a.
3399 4320 3459 4375 b.
3489 4310 3547 4403 ﬁ

1871 4426 1921 4465 c.
1954 4411 2016 4467 d.
2046 4428 2098 4468 e.
2131 4411 2170 4468 f.
2205 4427 2262 4479 g.
2291 4410 2585 4466 Addimus
2618 4410 2709 4465 his
2732 4411 2958 4467 eisdem
2982 4411 3206 4477 litteris,
3228 4409 3334 4465 sed
3358 4408 3544 4464 variis

1866 4500 2076 4569 figuris
2102 4500 2552 4557 tetrachordum
2580 4505 3103 4571 superacutarum,
3134 4499 3195 4553 in
3221 4514 3343 4570 quo
3372 4498 3433 4553 b.
3470 4497 3544 4553 si-

2698 4578 3014 4655 abmcd

1866 4677 2079 4733 militer
2125 4675 2527 4748 duplicamus,
2579 4675 2662 4731 ita
2698 4691 2737 4731 a
2765 4658 2946 4755 bac
2994 4676 3053 4731 d.
3104 4678 3200 4731 Ha:
3249 4676 3454 4731 litterae
3505 4693 3540 4733 a

1865 4766 2068 4822 multis
2114 4765 2394 4820 dicuntur
2422 4762 2779 4836 superﬂuae;
2826 4779 2936 4820 nos
2972 4768 3173 4820 autem
3212 4763 3538 4820 maluimus

1867 4855 2201 4927 abundare,
2218 4871 2405 4929 quam
2426 4854 2700 4910 deficere.
2727 4854 2900 4912 Fiunt
2914 4855 3116 4927 itaque
3129 4853 3307 4909 simul
3326 4869 3539 4910 omnes

3236 4943 3542 5000 abbcd

1865 5034 1993 5099 XXI,
2017 5032 2904 5123 hocmodoI‘ABCDEFC.ab
2928 4939 3467 5123 Hcdefggbag
3501 4943 3542 5088 ἓ

1866 5126 2131 5188 Quarum
2154 5123 2468 5195 dispositio
2491 5139 2630 5178 cum
2651 5138 2687 5179 a
2711 5119 3059 5178 doctoribus
3090 5124 3193 5175 aut
3222 5119 3431 5178 fuisset
3456 5124 3543 5178 ta-

1865 5214 2000 5283 cita,
2032 5218 2135 5270 aut
2182 5213 2367 5269 nimia
2413 5212 2773 5269 obscuritate
2821 5210 3127 5283 perplexa,
3163 5210 3334 5267 adest
3372 5227 3535 5268 nunc

1864 5302 2044 5361 etiam
2074 5301 2275 5374 pueris
2304 5301 2562 5358 breviter
2591 5316 2661 5356 ac
2692 5300 3041 5373 plenissime
3068 5298 3383 5372 explicata.

2516 5390 2739 5445 CAPUT
2788 5390 2881 5445 III.

2054 5483 2142 5538 De
2170 5480 2554 5550 dispositione
2578 5494 2787 5535 earum
2810 5480 2871 5535 in
2900 5478 3330 5536 monachordo.

1937 5576 1991 5625 Γ.
2024 5570 2225 5642 itaque
2252 5568 2314 5623 in
2358 5567 2566 5640 primis
2596 5566 2777 5623 afﬁxa
2804 5566 2882 5623 ab
2914 5583 2985 5624 ea
3014 5583 3207 5640 usque
3238 5567 3319 5623 ad
3346 5566 3532 5625 ﬁnem

1931 5750 2043 5821 (10)
2065 5748 2373 5819 Admont.,
2389 5748 2479 5805 De
2499 5762 2748 5806 numero
2769 5753 2826 5807 et
2845 5748 3213 5806 dimensione
3224 5749 3509 5803 notarum
