3904 6382
360 278 462 352 383

357 417 700 490 subjectum
724 418 963 474 chordae
1009 418 1268 491 spatium
1298 434 1405 491 per
1432 434 1650 475 novem
1680 418 1917 491 partire,
1950 422 2005 474 et
2041 422 2086 475 A
2126 490 2133 497 _

354 506 421 564 in
447 506 703 563 termino
729 506 936 579 primm
975 523 1148 562 nonae
1175 507 1362 580 partis
1394 512 1441 561 Α
1470 508 1725 564 litteram
1760 523 1939 581 pone,
1973 522 2010 564 a

354 611 484 669 qua
510 610 720 653 omnes
751 595 978 667 antiqui
1022 595 1208 651 fecere
1244 596 1625 670 principium.
1661 601 1803 653 Item
1831 597 1908 652 ab
1940 601 2003 652 A.

356 684 438 741 ad
465 682 650 740 ﬁnem
677 698 840 739 nona
883 682 1126 739 collecta
1153 690 1341 757 parte,
1375 685 1587 741 eodem
1618 685 1801 741 modo
1832 688 1890 740 Β.
1922 684 2009 740 lit-

355 776 549 829 teram
585 771 792 842 junge.
820 773 959 827 Post
983 772 1109 828 haec
1155 772 1233 828 ad
1274 779 1328 828 Γ.
1358 778 1658 829 revertens
1698 774 1775 829 ad
1823 774 2007 828 tinem

306 918 314 925 ,
356 875 548 933 usque
573 858 779 915 metire
822 876 931 933 per
973 861 1086 916 lllI.
1120 866 1177 917 et
1206 860 1267 917 in
1295 862 1503 935 primae
1535 862 1722 935 partis
1753 862 2008 919 termino

355 947 623 1005 invenies
645 949 706 1005 C.
740 948 1083 1022 Eademque
1107 950 1399 1006 divisione
1419 967 1526 1024 per
1552 952 1669 1006 IIII.
1696 951 1847 1007 sicut
1870 966 2008 1006 cum

359 1042 399 1090 Γ
417 1036 729 1093 inventum
749 1041 840 1093 est
864 1040 923 1095 C.
943 1038 1118 1094 simili
1147 1039 1330 1095 modo
1350 1056 1458 1113 per
1477 1040 1750 1096 ordinem
1772 1056 1911 1096 cum
1939 1043 2006 1094 Α.

358 1125 627 1182 invenies
696 1129 773 1195 D;
836 1144 975 1183 eum
1044 1132 1100 1184 Β.
1158 1129 1418 1185 invenies
1482 1132 1555 1198 E;
1618 1134 1674 1185 et
1740 1146 1880 1185 cum
1946 1132 2005 1185 C.

360 1215 630 1271 invenies
664 1218 733 1284 F;
764 1220 820 1271 et
849 1232 987 1272 cum
1016 1221 1080 1272 D.
1113 1217 1380 1273 invenies
1408 1220 1449 1274 G
1476 1236 1489 1286 ;
1518 1222 1733 1275 etcum
1763 1221 1826 1275 E.
1850 1218 2012 1274 inve-

362 1303 491 1359 nies
525 1307 573 1359 A
600 1308 862 1372 acutum,
895 1310 952 1361 et
993 1322 1131 1362 cum
1176 1310 1233 1362 F.
1265 1307 1532 1364 invenies
1575 1308 1635 1364 b.
1669 1307 2007 1364 rotandam.

363 1393 506 1458 Quae
529 1408 671 1449 vero
701 1399 1048 1466 sequuntur,
1084 1395 1367 1453 similium
1419 1402 1477 1453 et
1504 1397 1856 1453 earumdem
1886 1412 2015 1453 om-

361 1496 467 1537 nes
492 1497 599 1554 per
628 1482 901 1538 ordinem
950 1484 1296 1541 medietates
1333 1486 1501 1542 facile
1542 1485 1920 1557 colliguntur,
1948 1491 2014 1543 ut

363 1572 511 1642 puta
538 1569 615 1649 ab
640 1572 705 1627 Β.
737 1588 929 1645 usque
958 1573 1036 1630 ad
1082 1573 1265 1630 ﬁnem
1295 1575 1357 1631 in
1398 1575 1597 1633 medio
1633 1576 1827 1648 spatio
1854 1592 2012 1649 pone

692 1642 1084 1736 Similiterque
1128 1666 1187 1720 C.
1239 1664 1501 1734 signabit
1548 1642 1727 1720 aliain
1759 1681 1808 1720 c.
1852 1642 1908 1721 et
1945 1669 2009 1722 D.

365 1746 544 1804 aliam
590 1746 650 1806 d'.
682 1755 741 1807 et
769 1754 827 1807 E.
858 1752 1038 1809 aliam
1084 1770 1133 1809 c.
1167 1758 1224 1810 et
1268 1758 1325 1811 Υ.
1370 1754 1553 1810 aliam
1582 1754 1621 1810 f.
1653 1759 1710 1809 et
1739 1757 1801 1810 G.
1836 1753 2016 1813 aliam
2053 1765 2098 1819 B

868 1854 907 1897 a
1375 1841 1417 1899 b
1856 1827 1915 1918 ti

366 1952 424 2008 ε.
454 1943 510 1994 et
554 1956 607 1996 a.
640 1940 821 1998 aliam
869 1959 924 2000 a.
972 1949 1028 2000 et
1074 1945 1344 2037 bnaliam
1381 1949 1442 2004 b.
1472 1955 1528 2005 et
1565 1960 1622 2030 ις(
1657 1947 1923 2037 aliam“
1962 1959 2021 2010 et

674 2046 705 2084 c
1131 2034 1172 2090 d

368 2131 420 2171 c.
453 2115 633 2172 aliam
675 2134 725 2174 c.
753 2123 811 2174 et
839 2120 896 2176 d.
934 2122 1117 2178 aliam
1148 2125 1207 2179 d.
1242 2126 1463 2184 Eodem
1502 2127 1686 2184 modo
1716 2145 1927 2202 posses
1956 2147 2017 2186 1n

369 2202 669 2260 inﬁnitum
719 2206 800 2263 ita
840 2212 1117 2280 progredi
1165 2230 1402 2270 sursum
1451 2216 1544 2273 vel
1571 2216 1873 2280 deorsum,
1907 2218 2015 2273 nisi

370 2291 511 2347 artis
539 2299 905 2368 prmceptum
934 2316 1044 2355 sua
1073 2306 1122 2357 te
1155 2305 1503 2360 auctoritate
1535 2312 1959 2378 compesceret.

442 2382 522 2436 De
547 2382 970 2456 multiplicibus
999 2389 1366 2464 diversisque
1394 2394 1788 2450 divisionibus
1815 2411 2021 2452 mono-

369 2468 577 2525 chordi
606 2487 789 2528 unam
810 2479 1084 2547 apposui,
1107 2484 1168 2534 ut
1190 2498 1330 2537 cum
1347 2498 1382 2537 a
1406 2483 1604 2539 multis
1632 2485 1710 2540 ad
1737 2501 1919 2541 unam
1937 2485 2022 2540 in-

369 2557 727 2632 tenderetur,
773 2563 895 2620 sine
952 2569 1234 2642 scrupulo
1283 2577 1610 2644 caperetur.
1684 2574 2022 2630 Praesertim

371 2662 509 2702 cum
535 2647 607 2704 sit
639 2653 813 2707 tantae
848 2655 1130 2727 utilitatis,
1164 2664 1227 2714 ut
1258 2665 1314 2715 et
1352 2660 1521 2716 facile
1556 2662 1935 2731 intelligatur,
1968 2667 2025 2718 et

370 2739 434 2789 ut
456 2735 749 2795 intellecta
778 2742 875 2797 vix
915 2744 1316 2803 obliviscatur.
1350 2748 1512 2803 Alius
1563 2749 1868 2805 dividendi
1899 2768 2025 2807 mo-

367 2820 481 2877 dus
508 2826 791 2897 sequitur,
822 2831 924 2900 qui
949 2833 1056 2887 etsi
1088 2835 1288 2889 minus
1318 2835 1624 2890 memoriae
1652 2837 2021 2907 adjungitur,

368 2925 440 2964 eo
469 2914 671 2967 tamen
701 2918 1184 2975 monochordum
1214 2921 1505 2977 velociore
1536 2922 1831 2978 celeritate
1862 2941 2023 2980 com-

369 2997 630 3067 ponitur,
673 3000 788 3055 hoc
837 3005 1058 3060 modo:
1102 3023 1239 3061 cum
1268 3008 1532 3079 primum
1575 3026 1611 3063 a
1642 3015 1695 3062 I‘.
1729 3009 1809 3064 ad
1838 3009 2018 3065 ﬁnem

368 3097 584 3154 passus
635 3102 872 3159 novem,
921 3092 981 3145 id
1028 3098 1134 3161 est,
1181 3094 1502 3165 particulas
1545 3095 1744 3161 facies,
1787 3097 2018 3167 primus
2057 3107 2101 3160 ο

368 3185 587 3243 passus
615 3176 1028 3235 terminabitur
1056 3180 1117 3235 in
1147 3187 1213 3236 Α.
1248 3184 1547 3238 secundus
1576 3188 1784 3240 vacat:
1818 3186 2021 3241 tertius

369 3258 434 3313 in
470 3261 535 3315 D.
569 3267 819 3333 quartus
847 3272 1061 3323 vacat:
1113 3270 1357 3341 quintus
1400 3270 1461 3327 in
1508 3288 1563 3327 a.
1615 3278 1814 3328 sextus
1852 3273 1914 3328 in
1958 3274 2017 3329 d.

814 3370 855 3413 ἃ

372 3436 662 3509 septimus
708 3440 769 3496 in
818 3459 871 3498 a.
918 3446 1129 3520 reliqui
1159 3454 1411 3505 vacant:
1459 3451 1602 3506 Item
1651 3467 1789 3506 cum
1819 3452 1915 3508 ab.
1950 3456 2017 3510 A.

370 3540 560 3597 usque
590 3527 667 3582 ad
696 3528 879 3587 ﬁnem
908 3535 1157 3590 novenis
1186 3537 1471 3609 passibus
1503 3539 1758 3611 partiris,
1791 3540 2021 3612 primus

367 3627 582 3685 passus
614 3618 1024 3677 terininabitur
1049 3622 1111 3677 in
1144 3625 1201 3677 Β.
1236 3625 1537 3681 secundus
1563 3631 1774 3682 vacat:
1817 3628 2020 3683 tertius

368 3700 430 3755 in
450 3703 512 3757 E.
536 3709 785 3775 quartus
812 3715 1023 3765 vacat:
1052 3714 1300 3783 quintus
1329 3713 1390 3769 in
1504 3720 1702 3772 sextus
1722 3716 1785 3771 in
1805 3733 1855 3772 e.
1883 3732 2017 3790 sep-

674 3801 732 3896 bl

368 3913 549 3968 timus
586 3915 647 4003 in
673 3907 730 4003 ﬁ
752 3919 963 3991 reliqui
990 3927 1224 3977 vacant.
1259 3924 1401 3978 Item
1428 3942 1568 3980 cum
1597 3944 1633 3981 a
1664 3934 1700 3978 Γ
1730 3927 1809 3982 ad
1832 3927 2019 3982 ﬁnem

368 4001 678 4071 quaternis
708 4001 942 4071 dividis,
975 4008 1206 4079 primus
1249 4026 1464 4081 passus
1505 4014 1922 4070 terminabitur
1958 4016 2020 4070 in

371 4089 432 4143 C.
463 4090 762 4145 secundus
787 4094 847 4148 in
879 4098 940 4150 ϐ,
978 4097 1176 4152 tertius
1204 4099 1263 4152 in
1296 4114 1351 4167 g.
1383 4108 1633 4172 quartus
1662 4103 1808 4158 ﬁnit.
1843 4105 1931 4159 Ab
1957 4105 2016 4161 C.

369 4192 508 4232 vero
537 4177 615 4233 ad
644 4179 827 4236 tinem
854 4182 1117 4240 similiter
1157 4192 1416 4257 quatuor
1444 4204 1754 4261 passuum.
1789 4193 2021 4263 primus

1966 4296 2001 4338 ο

372 4354 787 4412 terminabitur
830 4359 890 4414 in
945 4364 1004 4423 E.
1053 4364 1351 4419 secundus
1402 4365 1462 4421 in
1514 4383 1564 4424 c.
1619 4367 1819 4423 tertius
1861 4369 1923 4424 in
1966 4386 2018 4425 c.

368 4447 619 4513 quartus
634 4444 778 4501 linit.
798 4448 886 4503 Ab
910 4452 965 4504 F.
982 4467 1122 4507 vero
1141 4457 1569 4524 quaternorum
1592 4470 1888 4528 passuum
1904 4456 2019 4528 pri-
2055 4450 2100 4504 D

370 4546 505 4584 mus
538 4534 947 4592 terminabitur
992 4540 1052 4594 in
1092 4540 1151 4596 b.
1182 4542 1530 4610 rotundum,
1562 4543 1862 4598 secundus
1888 4545 1949 4600 in
1977 4545 2016 4601 f.

371 4619 573 4674 tertius
603 4621 661 4677 in
705 4642 734 4678 (ε
773 4625 789 4696 (
802 4627 906 4697 11).
948 4633 995 4682 Α
1024 4628 1082 4685 b.
1117 4646 1259 4685 vero
1285 4632 1547 4688 rotunda
1583 4637 1845 4703 quatuor
1876 4649 2019 4706 pas-

1260 4706 1319 4812 η
1957 4737 1994 4777 a

372 4827 548 4869 suum
576 4814 634 4869 in
678 4819 943 4874 secundo
973 4821 1236 4878 invenies
1342 4824 1551 4896 reliqui
1580 4829 1813 4881 vacant.
1845 4827 1935 4883 Ab
1961 4844 2015 4883 a.

370 4916 513 4956 vero
543 4915 901 4977 superacuta
929 4917 1189 4981 quatuor
1216 4929 1530 4983 passuum,
1557 4913 1618 4968 in
1640 4915 1834 4985 primo
1858 4917 2018 4973 inve-

373 5078 500 5133 nies
530 5081 588 5135 d.
620 5084 831 5156 reliqui
864 5092 1097 5141 vacant.
1119 5091 1184 5143 Et
1202 5088 1276 5144 de
1297 5089 1786 5162 dispositionibus
1811 5094 1872 5148 hi
1896 5094 2018 5152 duo

373 5168 716 5234 regularum
750 5175 914 5228 modi
944 5174 1257 5247 sufficiant,
1289 5194 1549 5250 quorum
1590 5182 1858 5253 superior
1886 5184 2018 5256 qui-

375 5254 515 5309 dem
545 5266 763 5313 morlus
795 5262 870 5316 ad
889 5267 1351 5322 memorandum
1381 5268 1716 5326 facillimus.
1748 5272 1847 5327 Hic
1878 5254 2019 5330 vero

375 5349 567 5400 exstat
628 5348 706 5402 ad
770 5350 1110 5409 faciendum
1183 5357 1540 5414 celerrimus.
1604 5359 1668 5413 In
1729 5364 2021 5433 sequenti-

374 5435 490 5491 bus
538 5450 681 5492 vero
728 5452 938 5494 omnes
985 5442 1343 5504 divisionum
1390 5448 1555 5503 modi
1600 5448 1660 5504 in
1712 5449 1878 5506 brevi
1918 5468 2023 5524 pa-

377 5525 603 5581 tebunt.

449 5616 556 5687 (Η)
601 5618 709 5672 Ott.
744 5623 798 5673 et
826 5625 981 5690 Am.,
1025 5626 1088 5676 Α.
1136 5624 1195 5679 b.
1229 5629 1364 5681 item
1417 5629 1678 5684 rotunda
1716 5630 1797 5685 ad
1838 5630 2017 5697 ﬁnem

375 5759 638 5840 duorum
653 5776 940 5840 passuum
961 5766 1155 5840 ‘prior
1170 5768 1522 5840 terminabit
1639 5771 1929 5826 secundus
1945 5774 2018 5840 ﬁ-

374 5831 483 5887 nit.
504 5833 571 5889 Α.
601 5829 670 5890 αξ
689 5848 827 5893 vero
846 5836 930 5897 ad
936 5829 1117 5907 ﬁnem
1140 5837 1396 5896 duorum
1423 5840 1699 5900 similiter
1708 5829 2016 5913 passuum,

1726 256 2054 351 eumoms
2091 294 2389 352 ARETINI.

3661 292 3769 348 384

2769 421 2997 485 CAPUT
3033 423 3119 481 IV.

2153 526 2372 597 Quibus
2400 548 2503 588 sex
2533 534 2719 589 modis
2744 532 2857 590 sibi
2884 534 3129 590 invicem
3175 547 3337 588 voces
3352 530 3728 601 junguntur.

2186 636 2493 709 Dispositis
2530 640 2729 712 itaque
2758 639 3009 695 vocibus
3048 640 3199 697 inter
3228 653 3435 694 vocem
3464 639 3522 693 et
3550 649 3768 691 vocem

2114 724 2261 780 alias
2291 728 2488 798 majus
2534 730 2793 801 spatium
2822 730 3095 797 cernitur,
3124 733 3188 784 ut
3221 727 3373 783 inter
3416 733 3473 782 Γ.
3506 729 3564 781 et
3610 725 3683 779 A.
3711 726 3771 778 et

2113 812 2262 869 inter
2303 820 2368 871 A.
2424 820 2481 873 et
2522 819 2581 874 Β.
2628 818 2774 875 alias
2821 818 3044 886 minus,
3092 821 3157 873 ut
3201 816 3351 872 inter
3392 816 3455 871 Β.
3502 818 3562 869 et
3607 815 3668 870 C.
3713 814 3773 867 et

2114 903 2280 977 reliq.
2313 908 2380 961 Et
2398 907 2596 978 majus
2613 907 2859 981 quidem
2891 907 3149 981 spatium
3179 909 3355 962 tonus
3381 902 3628 960 dicitur:
3662 899 3775 956 mi-

2114 1006 2230 1047 nus
2257 989 2398 1049 vero
2440 995 2840 1062 semitonium,
2870 995 3046 1051 semis
3074 993 3364 1060 videlicet,
3396 991 3457 1047 id
3495 994 3607 1059 est,
3642 1003 3774 1045 non

2115 1080 2327 1154 plenus
2344 1086 2539 1139 tonus.
2564 1084 2713 1141 Item
2734 1084 2885 1141 inter
2915 1084 3179 1157 aliquam
3206 1097 3416 1138 vocem
3446 1083 3503 1136 et
3531 1078 3775 1135 tertiam

2118 1185 2154 1225 a
2182 1185 2243 1225 se
2270 1174 2397 1226 tum
2426 1172 2665 1229 ditonus
2692 1174 2877 1243 est,id
2906 1178 3011 1243 est,
3043 1173 3164 1228 duo
3188 1171 3330 1239 toni,
3354 1174 3419 1225 ut
3444 1185 3480 1225 a
3510 1170 3571 1225 C.
3597 1166 3677 1223 ad
3706 1168 3772 1221 E.

2117 1262 2246 1313 tum
2273 1259 2681 1329 semiditonus,
2698 1262 2803 1334 qui
2822 1262 3003 1318 habet
3022 1265 3253 1318 tantum
3280 1264 3490 1316 tonum
3510 1260 3568 1313 et
3588 1253 3776 1311 semi-

2118 1346 2368 1415 tonium,
2399 1353 2463 1405 ut
2492 1365 2528 1406 a
2571 1352 2614 1406 D
2652 1351 2713 1407 in
2756 1354 2811 1407 F.
2846 1355 2903 1406 et
2937 1350 3103 1424 reliq.
3150 1349 3527 1406 Diatessaron
3563 1347 3780 1401 autem

2120 1440 2230 1503 est,
2261 1453 2400 1493 cum
2442 1438 2592 1495 inter
2620 1439 2771 1496 duas
2800 1456 2978 1497 voces
3014 1453 3377 1514 quocunque
3427 1433 3615 1492 modo
3645 1430 3782 1487 duo

2122 1529 2258 1580 sunt
2284 1526 2499 1599 toni,et
2530 1544 2718 1585 unum
2747 1528 3150 1599 semitonium,
3168 1526 3329 1584 utab
3350 1530 3415 1581 Α.
3444 1524 3522 1580 ad
3549 1525 3615 1579 D.
3651 1523 3716 1577 et
3744 1534 3789 1575 a

2122 1614 2185 1669 B.
2216 1614 2277 1670 in
2309 1617 2369 1672 E.
2416 1620 2473 1672 et
2509 1617 2673 1690 reliq.
2708 1618 2989 1691 Diapente
3033 1634 3172 1674 vero
3221 1631 3341 1673 uno
3385 1618 3528 1670 tono
3572 1609 3790 1680 major

2123 1707 2234 1770 est,
2267 1720 2406 1760 cum
2450 1706 2600 1762 inter
2643 1707 2937 1779 quaslibet
2982 1723 3162 1764 voces
3206 1710 3324 1761 tres
3375 1705 3513 1758 sunt
3540 1699 3692 1766 toni,
3728 1700 3795 1752 et

2126 1808 2317 1849 unum
2360 1796 2758 1864 semitonium,
2787 1801 2851 1851 ut
2877 1797 2954 1853 ab
2984 1800 3048 1851 A.
3089 1796 3151 1851 in
3196 1797 3255 1849 Ε.
3288 1797 3345 1849 et
3373 1808 3409 1847 ε.
3437 1791 3496 1845 C.
3526 1791 3586 1845 in
3621 1790 3691 1845 G.
3730 1788 3794 1844 et

2125 1881 2290 1954 reliq.
2342 1883 2534 1939 Habes
2584 1884 2784 1957 itaque
2832 1901 2934 1940 sex
2972 1899 3188 1939 voeum
3229 1876 3685 1942 consonantias,
3724 1872 3792 1929 id

2126 1976 2230 2037 est,
2300 1976 2529 2039 tonum,
2610 1972 3009 2038 semitonium,
3079 1970 3373 2036 ditonum,
3462 1962 3790 2019 semidito-

2125 2076 2294 2127 num,
2366 2060 2758 2130 diatessaron,
2824 2065 2881 2116 et
2950 2059 3247 2132 diapente.
3328 2054 3477 2127 [(l2)
3545 2050 3791 2114 Quibus

2126 2148 2322 2203 adhuc
2352 2147 2756 2204 consonantiis
2788 2147 2920 2202 duae
2958 2146 3087 2203 aliae
3125 2144 3449 2201 modorum
3480 2138 3722 2212 species
3753 2154 3793 2193 a

2126 2236 2426 2292 nonnullis
2455 2236 2797 2292 cantoribus
2831 2234 3338 2307 superadduntur,
3359 2231 3476 2285 hoc
3504 2232 3620 2297 est,
3653 2226 3797 2282 dia-

2126 2330 2300 2399 pente
2328 2341 2465 2379 cum
2493 2324 2836 2380 semitonio:
2871 2329 2935 2379 ut
2963 2323 3040 2379 ab
3072 2325 3131 2377 E.
3158 2321 3237 2377 ad
3267 2337 3316 2375 c.
3350 2320 3495 2374 Item
3509 2332 3619 2390 {ue
3648 2315 3792 2370 dia-

2127 2417 2301 2485 pente
2332 2428 2469 2466 cum
2500 2417 2673 2467 tono:
2706 2416 2772 2468 ut
2799 2429 2837 2467 a
2866 2415 2925 2468 C.
2945 2410 3023 2467 ad
3053 2426 3108 2466 a.
3136 2406 3495 2480 Adjungitur
3521 2404 3711 2459 etiam
3734 2407 3797 2459 et

2128 2502 2439 2574 diapason.
2473 2503 2613 2566 Qua:
2640 2502 2781 2573 quia
2805 2517 2941 2557 raro
2967 2498 3368 2564 inveniuntur,
3395 2510 3432 2550 a
3460 2492 3639 2549 nobis
3678 2491 3799 2547 mi-

2130 2605 2242 2644 nus
2286 2590 2436 2645 inter
2480 2592 2566 2644 Vl.
2614 2592 3105 2645 annumerantur.
3157 2585 3273 2642 Sed
3321 2583 3490 2652 origo
3530 2579 3798 2653 quidem

2129 2679 2422 2752 diapason
2452 2695 2587 2752 quae
2611 2683 2666 2735 et
2688 2678 2883 2751 qualis
2913 2678 3003 2744 sit,
3033 2674 3138 2749 qui
3169 2673 3474 2730 studiosus
3505 2684 3805 2743 perscru-

2130 2773 2306 2837 tatur,
2324 2768 2383 2823 in
2416 2767 2803 2840 sequentibus
2832 2766 3135 2838 reperiet.)
3167 2764 3232 2818 In
3260 2761 3426 2818 nullo
3455 2758 3620 2816 enim
3643 2774 3802 2815 can-

2131 2860 2192 2910 tu
2223 2856 2352 2911 aliis
2382 2857 2576 2912 modis
2620 2872 2737 2912 vox
2781 2855 2915 2911 voci
2959 2855 3063 2909 rite
3116 2849 3521 2922 conjungitur,
3552 2846 3652 2903 vel
3710 2846 3801 2902 in-

2129 2940 2451 3015 tendendo,
2494 2944 2582 2999 vel
2632 2942 3002 2999 remittendo.
3050 2943 3150 2997 His
3195 2940 3615 3011 adjunguntur
3658 2951 3802 3007 sep-

2131 3034 2268 3107 tem,
2298 3031 2357 3101 (i.
2391 3037 2443 3095 e)
2476 3032 2770 3104 diapason
2797 3049 2809 3099 ;
2854 3048 2991 3104 qua:
3020 3030 3165 3103 quia
3193 3044 3329 3086 raro
3370 3024 3793 3093 inveniuntur,

2128 3120 2328 3175 minus
2380 3120 2530 3176 inter
2584 3121 2731 3177 alias
2784 3124 3275 3177 annumerantur.
3334 3120 3607 3188 Cumque
3664 3119 3796 3171 tam

2129 3208 2336 3280 paucis
2368 3208 2672 3275 clausulis,
2713 3213 2856 3266 teste
2885 3210 3107 3280 Boetio,
3138 3212 3263 3265 tota
3303 3204 3627 3262 harmonia
3673 3203 3797 3259 for-

2130 3301 2342 3367 metur,
2388 3296 2706 3353 utillimum
2756 3302 2864 3366 est,
2916 3298 3046 3354 altae
3107 3314 3209 3354 eas
3260 3293 3569 3351 memoriae
3624 3308 3791 3348 com-

2128 3384 2437 3450 mendare,
2486 3390 2542 3441 et
2582 3385 2772 3442 donec
2810 3386 2983 3458 plene
3022 3387 3084 3442 in
3133 3382 3406 3441 canendo
3453 3382 3794 3438 sentiantur

2130 3478 2186 3528 et
2226 3480 2680 3543 cognoscantur,
2713 3475 2792 3531 ab
2838 3475 3115 3531 exercitio
3158 3487 3476 3545 nunquam
3526 3484 3791 3537 cessare,

2129 3568 2194 3619 ut
2244 3564 2334 3620 his
2383 3563 2663 3619 clausulis
2714 3563 2897 3621 veluti
2939 3563 3307 3637 quibusdam
3361 3559 3637 3617 elavibus
3698 3574 3791 3615 ca-

2128 3653 2308 3709 nendi
2356 3653 2549 3726 possis
2589 3654 2862 3726 peritiam
2909 3654 3198 3725 sagaciter
3236 3649 3593 3721 faciliusque
3649 3664 3794 3721 pos-

2128 3742 2337 3798 sidere.

2788 3832 3014 3887 CAPUT
3052 3834 3114 3887 V.

2218 3939 2303 3992 Dc
2332 3937 2625 4005 diapason
2649 3943 2703 3993 et
2727 3953 2837 3993 cur
2860 3943 3095 3994 tantum
3120 3944 3337 4008 septem
3364 3939 3483 3993 sint
3510 3942 3699 3992 nota}.

2199 4043 2498 4114 Diapason
2529 4048 2726 4100 autem
2755 4049 2864 4116 est,
2890 4046 2949 4100 in
2974 4062 3097 4117 qua
3144 4045 3521 4101 diatessaron
3559 4046 3621 4098 et
3663 4042 3794 4097 dia-

2128 4138 2303 4203 pente
2325 4133 2645 4202 juguntur;
2691 4150 2828 4189 cum
2858 4134 3018 4190 enim
3047 4134 3123 4190 ab
3164 4137 3230 4188 A.
3262 4134 3321 4190 in
3360 4135 3424 4188 D.
3459 4132 3535 4187 sit
3563 4131 3792 4187 diates-

2130 4233 2327 4284 saron,
2360 4224 2416 4274 et
2455 4219 2533 4275 ab
2563 4223 2773 4277 eadem
2818 4225 2881 4278 D.
2918 4222 2978 4277 in
3017 4239 3071 4279 a.
3105 4228 3349 4279 acutum
3378 4221 3453 4276 sit
3478 4221 3789 4293 diapente,

2129 4308 2207 4363 ab
2238 4310 2304 4362 A.
2327 4308 2389 4363 in
2418 4309 2664 4366 alteram
2694 4327 2748 4367 a.
2782 4311 3077 4385 diapason
3104 4312 3301 4367 existit
3328 4329 3339 4365 :
3372 4311 3548 4381 cujus
3578 4309 3671 4364 vis
3703 4313 3793 4363 est

2129 4397 2405 4474 eamdem
2435 4399 2686 4456 litteram
2716 4401 2777 4456 in
2804 4407 3056 4474 utroque
3094 4401 3315 4457 habere
3340 4400 3544 4466 latere,
3582 4403 3649 4453 ut
3680 4413 3719 4453 a
3750 4398 3789 4451 Β

2129 4486 2190 4541 111
2312 4504 2365 4543 a.
2397 4492 2455 4545 C.
2479 4489 2538 4543 in
2570 4506 2619 4546 c.
2645 4507 2680 4546 a
2703 4491 2767 4545 D.
2795 4491 2857 4545 in
2877 4491 2937 4548 d.
2957 4472 3027 4546 vet
3050 4491 3217 4563 reliq.
3243 4491 3404 4547 Sicut
3429 4488 3592 4544 enim
3626 4491 3790 4542 utra-

2128 4592 2243 4647 que
2273 4593 2391 4631 vox
2411 4578 2621 4633 eadem
2646 4579 2836 4635 littera
2860 4584 3120 4648 notatur,
3148 4580 3229 4635 ita
3256 4593 3361 4651 per
3389 4576 3601 4633 omnia
3626 4575 3792 4645 ejus-

2128 4666 2266 4720 dem
2285 4666 2605 4739 qualitatis,
2621 4670 3181 4741 perfectissimaeque
3203 4666 3612 4724 similitudinis
3631 4670 3793 4720 utra-

2127 4766 2243 4822 que
2271 4752 2523 4806 habetur
2562 4757 2618 4808 et
2646 4753 2919 4810 creditur.
2950 4757 3099 4810 Nam
3137 4754 3289 4809 sicut
3328 4751 3510 4807 ﬁnitis
3552 4754 3789 4822 septem

2128 4837 2336 4893 diebus
2378 4840 2621 4895 eosdem
2660 4841 3001 4914 repetimus,
3033 4848 3099 4897 ut
3137 4856 3373 4913 semper
3420 4837 3697 4910 primum
3733 4840 3791 4890 et

2127 4931 2405 4982 octavum
2423 4930 2703 4985 eumdem
2719 4930 2879 4986 diem
2895 4932 3189 5002 dicamus,
3210 4931 3291 4985 ita
3301 4928 3534 5001 primas
3550 4932 3610 4982 et
3628 4932 3791 4981 octa-

2126 5032 2233 5071 vas
2255 5032 2489 5089 semper
2511 5035 2682 5074 voces
2694 5019 2906 5075 eodem
2921 5021 3261 5077 charactere
3276 5018 3619 5087 ﬁguramus
3637 5014 3789 5070 etdi-

2127 5107 2337 5175 cimus,
2356 5109 2498 5179 quia
2522 5125 2623 5163 eas
2646 5110 2899 5165 naturali
2919 5110 3241 5166 concordia
3252 5122 3593 5164 consonare
3612 5105 3789 5160 senti-

2127 5211 2285 5260 mus,
2305 5201 2371 5250 ut
2397 5198 2458 5250 l).
2484 5202 2541 5251 et
2569 5197 2626 5251 d.
2652 5201 2905 5270 Utraque
2931 5200 3093 5254 enim
3114 5203 3257 5255 tono
3283 5202 3341 5253 et
3370 5195 3791 5259 semitonio,et

2128 5279 2366 5334 duobus
2397 5281 2546 5335 tonis
2580 5282 2906 5350 remittitur,
2939 5289 2996 5338 et
3023 5284 3164 5338 item
3193 5288 3335 5338 tono
3364 5286 3423 5337 et
3461 5280 3789 5336 semitonio

2129 5371 2185 5422 et
2204 5366 2441 5421 duobus
2461 5368 2633 5437 tonis,
2649 5369 2987 5427 intenditur.
3010 5372 3173 5427 Unde
3198 5375 3251 5426 et
3269 5371 3331 5426 in
3353 5371 3641 5427 canendo
3664 5371 3787 5426 duo

2130 5458 2232 5510 aut
2260 5458 2394 5516 tres,
2424 5460 2525 5510 aut
2540 5456 2738 5527 plures
2758 5464 3048 5521 cantores,
3067 5464 3244 5531 prout
3269 5458 3560 5531 possibile
3588 5460 3785 5527 fuerit,

2129 5541 2178 5597 si
2206 5556 2313 5613 per
2336 5542 2490 5599 hanc
2517 5547 2772 5617 speciem
2793 5545 3202 5603 ditierentibus
3224 5546 3478 5602 vocibus
3503 5549 3787 5604 eamdem

2120 5704 2299 5776 prior
2323 5707 2662 5763 terminabit
2692 5634 2839 5763 in
2868 5707 3161 5764 secundus
3188 5708 3344 5776 ﬁnit.

2123 5849 2182 5904 et
2199 5774 2250 5904 (6
2255 5776 2336 5905 t2t)0
2336 5776 2588 5905 1illiircinis
2626 5778 2855 5835 inclusa
2892 5774 3196 5837 habentur
3216 5779 3280 5836 in
3307 5794 3463 5836 msc.
3497 5779 3789 5838 Admont.
