1952 3211
75 169 124 198 385

823 166 1045 198 MICROLOGUS

1728 173 1780 201 386

72 232 234 268 quamlibet
249 231 462 268 symphoniam
475 231 617 268 incipient
627 234 655 260 et
667 232 898 266 decantent,mi-
912 232 936 257 A
956 234 1078 259 acutum
1093 235 1121 259 et
1140 235 1353 268 superacutum
1368 236 1469 262 tamen
1490 234 1617 262 univoce
1641 242 1781 263 resonare

70 276 191 310 raberis,
210 279 234 303 te
249 276 371 304 easdem
388 284 476 304 voces
489 276 612 303 diversis
624 275 897 306 locis.sedminime

68 321 201 349 diversas
213 321 334 354 habere,
359 321 561 357 eamdemque
587 324 709 349 cantum
735 328 857 356 gravem
871 322 899 347 et

239 424 438 459 Superacutae.
459 394 490 494 lg
529 422 542 475 ξ
581 389 585 494 ἰ
631 422 642 474 Σ
674 399 704 494 ig
744 421 757 473 ἓ

292 523 391 548 Acutae
459 505 860 550 iCa.ia;iGa.ia.

295 599 401 625 Graves
460 599 585 626 |I‘A.|
619 599 680 626 A.l
707 599 858 626 ΓΑ.1Α.

491 647 680 699 Sumlmii
726 673 757 692 re
797 647 897 699 igisl
928 673 961 692 ar

928 673 961 692 ar
990 665 1089 699 lchanl
1117 672 1153 699 ge

954 276 1011 303 hoc
1024 276 1125 304 modo.

931 508 1525 568 nlélttlalGlala

928 574 1610 626 ῑΙἜἾῙΓᾌ-ΙΤΙΤΙΤΓ

1000 645 1607 700 ΜΙᾞΙῙΙἯΙᾟΙῙΓ

110 749 181 776 ltem
194 748 217 775 si
233 748 371 776 eamdem
401 749 597 784 antiphonam
612 749 730 785 ipartim
758 748 900 784 gravibus
921 751 939 776 Β
956 749 1020 784 ejus
1038 757 1094 776 vox
1108 751 1237 785 quatuor
1251 749 1341 777 habet
1356 750 1462 785 spatia,
1476 753 1565 779 acu-ta
1579 758 1650 779 vero
1671 750 1736 785 tria,
1753 754 1785 779 ut

71 792 183 828 partim
199 793 293 820 acutis
307 793 388 820 sonis
403 793 577 826 cantaveris,
603 796 654 821 aut
681 793 901 829 quantumlibet

72 844 126 872 per
136 837 214 864 hanc
231 836 362 872 speciem
377 837 547 871 variaveris,
564 838 669 865 eadem
680 846 787 865 vocum
802 838 900 865 unitas

73 881 240 918 apparebit.
271 882 352 909 Unde
374 885 462 918 poeta
488 882 640 910 verissime
666 882 761 910 dixit:
791 885 899 917 septem

72 927 249 954 discrimina
262 935 386 955 vocum:
400 927 472 963 quia
487 927 539 955 etsi
554 927 654 963 plures
663 927 721 955 sint
747 927 791 955 vel
816 927 899 961 ﬁant,

72 979 135 998 non
152 973 196 998 est
208 971 333 998 aliarum
345 971 482 1006 adiectio,
493 971 546 999 sed
557 971 709 999 renovatio
725 972 900 999 earumdem

72 1018 100 1042 et
110 1015 256 1050 repetitio.
269 1017 327 1042 Hac
343 1024 398 1043 nos
414 1015 450 1043 de
467 1024 560 1043 causa
572 1024 677 1043 omnes
691 1024 780 1044 sonos
796 1025 900 1044 secun-

71 1059 148 1087 dum
158 1060 290 1087 Boetium
301 1062 328 1087 et
338 1060 477 1095 antiquos
490 1060 621 1088 musicos
634 1063 748 1096 septem
762 1061 862 1088 litteris
870 1061 902 1088 ﬁ-

72 1104 260 1138 guravimus.
278 1112 347 1131 cum
363 1104 498 1131 moderni
521 1105 645 1140 quidam
673 1105 760 1132 nimis
783 1105 901 1132 incaute

70 1150 204 1184 quatuor
216 1151 332 1176 tantum
345 1148 431 1183 signa
446 1152 619 1185 posuerunt,
636 1150 774 1185 quintum
800 1149 901 1177 videli-

72 1196 118 1221 cet
129 1201 240 1220 sonum
254 1193 360 1220 eodem
388 1193 499 1229 ubique
524 1194 693 1221 charactere
722 1193 900 1228 ﬁgurantes;

73 1246 144 1266 cum
160 1238 365 1266 indubitanter
376 1246 479 1266 verum
494 1239 539 1272 sit,
556 1239 638 1274 quod
652 1239 776 1275 quidam
803 1240 869 1267 soni
885 1248 903 1267 a

73 1283 135 1310 suis
149 1282 271 1318 quintis,
288 1285 320 1310 ut
336 1284 364 1310 Β.
380 1285 408 1310 et
423 1284 450 1310 F.
469 1283 592 1311 omnino
614 1283 794 1317 discordent,
806 1284 902 1311 nullu-

73 1335 149 1362 sque
175 1334 267 1354 sonus
285 1335 353 1354 cum
370 1335 425 1354 suo
452 1328 556 1363 quinto
583 1328 710 1363 perfecte
731 1328 901 1364 concordet.

73 1371 160 1398 Nulla
176 1371 256 1398 enim
267 1379 325 1398 vox
340 1379 409 1399 cum
424 1371 516 1399 altera
529 1374 635 1408 praeter
659 1374 794 1400 octavam
809 1372 904 1408 perfe—

74 1417 121 1442 cte
134 1415 309 1443 concordat.

404 1462 514 1488 CAPUT
534 1462 576 1488 Vl.

72 1506 115 1533 De
122 1505 320 1532 divisionibus
329 1508 473 1534 vocumet
483 1506 780 1539 interpretationibus
789 1513 902 1533 earum.

108 1550 144 1576 Ut
153 1551 255 1576 autem
264 1549 301 1576 de
315 1549 460 1577 divisione
470 1549 668 1577 monochordi
675 1549 703 1576 in
718 1550 822 1585 paucis
831 1550 906 1577 mul-

72 1594 102 1620 ta
114 1593 327 1629 perstringam,
341 1602 458 1630 semper
470 1594 618 1629 Diapason
634 1594 753 1621 duobus
762 1594 800 1621 ad
813 1594 905 1622 ﬁnem

73 1638 170 1673 aequis
182 1638 272 1665 currit
280 1638 430 1674 passibus,
448 1638 588 1674 Diapente
598 1638 701 1670 tribus,
718 1640 905 1667 Dlatessaron

72 1684 218 1718 quatuor,
234 1684 321 1709 tonus
336 1691 404 1710 vero
418 1690 536 1711 novem.
552 1682 604 1718 qui
618 1685 732 1718 quanto
757 1686 826 1710 sunt
840 1692 906 1719 pas-

73 1727 159 1754 sibus
172 1727 404 1760 numerosiores,
417 1729 500 1755 tanto
529 1729 598 1755 sunt
624 1727 719 1763 spatio
745 1727 903 1756 breviores.

72 1771 153 1799 Alias
166 1779 238 1798 vero
251 1771 411 1799 divisiones
423 1774 528 1808 praeter
543 1772 597 1799 has
617 1774 746 1807 quatuor
776 1772 905 1800 invenire

71 1824 133 1843 non
144 1815 268 1852 poteris.
282 1816 332 1844 Dia
336 1825 430 1852 pason
439 1819 539 1844 autem
552 1817 760 1852 interpretatur
770 1818 806 1845 de
816 1818 907 1844 omni-

74 1861 139 1895 bus,
155 1861 219 1888 sive
246 1861 329 1896 quod
344 1869 448 1888 omnes
463 1861 573 1889 habeat
594 1869 679 1888 voces
696 1861 752 1888 sub
769 1869 813 1896 se,
845 1861 906 1889 sive

74 1905 148 1941 quia
161 1905 327 1941 antiquitus
343 1905 462 1933 citharae
474 1907 539 1933 octo
559 1913 612 1940 per
627 1913 693 1932 eam
707 1905 819 1932 ﬁebant
826 1906 908 1933 chor-

73 1949 130 1976 dis.
145 1951 178 1976 ln
195 1950 251 1976 hac
267 1949 389 1985 quidem
404 1949 500 1985 specie
513 1949 644 1985 primaet
655 1949 773 1982 gravior
783 1949 907 1977 voxduo

72 1993 168 2021 habet
181 1994 287 2029 spatia,
302 1995 390 2021 acuta
403 2002 462 2021 vox
475 2001 580 2023 unum.
596 1995 627 2020 ut
640 1992 679 2020 ab
690 1995 722 2020 Α.
740 1993 778 2020 ad
794 2001 820 2021 a.
845 1993 908 2021 Dia-

72 2040 164 2073 pente
174 2038 285 2065 dicitur
299 2038 334 2065 de
349 2039 497 2074 quinque;
514 2040 581 2065 sunt
595 2037 674 2064 enim
688 2037 718 2064 in
731 2038 795 2072 ejus
812 2038 907 2074 spatio

71 2091 164 2110 voces
180 2084 326 2118 quinque,
345 2085 376 2110 ut
391 2091 408 2110 a
423 2084 453 2110 D.
470 2083 500 2110 in
525 2091 552 2110 a.
571 2082 625 2110 Sed
643 2082 740 2116 gravis
765 2083 829 2118 ejus
851 2091 908 2110 vox

71 2127 125 2155 tria
143 2127 239 2155 habet
253 2127 359 2163 spatia,
379 2129 465 2155 acuta
480 2127 550 2154 duo.
566 2126 755 2154 Diatessaron
771 2130 857 2155 sonat
873 2128 909 2155 de

69 2176 208 2207 quatuor
219 2179 229 2204 ;
244 2180 316 2199 nam
329 2174 357 2199 et
371 2173 461 2200 habet
480 2174 610 2208 quatuor
625 2179 722 2206 voces,
748 2174 775 2199 et
792 2173 908 2206 gravior

580 2416 807 2443 Diatessaron

431 2390 436 2541 Ι
580 2416 807 2443 Diatessaron

445 2578 674 2605 Diatessaron

715 2256 949 2283 Diatessaron

955 802 972 822 a
989 795 1019 821 ι).
1037 793 1066 820 in
1082 794 1112 820 (ἱ.
1142 794 1198 821 llas
1228 795 1284 821 tres
1312 794 1424 830 species
1452 795 1661 831 symphonias,
1676 795 1706 822 id
1729 798 1781 829 est,

956 846 1064 865 suaves
1080 845 1189 865 voeum
1205 838 1409 874 copulationes
1432 839 1603 868 memineris
1618 847 1682 867 esse
1696 848 1784 868 voca-

955 885 1009 916 tas,
1022 882 1092 918 quia
1105 882 1135 909 in
1150 882 1295 917 diapason
1311 882 1434 910 diversae
1448 892 1535 911 voces
1554 893 1649 912 unum
1665 886 1782 912 sonant.

956 926 1095 962 Diapente
1111 935 1181 954 vero
1204 929 1232 954 et
1261 927 1451 955 Diatessaron
1480 928 1661 966 diaphoniee,
1673 929 1703 957 id
1729 931 1781 963 est,

955 971 1059 1005 organi
1071 971 1139 1005 jura
1154 971 1317 1007 possident,
1335 974 1363 999 et
1388 980 1475 1000 voces
1500 975 1662 1009 utcumque
1675 973 1784 1001 similes

955 1014 1093 1042 reddunt.
1109 1016 1207 1042 Tonus
1221 1017 1321 1043 autem
1336 1016 1374 1043 ab
1394 1016 1569 1049 intonando,
1586 1017 1616 1044 id
1629 1020 1683 1052 est,
1699 1026 1718 1045 a
1739 1026 1784 1045 so-

956 1057 1058 1085 nando
1073 1066 1185 1086 nomen
1206 1059 1329 1094 accepit,
1354 1060 1406 1095 qui
1435 1061 1543 1096 majori
1569 1062 1634 1089 voci
1661 1070 1780 1096 novem,

956 1102 1064 1130 minori
1078 1111 1146 1130 vero
1160 1105 1226 1131 octo
1254 1111 1364 1139 passus
1395 1105 1566 1133 constituit:
1594 1106 1784 1134 semitonium

956 1149 1056 1174 autem
1070 1149 1098 1174 et
1110 1147 1241 1180 ditonus,
1262 1148 1316 1175 etsi
1336 1156 1424 1176 voces
1440 1149 1468 1176 in
1498 1150 1636 1178 canendo
1663 1151 1785 1186 conjun-

957 1193 1040 1225 gunt,
1057 1191 1235 1219 divisionem
1252 1194 1352 1219 tamen
1379 1192 1493 1220 nullam
1522 1193 1552 1221 in
1577 1194 1784 1223 monochordo

956 1235 1111 1271 recipiunt.

1278 1282 1391 1309 CAPUT
1408 1283 1462 1309 Vll.

1027 1326 1070 1353 De
1084 1326 1177 1352 modis
1193 1329 1322 1360 quatuor
1336 1329 1363 1354 et
1377 1327 1577 1361 afﬁnitatibus
1597 1335 1710 1356 vocum.

994 1370 1066 1397 Cum
1078 1372 1178 1397 autem
1194 1372 1306 1406 septem
1322 1370 1381 1398 sint
1390 1379 1488 1404 voces,
1504 1371 1585 1407 quia,
1598 1374 1630 1399 ut
1640 1372 1782 1408 diximus,

924 1430 943 1456 ε
959 1413 1033 1448 aliae,
1050 1413 1078 1440 id
1094 1416 1145 1445 est,
1161 1416 1272 1441 octavze
1296 1423 1386 1442 voces
1411 1418 1479 1442 sunt
1501 1416 1617 1450 eadem,
1644 1418 1783 1452 septenas

959 1457 1066 1485 sufﬁcit
1080 1457 1237 1493 explicare,
1252 1466 1319 1494 qua;
1333 1459 1518 1487 diversorum
1524 1460 1696 1495 modorum,
1706 1460 1784 1488 etdi-

958 1509 1113 1529 versarum
1127 1504 1196 1529 sunt
1208 1502 1397 1537 qualitatum.
1415 1504 1528 1531 Primus
1540 1505 1648 1532 modus
1674 1512 1783 1532 vocum

960 1550 1014 1580 est,
1032 1556 1098 1575 cum
1115 1556 1173 1575 vox
1187 1550 1257 1575 tono
1273 1548 1441 1584 deponitur,
1456 1553 1484 1577 et
1498 1552 1603 1578 tonoet
1618 1550 1783 1585 semitonio,

960 1595 988 1620 et
1003 1592 1122 1619 duobus
1149 1592 1225 1620 tonis
1252 1592 1424 1628 intenditur,
1437 1596 1470 1622 ut
1484 1596 1516 1622 A.
1534 1596 1563 1622 et
1573 1596 1605 1622 D.
1633 1595 1786 1623 Secundus

960 1636 1069 1664 modus
1081 1639 1134 1669 est,
1147 1645 1216 1664 cum
1231 1645 1290 1664 vox
1303 1638 1424 1665 duobus
1435 1638 1512 1666 tonis
1519 1639 1654 1672 remissa,
1671 1639 1787 1667 semito-

959 1681 1010 1709 nio
1019 1684 1046 1708 et
1057 1681 1177 1708 duobus
1188 1681 1265 1709 tonis
1279 1682 1450 1716 intenditur,
1467 1685 1533 1710 utB.
1549 1685 1577 1711 et
1588 1685 1617 1711 E.
1627 1683 1738 1711 Tertius
1745 1685 1788 1711 est

959 1725 1079 1759 modus,
1096 1725 1146 1761 qui
1163 1725 1319 1753 semitonio
1335 1729 1363 1753 et
1386 1727 1504 1754 duobus
1520 1727 1597 1754 tonis
1623 1727 1786 1761 descendit,

960 1769 1080 1797 duobus
1097 1777 1167 1797 vero
1184 1770 1261 1797 tonis
1272 1772 1300 1797 et
1311 1770 1467 1798 semitonio
1474 1771 1616 1804 ascendit,
1628 1773 1661 1798 ut
1674 1773 1703 1799 C.
1718 1774 1745 1799 et
1757 1773 1785 1799 F.

961 1814 1088 1845 Quartus
1106 1821 1176 1840 vero
1196 1815 1267 1841 tono
1294 1813 1463 1850 deponitur,
1491 1815 1585 1849 surgit
1611 1817 1711 1842 autem
1735 1823 1787 1851 per

961 1857 1037 1885 duos
1046 1859 1131 1885 tonos
1140 1859 1168 1884 et
1183 1857 1383 1892 semitonium,
1396 1860 1428 1885 ut
1439 1859 1493 1893 (t3)
1517 1860 1547 1886 G.
1562 1860 1595 1886 Et
1608 1861 1689 1893 nota,
1704 1859 1787 1895 quod

962 1910 993 1930 se
1008 1910 1061 1938 per
1076 1901 1210 1929 ordinem
1223 1904 1397 1937 sequuntur,
1413 1905 1444 1930 ut
1459 1903 1573 1938 primus
1588 1903 1618 1930 in
1633 1905 1666 1930 A.
1683 1911 1787 1930 secun-

961 1947 1018 1975 dus
1033 1947 1062 1974 in
1079 1948 1108 1973 Β.
1124 1946 1225 1974 tertius
1240 1946 1271 1974 in
1286 1948 1314 1975 C.
1332 1949 1403 1975 ltem
1418 1948 1532 1983 primus
1547 1948 1576 1975 in
1592 1949 1623 1976 D.
1638 1948 1787 1976 secundus

961 1992 991 2020 in
1006 1993 1035 2019 E.
1052 1991 1154 2019 tertius
1166 1991 1195 2018 in
1208 1993 1235 2019 F.
1248 1994 1372 2028 quartus
1385 1992 1415 2020 in
1439 1994 1469 2020 G.
1497 1995 1628 2029 Itemque
1640 1995 1711 2021 nota
1733 1993 1787 2020 has

963 2045 1071 2064 vocum
1088 2035 1247 2064 afﬁnitates
1262 2045 1315 2072 per
1329 2037 1517 2065 diatessaron
1532 2040 1560 2065 et
1574 2038 1713 2075 diapente
1722 2045 1790 2066 con-

964 2083 1090 2109 structas
1107 2090 1113 2108 :
1144 2083 1176 2108 Α.
1193 2081 1273 2109 enim
1301 2082 1339 2109 ad
1352 2084 1384 2115 D,
1402 2085 1430 2110 et
1445 2084 1473 2110 Β.
1486 2082 1526 2110 ad
1538 2084 1568 2117 E,
1581 2085 1651 2111 etC.
1667 2083 1704 2111 ad
1722 2084 1750 2116 F,
1762 2085 1790 2110 et

964 2128 995 2154 D.
1012 2126 1050 2154 ad
1063 2127 1094 2159 (Ξ,
1112 2134 1129 2153 a
1155 2126 1296 2161 gravibus
1324 2127 1521 2162 diatessaron,
1535 2127 1574 2154 ab
1602 2127 1696 2155 acutis
1719 2135 1788 2155 vero

963 2172 1102 2208 diapente
1118 2172 1309 2207 conjungitur
1320 2172 1378 2200 hoc
1390 2173 1481 2200 modo
1497 2181 1504 2200 :

1303 2255 1509 2290 Diapente

1166 2415 1370 2450 Diapente

1166 2415 1370 2450 υίαρεηιε

953 2397 957 2540 Ι
1033 2473 1437 2542 vir—~-

1035 2578 1238 2613 Diapente

312 2738 545 2766 Diatcssaron

240 2795 611 2866 l—‘T—tl—W

370 2887 399 2914 Β.
527 2888 557 2914 C.

834 2886 863 2911 E.

150 2785 157 2929 Ι

186 2892 222 2917 Α.
370 2887 399 2914 Β.
527 2888 557 2914 C.
678 2887 709 2912 D.

150 2927 257 2936 ~.———-——

392 2945 421 2971 et
439 2944 469 2972 G.
486 2951 522 2972 ex
539 2951 622 2980 seqq.

820 2641 1452 2703 11111111ξ

1221 2641 1587 2832 mli

833 2800 1588 2865 iiiiiiillii

392 2923 1661 2940 ————————-———-———————-—————_,_

903 2738 1105 2774 Diapente

987 2885 1016 2912 F.
1142 2887 1173 2914 G.
1297 2895 1325 2914 a.
1450 2889 1478 2916 F.
1600 2898 1626 2918 c.
1735 2893 1790 2918 etc.
