3958 6410
1043 411 1268 469 CAPUT
1303 411 1441 465 VIII.

603 506 691 560 De
715 504 852 559 aliis
881 500 1283 571 afﬁnitatibus
1316 514 1544 563 vocum,
1578 502 1632 553 et
1658 497 1718 552 b.
1754 502 1809 553 et
1855 482 1911 587 η

490 590 548 648 Si
577 608 712 664 quae
739 590 866 646 aliae
891 594 1032 645 sunt
1051 588 1387 654 afﬁnitates,
1421 603 1523 643 eas
1538 603 1781 659 quoque
1813 585 2077 641 similiter

414 681 787 737 diatessaron
816 685 876 736 et
903 679 1185 751 diapente
1208 677 1493 733 fecerunt.
1537 681 1686 734 Nam
1707 693 1846 732 cum
1873 676 2078 748 diapa-

417 786 526 825 son
551 770 613 824 in
642 785 703 824 se
734 768 1111 825 diatessaron
1127 771 1185 822 et
1203 766 1481 840 diapente
1501 765 1740 833 habeat,
1765 770 1821 820 et
1831 764 2076 821 easdem

413 858 636 914 litteras
664 858 724 913 in
754 862 1006 929 utroque
1027 856 1208 912 latere
1239 854 1561 922 contineat,
1595 870 1832 927 semper
1860 853 1920 908 in
1954 868 2078 909 me-

415 947 514 1003 dio
535 947 666 1018 ejus
699 947 892 1019 spatio
923 945 1126 1018 aliqua
1156 948 1244 1000 est
1263 944 1476 1014 littera,
1495 960 1632 1017 quae
1649 943 1728 998 ad
1757 947 2076 1014 utrumque

414 1037 710 1110 diapason
734 1037 891 1094 latus
915 1035 998 1091 ita
1027 1034 1323 1101 convenit,
1352 1038 1419 1091 ut
1439 1034 1535 1089 cui
1559 1033 1764 1090 litterae
1821 1050 1857 1088 a
1887 1033 2079 1103 gravi-

414 1125 530 1182 bus
556 1127 928 1183 diatessaron
944 1125 1156 1191 reddit,
1186 1123 1458 1179 eidemin
1486 1122 1676 1180 acutis
1705 1138 1811 1195 per
1835 1122 2080 1195 diapen-

416 1218 470 1270 te
500 1215 860 1280 conveniat,,
896 1219 960 1269 ut
989 1212 1050 1269 in
1073 1212 1368 1286 superiori
1392 1212 1590 1282 ﬁgura
1619 1216 1880 1281 notatur,
1901 1215 1959 1266 et
1982 1210 2076 1265 cui

415 1319 452 1358 a
482 1303 764 1374 gravibus
790 1303 1069 1374 diapente
1091 1300 1359 1372 contulit,
1378 1301 1576 1356 eidem
1603 1317 1640 1357 a
1663 1299 2078 1372 superioribus

414 1392 788 1448 diatessaron
821 1391 1008 1462 dabit,
1042 1395 1104 1447 ut
1131 1395 1197 1446 A.
1233 1394 1293 1446 Ε.
1327 1407 1383 1446 a.
1411 1393 1476 1446 A.
1512 1390 1672 1446 enim
1718 1395 1774 1447 et
1799 1393 1859 1445 E.
1885 1390 1948 1445 in
1973 1389 2077 1445 de-

414 1479 707 1554 positione
739 1480 1130 1547 concordant,
1161 1496 1298 1553 quae
1331 1483 1585 1552 utraque
1638 1479 1879 1535 duobus
1921 1477 2078 1534 tonis

416 1569 852 1642 semitonioque
875 1569 1206 1624 conﬁcitur.
1240 1572 1506 1641 Itemque
1537 1569 1599 1623 G.
1633 1585 1774 1623 cum
1822 1567 1899 1623 ad
1932 1569 1991 1624 C.
2024 1571 2081 1621 et

417 1663 481 1715 D.
508 1676 614 1733 per
643 1659 893 1715 easdem
908 1659 1138 1732 species
1163 1663 1419 1726 resonet,
1444 1657 1622 1713 unius
1639 1657 2078 1730 depositionem

1753 279 2082 340 GUIDONIS
2119 276 2399 339 ARETINI
2427 303 2430 306 '

3750 289 3863 346 388

2103 405 2155 459 Α
2190 422 2375 464 mune
2405 407 2885 483 placuithabere.
2911 411 3084 477 Quod
3109 410 3158 467 si
3187 411 3384 485 ipsam
3405 410 3466 467 b.
3496 410 3743 470 mollem
3767 414 3863 469 vis

2189 497 2438 552 omnino
2469 515 2590 554 non
2621 499 2863 566 habere,
2896 515 3172 570 neumas,
3222 499 3284 554 in
3315 498 3537 572 quibus
3566 501 3698 574 ipsa
3744 506 3858 569 est,

2185 583 2269 639 ita
2322 589 2610 659 tempera,
2665 591 2729 642 ut
2757 603 2867 660 pro
2909 590 2965 642 F.
3000 589 3063 644 G.
3099 603 3153 644 a.
3188 592 3244 644 et
3270 587 3402 660 ipsa
3430 587 3492 644 b.
3525 588 3757 646 habeas
3789 591 3858 646 G.

2187 688 2241 728 a.
2381 693 2430 731 c.
2465 680 2568 731 aut
2598 676 2644 731 si
2673 677 2805 732 talis
2836 680 2924 733 est
2945 693 3188 745 neuma,
3223 694 3359 750 quae
3412 683 3549 750 post
3591 681 3656 734 D.
3693 682 3756 734 E.
3791 681 3857 735 F.

2185 761 2247 818 in
2270 765 2596 820 elevatione
2626 765 2749 821 vult
2771 765 2926 821 duos
2957 771 3131 822 tonos
3160 769 3216 821 et
3251 765 3657 838 semitonium,
3686 767 3865 840 quod

2185 851 2318 928 ipsa
2345 853 2405 910 b.
2441 855 2637 910 mollis
2690 855 2848 926 facit,
2879 860 2982 911 aut
3010 873 3146 928 quae
3177 860 3315 928 post
3355 858 3418 910 D.
3451 859 3510 912 E.
3547 859 3602 912 F.
3637 857 3698 912 in
3749 857 3866 912 de-

2232 943 2484 999 ositione
2507 944 2632 999 vult
2653 944 2808 1000 duos
2828 949 3037 1011 tonos;
3076 962 3187 1018 pro
3219 947 3281 1000 D.
3317 948 3377 1000 E.
3410 949 3467 1001 F.
3502 962 3744 1002 assume
3801 963 3863 1003 a.

2232 958 2484 999 osmone
2507 958 2632 999 vult
2653 958 2808 1000 auos
2828 958 3037 1011 tonos;
3076 962 3187 1018 pro
3219 958 3281 1000 U.
3317 958 3377 1000 lt".
3412 958 3467 1001 ιε’.
3502 962 3744 1002 assume
3801 963 3863 1003 a.

2183 958 2242 1115 ἐ
2269 1050 2320 1087 c.
2350 1049 2487 1105 quae
2512 1033 2786 1103 ejusdem
2812 1039 2950 1089 sunt
2986 1033 3172 1101 modi,
3206 1039 3262 1090 et
3289 1033 3606 1106 pradictas
3658 1035 3870 1091 eleva-

2190 1123 2381 1178 tiones
2413 1127 2470 1178 et
2516 1123 2921 1196 depositiones
2970 1123 3319 1192 regulariter
3370 1124 3613 1180 habent.
3666 1125 3868 1195 Huju-

2189 1211 2382 1267 smodi
2404 1211 2566 1284 enim
2593 1211 2950 1266 elevationes
2977 1214 3031 1267 et
3053 1211 3461 1284 depositiones
3511 1213 3661 1268 inter
3695 1216 3763 1268 D.
3797 1216 3864 1268 E.

2191 1304 2246 1356 F.
2300 1304 2355 1356 et
2398 1317 2453 1356 a.
2593 1315 2642 1355 c.
2669 1299 2825 1354 clare
2849 1283 3194 1355 discernens
3217 1301 3636 1357 confusionem
3658 1301 3868 1358 maxi-

2188 1407 2284 1447 me
2309 1389 2673 1446 contrariam
2700 1387 2865 1444 tollit.

2265 1499 2340 1552 De
2358 1496 2741 1553 similitudine
2757 1512 2977 1551 vocum
2998 1513 3196 1570 pauca
3212 1498 3692 1569 perstrinximus,
3711 1497 3875 1572 quia

2189 1591 2487 1658 quantum
2518 1586 2846 1642 similitudo
2878 1587 2939 1642 in
2969 1587 3220 1643 diversis
3252 1588 3434 1644 rebus
3463 1589 3871 1661 conquiritur,

2192 1681 2427 1732 tantum
2473 1677 2606 1748 ipsa
2632 1676 2961 1743 diversitas,
2993 1693 3101 1749 per
3151 1693 3340 1750 quam
3381 1693 3554 1734 mens
3605 1678 3877 1734 confusa

415 1748 1217 1840 alteriusqueAelemﬁonem
1270 1747 1549 1840 Summit-
1583 1751 1730 1803 Nam
1755 1752 1810 1804 et
1839 1747 1897 1801 Ο·
1927 1752 1983 1840 (ft
2013 1747 2074 1801 G-
2119 1758 2160 1813 B
2192 1766 2416 1822 diutius
2473 1747 2667 1838 potuit
2706 1747 3015 1832 laborare,
3060 1747 3386 1833 minuitur;
3416 1783 3657 1840 semper
3695 1767 3874 1822 enim

414 1839 656 1896 duobus
684 1837 838 1895 tonis
863 1838 1087 1913 pariter
1116 1841 1173 1893 et
1198 1837 1515 1893 semitonio
1546 1841 1816 1906 surgunt,
1849 1841 1906 1892 et
1927 1838 1991 1890 D.
2025 1840 2081 1891 et

416 1931 479 1986 G.
508 1934 651 1986 tono
682 1933 740 1985 et
770 1927 1086 1984 semitonio
1130 1927 1351 2000 pariter
1400 1926 1803 1982 inﬂectuntur.
1842 1925 1904 1982 b.
1936 1941 2079 1981 vero

415 2019 766 2089 rotundum,
794 2017 938 2090 quia
968 2017 1169 2072 minus
1199 2021 1291 2072 est
1318 2015 1616 2086 regulare,
1647 2015 1814 2088 quod
1861 2015 2078 2086 adjun-

415 2113 577 2164 ctum
593 2107 689 2163 vel
718 2106 897 2162 molle
927 2104 1156 2176 dicunt,
1181 2121 1320 2162 cum
1353 2108 1408 2161 F.
1442 2105 1625 2160 habet
1668 2105 2076 2175 concordiam,

415 2197 622 2253 etideo
653 2195 930 2250 additum
968 2199 1076 2266 est,
1107 2193 1252 2266 quia
1282 2197 1339 2249 F.
1398 2210 1537 2249 cum
1593 2198 1809 2266 quarta
1847 2210 1884 2250 a
1927 2211 1989 2249 se
2024 2178 2082 2278 ﬁ

416 2286 634 2342 tritono
679 2284 986 2340 diﬂerente
1025 2282 1315 2358 nequibat
1368 2282 1590 2338 habere
1641 2282 2074 2339 concordiam:

417 2377 735 2446 utramque
760 2377 960 2428 autem
989 2372 1050 2427 b.
1164 2375 1225 2430 in
1265 2374 1480 2430 eadem
1510 2390 1736 2430 neuma
1766 2391 1889 2432 non
1939 2375 2079 2447 jun-

419 2482 547 2536 gas.
577 2470 642 2521 1n
671 2465 887 2521 eodem
913 2481 1056 2521 vero
1075 2467 1257 2521 cantu
1277 2463 1540 2521 maxime
1558 2463 1620 2519 b.
1640 2464 1804 2519 molli
1835 2463 2078 2535 utimur,

417 2555 479 2611 in
504 2571 628 2628 quo
658 2557 720 2610 F.
755 2553 794 2609 f.
830 2553 1095 2627 amplius
1118 2553 1500 2610 continuatur
1531 2553 1731 2622 gravis
1763 2554 1853 2610 vel
1881 2558 2078 2623 acuta,

417 2644 523 2700 ubi
544 2647 600 2700 et
622 2643 959 2718 quamdam
975 2643 1392 2700 confusionem
1413 2645 1469 2697 et
1494 2642 2080 2698 transformationem

418 2733 654 2791 videtur
684 2733 901 2801 facere,
952 2738 1018 2790 ut
1047 2736 1109 2791 G.
1144 2737 1314 2789 sonet
1359 2734 1624 2804 protum,
1652 2749 1707 2789 a.
1740 2733 2077 2804 deuterum,

421 2841 560 2880 cum
584 2824 721 2898 ipsa
744 2823 807 2881 b.
837 2823 1036 2880 mollis
1075 2827 1246 2880 sonet
1273 2821 1507 2890 tritum;
1541 2823 1702 2878 unde
1728 2823 1856 2894 ejus
1873 2839 1912 2879 a
1930 2823 2080 2879 mul-

419 2916 493 2972 tis
519 2929 632 2971 nec
659 2913 886 2970 mentio
917 2913 1078 2970 facta
1108 2917 1214 2970 est.
1258 2911 1526 2968 Alterum
1573 2928 1717 2969 vero
1735 2907 1794 3002 η
1819 2913 1882 2970 in
1912 2930 2076 2970 com-

2191 1857 2460 1913 adunata
2489 1856 2700 1911 divisis
2725 1855 2955 1912 facilius
2984 1856 3320 1928 capiuntur.
3381 1858 3602 1911 Omnes
3651 1857 3872 1929 itaque

2188 1947 2357 2002 modi
2394 1946 2922 2018 distinctionesque
2952 1945 3275 2000 modorum
3297 1943 3389 2000 his
3421 1945 3611 2000 tribus
3643 1951 3873 2018 aptan-

2189 2041 2286 2093 tur
2314 2037 2565 2093 vocibus
2606 2041 2665 2093 C.
2693 2039 2756 2090 D.
2790 2038 2851 2090 Ε.
2882 2034 3295 2090 Distinctiones
3327 2039 3531 2090 autem
3557 2034 3697 2091 dico
3761 2053 3872 2092 eas

2190 2143 2325 2198 quae
2377 2144 2412 2181 a
2454 2126 2753 2198 plerisque
2801 2122 3149 2180 differentiae
3199 2128 3511 2190 vocantur,
3572 2124 3688 2180 hoc
3749 2130 3870 2195 est,

2189 2217 2546 2272 swcutorum
2567 2229 2758 2270 amen.
2785 2212 3126 2268 Differentia
3147 2217 3350 2268 autem
3366 2213 3590 2268 idcirco
3615 2213 3868 2286 dicitur,

2190 2323 2261 2362 eo
2285 2306 2452 2379 quod
2482 2305 2784 2360 discernat
2813 2319 2917 2359 seu
2948 2309 3181 2376 separet
3203 2303 3417 2375 plagas
3445 2303 3524 2359 ab
3555 2305 3828 2360 autentis
3855 2324 3867 2372 ;

2193 2400 2473 2450 caeterum
2523 2391 2794 2460 abusive,
2822 2391 3056 2448 dicitur.
3090 2396 3242 2463 Ergo
3263 2408 3476 2448 omnes
3501 2409 3680 2449 voces
3721 2393 3868 2449 aliae

2192 2501 2328 2540 cum
2361 2484 2454 2540 his
2484 2482 2753 2554 aliquam
2801 2481 3028 2537 habent
3085 2481 3494 2550 concordiam,
3528 2499 3634 2538 seu
3662 2483 3724 2538 in
3752 2484 3865 2539 de—

2188 2574 2484 2652 positione
2511 2588 2617 2627 seu
2645 2571 2707 2626 in
2737 2570 3062 2626 elevatione
3087 2588 3100 2638 ;
3132 2570 3308 2626 nullae
3335 2587 3476 2627 vero
3506 2571 3568 2626 in
3597 2576 3864 2645 utroque

2189 2679 2251 2718 se
2277 2661 2561 2717 exhibent
2589 2657 2812 2714 similes
2835 2675 2973 2713 cum
2996 2658 3144 2727 aliis,
3172 2659 3288 2714 nisi
3312 2660 3373 2715 in
3392 2659 3711 2732 diapason.
3741 2660 3867 2717 Sed

2187 2754 2406 2808 horum
2461 2746 2914 2804 similitudinem
2993 2747 3267 2803 omnium
3339 2748 3400 2804 in
3457 2749 3572 2804 hac
3631 2749 3862 2818 ﬁgura,

2187 2858 2374 2915 quam
2427 2836 2815 2908 subjecimus,
2875 2836 3149 2908 quisquis
3204 2836 3561 2910 requisierit,
3592 2837 3863 2909 reperire

2185 2929 2420 3005 poterit.

1278 3163 1418 3388 lc.
1532 3240 1592 3296 d.
1706 3259 1757 3298 e.
1944 3261 1995 3302 c.
2108 3245 2169 3303 d.
2282 3261 2334 3302 θ.
2519 3258 2569 3297 c.
2685 3239 2744 3294 d.
2857 3165 2996 3387 al

1406 3402 1618 3470 :1qu

1405 3487 1618 3532 Old

1405 3547 1618 3583 HIC

1405 3602 1618 3663 S’l'S

1406 3659 1620 3737 2Ιά

1405 3739 1619 3792 «3|i>

1393 3798 1619 3834 *³10

1390 3849 1620 3929 ,ΞΙἚΞ

1393 3950 1620 4032 ⁸³³ιὲ

1196 4113 1254 4167 F.
1331 4114 1396 4167 Η.
1494 4128 1548 4168 a.
1626 4129 1685 4186 q.

1435 4339 1488 4381 ει

1263 4385 1491 4468 ἐ’ιὲ

1263 4467 1474 4538 αιὲ

1244 4533 1474 4614 ἐξιὲ

1263 4601 1475 4684 ΞΙΞ

1289 4671 1300 4683 .

1261 4671 1474 4730 ivli:

1261 4731 1372 4832 5"
1435 4741 1490 4790 επ..

1262 4792 1302 4832 I3
1435 4791 1474 4832 β

1261 4791 1493 4918 ΞΙΞ

1435 4903 1493 4948 Ξ.

2019 3655 2058 3687 Φ

2019 3709 2058 3750 ει

2019 3772 2060 3808 Ο

2003 3833 2058 3852 ιρι

2008 3870 2060 3892 *ὖ

2020 3911 2061 3948 :5

2022 3970 2060 4008 >

2021 4028 2060 4059 Φ

2004 4079 2059 4099 1-4

2020 4119 2060 4150 Φ

2022 4225 2062 4266 ει

2006 4284 2062 4305 OF!

2020 4375 2062 4417 εἳ

2023 4438 2062 4474 O

2023 4497 2060 4524 ω

2023 4545 2064 4583 εδ

2023 4604 2080 4644 Ωιι

2024 4664 2064 4700 C6

2010 4761 2063 4805 Ω

2655 3467 2709 3527 Ξ.

2655 3565 2710 3606 Ω..

2637 3608 2694 3683 υὲἒ

2655 3687 2710 3779 ξέ.

2656 3781 2710 3859 gi

2657 3863 2696 3937 ἓ

2829 3454 2884 3518 Ξ

2813 3522 2869 3600 ’ἓ

2830 3601 2870 3678 ἓ

2831 3681 2882 3735 8

2831 3766 2886 3878 ἕ.

2832 3944 2870 3971 ω

2223 3581 2277 3623 U

2226 3646 2280 3666 ι-ι.

2225 3687 2265 3722 D3

2209 3743 2266 3784 Ὅ

2225 3805 2265 3842 93

2227 3869 2265 3895 ω

2225 3919 2267 3955 Ο

2227 3975 2267 4017 β

2228 4128 2268 4170 β

2229 4242 2284 4283 Ω.

2229 4304 2269 4335 ω

2213 4355 2270 4396 Ὅ

2228 4418 2269 4454 Ο

2231 4477 2269 4503 ω

2229 4523 2281 4585 11

2229 4643 2269 4679 0

2230 4699 2270 4739 β

2229 4759 2270 4792 Φ

2804 4373 2860 4580 Ξ

2809 4618 2860 4671 3

2820 4676 2861 4748 ἓ

2821 4753 2877 4852 ἓ

2808 4857 2863 4902 εδ

2989 4426 3029 4457 α)

2989 4462 3028 4501 ct

2989 4505 3029 4541 o

2973 4545 3028 4585 ιε

2989 4587 3029 4622 c6

2991 4626 3028 4662 φ

2973 4663 3030 4750 ἕ

2920 4515 2933 4894 1

1060 5014 1075 5235 Ι
1188 5089 1248 5144 C.
1362 5091 1428 5144 D.
1552 5093 1616 5146 E.
1947 5091 2008 5145 C.
2121 5089 2186 5142 D.
2301 5090 2362 5144 E.
2693 5091 2752 5146 Ο.
2870 5091 2935 5144 D.
3051 5090 3112 5143 E.
3234 5013 3248 5220 Ι

1076 5402 1302 5458 CAPUT
1341 5405 1426 5458 IX.

422 5485 511 5540 De
536 5484 927 5545 similitudine
953 5505 1163 5544 voc-um
1183 5493 1246 5545 in
1268 5496 1471 5559 cantu,
1497 5506 1756 5561 quarum
1784 5490 2080 5560 diapason

955 5578 1083 5632 sola
1115 5581 1382 5646 perfecta
1437 5586 1542 5635 est.

498 5662 864 5732 Supradicta:
876 5680 1076 5733 voces,
1103 5672 1280 5735 prout
1305 5667 1525 5722 similes
1546 5673 1704 5738 sunt,
1727 5671 1928 5740 utpote
1947 5667 2077 5723 alia;

425 5747 486 5806 in
515 5747 870 5818 elevatione,
919 5755 988 5807 ut
1013 5754 1076 5808 C.
1107 5755 1167 5808 et
1193 5755 1258 5810 G.
1290 5757 1354 5810 D.
1396 5758 1456 5812 et
1481 5771 1537 5814 a.
1569 5755 1703 5813 alia;
1727 5755 1788 5811 in
1843 5754 2079 5828 deposi-

2185 5400 2365 5471 tione,
2395 5403 2539 5456 uta.
2583 5405 2640 5457 et
2668 5403 2728 5456 E.
2763 5403 2825 5457 G.
2859 5403 2918 5458 et
2947 5404 3012 5458 D.
3047 5399 3178 5457 alia;
3209 5400 3272 5457 in
3297 5404 3572 5474 utroque,
3604 5406 3672 5458 ut
3699 5402 3760 5458 Ο.
3792 5405 3844 5458 et

2187 5491 2249 5544 G.
2272 5492 2331 5543 E.
2354 5478 2495 5578 εἰη.
2514 5489 2598 5544 ita
2619 5489 2840 5545 similes
2864 5489 3090 5546 faciunt
3108 5506 3382 5557 neumas,
3402 5490 3556 5546 adeo
3583 5495 3651 5547 ut
3669 5491 3842 5546 unius

2187 5578 2447 5645 cognitio
2475 5579 2703 5650 pandat
2724 5579 2825 5634 tibi
2857 5579 3125 5647 alteram,
3159 5579 3219 5635 in
3249 5580 3472 5652 quibus
3511 5596 3654 5636 vero
3683 5580 3842 5636 nulla

2187 5666 2510 5722 similitudo
2543 5672 2874 5723 monstrata
2907 5673 3014 5736 est,
3043 5668 3137 5723 vel
3158 5685 3294 5742 quae
3319 5668 3699 5725 diversorum
3724 5686 3842 5725 m0-

2186 5755 2406 5813 dorum
2419 5756 2773 5828 sunt,altera
2785 5757 3027 5818 alterius
3038 5774 3327 5818 neumam
3339 5763 3710 5834 cautumque
3723 5775 3842 5820 non
