3904 6424
154 279 250 333 389

1631 269 2096 364 MICROLOGUS.

3453 281 3559 340 990

146 400 343 472 recipit
371 415 382 453 :
416 397 580 469 quod
612 396 661 452 si
708 397 1034 469 compellas
1087 397 1369 470 recipere,
1411 396 1795 453 transforma-
1830 401 1875 450 Α
1905 401 2078 452 tonos
2113 396 2448 460 nominant,
2475 399 2576 471 qui
2610 399 2696 454 sic
2727 404 2867 456 sunt
2894 400 3151 458 naturali
3178 402 3257 458 ab
3302 402 3558 461 invicem

146 487 233 542 bis
263 506 274 554 ;
301 491 360 542 ut
383 491 528 558 puta
559 486 607 539 si
628 485 763 556 quis
785 485 959 541 vellet
981 485 1399 558 antiphonam,
1433 487 1605 557 cujus
1636 486 1796 558 prin-

147 577 360 648 cipium
393 580 478 630 est
499 576 558 629 in
593 579 654 630 D.
689 574 749 628 in
782 577 840 629 Ε.
872 574 965 629 vel
994 574 1054 629 in
1079 578 1136 629 Ρ.
1185 591 1319 646 quae
1373 580 1510 630 sunt
1560 575 1798 630 alterius

147 664 305 720 modi
335 680 533 729 voces,
566 663 995 734 incipere,mox
1027 662 1234 717 auditu
1255 664 1585 735 perciperet
1607 678 1797 735 quan-

150 759 207 809 ta
236 752 588 808 diversitatis
618 752 1061 806 transformatio
1092 752 1273 806 ﬁeret.
1308 757 1368 806 In
1404 756 1463 808 l).
1491 770 1630 808 vero
1657 760 1709 807 et
1739 768 1794 807 a.

147 858 277 914 quas
305 841 479 896 unius
512 845 648 894 sunt
680 839 863 906 modi,
914 839 1245 912 seepissime
1276 856 1604 911 possumus
1636 857 1800 895 eum—

148 932 282 986 dem
308 935 550 985 cantum
581 928 836 1000 incipere
865 928 958 983 vel
986 929 1154 983 finire
1189 945 1200 982 :
1233 928 1560 999 saepissime
1600 934 1799 984 autem

147 1018 286 1086 dixi,
317 1023 372 1073 et
409 1034 531 1073 non
565 1033 817 1089 semper,
853 1017 993 1088 quia
1025 1015 1369 1084 similitudo,
1401 1016 1514 1070 nisi
1566 1017 1625 1071 in
1671 1017 1799 1071 dia-

147 1123 357 1181 pason,
389 1105 646 1178 perfecta
678 1122 797 1161 non
829 1109 934 1160 est.
969 1103 1075 1160 Ubi
1123 1105 1283 1159 enim
1335 1105 1569 1160 diversa
1594 1110 1683 1160 est
1711 1109 1799 1160 to—

148 1213 362 1253 norum
388 1195 960 1265 semitom'orumque
999 1193 1234 1265 positio,
1275 1194 1378 1250 ﬁat
1433 1209 1676 1250 necesse
1716 1199 1803 1250 est

149 1291 204 1340 et
228 1301 604 1340 neumarum.
672 1288 730 1338 In
785 1283 1081 1355 pri-edictis
1137 1299 1401 1354 namque
1452 1283 1716 1348 vocibus,
1747 1289 1803 1339 et

147 1391 281 1446 quae
308 1373 485 1428 unius
540 1372 703 1426 modi
758 1372 1055 1435 dicuntur,
1111 1371 1621 1426 dissimilitudines
1643 1372 1802 1426 inve-

149 1463 424 1528 niuntur;
460 1465 522 1516 D.
553 1461 712 1515 enim
741 1460 1059 1532 deponitur
1085 1464 1243 1526 tono,
1278 1476 1332 1514 a.
1381 1476 1516 1515 vero
1555 1460 1799 1528 ditono;

149 1552 230 1606 sic
257 1555 311 1606 et
359 1551 418 1605 in
448 1550 709 1622 reliquis.

809 1621 1030 1675 CAPUT
1070 1623 1128 1674 Χ.

182 1715 269 1767 De
297 1711 488 1766 Medis
519 1716 572 1765 et
596 1711 749 1779 falsi
776 1710 916 1764 mcli
939 1709 1243 1778 agnitione
1272 1716 1322 1763 et
1353 1711 1734 1765 correctione.

221 1801 284 1857 lli
312 1805 450 1855 sunt
507 1803 766 1871 quatuor
811 1797 974 1854 modi
1009 1797 1100 1852 vel
1167 1798 1338 1868 tropi,
1368 1815 1523 1870 quos
1553 1798 1805 1854 abusive
1845 1802 1884 1853 B

1907 485 2242 541 diversitate
2275 486 2384 556 disj
2395 487 2575 557 uncti,
2606 492 2670 542 ut
2691 487 2839 544 alter
2876 489 3042 546 alteri
3079 507 3142 547 1n
3167 507 3278 548 sua
3303 493 3442 549 sede
3470 494 3558 549 lo-

1909 589 2045 628 cum
2077 589 2198 629 non
2227 574 2465 640 tribuat,
2519 573 2782 647 alterque
2829 575 3067 632 alterius
3119 595 3406 638 neumam
3457 587 3563 639 aut

1908 662 2287 717 transformet
2344 667 2447 718 aut
2495 663 2740 734 recipiat
2775 679 3138 737 nunquam;
3190 667 3564 727 dissonantia

1907 766 2149 822 quoque
2170 766 2276 822 per
2305 751 2618 806 falsitatem
2642 751 2723 806 ita
2748 750 2809 806 in
2830 753 3102 808 canendo
3133 754 3563 826 subrepit,cum

1909 844 2013 895 aut
2031 839 2103 894 de
2129 839 2282 895 bene
2306 839 2591 896 dimensis
2618 839 2862 896 vocibus
2892 857 3107 913 parum
3128 842 3276 915 quid
3303 858 3561 912 gravan-

1910 934 1996 984 tes
2030 929 2296 994 demunt,
2329 929 2418 984 vel
2454 929 2742 999 adjiciunt
2786 929 3161 988 intendentes
3199 951 3210 1000 ;
3244 933 3410 1005 quod
3429 949 3564 1005 pra-

1910 1031 1998 1069 vas
2030 1031 2205 1070 voces
2264 1016 2578 1072 hominum
2633 1018 2873 1081 faciunt,
2910 1036 3049 1074 cum
3082 1025 3184 1076 aut
3213 1021 3562 1093 praedictam

1908 1104 2201 1159 rationem
2229 1105 2365 1177 plus
2387 1107 2551 1176 justo
2598 1106 2970 1165 intendentes
3025 1110 3120 1164 vel
3175 1111 3560 1182 remittentes,

1910 1209 2196 1248 neumam
2226 1194 2540 1264 cujuslibet
2596 1197 2758 1251 modi
2813 1203 2916 1252 aut
2961 1198 3022 1252 in
3079 1198 3263 1254 alium
3310 1200 3563 1256 modum

1911 1286 2270 1352 pervertunt,
2327 1286 2430 1337 aut
2473 1282 2533 1337 in
2585 1283 2740 1354 loco,
2794 1284 2898 1357 qui
2927 1301 3136 1340 vocem
3183 1301 3305 1341 non
3334 1285 3559 1358 recipit,

1910 1371 2213 1437 inchoant,
2261 1371 2350 1426 vel
2397 1373 2697 1443 quasdam
2753 1373 2976 1428 faciunt
3031 1373 3455 1430 subductiones
3501 1375 3562 1430 in

1910 1461 2064 1528 trito,
2089 1476 2223 1531 quae
2251 1459 2445 1516 dieses
2507 1462 2902 1534 appellantur,
2943 1480 3081 1518 cum
3127 1480 3250 1520 non
3295 1467 3565 1536 oporteat

1913 1566 2015 1605 cas
2048 1549 2108 1603 in
2141 1565 2319 1603 usum
2345 1550 2676 1617 admittere,
2709 1552 2820 1608 nisi
2861 1552 3417 1624 supervenientibus
3441 1570 3563 1610 cer-

1914 1639 1984 1781 tils
2012 1638 2177 1693 locis.
2212 1639 2383 1704 Quod
2414 1645 2479 1696 ut
2505 1640 2675 1696 facile
2700 1645 2919 1714 pateat,
2950 1642 3343 1714 proponimus
3367 1658 3563 1699 exem-

1915 1743 1954 1781 ο
1983 1744 2081 1781 um
2108 1744 2120 1781 :

1915 1743 2081 1799 pium
2108 1744 2120 1781 :

150 2159 357 2169 —‘—
370 2147 1668 2188 a-a—a-a—a—a—a——
1689 2144 1724 2184 ἃ
1739 2145 2057 2184 ———-a

651 2224 773 2278 00
953 2225 1277 2279 000
1637 2220 1677 2273 G
1923 2220 1967 2272 G

151 2316 752 2369 F——-————-—
775 2315 812 2368 l“
829 2309 2580 2364 ————F—-—-—F——F———F-——F

692 2404 731 2455 E
844 2403 885 2456 Ε
1349 2402 1390 2454 Ε
1858 2400 1897 2452 Ε
2153 2400 2192 2452 Ε
2590 2400 2628 2452 Ε

1277 2489 3564 2544 D——————D————-D—————-—

438 2615 802 2672 Desiderium

227 2713 288 2763 In
310 2706 476 2762 nullo
507 2706 664 2761 enim
698 2719 848 2760 sono
878 2704 1034 2759 valet
1086 2703 1233 2771 ﬁeri,
1266 2706 1516 2773 excepto
1555 2699 1720 2755 tertio
1751 2705 1809 2755 et

152 2802 324 2853 sexto
361 2815 373 2863 ;
406 2811 550 2850 nam
576 2795 681 2850 etsi
712 2795 1038 2866 reperiatur
1075 2791 1135 2846 in
1164 2791 1301 2860 alio,
1351 2790 1585 2862 penitus
1611 2805 1809 2844 emen-

149 2885 358 2942 danda
388 2889 475 2939 est
507 2903 518 2950 ;
551 2899 674 2939 non
705 2883 897 2938 solum
929 2885 1127 2936 autem
1170 2881 1323 2951 ipsa,
1376 2879 1478 2933 sed
1509 2883 1565 2932 et
1615 2876 1807 2944 radix,

149 2992 226 3030 ex
251 2989 374 3045 qua
403 2972 684 3028 inutiliter
713 2972 1022 3043 processit,
1056 2968 1418 3024 eradicanda
1450 2971 1558 3022 est.

228 3063 589 3131 Notandum,
621 3062 805 3134 quod,
835 3062 978 3133 quia
1009 3075 1042 3116 a
1083 3076 1117 3114 a
1169 3057 1538 3130 quibusdam
1570 3053 1810 3110 semito—

150 3154 240 3211 nii
267 3153 401 3208 loco
433 3152 780 3220 admittitur,
839 3151 975 3206 ideo
1021 3149 1402 3205 harmoniam
1457 3146 1517 3201 in
1561 3143 1813 3200 modum

151 3242 408 3318 plaustri
453 3241 747 3309 vergentis
801 3255 908 3312 per
954 3243 1258 3311 petrosam
1302 3236 1575 3292 semitam
1627 3234 1815 3290 conﬁ-

155 3335 342 3390 ciunt.
379 3332 516 3387 ideo
543 3336 741 3387 autem
771 3331 906 3403 plus
928 3346 1112 3403 quam
1144 3328 1416 3384 omnium
1449 3326 1664 3382 artium
1689 3340 1816 3380 mu-

154 3423 295 3478 sicze
324 3425 463 3476 sunt
491 3420 708 3489 regulae
739 3417 1061 3485 dissolutae,
1093 3417 1257 3489 quia,
1316 3416 1464 3471 dum
1515 3429 1817 3486 nusquam

157 3510 346 3583 aliqui
371 3513 692 3583 potuerunt
748 3524 812 3562 se
864 3507 941 3562 ad
995 3507 1269 3561 semitam
1322 3504 1652 3567 admittere,
1698 3503 1819 3557 imo

158 3602 310 3657 dum
337 3599 496 3672 pleni
524 3597 786 3654 ﬂuminis
813 3599 882 3666 (f.
906 3597 1109 3665 instar)
1143 3595 1237 3650 cui
1267 3595 1413 3649 dum
1455 3610 1578 3648 non
1609 3592 1823 3648 sufﬁcit

157 3689 442 3764 proprius
475 3687 698 3747 alveus.
732 3703 836 3758 per
866 3685 1126 3756 compita
1152 3682 1504 3737 diffunditur
1537 3700 1549 3747 ;
1603 3681 1679 3735 ita
1711 3680 1824 3751 ipsi

161 3779 330 3836 omni
359 3777 512 3844 loco,
546 3791 668 3848 quo
718 3774 1032 3830 semitonia
1091 3775 1493 3837 accreverunt,
1528 3769 1706 3825 aliain
1739 3785 1826 3823 se-

3354 2566 3414 2667 ιίί
3498 2593 3566 2663 ιο-

1915 2683 2096 2738 diesis
2123 2681 2414 2738 obtinebit
2441 2679 3052 2753 locum,quisimiliter
3065 2679 3332 2737 eritinter
3357 2668 3416 2754 ﬁ
3432 2686 3490 2740 et
3518 2699 3569 2738 c.

1917 2772 2086 2828 Modo
2119 2771 2295 2826 simili
2324 2787 2360 2826 a
2389 2771 2447 2826 d.
2490 2787 2709 2842 passus
2763 2769 2910 2826 ﬁant
2963 2769 3206 2826 totidem
3258 2771 3570 2842 adﬁnem,

1919 2877 2182 2933 moxque
2236 2861 2517 2916 secundas
2559 2860 2783 2932 patebit
2835 2860 3021 2930 locus,
3079 2861 3422 2933 supradicto
3489 2877 3576 2916 or-

1921 2950 2080 3020 dine,
2120 2967 2256 3022 quas
2301 2950 2409 3006 erit
2460 2949 2611 3005 inter
2664 2965 2716 3004 e.
2749 2953 2803 3004 et
2847 2948 2886 3004 f.
2938 2951 3098 3006 Tunc
3143 2953 3444 3005 revertens
3497 2947 3577 3004 ad

1921 3039 2182 3110 primam
2211 3039 2426 3108 diesin,
2475 3037 2676 3093 divide
2707 3037 2784 3094 ad
2821 3037 3005 3094 ﬁnem
3043 3054 3149 3110 per
3203 3043 3484 3112 quatuor,
3523 3039 3581 3092 et

1923 3129 2155 3201 primus
2207 3129 2348 3186 item
2392 3145 2606 3200 passus
2663 3127 3006 3186 terminabit
3055 3128 3204 3185 inter
3250 3144 3302 3185 e.
3335 3132 3392 3185 et
3417 3127 3456 3183 f.
3487 3141 3580 3183 se-

2353 3226 2543 3326 ηρ

1924 3341 2161 3397 cundus
2184 3343 2334 3397 inter
2357 3334 2421 3419 ῃ
2445 3346 2502 3397 et
2529 3357 2615 3396 cc.
2665 3341 2874 3414 reliqui
2905 3346 3140 3398 vacant.
3174 3341 3584 3398 Admonemus

1926 3446 2068 3486 vero
2090 3431 2373 3486 lectorem
2402 3446 2478 3484 ne
2506 3430 2804 3485 existimet
2831 3446 2944 3485 nos
2990 3429 3281 3501 desipere,
3307 3444 3380 3485 eo
3417 3427 3586 3501 quod

1929 3519 2124 3590 primo
2157 3519 2468 3575 omisimus
2497 3518 2610 3573 ista
2659 3517 2934 3573 scribere.
2997 3521 3112 3572 Nos
3149 3517 3309 3573 enim
3337 3521 3583 3589 paratos

1931 3606 2196 3673 habebit,
2254 3611 2392 3678 post
2442 3605 2625 3661 ﬁnem
2679 3605 2877 3677 operis
2931 3621 3003 3661 ex
3053 3605 3184 3660 istis
3221 3604 3584 3677 respondere

1933 3697 2044 3752 sibi
2081 3715 2092 3764 ;
2121 3712 2281 3752 nunc
2311 3696 2388 3751 ad
2416 3700 2610 3768 coepta
2638 3699 3026 3751 revertamur.

2007 3788 2153 3843 Sunt
2182 3785 2361 3841 etiam
2389 3784 2682 3851 nonnulli,
2718 3783 2822 3856 qui
2841 3783 2944 3839 ubi
2982 3783 3316 3840 debuerant
3343 3782 3585 3839 semidi-

156 3868 374 3925 mitam
402 3865 724 3934 elegerunt,
759 3863 1329 3955 scilicet-metuentes
1369 3863 1599 3955 aratum
1627 3857 1824 3955 ingre-
1867 3901 1906 3955 C
1934 3880 2142 3932 tonum
2175 3875 2825 3947 admittere,apponunt
2848 3879 3076 3930 tonum.
3109 3873 3279 3939 Quod
3307 3876 3371 3928 ut
3385 3889 3587 3930 eum-

154 3959 222 4015 di
256 3971 528 4029 specum,
557 3969 630 4009 ne
687 3952 1061 4022 magnitudo,
1130 3966 1252 4014 qua
1307 3947 1671 4021 praecellunt,
1701 3962 1827 4001 cor-

153 4047 332 4121 poris
362 4047 635 4110 arctetur,
669 4047 772 4098 aut
800 4040 1016 4096 minori
1062 4037 1366 4095 latitudine
1423 4041 1526 4092 aut
1570 4034 1829 4090 breviori

154 4134 477 4194 altitudine
508 4131 802 4202 tegminis.
837 4131 944 4186 Ubi
1003 4133 1205 4185 autem
1269 4143 1392 4182 non
1450 4128 1728 4197 qurerunt
1757 4123 1825 4193 (Γ.

153 4223 420 4299 queunt)
485 4221 724 4294 penitus
792 4220 1072 4287 effugere,
1133 4216 1284 4271 diesi
1348 4215 1438 4270 usi
1497 4217 1654 4281 sunt,
1703 4211 1834 4266 imi-

155 4320 359 4372 tantes
390 4311 675 4367 nimirum
736 4310 866 4365 illos
917 4308 1043 4380 qui,
1089 4307 1236 4361 dum
1293 4308 1568 4361 metuunt
1591 4301 1713 4357 vim
1744 4301 1828 4356 al-

159 4401 354 4474 goris,
388 4400 513 4456 vim
533 4399 759 4455 faciunt
781 4396 1180 4470 impingentes
1235 4393 1418 4450 semel
1470 4396 1606 4448 ante
1637 4407 1704 4446 os
1729 4405 1830 4446 ca-

156 4490 340 4548 mini.

241 4577 427 4647 Igitur
457 4577 583 4631 haec
632 4572 830 4639 diesis,
889 4588 1046 4644 quas,
1109 4571 1262 4626 sicut
1315 4585 1500 4642 supra
1550 4567 1829 4634 diximus,

156 4671 373 4726 locum
405 4663 705 4721 semitonii
772 4661 970 4727 sumit,
1022 4677 1326 4733 nusquam
1383 4658 1678 4713 sumenda
1723 4660 1833 4724 est,

156 4757 285 4815 nisi
312 4755 424 4811 isto
452 4752 656 4820 modo,
707 4767 847 4806 cum
932 4749 1098 4805 tritus
1145 4748 1397 4816 canitur,
1438 4751 1495 4802 et
1544 4745 1837 4802 tetrardus

157 4844 600 4921 producendus
631 4845 718 4897 est
746 4841 806 4896 in
835 4843 1029 4913 proto,
1057 4838 1391 4908 iterumque
1443 4835 1838 4909 deponendus

158 4940 259 4994 est
288 4935 352 4992 in
383 4932 728 5005 semetipso,
759 4929 854 4986 vel
876 4929 940 4985 in
964 4927 1178 4984 eodem
1208 4926 1363 4997 trito,
1389 4925 1484 4981 vel
1505 4925 1684 4981 etiam
1705 4940 1836 4980 ma-

159 5026 260 5100 gis
291 5022 522 5080 inﬁmo.
553 5026 713 5078 Tunc
738 5020 928 5086 tritus,
959 5017 1062 5092 qui
1085 5021 1298 5090 praeest
1327 5014 1610 5084 tetrardo,
1634 5018 1838 5086 proto-

155 5132 258 5185 ve,
297 5110 730 5170 subducendus
749 5115 839 5166 est
862 5108 1170 5164 modicum
1202 5124 1214 5172 ;
1243 5122 1378 5178 quae
1403 5102 1720 5158 subductio
1738 5118 1840 5174 ap-

157 5204 434 5282 pellatur
465 5200 668 5273 diesis,
697 5203 752 5255 et
777 5197 1063 5254 medietas
1095 5193 1394 5268 sequentis
1422 5190 1734 5257 semitonii,
1766 5189 1840 5244 si-

1936 3964 2034 4037 plo
2066 3968 2285 4036 pateat,
2338 3963 2399 4019 in
2457 3961 2911 4032 Communione,
2965 3963 3187 4032 diffusa
3229 3966 3312 4018 est
3364 3963 3589 4033 gratia,

1937 4053 2105 4108 multi
2126 4057 2460 4125 propterea,
2494 4051 2660 4124 quod
2685 4055 2809 4107 erat
2856 4050 3266 4123 incipiendum
3294 4050 3355 4106 in
3383 4052 3441 4106 F.
3467 4064 3591 4106 uno

1938 4145 2082 4197 tono
2111 4141 2442 4215 deponunt,
2479 4156 2618 4197 cum
2649 4143 2784 4196 ante
2805 4142 2862 4195 F.
2894 4144 3205 4195 tonusnon
3236 4139 3309 4194 sit
3338 4155 3351 4193 :
3385 4138 3591 4210 sicque

1937 4231 2021 4297 ﬁt,
2054 4235 2119 4285 ut
2147 4231 2493 4302 ubicunque
2543 4228 2799 4285 occurrit
2835 4227 3237 4296 semitonium,
3281 4229 3509 4299 ponant
3531 4225 3595 4281 il-

1939 4319 2066 4374 lum
2097 4319 2209 4374 sub
2243 4323 2297 4386 F,
2340 4319 2505 4391 quod
2562 4317 2726 4373 nullo
2755 4317 2938 4373 modo
2975 4316 3099 4372 ﬁeri
3129 4320 3346 4388 potest,
3374 4319 3434 4370 et
3456 4314 3593 4371 ideo

1938 4407 2075 4462 ﬁnis
2132 4407 2584 4463 Communionis
2633 4404 2906 4476 ejusdem
2951 4405 3174 4460 ibidem
3218 4403 3434 4468 veniat,
3487 4402 3596 4458 ubi

1942 4495 2106 4550 nulla
2135 4510 2250 4549 vox
2280 4499 2386 4549 est.
2412 4493 2679 4550 Cantoris
2726 4493 2930 4564 itaque
2973 4492 3196 4565 peritiae
3225 4506 3358 4547 esse
3391 4489 3591 4559 debet,

1942 4599 2064 4655 quo
2094 4583 2226 4637 loco
2250 4582 2344 4637 vel
2369 4581 2554 4636 modo
2583 4579 2917 4653 quamlibet
2936 4595 3222 4636 neumam
3240 4577 3502 4649 incipiat,
3530 4581 3597 4634 ut

1944 4689 2080 4730 eam
2103 4671 2197 4727 vel
2229 4686 2335 4727 suo
2365 4670 2545 4728 modo
2590 4669 2878 4738 restituat,
2930 4668 3041 4738 vel,
3074 4668 3121 4723 si
3151 4667 3411 4723 motione
3440 4682 3596 4739 opus

1945 4767 2050 4829 est,
2084 4762 2162 4818 ad
2205 4760 2413 4816 afﬁnes
2466 4775 2644 4816 voces
2685 4758 2964 4831 inquirat.
3022 4761 3137 4814 Hos
3158 4761 3360 4813 autem
3379 4755 3598 4812 modos

1945 4850 2036 4906 vel
2060 4855 2263 4922 tropos
2289 4865 2478 4920 graece
2526 4847 2912 4905 nominamus
2951 4851 3210 4919 pratum,
3259 4844 3595 4914 deuterum,

1946 4940 2169 5007 tritum,
2195 4943 2526 4997 tetrartum.

2600 5009 2822 5067 CAPUT
2860 5009 2945 5063 Χῐ.

1951 5103 2090 5170 Quw
2119 5117 2254 5167 vox,
2286 5107 2340 5157 et
2371 5115 2558 5172 quare
2586 5101 2648 5155 in
2671 5104 2853 5154 cantu
2879 5097 3142 5153 obtineat
3167 5095 3596 5166 principatum.

2022 5194 2170 5248 Cum
2201 5194 2401 5246 autem
2427 5189 2675 5261 quilibet
2705 5191 2916 5244 cantus
2969 5185 3252 5244 omnibus
3277 5185 3529 5242 vocibus
3546 5188 3606 5243 et

158 5261 274 5353 cut
303 5261 692 5350 semitonium
726 5293 813 5345 est
840 5287 1130 5343 medietas
1178 5261 1487 5358 sequentis
1519 5279 1659 5338 toni.
1687 5278 1840 5337 Meti-
1868 5261 1912 5313 D
1950 5281 2146 5338 modis
2222 5279 2344 5349 ﬁat,
2396 5295 2512 5336 vox
2563 5285 2764 5336 tamen
2827 5293 2962 5351 quas
3015 5280 3260 5334 cantum
3306 5274 3604 5344 terminat,

163 5391 268 5443 tur
296 5386 500 5440 autem
522 5379 638 5435 hoc
659 5375 864 5433 modo.
909 5376 1055 5431 Cum
1095 5390 1132 5430 a
1188 5375 1249 5430 G.
1295 5372 1372 5429 ad
1398 5370 1582 5428 ﬁnem
1634 5368 1842 5426 feceris

162 5489 400 5532 novem
432 5483 673 5543 passus,
701 5464 1044 5538 reperisque
1102 5479 1156 5518 a.
1183 5467 1323 5519 tunc
1352 5460 1428 5517 ab
1459 5477 1513 5516 a.
1548 5463 1627 5515 ad
1655 5457 1839 5513 ﬁnem

160 5563 396 5639 partire
421 5575 527 5632 per
564 5559 814 5627 septem,
843 5558 899 5609 et
951 5553 1010 5608 in
1035 5551 1289 5639 termino
1322 5550 1528 5622 prima:
1551 5547 1733 5620 partis
1754 5563 1844 5601 re-

1951 5367 2178 5425 obtinet
2228 5365 2630 5440 principatum
2661 5383 2674 5432 ;
2707 5380 2778 5421 ea
2829 5364 2988 5421 enim
3026 5367 3084 5421 et
3124 5363 3344 5422 diutius
3382 5367 3440 5420 et
3481 5379 3609 5421 mo-

1950 5456 2146 5512 rosius
2195 5459 2385 5511 sonat.
2457 5457 2524 5509 Et
2578 5452 2905 5526 praemissae
2947 5468 3141 5522 voces,
3193 5469 3328 5526 quas
3374 5455 3607 5508 tantum

1954 5543 2283 5600 exercitatis
2311 5546 2534 5615 patent,
2563 5541 2643 5597 ita
2694 5541 2772 5597 ad
2812 5557 2946 5598 eam
2996 5540 3382 5614 adaptantur,
3415 5544 3480 5596 ut
3505 5538 3610 5594 mi-

162 5621 336 5726 peris
369 5621 890 5720 primam-diesim,
925 5643 1072 5696 inter
1097 5621 1157 5724 ﬁ
1207 5645 1262 5694 et
1287 5621 1336 5693 ci
1384 5641 1507 5694 Mox
1550 5634 1846 5691 secundus
1956 5649 2089 5687 rum
2116 5631 2176 5685 in
2208 5631 2459 5685 modum
2481 5629 2815 5702 quamdam
2840 5630 2916 5686 ab
2931 5647 3004 5686 ea
3028 5629 3242 5686 coloris
3261 5627 3476 5685 faciem
3497 5626 3608 5681 du-

161 5720 226 5799 ἐι
262 5739 470 5799 tertius
500 5748 722 5808 passus
751 5736 924 5786 erunt
971 5720 1166 5800 vacui,
1221 5731 1472 5800 quartus
1524 5741 1665 5782 vero
1699 5721 1849 5778 tertii
1957 5736 2088 5776 cere
2117 5720 2452 5778 videantur.
2485 5723 2590 5776 Per
2619 5720 3000 5792 supradictas
3016 5735 3244 5793 nemp
3267 5733 3370 5777 sex
3398 5728 3609 5777 conso-
