3958 6396
416 274 421 289 ι
454 238 551 301 391

1863 223 2196 290 GUIDONIS
2231 236 2509 293 ARETINI
2518 279 2530 292 .

446 366 706 431 nantias,
736 360 866 419 voci
890 376 1028 434 qua
1047 372 1333 416 neumam
1353 354 1634 411 terminat
1658 352 1901 426 reliqua?
1925 370 2105 411 V0083
2142 372 2190 424 Α
2220 381 2369 423 rere.
2394 365 2694 439 Excipitur
2729 364 2941 421 Tribus
2970 366 3286 424 miraculis
3313 380 3335 439 ;
3363 367 3530 441 quia,
3581 386 3723 429 cum
3740 389 3856 431 can-

446 453 814 515 concordare
843 449 1083 505 debent.
1106 445 1243 501 Voci
1289 459 1431 500 vero
1468 459 1605 516 quae
1633 447 1877 499 cantum
1908 443 2108 499 termi-

2219 458 2312 510 tus
2343 455 2404 511 in
2435 458 2495 511 E.
2530 453 2808 511 terminat
2834 469 2995 527 saepe
3015 454 3077 511 in
3099 471 3149 510 c.
3173 458 3280 529 qui
3309 457 3389 514 ab
3416 475 3489 516 ea
3518 458 3793 535 diapente
3811 470 3856 521 et

445 549 571 613 nat,
602 539 1005 616 principatum
1048 535 1199 605 ejus,
1248 535 1723 603 cunctarumque
1777 530 2058 587 distincti<

2229 542 2599 600 semitonium
2653 541 2853 610 distat,
2910 542 3271 616 principium
3322 545 3461 605 facit
3487 547 3549 604 in
3586 530 3703 607 hac
3733 552 3857 608 anti-

443 651 594 692 num
630 630 779 686 ﬁnes
834 624 928 682 vel
983 623 1163 681 etiam
1211 620 1526 695 principia,
1568 636 1723 692 opus
1752 624 1843 676 est
1898 619 2104 677 adlim-

642 1537 842 1591 Tertia.
865 1533 989 1588 dies
1014 1536 1119 1598 est,
1151 1529 1312 1601 quod
1339 1528 1468 1585 hac
1500 1527 1672 1596 facta
1711 1530 1871 1581 sunt.

496 1631 782 1684 Praeterea
826 1636 970 1676 cum
1027 1618 1291 1691 aliquem
1346 1619 1586 1673 cantare
1634 1613 1937 1683 audimus,
1970 1611 2086 1685 pri-

2212 635 2421 709 phona
2451 650 2465 688 :

2047 847 2254 889 CC—CO

2129 1526 2167 1580 Β
2205 1524 2723 1597 comparationem
2743 1523 2881 1581 ﬁnis
2909 1528 3037 1581 tum
3066 1525 3184 1584 sint
3214 1542 3426 1596 graves
3449 1531 3507 1585 et
3524 1526 3713 1601 plani,
3735 1531 3856 1584 tum

2196 1613 2353 1670 acuti
2383 1619 2440 1670 et
2465 1614 2586 1682 alti,
2620 1631 2828 1671 versus
2854 1618 2913 1672 et
2963 1615 3205 1688 psalmi,
3236 1620 3294 1672 et
3323 1617 3373 1673 si
3417 1617 3587 1691 quid,
3615 1622 3682 1673 ut
3711 1616 3858 1673 dixi-

422 1733 590 1775 mam
620 1715 750 1785 ejus
778 1725 1013 1782 vocem,
1037 1705 1379 1779 cujusmodi
1406 1705 1498 1773 sit,
1516 1703 1869 1774 ignoramus
1900 1720 1912 1767 ;
1941 1700 2087 1774 quia
2193 1719 2350 1773 mus,
2386 1703 2490 1759 ﬁni
2520 1703 2856 1776 aptandum
2912 1709 3058 1777 erat,
3102 1721 3224 1762 uno
3276 1705 3614 1779 eodemque
3672 1706 3857 1763 modo

420 1810 624 1863 utrum
654 1799 778 1857 toni
796 1798 891 1855 vel
908 1797 1223 1854 semitonia
1247 1793 1565 1866 reliquaeve
1582 1790 1808 1865 species
1826 1806 2082 1863 sequan-

420 1901 538 1963 tur,
612 1887 933 1948 nesciznus.
992 1885 1175 1942 Finito
1219 1899 1360 1939 vero
1418 1885 1598 1937 cantu
1653 1879 1872 1936 ultimae
1918 1879 2083 1935 vocis

419 1982 672 2041 modum
693 1996 767 2036 ex
797 1974 1103 2050 praeteritis
1133 1975 1335 2045 aperte
1378 1969 1786 2041 agnoscimus.
1843 1973 2080 2042 lncepto

418 2071 580 2129 enim
608 2071 811 2136 cantu,
838 2062 986 2138 quid
1007 2066 1314 2135 sequatur,
1349 2060 1612 2129 ignoras,
1643 2056 1811 2113 ﬁnito
1855 2062 2076 2124 autem,

416 2160 563 2235 quid
619 2153 1011 2230 preecesserit,
1066 2151 1250 2206 vides.
1312 2153 1515 2221 Itaque
1560 2145 1758 2202 ﬁnalis
1822 2162 1940 2202 vox
1969 2151 2075 2214 est,

416 2264 605 2323 quam
630 2244 844 2301 melius
894 2241 1216 2297 intuemur.
1267 2236 1488 2293 Deinde
1534 2235 1581 2290 si
1628 2235 1823 2291 eidem
1875 2236 2076 2292 cantui

413 2352 653 2395 versum
687 2337 791 2391 aut
817 2329 1143 2405 psalmum,
1186 2330 1289 2385 aut
1342 2324 1571 2398 aliquid
1620 2323 1767 2380 velis
1828 2325 2076 2397 subjun-

414 2441 574 2498 gere,
603 2423 681 2479 ad
705 2419 950 2477 finalem
975 2432 1185 2472 vocem
1210 2411 1582 2487 permaxime
1611 2428 1765 2485 opus
1788 2417 1877 2468 est
1901 2429 2077 2486 coap-

411 2521 558 2583 tare,
585 2527 708 2568 non
725 2509 801 2566 ad
832 2507 1042 2582 primae
1067 2504 1156 2561 vel
1185 2504 1437 2560 aliarum
1466 2501 1618 2558 adeo
1636 2501 2073 2573 inspectionem

408 2603 624 2663 redire.

480 2690 733 2750 Additur
756 2701 1002 2761 quoque
1031 2689 1089 2740 et
1137 2681 1303 2750 illud,
1353 2680 1520 2754 quod
1551 2679 1816 2736 accurati
1859 2685 2072 2737 cantus

408 2784 471 2840 in
499 2780 746 2838 ﬁnalem
786 2791 996 2833 vocem
1052 2772 1315 2830 maxime
1371 2768 1780 2826 distinctiones
1809 2769 2067 2827 mittant.

2189 1792 2494 1866 prolatum
2522 1793 2773 1850 diversis
2802 1793 2993 1867 aptari
3024 1810 3148 1851 non
3170 1799 3419 1867 poterat.
3466 1795 3641 1862 Quod
3698 1796 3855 1852 enim

2192 1881 2697 1953 subjungebatur,
2720 1882 2769 1939 si
2794 1888 2921 1939 erat
2945 1898 3148 1953 grave,
3176 1900 3314 1939 cum
3341 1884 3531 1940 acutis
3558 1899 3691 1965 non
3725 1900 3855 1942 con-

2189 1971 2490 2040 veniebat,
2523 1972 2572 2028 si
2610 1976 2736 2029 erat
2764 1976 3029 2040 acutum,
3062 1987 3099 2026 a
3128 1971 3413 2042 gravibus
3442 1971 3851 2029 discordabat.

2189 2060 2515 2117 Consilium
2545 2061 2746 2134 itaque
2774 2060 2903 2128 fuit,
2939 2065 3001 2115 ut
3040 2060 3297 2135 quisque
3355 2060 3577 2117 modus
3608 2062 3855 2133 partire-

2189 2151 2283 2204 tur
2308 2148 2367 2204 in
2396 2148 2574 2217 duos,
2606 2148 2664 2204 id
2712 2153 2818 2217 est,
2878 2152 3125 2204 acutum
3178 2152 3233 2204 et
3259 2164 3528 2219 gravem,
3569 2148 3850 2206 distribu-

2187 2236 2379 2308 tisque
2405 2236 2625 2307 regulis
2654 2240 2830 2292 acuta
2884 2252 3023 2292 cum
3049 2236 3259 2307 acutis,
3292 2241 3349 2293 et
3378 2237 3586 2307 gravia
3638 2254 3853 2294 conve-

2183 2325 2379 2381 nirent
2407 2326 2712 2397 gravibus,
2737 2330 2794 2382 et
2822 2331 3034 2382 acutus
3088 2325 3349 2400 quisque
3377 2327 3599 2384 modus
3627 2327 3851 2385 dicere-

2183 2419 2280 2472 tur
2316 2415 2670 2484 autenticus,
2702 2415 2763 2471 id
2793 2420 2899 2486 est,
2932 2415 3251 2472 auctoralis
3275 2421 3333 2473 et
3355 2415 3635 2491 princeps
3669 2436 3683 2486 ;
3719 2433 3850 2489 gra-

2180 2503 2272 2560 vis
2302 2509 2505 2561 autem
2530 2504 2712 2578 plaga
2740 2510 3074 2578 vocaretur,
3102 2505 3164 2561 id
3189 2509 3300 2577 est,
3359 2505 3617 2563 lateralis
3647 2513 3709 2564 et
3737 2507 3846 2564 mi-

2102 2628 2107 2635 η
2179 2609 2312 2649 nor.
2341 2593 2496 2659 Quid
2524 2593 2686 2649 enim
2712 2593 2926 2649 dicitur
2956 2598 3111 2650 stare
3165 2594 3245 2651 ad
3273 2594 3428 2651 latus
3482 2612 3712 2665 meum,
3746 2597 3849 2653 mi-

2178 2696 2292 2737 nor
2309 2698 2408 2737 me
2438 2686 2543 2748 est,
2573 2685 2852 2738 caeterum
2880 2681 2928 2737 si
2953 2686 3112 2738 esset
3138 2683 3354 2754 major,
3385 2699 3498 2755 ego
3528 2686 3732 2758 aptius
3764 2685 3846 2740 di-

2178 2785 2343 2826 cerer
2372 2773 2526 2827 stare
2555 2769 2636 2826 ad
2657 2769 2815 2826 latus
2871 2770 3024 2842 ejus.
3077 2772 3226 2827 Cum
3275 2787 3417 2844 ergo
3460 2773 3699 2831 dicatur
3738 2790 3845 2831 au-

408 2876 523 2930 Nec
549 2869 771 2925 mirum
796 2870 884 2922 est
934 2862 1171 2933 regulas
1204 2859 1497 2916 musicam
1546 2874 1782 2914 sumere
1813 2875 1849 2914 a
1904 2858 2070 2915 ﬁnali
2107 2875 2149 2932 c
2178 2862 2376 2916 tentus
2406 2864 2617 2932 protus
2650 2863 2708 2915 et
2726 2859 2921 2931 plagis
2950 2860 3126 2933 proti,
3157 2861 3423 2918 similiter
3468 2863 3543 2919 de
3572 2863 3841 2938 reliquis,

405 2976 576 3026 voce,
609 2960 827 3013 cumet
854 2953 916 3009 in
966 2950 1379 3009 Grammaticas
1427 2947 1700 3022 partibus
1743 2948 1886 3004 artis
1912 2965 2065 3021 pene

405 3048 633 3120 ubique
662 3045 786 3100 vim
816 3057 1027 3098 sensus
1082 3040 1145 3095 in
1201 3037 1422 3093 ultimis
1470 3035 1675 3092 litteris
1706 3036 1800 3091 vel
1821 3036 2065 3118 syllabis

404 3152 514 3212 per
538 3151 738 3203 casus,
790 3146 1098 3198 numeros,
1130 3142 1446 3202 personas,
1507 3130 1900 3198 temporaque
1950 3127 2063 3182 dis-

403 3226 726 3285 cernimus.
760 3222 941 3293 lgitur
976 3219 1120 3293 quia
1163 3222 1221 3274 et
1245 3215 1443 3272 omnis
1470 3214 1605 3271 laus
1661 3214 1722 3270 in
1755 3214 1875 3271 ﬁne
1904 3216 2064 3272 cani-

400 3319 517 3382 tur,
543 3314 677 3385 jure
693 3310 948 3368 dicimus
973 3306 1140 3381 quod
1174 3303 1372 3360 omnis
1402 3307 1619 3359 cantus
1657 3302 1710 3357 ei
1758 3302 1833 3358 sit
1878 3304 2062 3360 modo

399 3403 730 3474 subjectus,
774 3403 832 3456 et
850 3398 928 3455 ab
954 3413 1025 3453 eo
1049 3394 1234 3451 modo
1253 3391 1528 3463 regulam
1562 3395 1781 3461 sumat,
1837 3392 1942 3465 qui
1972 3393 2063 3448 ul-

398 3492 578 3550 timus
600 3492 794 3545 sonat.
825 3490 875 3541 Α
917 3483 1087 3540 ﬁnali
1129 3482 1332 3555 itaque
1385 3496 1533 3537 voce
1560 3480 1640 3537 ad
1668 3481 1944 3553 quintam
1998 3482 2061 3538 in

395 3579 664 3655 quolibet
718 3580 900 3633 cantu
950 3573 1116 3645 justa
1140 3577 1229 3628 est
1276 3569 1594 3644 depositio,
1621 3574 1679 3626 et
1724 3586 1918 3643 usque
1980 3571 2060 3627 ad

392 3676 640 3728 octavas
669 3665 941 3732 elevatio,
968 3662 1104 3719 licet
1132 3665 1342 3717 contra
1395 3660 1553 3715 hanc
1578 3658 1851 3730 regulam
1898 3676 2058 3733 saepe

390 3760 518 3831 ﬁat,
544 3774 685 3815 cum
705 3755 785 3812 ad
814 3769 1064 3820 nonam,
1121 3750 1494 3807 decimamve
1536 3748 1629 3804 vel
1667 3748 2053 3807 undecimam

392 3846 871 3922 progrediamur.
922 3842 1089 3898 Unde
1138 3844 1197 3895 et
1242 3838 1455 3894 ﬁnales
1492 3854 1670 3894 voces
1724 3842 2058 3896 statuerunt

392 3940 458 3992 D.
491 3939 553 3992 E.
589 3938 647 3991 F.
674 3936 738 3990 G.
771 3931 916 4005 quia
941 3930 1034 3985 his
1080 3928 1346 4001 primum
1384 3926 1734 3999 praedictam
1780 3926 2057 3984 elevatio-

390 4041 531 4082 nem
580 4021 677 4077 vel
711 4018 1152 4093 depositionem
1194 4014 1593 4070 monochordi
1648 4014 1865 4087 positio
1896 4032 2056 4073 com-

388 4110 722 4171 modaverit
753 4128 767 4179 ;
802 4108 1029 4164 habent
1092 4104 1255 4161 enim
1332 4104 1461 4159 haec
1506 4103 1797 4160 deorsum
1859 4121 2052 4162 unum

2174 2944 2280 3017 qui
2305 2943 2656 3000 naturaliter
2685 2944 2747 2999 in
2794 2944 3044 3000 vocibus
3092 2951 3263 3002 erant
3280 2951 3497 3019 quator
3524 2947 3724 3017 divisi,
3784 2948 3844 3004 in

2174 3032 2451 3089 cantibus
2490 3032 2627 3089 facti
2671 3038 2810 3089 sunt
2852 3037 3007 3090 octo.
3076 3035 3298 3092 Abusio
3352 3044 3553 3093 autem
3601 3038 3844 3095 tradidit

2171 3122 2369 3179 latinis
2398 3122 2634 3179 dicere:
2688 3138 2799 3195 pro
2857 3128 3100 3180 autento
3149 3129 3322 3198 proto
3360 3131 3419 3183 et
3474 3127 3673 3200 plagis
3700 3144 3839 3202 pro-

2171 3212 2232 3280 ti,
2288 3211 2520 3285 primus
2573 3218 2630 3269 et
2684 3213 2977 3269 secundes
3009 3232 3023 3282 ;
3054 3230 3164 3287 pro
3208 3220 3451 3273 autento
3505 3218 3760 3275 deutero
3788 3222 3837 3274 et

2170 3300 2366 3375 plagis
2413 3301 2661 3369 deuteri,
2722 3301 2925 3359 tertius
2975 3307 3034 3359 et
3077 3310 3377 3377 quartus;
3429 3322 3539 3380 pro
3592 3311 3835 3365 autento

2171 3391 2306 3447 trito
2354 3395 2413 3447 et
2460 3390 2653 3464 plagis
2708 3392 2844 3462 triti,
2893 3393 3139 3466 quintus
3187 3400 3245 3451 et
3273 3399 3518 3466 sextus;
3576 3413 3691 3471 pro
3738 3414 3836 3454 au-

2169 3483 2331 3536 tento
2406 3480 2667 3536 tetrardo
2721 3485 2777 3537 et
2831 3480 3027 3553 plagis
3077 3483 3339 3553 tetrardi,
3416 3486 3707 3559 septimus
3783 3489 3837 3543 et

2168 3574 2440 3627 octavus.

2162 3806 2251 3862 De
2278 3811 2408 3862 octo
2437 3806 2751 3862 modorum
2772 3808 3098 3880 agnitione,
3121 3812 3395 3869 acumine
3423 3818 3478 3870 et
3506 3816 3832 3887 gravitate.

2239 3929 2419 3999 [gitur
2446 3933 2583 3985 octo
2612 3935 2752 3986 sunt
2778 3932 2965 4002 modi,
2999 3938 3063 3989 ut
3108 3939 3243 3991 octo
3285 3940 3489 4010 partes
3518 3939 3834 4008 orationis,

2160 4021 2219 4074 et
2246 4021 2380 4075 octo
2409 4017 2618 4075 formae
2653 4018 3058 4090 beatitudinis,
3090 4040 3198 4096 per
3243 4041 3402 4098 quos
3441 4028 3638 4085 omnis
3685 4045 3837 4086 can—

2160 4106 2342 4164 tilena
2362 4107 2705 4164 discurrens
2735 4113 2869 4166 octo
2901 4109 3297 4169 dissimilibus
3326 4115 3578 4172 vocibus
3606 4122 3664 4174 et
3682 4134 3840 4192 qua-

387 4200 833 4260 tetrachordum
887 4195 1186 4267 gravium,
1247 4208 1491 4249 sursum
1539 4208 1682 4248 vero
1732 4193 1855 4250 duo
1913 4209 2050 4250 acu-
2086 4222 2132 4278 D
2155 4196 2423 4254 litatibus
2447 4198 2727 4255 variatur.
2757 4199 2849 4255 Ad
2877 4216 3032 4273 quos
3071 4202 3133 4259 in
3161 4204 3438 4262 cantibus
3490 4206 3839 4266 discernen-

382 4297 604 4351 tarum.

1028 4376 1252 4434 CAPUT
1296 4376 1406 4430 XII.

558 4475 648 4530 De
673 4470 963 4528 divisione
989 4471 1251 4540 quatuor
1283 4463 1594 4520 modorum
1622 4463 1685 4519 in
1715 4467 1866 4520 octo.

452 4567 682 4621 Interea
708 4576 851 4617 cum
879 4561 1091 4616 cantus
1117 4555 1299 4613 unius
1326 4551 1515 4624 modi,
1538 4555 1743 4626 utpote
1763 4552 1940 4626 proti,
1966 4551 2048 4610 ad

735 4715 968 4768 Daca
1137 4702 1753 4763 aGFEGFE
1862 4702 1957 4756 DD

733 4809 849 4866 Pri
872 4822 1036 4863 mum
1111 4818 1225 4876 que
1255 4801 1317 4857 ri
1387 4806 1442 4857 te
1550 4814 1620 4856 re
1643 4815 1832 4871 gnum
1869 4799 1985 4855 Dei

447 4966 578 5020 Mox
606 4958 768 5018 enim
797 4960 864 5014 ut
883 4972 1024 5013 cum
1047 4953 1169 5009 ﬁne
1206 4951 1460 5023 alicujus
1515 4950 1858 5024 antiphonee
1886 4951 2044 5007 hanc

372 5067 663 5109 neumam
688 5049 844 5106 bene
873 5043 1200 5102 viderimus
1234 5040 1572 5112 convenire,
1623 5040 1791 5113 quod
1820 5040 2045 5097 autenti

373 5140 531 5214 proti
578 5139 670 5207 sit,
730 5153 855 5194 non
894 5140 984 5192 est
1029 5149 1183 5207 opus
1238 5129 1512 5188 dubitare
1547 5148 1561 5201 ;
1604 5128 1687 5185 sic
1736 5133 1793 5186 et
1815 5128 1891 5186 de
1914 5128 2044 5186 reli-

374 5228 530 5300 quis.

445 5312 536 5367 Ad
550 5312 665 5368 hoc
684 5313 865 5371 etiam
889 5310 1380 5385 cognoscendum
1394 5306 1725 5383 plurimum
1755 5304 1956 5363 valent
1983 5310 2041 5363 et

373 5415 585 5455 versus
596 5400 1038 5457 nocturnalium
1049 5397 1656 5472 responsoriorum,et
1673 5393 1893 5467 psalmi
1908 5392 2036 5450 om-

376 5487 627 5555 ciorum,
657 5492 713 5542 et
740 5489 944 5543 omnia
972 5504 1109 5559 quae
1147 5488 1208 5547 in
1237 5486 1561 5542 modorum
1590 5482 1864 5540 formulis
1884 5499 2034 5556 prae-

376 5572 736 5645 scribuntur,
753 5591 908 5646 quas
935 5573 1039 5644 qui
1059 5588 1182 5630 non
1208 5575 1395 5644 novit,
1408 5574 1629 5630 mirum
1655 5577 1742 5629 est
1767 5571 1814 5626 si
1843 5587 2032 5645 quam

447 5693 557 5765 (14)
582 5694 864 5752 Videntur
891 5695 1234 5766 legendum,
1261 5698 1491 5753 soleant
1512 5697 1849 5767 pervenire.

2155 4287 2267 4344 dos
2295 4287 2475 4344 etiam
2512 4287 2797 4360 quaedam
2818 4304 3054 4347 neumte
3084 4290 3341 4350 inventae
3369 4300 3527 4367 sunt,
3558 4312 3634 4353 ex
3676 4314 3836 4372 qua-

2153 4391 2292 4433 rum
2316 4376 2648 4450 aptitudine
2677 4378 2759 4436 ita
2786 4380 3041 4438 modum
3077 4384 3371 4440 cantionis
3413 4386 3832 4459 agnoscimus,

2156 4467 2308 4522 sicut
2336 4482 2497 4539 saepe
2534 4482 2608 4523 ex
2637 4467 2969 4542 aptitudine
3024 4472 3312 4545 corporis,
3352 4489 3489 4547 quas
3528 4476 3707 4548 cujus
3761 4477 3837 4534 sit

2155 4553 2377 4625 tunica,
2403 4555 2756 4630 reperimus,
2789 4562 2891 4614 ut:

2104 4701 3424 4771 CFGaGaG'FEFGaGFEFD.

2149 4956 2385 5026 partem
2422 4953 2643 5010 horum
2662 4969 2797 5028 que:
2819 4954 3100 5014 dicuntur
3125 4957 3418 5032 intelligit.
3451 4962 3536 5019 lbi
3560 4962 3731 5021 enim
3763 4965 3829 5021 in

2151 5042 2361 5100 formis
2390 5046 2771 5119 praevidetur,
2803 5047 3027 5121 quibus
3056 5048 3117 5105 in
3160 5050 3413 5109 vocibus
3439 5052 3828 5126 singulorum

2148 5133 2473 5192 modorum
2504 5137 2717 5192 cantus
2744 5135 2938 5193 rarius
2969 5138 3261 5211 saepiusve
3287 5140 3626 5216 incipiatur,
3669 5149 3734 5202 et
3761 5146 3829 5202 in

2147 5220 2372 5295 quibus
2383 5222 2631 5280 minime
2651 5223 2714 5280 id
2731 5224 2868 5282 ﬂat:
2895 5230 2960 5282 ut
2985 5226 3047 5282 in
3076 5226 3271 5301 plagis
3291 5230 3540 5303 quidem
3563 5233 3828 5291 minime

2143 5308 2282 5367 licet
2298 5308 2391 5366 vel
2412 5309 2709 5385 principia
2736 5313 2830 5370 vel
2858 5312 3009 5371 ﬁnes
3048 5314 3499 5377 distinctionum
3528 5320 3606 5378 ad
3636 5323 3829 5396 quin-

2142 5401 2235 5453 tas
2263 5397 2592 5467 intendere,
2610 5417 2761 5459 .eum
2794 5405 2851 5457 et
2889 5402 2968 5458 ad
3020 5411 3270 5476 quartas
3310 5423 3558 5480 perraro
3625 5410 3829 5469 soleat

2140 5485 2376 5542 evenire
2405 5488 2539 5559 (14).
2562 5492 2624 5543 In
2656 5490 2912 5546 autentis
2937 5507 3099 5563 vero,
3121 5501 3336 5567 praeter
3363 5496 3826 5568 deuterum,ea-

2138 5573 2279 5631 dem
2312 5575 2605 5649 principia
2625 5582 2681 5633 et
2708 5577 2858 5634 ﬁnes
2898 5579 3349 5640 distinctionum
3390 5587 3641 5644 minime
3678 5587 3823 5646 licet
