3904 6394
92 273 198 327 393

1571 268 2036 328 MICROLOGUS.

3409 280 3513 332 394-

89 396 169 451 ad
214 400 406 451 sextas
436 395 761 461 intendere,
811 394 1003 466 plagae
1049 411 1191 450 vero
1219 395 1373 468 proti
1396 396 1491 451 vel
1518 395 1633 450 triti
1666 393 1743 449 ad
1774 396 1819 446 A
1858 391 2052 448 biliter
2080 396 2407 466 penetralia
2437 396 2650 453 cordis.
2702 398 2843 454 Inde
2874 402 2982 465 est,
3010 398 3177 471 quod
3207 398 3357 455 sicut
3380 399 3515 472 qui-

90 486 291 541 tertias
324 485 637 540 intendunt
666 504 678 551 ;
733 490 788 539 et
836 484 1027 556 plagas
1056 485 1282 540 deuteri
1318 490 1375 542 et
1401 485 1641 543 tetrardi
1669 483 1748 539 ad

86 580 336 647 quartas
365 575 699 629 intendunt.

162 664 490 721 Memineris
550 668 852 736 praeterea,
884 664 1051 737 quod
1100 665 1249 720 sicut
1278 665 1581 721 usualium
1612 679 1751 719 can-

92 760 262 809 tuum
293 754 661 809 attestatione
692 753 1283 825 perhibetur,autenti
1304 754 1404 809 vix
1437 772 1472 811 a
1495 770 1604 810 suo
1632 753 1751 808 ﬁne

90 841 230 915 plus
256 857 378 896 una
405 856 549 895 voce
573 841 961 897 descendunt.
988 845 1071 897 Ex
1094 843 1315 915 quibus
1348 848 1628 899 autentus
1660 842 1755 898 tri-

94 936 191 986 tus
220 930 520 986 rarissime
551 930 610 985 id
638 931 828 986 facere
873 936 1117 1004 propter
1146 932 1479 1003 subjectam
1519 932 1752 987 semito-

94 1020 180 1075 nii
210 1018 719 1092 imperfectionem
752 1020 1000 1075 videtur.
1049 1021 1396 1076 Ascendunt
1416 1025 1615 1077 autem
1645 1037 1753 1076 au-

92 1108 241 1165 tenti
267 1124 460 1179 usque
517 1108 595 1163 ad
652 1112 928 1163 octavam
959 1114 1017 1164 et
1038 1125 1286 1179 nonam,
1322 1110 1417 1165 vel
1447 1110 1626 1165 etiam
1656 1110 1753 1165 de-

96 1198 343 1254 cimam.
375 1196 569 1265 Plagae
610 1213 748 1252 vero
796 1198 873 1252 ad
902 1198 1142 1269 quintas
1181 1199 1559 1255 remittuntur
1585 1202 1641 1254 et
1670 1198 1754 1253 in-

96 1287 442 1343 tenduntur.
477 1284 589 1340 Sed
615 1284 934 1340 intensioni
957 1290 1123 1342 sexta
1150 1286 1244 1342 vel
1273 1288 1530 1360 septima
1558 1291 1757 1343 aucto-

94 1375 268 1431 ritate
300 1374 594 1441 tribuitur,
630 1375 779 1430 sicut
830 1376 888 1430 in
922 1376 1178 1431 autentis
1230 1392 1392 1432 nona
1417 1381 1473 1431 et
1500 1376 1754 1432 decima.

94 1466 291 1535 Plagis
318 1482 457 1520 vero
485 1465 983 1536 proti,deuteri,et
1014 1465 1128 1520 triti
1160 1466 1488 1538 aliquando
1517 1467 1576 1522 in
1620 1482 1674 1521 a.
1705 1450 1760 1540 β

94 1572 148 1611 c.
183 1559 361 1611 acuta
388 1554 723 1610 necessario
756 1555 1063 1610 finiuntur.

170 1645 538 1718 Supradictze
570 1649 770 1700 autem
813 1645 1031 1713 regulas
1062 1646 1430 1717 permaxime
1477 1648 1762 1701 caventur

1856 480 2118 538 busdam
2151 486 2793 557 saporibus,coloribus
2819 493 2875 543 et
2904 489 3305 557 odoribus,vel
3337 490 3516 546 etiam

1858 571 2125 627 colorum
2166 574 2379 631 intuitu
2430 576 2592 631 salus
2622 581 2747 632 tam
2779 577 2975 632 cordis
3018 594 3204 650 quam
3252 580 3518 651 corporis

1858 662 1952 717 vel
1977 662 2281 733 minuitur,
2314 667 2408 722 vel
2437 672 2705 737 augetur.
2734 668 2819 724 Ita
2845 667 3259 741 quondam,ut
3281 668 3517 739 legitur,

1860 752 2110 823 quidam
2160 755 2555 826 phreneticus,
2606 761 2854 813 canente
2896 755 3210 828 Aslepiade
3258 758 3515 826 medico,

1861 841 1939 896 ab
1993 842 2225 899 insania
2281 851 2608 902 revocatus.
2654 849 2719 902 Et
2744 847 2888 901 item
2940 845 3089 901 alius
3136 844 3386 918 quidam
3437 846 3519 901 ci-

1862 931 2042 987 tharae
2075 934 2364 990 suavitate
2417 934 2476 990 in
2509 939 2736 991 tantam
2787 935 3099 991 libidinem
3123 934 3420 1003 incitatus,
3454 939 3523 992 ut

1861 1019 2203 1076 cubiculum
2230 1022 2442 1093 puellaa
2467 1028 2759 1095 quaereret
2785 1022 3095 1093 effringere
3117 1023 3518 1080 dementatus:

1861 1125 2121 1181 moxque
2174 1110 2501 1167 citharmdo
2557 1116 2826 1168 mutante
2873 1112 3127 1169 modum
3202 1113 3523 1186 voluptatis

1862 1198 2209 1271 poenitentia
2263 1200 2511 1256 ductum
2541 1202 2857 1257 recessisse
2914 1202 3251 1258 confusum.
3286 1206 3429 1258 Item
3469 1206 3526 1258 et

1867 1287 2048 1343 David
2071 1288 2209 1344 Saul
2237 1288 2607 1345 daemonium
2630 1291 2858 1346 cithara
2883 1290 3278 1361 mitigabat,et
3303 1291 3525 1347 daemo-

1867 1375 2064 1432 nicam
2094 1377 2386 1433 feritatem
2411 1379 2592 1448 hujus
2621 1379 2762 1436 artis
2788 1378 3012 1451 potenti
3049 1378 3109 1434 vi
3134 1394 3205 1434 ac
3235 1379 3525 1435 suavitate

1869 1464 2199 1534 frangebat.
2236 1468 2376 1532 Quae
2404 1472 2604 1523 tamen
2633 1468 2722 1522 vis
2751 1467 2945 1523 solum
2976 1466 3193 1522 divinae
3221 1466 3527 1539 sapientiae

1871 1554 1951 1610 ad
1979 1554 2225 1627 plenum
2256 1561 2436 1629 patet.
2495 1560 2611 1612 Nos
2641 1574 2784 1613 vero
2841 1573 2977 1629 quae
3004 1556 3066 1611 in
3108 1556 3423 1625 aenigmate
3450 1556 3528 1611 ab

1871 1642 2009 1697 inde
2036 1644 2438 1716 percepimus,
2482 1645 2540 1701 in
2568 1645 2785 1700 divinis
2810 1644 3091 1701 laudibus
3125 1648 3382 1700 utamur.
3416 1644 3530 1700 Sed

95 1736 161 1791 in
194 1734 539 1807 antiphonis
592 1740 648 1789 et
684 1734 1102 1806 responsoriis,
1149 1751 1408 1807 quorum
1465 1739 1674 1791 cantus
1700 1739 1765 1789 ut
1796 1748 1834 1801 Β
1872 1731 2017 1802 quia
2047 1732 2120 1786 de
2178 1733 2358 1803 hujus
2389 1734 2531 1788 artis
2574 1733 2787 1789 virtute
2828 1732 2921 1788 vix
2963 1748 3159 1805 pauca
3186 1732 3528 1801 libavimus,

95 1824 356 1898 psalmis
390 1829 446 1880 et
474 1824 745 1879 versibus
789 1829 1159 1896 coaptentur,
1200 1828 1450 1897 oportet,
1492 1841 1760 1880 commu-

94 1914 283 1971 nibus
337 1912 558 1983 regulis
609 1913 945 1969 fulciantur.
998 1914 1274 1987 Alioquin
1311 1914 1511 1987 plures
1550 1918 1760 1969 cantus

96 2003 393 2071 invenies,
448 2003 508 2057 in
539 2003 761 2075 quibus
816 2004 969 2059 adeo
1000 2004 1384 2059 confunditur
1415 2004 1677 2073 gravitas
1709 2008 1765 2059 et

99 2108 387 2162 acumen,
437 2098 502 2147 ut
530 2109 651 2148 non
705 2093 893 2166 possit
930 2092 1175 2164 adverti,
1207 2093 1301 2147 cui
1328 2093 1544 2162 magis,
1573 2092 1633 2147 id
1656 2097 1763 2159 est,

99 2187 354 2238 autento
385 2198 462 2237 an
484 2181 677 2253 plagae
709 2182 1111 2237 conferantur.
1142 2184 1426 2238 Praeterea
1450 2187 1505 2237 et
1533 2182 1765 2249 ignoto-

98 2289 243 2328 rum
272 2276 559 2327 cantuum
605 2271 1007 2343 inquisitione,
1068 2272 1486 2344 praedictarum
1516 2287 1767 2327 neuma-

96 2366 234 2419 tum
265 2364 322 2415 et
353 2360 849 2431 subjunctionum
904 2360 1279 2432 appositione
1308 2361 1639 2433 plurimum
1667 2361 1769 2416 ad-

95 2452 415 2522 juvamur,
476 2467 615 2506 cum
670 2451 876 2506 talium
917 2451 1249 2521 aptitudine
1307 2451 1437 2506 soni
1477 2453 1769 2523 cujusque

96 2541 531 2614 proprietatem
563 2556 669 2612 per
693 2540 815 2595 vim
847 2539 1137 2611 tropicam
1177 2540 1499 2595 intuemur.
1535 2543 1634 2594 Est
1662 2556 1769 2594 au-

97 2635 227 2687 tem
258 2635 464 2702 tropus
494 2629 721 2701 species
762 2628 1071 2695 cantionis,
1101 2628 1205 2700 qui
1235 2633 1291 2684 et
1331 2628 1547 2684 modus
1577 2628 1771 2684 dictus

98 2724 213 2788 est,
248 2723 306 2775 et
334 2718 530 2775 adhuc
562 2717 885 2774 dicendum
915 2722 1002 2772 est
1021 2717 1095 2772 de
1122 2733 1212 2773 eo.

744 2808 972 2862 CAPUT
1011 2807 1142 2862 XIV.

470 2898 558 2952 De
586 2897 792 2965 tropis,
826 2902 879 2951 et
908 2897 1127 2951 virtute
1154 2895 1411 2951 musicae.

178 2989 407 3042 Horum
435 2985 685 3058 quidam
707 2990 1017 3057 troporum
1047 2984 1347 3039 exercitati
1378 2999 1493 3039 usu
1523 2982 1602 3039 ita
1632 2999 1773 3055 pro-

1870 1820 2094 1892 quibus
2133 1821 2208 1877 ad
2242 1821 2395 1878 bene
2435 1822 2877 1879 modulandum
2925 1822 3106 1878 rebus
3137 1838 3290 1895 opus
3318 1823 3411 1891 sit,
3443 1822 3531 1878 vi-

1871 1909 2146 1967 deamus.

2513 2004 2740 2059 CAPUT
2776 2005 2884 2059 XV.

2052 2094 2139 2148 De
2160 2093 2465 2149 commoda
2493 2094 2899 2163 componenda
2926 2093 3350 2150 modulatione.

1949 2182 2127 2252 Igitur
2164 2182 2683 2254 quemadmodum
2724 2182 2787 2237 in
2837 2182 3040 2239 metris
3085 2187 3226 2239 sunt
3250 2183 3453 2238 litterae
3482 2186 3538 2238 et

1880 2271 2144 2343 syllabae,
2178 2275 2378 2343 partes
2400 2275 2455 2326 et
2493 2271 2695 2343 pedes,
2726 2288 2795 2326 ac
2836 2288 3077 2327 versus:
3111 2272 3193 2327 ita
3222 2271 3356 2328 etin
3395 2273 3535 2328 har-

1881 2361 2084 2416 monia
2116 2366 2253 2415 sunt
2295 2360 2609 2431 phthongi,
2644 2361 2704 2415 id
2748 2365 2832 2416 est
2873 2361 3025 2428 soni,
3068 2377 3329 2433 quorum
3357 2377 3536 2429 unus,

1881 2448 2023 2515 duo,
2058 2449 2148 2504 vel
2176 2453 2291 2504 tres
2341 2453 2626 2521 aptantur
2674 2449 2731 2504 in
2762 2449 3050 2521 syllabas,
3091 2449 3355 2522 ipsaeque
3398 2450 3539 2505 sola:

1881 2538 1974 2594 vel
2005 2538 2325 2609 duplicatae
2355 2554 2660 2605 ueumam,
2694 2538 2754 2592 id
2786 2543 2892 2603 est,
2914 2542 3145 2611 partem
3174 2539 3545 2594 constituunt

1882 2628 2223 2695 cantilenae;
2261 2628 2365 2683 sed
2396 2644 2535 2700 pars
2580 2643 2703 2682 una
2732 2626 2826 2683 vel
2855 2627 3057 2700 plures
3098 2627 3541 2684 distinctionem

1882 2717 2123 2783 faciunt,
2157 2716 2217 2772 id
2243 2721 2356 2786 est,
2382 2733 2717 2787 congruum
2748 2716 3151 2790 respirationis
3202 2717 3422 2774 locum.
3459 2719 3540 2773 De

1882 2806 2103 2879 quibus
2154 2805 2301 2862 illud
2326 2811 2417 2863 est
2444 2807 2802 2876 notandum,
2852 2807 3017 2879 quod
3047 2811 3169 2863 tota
3198 2823 3340 2879 pars
3370 2822 3539 2862 com-

1882 2912 2082 2968 presse
2109 2900 2165 2952 et
2188 2897 2457 2953 notanda
2485 2900 2543 2953 et
2571 2896 2964 2969 exprimenda
2989 2902 3096 2968 est,
3130 2896 3363 2969 syllaba
3391 2912 3534 2952 vero

1882 2987 2305 3059 compressius,
2338 2991 2508 3043 tenor
2551 3002 2713 3055 vero,
2744 2986 2805 3041 id
2834 2990 2941 3055 est,
2983 3002 3155 3041 mora
3182 2986 3403 3041 ultimae
3432 3000 3540 3041 vo-

99 3076 389 3151 prietates
416 3079 473 3130 et
515 3074 799 3131 discretas
847 3074 1049 3143 facies,
1082 3079 1146 3129 ut
1165 3074 1246 3129 ita
1276 3073 1496 3139 dicam,
1554 3078 1773 3128 extem-
1805 3101 1845 3156 ρ
1884 3077 1988 3142 cis,
2041 3077 2143 3150 qui
2198 3077 2257 3132 in
2291 3076 2522 3149 syllaba
2566 3075 3133 3149 quantuluscunque
3174 3080 3261 3132 est
3281 3075 3540 3148 amplior

101 3166 210 3239 plo
240 3167 305 3218 ut
334 3162 649 3231 audierint,
707 3167 1162 3232 recognoscunt,
1198 3162 1348 3218 sicut
1384 3162 1607 3234 peritus
1638 3177 1776 3231 gen-

103 3255 265 3311 tium
296 3268 502 3308 coram
550 3252 758 3325 positis
784 3252 985 3308 multis
1031 3252 1270 3308 habitus
1314 3268 1522 3307 eorum
1563 3250 1776 3307 intueri

102 3347 311 3419 potest
335 3347 391 3398 et
415 3342 610 3398 dicere
636 3360 647 3396 :
676 3343 771 3398 hic
803 3345 1037 3398 Graecus
1069 3347 1176 3412 est,
1212 3342 1303 3397 ille
1335 3342 1653 3414 Hispanus,
1678 3341 1773 3398 hic

105 3432 356 3491 Latinus
388 3436 444 3487 et
468 3432 559 3487 ille
602 3432 981 3503 Teutonicus,
1023 3432 1129 3487 iste
1155 3448 1297 3487 vero
1329 3432 1528 3487 Gallus
1554 3451 1566 3487 :
1597 3436 1775 3504 atque

100 3525 189 3581 ita
224 3521 536 3577 diversitas
566 3526 876 3593 troporum
909 3520 1233 3577 diversitati
1272 3521 1563 3577 mentium
1593 3538 1774 3594 coap-

102 3619 291 3673 tatur.
326 3616 391 3666 ut
416 3628 573 3667 unus
621 3610 843 3667 autenti
891 3610 1119 3666 deuteri
1165 3610 1365 3665 fractis
1400 3610 1649 3666 saltibus
1680 3610 1779 3665 de-

101 3702 393 3767 lectetur;
429 3700 579 3755 alius
627 3699 819 3771 plagze
848 3699 960 3755 triti
987 3698 1161 3769 eligat
1205 3698 1613 3769 voluptatem;
1672 3698 1777 3753 uni

107 3787 434 3862 garrulitas
468 3788 707 3843 tetrardi
735 3787 957 3843 autenti
983 3787 1179 3857 magis
1220 3786 1416 3858 placet
1441 3806 1452 3854 ;
1477 3786 1622 3842 alter
1653 3788 1776 3857 eju-

110 3880 293 3935 sdem
322 3876 517 3949 plagae
545 3877 898 3933 suavitatem
929 3876 1145 3949 probat
1174 3894 1187 3943 ;
1216 3877 1297 3931 sic
1328 3880 1384 3931 et
1410 3876 1483 3931 de
1514 3875 1775 3947 reliquis.

182 3970 303 4023 Nec
328 3964 625 4031 mirum,si
647 3965 923 4021 varietate
952 3981 1239 4020 sonorum
1261 3964 1587 4020 delectatur
1606 3964 1779 4020 audi-

104 4062 228 4123 tus,
263 4070 403 4109 cum
452 4053 733 4109 varietate
782 4054 1050 4109 colorum
1101 4052 1427 4125 gratuletur
1466 4053 1645 4120 visus,
1680 4070 1782 4110 va-

102 4146 319 4201 rietate
349 4141 607 4197 odorum
633 4142 903 4197 foveatur
933 4142 1576 4214 olfactus,mutatisque
1608 4158 1783 4215 sapo-

1884 3168 1944 3222 in
1971 3170 2157 3239 parte,
2191 3165 2562 3221 diutissimus
2610 3180 2751 3220 vero
2780 3164 2842 3220 in
2870 3164 3268 3234 distinctione,
3298 3164 3541 3234 signum

1883 3256 1944 3312 in
1974 3256 2065 3310 his
2095 3255 2488 3311 divisionibus
2518 3254 2939 3327 existit,sicque
2969 3269 3121 3325 opus
3151 3257 3335 3322 est,ut
3365 3253 3545 3325 quasi

1886 3344 2142 3401 metricis
2173 3344 2431 3417 pedibus
2455 3344 2751 3399 cantilena
2773 3342 3115 3412 plaudatur,
3134 3346 3190 3397 et
3220 3341 3347 3397 aliae
3364 3356 3540 3395 voces

1884 3434 1962 3490 ab
1979 3434 2108 3489 aliis
2126 3434 2423 3489 morulam
2446 3430 3094 3505 duplolongiorem,vel
3108 3430 3295 3501 duplo
3311 3428 3543 3485 brevio-

1884 3541 2030 3591 rem,
2052 3529 2154 3580 aut
2175 3523 2490 3579 tremulam
2514 3522 2777 3577 habeant
2805 3521 2867 3575 id
2882 3524 2990 3587 est,
3014 3518 3246 3575 varium
3271 3523 3540 3573 tenorem

1884 3629 2066 3687 quem
2096 3612 2344 3682 longum
2367 3611 2721 3683 aliquotiens
2742 3609 2946 3664 litterae
2967 3606 3201 3678 virgula
3224 3606 3408 3679 plana
3437 3621 3540 3679 ap.

1884 3703 2079 3777 posita
2110 3701 2418 3773 signiﬁcat:
2445 3716 2515 3755 ac
2532 3714 2913 3771 summopere
2936 3702 3214 3753 caveatur
3238 3695 3369 3752 talis
3395 3710 3539 3750 neu-

1886 3809 2123 3849 marum
2153 3790 2506 3857 distributio,
2552 3793 2617 3845 ut
2662 3805 2800 3844 cum
2824 3803 3059 3843 neumte
3105 3790 3235 3843 tum
3265 3784 3541 3856 ejusdem

1888 3882 2017 3939 soni
2047 3879 2514 3954 repercussione,
2542 3884 2670 3934 tum
2695 3877 2955 3934 duorum
2980 3880 3084 3932 aut
3106 3875 3371 3948 plurium
3397 3889 3541 3929 con-

1889 3972 2143 4028 nexione
2174 3970 2340 4037 ﬁant,
2401 3984 2638 4041 semper
2661 3971 2866 4024 tamen
2922 3970 3025 4022 aut
3052 3965 3114 4021 in
3156 3978 3410 4020 numero
3436 3978 3544 4017 vo-

1891 4080 2030 4119 cum
2062 4062 2251 4119 autin
2304 4060 2530 4117 ratione
2584 4064 2867 4116 tonorum
2922 4073 3159 4113 neumaa
3198 4054 3547 4111 alterutrum

1893 4152 2481 4223 conferantur,atque
2510 4147 2932 4222 respondeant,
2950 4162 3112 4202 nunc
3140 4160 3312 4217 reque
3340 4140 3544 4223 aequis,

102 4234 280 4290 ribus
325 4231 534 4301 lingua
566 4232 960 4301 congaudeat.
1013 4233 1103 4288 Sic
1130 4232 1289 4287 enim
1320 4248 1426 4305 per
1452 4232 1772 4287 fenestram
1802 4246 1844 4299 ι)
1887 4250 2051 4289 nunc
2089 4232 2287 4306 duplae
2343 4219 2665 4303 veltiriplaa
2722 4226 3112 4301 simplicibus,
3162 4230 3340 4297 atque
3397 4219 3547 4275 alias

101 4321 379 4396 corporis
406 4320 845 4377 delectabilium
871 4337 1072 4377 rerum
1104 4322 1370 4379 suavitas
1402 4322 1579 4377 intrat
1597 4321 1779 4378 mira-

1334 4503 1417 4557 De
1446 4499 1762 4558 collatione
1793 4498 2271 4573 proportionum.
2464 4498 2811 4574 Γ-Ἣ

1755 4707 1768 5085 Ι

1043 5083 1051 5089 .
1143 5083 1151 5092 .
1761 5083 1767 5085 .
1855 5083 1865 5090 .
2985 5083 3294 5096 .,___

1890 4322 2203 4379 collatione
2229 4319 2618 4393 sesquialtera
2644 4316 2739 4373 vel
2765 4315 3155 4388 sesquitertia.

2573 4595 2996 4612 ﬂ

1872 4899 2207 4910 —————

3182 4528 3205 4975 \

2180 4996 2462 5009 ———

3202 4647 3257 4667 ._.

1958 4682 3277 4803 EHIVS

2503 4804 3267 4900 “I:;____I;;;

1035 4900 1768 5092 li—“—“——-—|
1854 4900 1975 5090 l:

1949 4900 2544 5067 IT—la
2567 4900 3010 5077 {ﬁt

398 5098 408 5240 Ι
526 5147 589 5202 G.
667 5148 931 5203 Tonus.
1153 5150 1221 5204 A.
1294 5148 1689 5203 Diatessaron.
1874 5148 1939 5201 D.
2019 5143 2323 5216 Diapente.
2626 5151 2680 5191 a.
2759 5133 3076 5205 DiaPason'
3173 5116 3218 5213 ἒ.

1709 5391 1760 5409 ’.ιη

1709 5420 1761 5441 ηδ

522 5408 559 5479 ﬁ”
582 5478 589 5479 ί
706 5403 947 5474 quiocta
1076 5403 1113 5428 Ρ
1139 5403 1148 5462 |
1174 5415 1211 5441 υ²
1371 5407 1563 5479 quiter

521 5608 769 5664 PATROL.
810 5608 986 5668 CXLI.

520 5270 686 5396 ξξΙ-.
1039 5273 1245 5441 Ιαξιξςι
1685 5249 1894 5441 ΙαειςξδΙ
2332 5267 2408 5393 la

522 5408 559 5434 ω
706 5403 939 5441 ηιιίηηὴι
1076 5390 1113 5428 >
1174 5415 1211 5441 ω
1372 5407 1563 5441 nnan-
1704 5391 1761 5441 Σ
1820 5401 1859 5428 ω
1900 5385 2330 5441 π-
2368 5382 2408 5411 Η

508 5478 2438 5498 W

2368 5382 2408 5411 Η

1991 5404 2212 5476 quialte

3225 5600 3287 5649 13
