3958 6488
698 127 748 132 ὑ
802 127 859 133 ν
2796 62 2985 63 ἠέ

106 424 208 478 397

1595 417 2066 477 MICROLOGUS.

3446 421 3552 479 398

110 550 231 600 tam
258 544 635 599 diversorum
663 545 949 599 cantuum
982 548 1104 600 tam
1144 545 1354 618 paucis
1408 545 1668 601 formata
1697 544 1769 599 sit
1799 553 1842 605 A
1882 546 2069 613 alteri,
2112 548 2177 602 ut
2233 545 2383 601 arsis
2430 544 2601 613 thesi,
2635 548 2697 601 et
2739 544 2922 601 thesis
2975 545 3094 602 arsi
3147 544 3552 617 conjungitur,

114 634 380 699 vocibus,
415 650 549 705 qua:
602 650 780 688 voces
816 650 940 689 non
968 634 1082 689 nisi
1139 652 1241 690 sex
1292 635 1511 703 modis,
1542 640 1607 689 ut
1634 633 1781 689 dixi-

110 741 268 790 mus,
304 724 771 794 sibijungantur
802 728 925 779 tam
983 740 1088 796 per
1136 725 1530 781 elevationem
1592 740 1780 797 quam

110 829 215 885 per
268 812 703 885 depositionem
732 831 744 880 ;
772 830 911 868 cum
942 817 999 868 et
1046 813 1121 869 de
1175 814 1383 887 paucis
1421 813 1647 881 litteris,
1674 813 1783 869 etsi

112 918 237 957 non
261 902 593 975 perplures,
624 903 1022 958 conﬁciantur
1049 904 1318 975 syllabas,
1359 904 1578 975 poterit
1620 903 1779 958 enim

112 992 311 1061 colligi
322 1008 612 1047 numerus
625 992 1018 1064 syllabarum;
1045 994 1281 1049 inﬁnita
1298 998 1505 1049 tamen.
1518 993 1781 1065 partium

110 1082 425 1154 pluralitas
473 1083 777 1138 concrevit
828 1098 901 1138 ex
950 1084 1220 1157 syllabis,
1248 1089 1305 1139 et
1334 1084 1395 1138 in
1448 1084 1653 1139 metris
1707 1084 1781 1138 de

110 1170 324 1242 paucis
354 1170 612 1242 pedibus
646 1188 833 1243 quam
895 1172 1071 1244 plura
1108 1173 1264 1228 ﬁunt
1294 1188 1515 1242 genera
1560 1176 1779 1228 metro-

109 1277 268 1331 rum,
299 1266 355 1317 et
382 1261 558 1315 unius
590 1262 822 1330 generis
878 1267 1135 1318 metrum
1184 1263 1458 1335 plurimis
1484 1262 1780 1318 varietati-

108 1349 225 1404 bus
276 1349 571 1404 invenitur
621 1349 951 1417 diversum,
1012 1356 1078 1406 ut
1130 1352 1581 1418 hexametrum;
1616 1350 1779 1423 quod

109 1439 422 1510 quomodo
444 1438 566 1507 ﬁat,
596 1438 842 1494 videant
873 1440 1269 1511 grammatici,
1314 1440 1603 1512 quoniam
1634 1439 1781 1493 illud

109 1530 306 1584 dicere
335 1529 576 1585 alterius
607 1534 694 1585 est
716 1530 955 1599 negotii.
978 1534 1113 1601 Nos,
1136 1531 1183 1585 si
1208 1547 1556 1603 possumus,
1577 1530 1779 1585 videa-

110 1637 269 1689 mus,
302 1620 523 1692 quibus
546 1621 741 1675 modis
773 1620 1059 1676 distantes
1090 1621 1168 1676 ab
1212 1620 1471 1677 invicem
1527 1635 1781 1676 neumas

111 1710 475 1765 constituere
503 1710 841 1766 valeamus.

186 1799 366 1869 Igitur
386 1804 587 1855 motus
620 1816 861 1865 vocum,
887 1800 989 1872 qui
1024 1815 1126 1854 sex
1158 1797 1354 1855 modis
1378 1800 1783 1854 consonanter

1891 635 2143 708 ipsaque
2190 634 2534 708 conjunctio
2576 639 2701 690 tum
2758 635 2831 691 tit,
2854 652 2925 691 ex
2975 635 3293 701 similibus,
3326 639 3454 691 tum
3483 651 3557 692 ex

1891 725 2301 781 dissimilibus.
2338 723 2765 780 Dissimilitudo
2788 728 2990 781 autem
3008 725 3133 793 erit,
3165 724 3211 780 si
3234 742 3305 781 ex
3336 724 3556 798 prazdi-

1892 815 1997 870 ctis
2029 815 2314 885 motibus,
2346 815 2407 870 id
2433 818 2542 884 est,
2563 814 2739 879 tonis,
2764 815 3093 884 semitonis,
3127 813 3348 871 ditonis
3370 819 3426 871 et
3450 832 3561 871 cae-

1892 904 2028 960 teris
2056 904 2210 959 alius
2236 904 2353 959 alio
2385 903 2586 976 plures
2641 904 3033 976 paucioresve
3082 903 3303 960 habeat
3353 916 3554 971 voces,

1893 1000 1997 1050 aut
2024 994 2220 1065 magis
2252 993 2610 1064 conjunctas
2642 992 2736 1048 vel
2766 987 3113 1071 disiunctas,
3156 992 3555 1063 dissimiliter;

1892 1083 2107 1139 deinde
2137 1083 2233 1139 vel
2255 1082 2521 1138 similiter
2542 1082 2697 1139 facta
2728 1083 3151 1154 conjunctione
3190 1086 3392 1138 motus
3425 1092 3557 1138 mo-

1890 1173 1973 1229 tui
2004 1178 2130 1228 tum
2164 1173 2269 1227 erit
2299 1172 2678 1245 przepositus,
2712 1170 2774 1226 id
2803 1177 2892 1227 est
2921 1170 2982 1227 in
3012 1171 3421 1245 superioribus
3448 1182 3557 1245 po-

1893 1261 2056 1329 situs,
2104 1261 2588 1333 tumsuppositus
2636 1265 2764 1316 tum
2823 1261 3153 1334 appoSitus,
3187 1261 3248 1316 id
3279 1265 3385 1331 est,
3417 1272 3557 1317 cum

1890 1348 1949 1403 in
1972 1349 2185 1404 eadem
2216 1364 2362 1405 voce
2392 1350 2573 1404 unius
2622 1353 2821 1405 motus
2851 1350 2987 1405 ﬁnis
3018 1350 3147 1417 erit,
3194 1349 3556 1422 alteriusque

1889 1438 2286 1511 principium;
2322 1444 2449 1494 tum
2471 1438 2876 1511 interpositus,
2906 1439 2968 1493 id
2999 1443 3106 1502 est,
3126 1437 3376 1511 quando
3396 1446 3554 1494 unus

1891 1532 2089 1583 motus
2110 1527 2267 1583 intra
2289 1527 2472 1582 alium
2490 1527 2720 1600 positus
2737 1532 2793 1583 et
2813 1527 3013 1584 minus
3033 1532 3123 1582 est
3144 1526 3344 1598 gravis
3366 1530 3425 1581 et
3442 1526 3555 1581 mi-

1891 1632 2007 1671 nus
2032 1622 2263 1683 acutus;
2290 1621 2417 1672 tum
2440 1618 2499 1673 id
2523 1618 2904 1684 commixtus,
2921 1622 3028 1687 est,
3054 1616 3273 1689 partim
3299 1616 3557 1688 interpo-

1893 1705 2041 1761 situs
2059 1705 2398 1779 partimque
2421 1705 2792 1779 suppositus,
2811 1710 2915 1761 aut
2937 1716 3061 1777 praa
3077 1704 3439 1776 positus,aut
3454 1712 3558 1776 ap—

1891 1794 2144 1867 positus,
2164 1810 2496 1867 rursusque
2516 1795 2609 1850 hie
2630 1793 2957 1867 positiones
2974 1792 3174 1848 dirimi
3194 1795 3453 1865 possunt
3468 1802 3558 1847 se-

112 1890 240 1944 ﬁeri
274 1890 466 1945 dictus
495 1894 601 1959 est,
636 1891 835 1946 titarsi‘
861 1895 915 1946 et
947 1891 1114 1962 thesi,
1149 1891 1209 1945 id
1240 1895 1345 1957 est,
1377 1889 1705 1945 elevatione
1729 1891 1787 1943 et
1821 1910 1861 1962 Β
1892 1884 2161 1940 cundum
2192 1884 2512 1940 laxationis
2537 1890 2592 1940 et
2609 1883 2923 1953 acuminis,
2962 1881 3268 1952 augmenti
3294 1884 3349 1937 et
3379 1879 3556 1936 detri-

110 1980 518 2053 depositione:
553 1996 813 2052 quorum
847 1981 1088 2049 gemino
1112 1984 1301 2047 motu,
1330 1979 1391 2035 id
1418 1983 1522 2045 est,
1554 1978 1702 2033 arsis
1724 1982 1781 2034 et

112 2070 315 2135 thesis,
336 2070 532 2124 omnis
563 2085 787 2125 neuma
811 2070 1124 2140 formatur,
1157 2073 1367 2143 praeter
1396 2083 1780 2141 repercussas

111 2164 219 2215 aut
248 2160 565 2232 simplices.
598 2159 820 2215 Deinde
852 2161 1000 2215 arsis
1026 2164 1083 2215 et
1127 2159 1306 2216 thesis
1363 2163 1491 2214 tum
1543 2156 1784 2213 sibimet

104 2250 467 2321 junguntur,
497 2254 561 2306 ut
593 2250 743 2306 arsis
799 2250 938 2319 arsi,
969 2249 1150 2306 thesis
1204 2248 1378 2320 thesi,
1406 2253 1535 2305 tum
1592 2246 1779 2304 altera

1890 1974 2094 2042 menti,
2122 1974 2446 2030 modorum
2458 1988 2701 2047 quoque
2731 1972 2926 2029 varias
2942 1971 3278 2044 qualitates.
3313 1973 3554 2026 Neumae

1890 2077 2133 2136 quoque
2158 2079 2266 2137 per
2296 2064 2543 2119 eosdem
2560 2062 2777 2119 modos
2798 2061 2950 2118 arsis
2980 2066 3039 2116 et
3066 2059 3247 2116 thesis
3276 2062 3558 2133 poterunt

1890 2153 2132 2226 variari,
2147 2158 2202 2211 et
2220 2153 2630 2210 distinctiones
2648 2151 2998 2225 aliquando.
3016 2152 3146 2216 Qua
3164 2150 3239 2205 de
3251 2164 3313 2205 re
3338 2152 3395 2205 et
3415 2146 3554 2205 dies-

1889 2244 2243 2317 criptionem
2254 2240 3007 2316 subjecimus,quofacilior
3017 2255 3124 2314 per
3134 2238 3450 2297 oculosvia
3463 2230 3553 2296 sit.

1409 2507 1632 2565 Musica
1669 2510 1869 2562 motus
1907 2510 2005 2561 est
2038 2520 2275 2562 vocum.

1831 2636 1853 2758 l

621 2663 1015 2721 Semitonium
1237 2662 1508 2719 Ditonus.

820 2794 1642 3103 ξι

132 2670 135 2671 ⁷
180 2667 398 2749 Tonus.

1409 2507 1632 2565 Musica
1669 2510 1869 2562 motus
1907 2510 2005 2561 est
2038 2520 2275 2562 vocum.
3382 2544 3385 2547 -

132 2670 135 2671 ⁷
180 2667 398 2749 Tonus.
621 2663 1015 2721 Semitonium
1237 2662 1508 2719 Ditonus.
1831 2636 1853 2758 t
2046 2659 2469 2717 Semiditonus.
2631 2657 3031 2713 Diatessaron.
3182 2653 3489 2725 Diapente.

2046 2659 2469 2717 Semiditonus.
2631 2657 3031 2713 Diatessaron.

3182 2653 3489 2725 Diapente.

2857 2787 3318 3246 Δ

1452 3453 1721 3510 Elevatio
1799 3440 1804 3546 ξ
1974 3452 2298 3527 Depositio.

1680 3802 1688 3838 l

1549 3687 1628 3740 Αι-
1722 3676 1820 3732 sis.
1850 3674 1967 3733 'l'he

1680 3802 1688 3838 l

2060 3684 2161 3741 sis.

1817 3857 1835 4007 Ι
1897 3871 1925 4009 ι

1571 4071 1686 4125 Jun
1719 4028 1734 4177 Ι
1788 4028 1983 4177 ευῑΙ
2016 4072 2129 4128 tur.

1717 4184 1967 4202 ᾖ

1362 4235 1547 4295 altera
1577 4238 1745 4296 alteri
1797 4213 1811 4368 Ι
1896 4215 1907 4375 Ι
1962 4239 2095 4313 ipsa
2132 4237 2246 4295 sibi

1428 4382 1442 4478 l

1295 4616 1572 4676 Similiter
1755 4672 1955 4737 Γῆ
2109 4613 2491 4670 dissimiliter.
2646 4557 2661 4737 Ι

894 5182 1231 5255 Prteposite,

897 5281 1238 5357 Supposite,

897 5376 1265 5451 Interposita,

895 5479 1200 5553 Apposite,

900 5575 1090 5644 Mixto,

1538 5210 1751 5221 —_—

1536 5308 1753 5320 ———.

1591 5860 1789 5917 varias
1841 5859 2179 5934 qualitates.

2256 5174 2599 5234 Secundum
2628 5170 2968 5241 laxationis,

2254 5278 2312 5332 et
2339 5272 2662 5345 acuminis,

1970 5405 2181 5415 —-—-—
2255 5370 2595 5444 Augmenti,

2259 5473 2316 5528 et
2350 5465 2687 5525 detrimenti

1976 5603 2189 5648 έ--
2261 5570 2707 5642 modorumque

548 5967 3230 6019 W3
