3958 6436
82 259 190 316 401
1570 265 1643 321 Ml

1964 267 2035 323 IS.
2610 292 2622 301 ·
3420 274 3527 327 402

160 383 314 441 Illud
339 388 627 457 praeterea
657 385 806 443 scire
835 390 889 444 te
908 387 1070 458 volo,
1098 388 1266 461 quod
1295 388 1357 445 in
1387 405 1619 446 morem
1642 406 1751 463 pu-
1789 396 1837 448 Α
1855 390 1976 447 'nos
2006 391 2249 459 utimur,
2284 390 2669 465 explicemus.
2710 392 2988 465 Superior
3015 408 3235 467 nempe
3281 395 3530 469 diapho-

84 474 138 529 ri
188 475 419 545 argenti
462 475 659 531 omnis
688 480 901 532 cantus
930 494 1054 550 quo
1111 478 1305 550 magis
1358 478 1628 547 usitatur,
1682 496 1754 535 eo
1864 480 1979 537 niae
2010 481 2229 537 modus
2262 481 2449 537 durus
2475 486 2584 551 est,
2612 488 2819 537 mater
2840 499 2984 539 vero
3014 484 3326 555 mollis,ad
3347 502 3531 557 quem

85 563 287 634 magis
314 563 632 634 coloratur,
661 569 718 621 et
747 566 912 639 quod
934 566 1118 623 modo
1135 567 1425 641 displicet,
1452 585 1560 642 per
1578 585 1757 625 usum
1866 569 2249 625 semitonium
2272 574 2328 625 et
2352 569 2632 643 diapente
2662 587 2785 625 mn
2839 570 3211 629 admittimus
3252 590 3265 641 ;
3317 576 3532 629 tonum

84 653 271 725 quasi
321 653 467 710 lima
518 654 770 726 politum
808 660 1020 728 postea
1077 657 1472 725 collaudatur,
1529 675 1600 716 ac
1647 675 1758 732 pro
1864 673 2007 714 vero
2037 662 2093 713 et
2115 658 2391 714 ditonum
2426 662 2483 714 et
2526 659 2960 715 semilttonum
2990 675 3131 716 cum
3159 660 3533 718 diatessaron

87 741 434 799 diversitate
466 743 734 811 gentium
761 760 831 800 ac
860 746 1174 813 mentium,
1207 747 1375 819 quod
1394 748 1533 803 huic
1560 748 1760 821 displi-
1866 746 2208 819 recipimus,
2265 746 2368 801 sed
2429 745 2856 804 semiditonum
2908 747 2971 803 in
3022 747 3117 803 his
3167 748 3532 819 inﬁmatum,

89 836 207 899 cet,
241 831 321 887 ab
351 831 467 888 alio
498 833 893 906 amplectitur,
924 839 979 891 et
1007 834 1168 891 hunc
1191 836 1450 893 oblectat
1469 853 1757 906 consona,
1867 834 2241 891 diatessaron
2272 850 2409 891 vero
2439 834 2662 891 obtinet
2698 835 3119 909 principatum.

88 920 191 977 ille
222 921 417 991 magis
438 922 657 994 probat
684 922 955 993 diversa;
999 924 1113 981 iste
1163 926 1675 983 continuationem
1706 931 1763 983 et
1940 924 2037 979 His
2079 924 2280 997 itaque
2300 929 2561 996 quatuor
2607 924 2944 981 concordiis
2998 925 3342 1000 diaphonize
3392 943 3536 984 can-

90 1009 407 1065 mollitiem
438 1011 775 1067 secundum
801 1028 924 1067 suae
945 1012 1161 1069 mentis
1180 1012 1488 1073 lasciviam
1514 1015 1758 1087 quaerit;
1868 1017 1997 1069 tum
2028 1014 2140 1085 (20)
2163 1013 2552 1086 subsequitur
2580 1032 2594 1083 ;
2628 1018 2940 1087 troporum
2970 1032 3110 1073 vero
3141 1016 3241 1073 alii
3263 1017 3407 1091 apti,
3440 1016 3538 1073 alii

91 1098 214 1167 ille,
265 1104 469 1172 utpote
516 1101 734 1169 gravis,
789 1100 1003 1157 sobriis
1049 1102 1325 1159 cantibus
1368 1102 1759 1159 demulcetur.
1868 1103 2152 1175 aptiores,
2183 1102 2279 1159 alii
2311 1102 2606 1175 aptissimi
2632 1103 2909 1161 existunt.
2942 1106 3077 1179 Apti
3104 1110 3261 1176 sunt,
3303 1106 3407 1180 qui
3433 1122 3541 1180 per

90 1188 262 1244 Alius
293 1206 434 1245 vero
465 1194 530 1245 ut
549 1206 760 1246 amens
784 1191 846 1246 in
878 1192 1228 1264 compositis
1279 1197 1336 1248 et
1380 1192 1441 1248 in
1484 1191 1765 1249 anfractis
1871 1191 2063 1247 solam
2088 1191 2460 1246 diatessaron
2486 1191 2715 1263 quartis
2742 1208 2779 1247 a
2828 1208 2890 1247 se
2929 1194 3181 1249 vocibus
3239 1210 3539 1265 organum

90 1279 517 1334 vexationibus
548 1280 836 1352 pascitur,
866 1285 921 1336 et
969 1283 1387 1355 unusquisque
1430 1298 1570 1337 eum
1629 1297 1767 1336 can-
1870 1281 2152 1349 reddunt,
2182 1285 2245 1335 ut
2270 1280 2552 1336 dcuterus
2581 1281 2642 1336 in
2699 1284 2757 1337 Β.
2792 1285 2849 1337 et
2888 1286 2927 1338 E
2983 1301 2996 1337 :
3058 1284 3320 1356 aptiores
3380 1290 3538 1353 sunt,

94 1370 226 1423 tum
259 1367 535 1424 sonorius
559 1368 749 1424 multo
780 1370 1148 1441 pronuntiat,
1199 1387 1381 1443 quem
1433 1369 1768 1427 secundum
1873 1371 1977 1443 qui
2008 1386 2129 1426 non
2160 1370 2356 1426 solum
2387 1371 2644 1443 quartis,
2676 1371 2782 1427 sed
2811 1373 2991 1428 tertiis
3019 1378 3075 1429 et
3117 1375 3397 1431 secundis
3418 1391 3543 1448 per

94 1472 223 1512 suae
253 1457 470 1513 mentis
498 1456 740 1514 insitam
772 1458 1122 1531 qualitatem
1160 1460 1396 1533 probat.
1446 1461 1588 1526 Quae
1636 1474 1767 1515 om-
1874 1464 2086 1515 tonum
2117 1463 2173 1514 et
2193 1458 2642 1522 semiditonum.
2700 1459 2835 1515 licet
2864 1476 3021 1530 raro,
3062 1462 3450 1534 respondent,
3480 1467 3544 1518 ut

92 1546 200 1603 nia
231 1546 281 1602 si
311 1547 485 1603 dictis
517 1549 888 1618 argumentis
918 1549 1166 1605 assiduo
1197 1549 1475 1605 exercitio
1521 1548 1771 1604 inhtese-
1874 1552 2081 1621 protus
2108 1547 2169 1603 in
2198 1552 2263 1602 Α.
2294 1551 2350 1603 et
2382 1550 2423 1598 Π
2460 1566 2471 1602 :
2507 1547 2803 1620 aptissimi
2850 1564 3012 1616 vero,
3051 1550 3156 1622 qui
3214 1550 3542 1623 saepissime

93 1635 203 1703 ris,
262 1634 540 1705 ignorare
593 1652 717 1692 non
777 1638 1016 1710 poteris.
1097 1642 1223 1694 lmo
1294 1642 1351 1694 et
1399 1638 1768 1708 argumentis
1876 1638 2241 1711 suaviusque
2271 1637 2332 1692 id
2355 1636 2602 1707 faciunt,
2634 1642 2701 1693 ut
2727 1638 3020 1694 tetrardus
3052 1644 3109 1695 et
3146 1640 3315 1695 tritus
3362 1639 3424 1695 in
3478 1642 3539 1697 C.

96 1724 394 1780 utendum
420 1728 527 1795 est,
556 1725 748 1782 donec
779 1742 850 1782 ex
888 1731 1056 1800 parte
1083 1728 1526 1796 cognoscimus,
1582 1732 1646 1782 ut
1689 1726 1769 1782 ad
1807 1751 1846 1804 Β
1878 1729 1933 1782 F.
1970 1728 2031 1781 G.
2065 1729 2160 1780 Ha:
2186 1725 2345 1780 enim
2379 1730 2519 1780 tono
2540 1730 2596 1780 et
2624 1726 2831 1781 ditono
2858 1732 2915 1781 et
2943 1727 3314 1784 diatessaron
3371 1728 3544 1784 obse-

95 1811 536 1887 plenitudinem
563 1813 821 1870 scientiae
851 1814 1297 1888 perveniamus.
1328 1814 1443 1872 Sed
1467 1815 1613 1887 quia
1640 1816 1767 1871 haec
1875 1818 2144 1887 quuntur
2169 1832 2181 1879 ;
2213 1830 2476 1886 quorum
2508 1829 2544 1869 a
2572 1815 2725 1882 trito,
2759 1814 2820 1870 in
2843 1832 3026 1887 quem
3055 1816 3147 1871 vel
3175 1816 3312 1872 ﬁnis
3341 1816 3546 1873 distin-

97 1902 163 1957 in
184 1900 437 1970 longum
461 1903 746 1975 prosequi
774 1904 1084 1976 proposita
1116 1903 1374 1959 brevitas
1416 1919 1539 1959 non
1582 1919 1765 1975 expo-
1875 1904 2141 1961 ctionum
2173 1903 2498 1973 advenerit,
2524 1903 2621 1959 vel
2650 1903 2755 1976 qui
2783 1904 3098 1977 proximus
3129 1906 3244 1979 ipsi
3272 1905 3545 1963 ﬁnalitati

102 1990 235 2053 scit,
268 1991 600 2063 praesertim
631 2007 771 2047 cum
790 2008 860 2047 ex
893 1992 985 2047 his
1013 1993 1298 2066 perplura
1341 1992 1577 2049 valeant
1610 1992 1768 2049 colli-
1877 1994 2120 2060 suberit,
2152 1992 2505 2048 subsecutor
2559 1998 2762 2049 tamen
2818 2010 3158 2067 numquam
3210 1995 3388 2052 debet
3439 1996 3544 2051 de-

101 2080 182 2151 gi,
207 2078 284 2135 de
315 2080 590 2135 canendo
619 2080 732 2137 ista
762 2079 1083 2137 sufﬁciant.
1120 2082 1256 2138 Jam
1304 2097 1466 2138 nunc
1514 2082 1768 2156 diapho-
1878 2082 2181 2148 scendere,
2216 2081 2325 2137 nisi
2354 2081 2452 2137 illo
2477 2082 2787 2138 inferiores
2814 2099 2990 2139 voces
3036 2089 3244 2141 cantor
3292 2084 3547 2141 admise-

99 2169 219 2226 niee
240 2175 542 2243 praecepta
572 2187 946 2244 exequamur
973 2170 1249 2228 breviter.
1876 2172 1968 2227 rit.
2002 2179 2048 2226 Α
2080 2171 2216 2226 trito
2243 2169 2403 2226 enim
2434 2170 2645 2226 inﬁmo
2677 2176 2780 2227 aut
2808 2172 3031 2228 inﬁmis
3077 2174 3351 2246 proxime
3401 2173 3547 2229 sub-

714 2262 938 2316 CAPUT
979 2262 1162 2316 XVIII.
1878 2260 2079 2316 stituto
2118 2259 2342 2332 deponi
2370 2276 2669 2329 organum
2696 2277 3034 2333 numquam
3054 2261 3207 2318 licet.
3226 2264 3374 2319 Cum
3404 2279 3547 2319 vero

296 2350 384 2405 De
407 2349 758 2419 diaphonia,
790 2350 855 2405 id
883 2356 988 2417 est,
1022 2352 1238 2420 organi
1254 2357 1575 2420 praecepto.
1878 2355 2086 2407 cantor
2116 2349 2424 2407 inferiores
2452 2366 2631 2406 voces
2659 2350 2971 2408 admiserit
3000 2368 3268 2424 congruo
3298 2352 3452 2423 loco,
3494 2357 3552 2410 et

178 2438 514 2511 Diaphonia
557 2455 774 2495 vocum
823 2439 1148 2510 disjunctio
1196 2445 1392 2511 sonat,
1444 2457 1631 2513 quam
1660 2456 1771 2496 nos
1877 2459 1985 2516 per
2014 2442 2387 2498 diatessaron
2413 2456 2713 2511 organum
2762 2442 3122 2514 deponatur,
3178 2460 3442 2517 moxque
3486 2448 3552 2501 ut

101 2544 403 2598 organum
431 2544 744 2595 vocamus,
779 2546 918 2585 cum
948 2529 1266 2601 disjunctaa
1294 2531 1372 2585 ab
1394 2531 1652 2586 invicem
1673 2545 1774 2585 vo-
1878 2532 1979 2588 illa
2008 2531 2459 2587 distinctionum
2491 2531 2750 2600 gravitas
2780 2531 2861 2587 ita
2903 2531 3211 2599 deseritur,
3261 2537 3323 2589 ut
3363 2533 3549 2606 repeti

102 2634 203 2673 ces
233 2623 288 2674 et
310 2618 684 2674 concorditer
717 2619 1053 2688 dissonant,
1111 2624 1169 2675 et
1219 2619 1600 2676 dissonantes
1629 2635 1771 2675 con-
1878 2639 2003 2678 non
2034 2625 2322 2694 speretur,
2351 2636 2534 2692 quem
2565 2620 2731 2693 prius
2764 2621 3058 2677 habuerat
3085 2621 3287 2677 locum
3337 2623 3547 2678 subse-

102 2708 375 2764 cordant.
407 2709 535 2774 Qua
561 2709 809 2781 quidem
839 2709 923 2764 ita
951 2713 1213 2775 utuntur,
1269 2715 1332 2765 ut
1357 2709 1592 2765 canenti
1624 2725 1773 2764 sem-
1882 2718 2050 2767 cutor
2079 2714 2397 2782 repetat,ut
2423 2708 2589 2764 ﬁnali
2618 2708 2831 2775 voci,si
2860 2710 2920 2764 in
2952 2726 3013 2764 se
3043 2710 3367 2782 devenerit,
3386 2727 3550 2767 com-

102 2814 212 2871 per
238 2798 463 2853 chorda
490 2802 705 2870 quarta
732 2798 1032 2865 succedat,
1058 2803 1123 2854 ut
1149 2803 1214 2854 A.
1250 2799 1328 2854 ad
1358 2803 1421 2855 D.
1453 2798 1555 2854 ubi
1586 2798 1633 2853 si
1681 2814 1773 2853 or-
1879 2804 2144 2865 maneat,
2180 2802 2239 2853 et
2264 2798 2309 2852 si
2338 2812 2518 2869 super
2548 2814 2609 2852 se
2632 2801 2742 2866 est,
2775 2797 2971 2853 vicino
3015 2798 3295 2854 decenter
3346 2815 3547 2855 occur-

102 2902 334 2958 ganum
363 2903 471 2960 per
495 2892 741 2943 acutum
769 2903 806 2943 a
835 2885 1123 2958 duplices,
1169 2892 1231 2943 ut
1271 2887 1346 2943 sit
1377 2891 1441 2944 D.
1475 2903 1510 2942 a
1533 2902 1775 2943 resona-
1878 2893 1987 2957 rat,
2022 2888 2125 2961 qui
2156 2903 2441 2943 occursus
2467 2890 2608 2942 tono
2635 2886 2849 2942 melius
2880 2886 2964 2953 ﬁt,
2992 2886 3199 2942 ditono
3222 2903 3345 2943 non
3372 2886 3547 2958 adeo,

102 2976 193 3031 bit
218 2980 283 3031 A.
318 2976 395 3031 ad
422 2979 485 3032 D.
522 2975 915 3041 diatessaron,
972 2974 1050 3030 ad
1080 2991 1117 3031 a
1154 2975 1471 3049 diapason,
1521 2979 1584 3031 D.
1631 2991 1773 3030 vero
1880 2978 2359 3049 semiditonoque
2383 2975 2846 3047 numquam.Ad
2875 2975 3247 3032 diatessaron
3277 2992 3419 3032 vero
3447 2976 3550 3032 vix

104 3065 186 3121 ad
217 3069 536 3138 utramque
566 3067 630 3121 A.
666 3082 702 3120 a
733 3065 1106 3121 diatessaron
1136 3070 1193 3121 et
1222 3065 1521 3138 diapente,
1548 3081 1602 3121 a.
1638 3081 1775 3120 acu-
1812 3110 1851 3164 Ο
1878 3068 1946 3123 ﬁt
1972 3082 2277 3133 occursus,
2308 3081 2446 3119 cum
2478 3064 2679 3133 gravis
2706 3064 2902 3134 magis
2932 3064 3128 3136 placet
3143 3064 3243 3119 illo
3264 3065 3398 3120 loco
3421 3082 3551 3120 suc-

105 3160 237 3210 tum
265 3155 344 3210 ad
375 3155 676 3224 graviores
724 3155 1004 3226 diapente
1052 3158 1109 3209 et
1155 3154 1471 3227 diapason.
1528 3157 1596 3210 Et
1631 3154 1774 3227 quia
1816 3154 1851 3164 “
1883 3163 2110 3215 centus.
2147 3156 2317 3222 Quod
2351 3161 2550 3211 tamen
2580 3171 2656 3210 ne
2682 3155 2743 3210 in
2774 3154 2983 3210 ultima
2999 3154 3375 3211 distinctione
3393 3172 3552 3227 sym-

106 3245 203 3300 hae
233 3248 350 3300 tres
376 3244 605 3317 species
644 3245 721 3300 ad
779 3248 1008 3301 tantam
1067 3245 1279 3316 organi
1321 3245 1663 3301 societatem
1710 3260 1773 3300 se
1883 3246 2122 3320 phoniae
2149 3244 2401 3312 eveniat,
2432 3248 2517 3299 est
2550 3243 2910 3299 cavendum.
2958 3245 3123 3315 Saepe
3171 3249 3373 3299 autem
3411 3260 3551 3299 cum

106 3334 475 3408 permiscent
498 3351 568 3390 ac
594 3335 904 3402 suavitate,
940 3339 1003 3391 ut
1050 3335 1501 3391 similitudinem
1554 3351 1773 3391 vocum
1879 3336 2190 3420 inferiores
2226 3335 2357 3391 trito
2391 3350 2562 3390 voces
2609 3341 2821 3389 cantor
2867 3332 3194 3402 admiserit,
3252 3350 3552 3404 organum

104 3422 316 3480 fecisse
346 3424 622 3497 superius
650 3429 791 3480 sunt
819 3428 1166 3481 monstrata;
1195 3425 1598 3498 symphonite,
1640 3425 1774 3479 ideo
1883 3442 2247 3499 suspensum
2278 3429 2552 3479 tenemus
2573 3423 2635 3479 in
2667 3424 2836 3491 trito;
2871 3428 3011 3478 tunc
3032 3438 3173 3478 vero
3198 3439 3355 3495 opus
3380 3428 3469 3479 est
3489 3426 3554 3478 ut

107 3518 247 3586 apte
277 3529 495 3569 vocum
527 3514 937 3587 copulationes
961 3514 1262 3583 dicuntur,
1291 3530 1432 3570 cum
1481 3513 1772 3585 sympho-
1879 3515 1942 3570 in
1963 3513 2344 3570 inferioribus
2374 3512 2816 3568 distinctionem
2847 3517 3055 3567 cantor
3078 3527 3202 3566 non
3232 3511 3429 3577 faciat,
3445 3510 3551 3567 sed

106 3602 211 3659 nia
238 3602 313 3658 de
342 3608 523 3659 cantu
547 3603 714 3659 omni
744 3603 992 3660 dicatur.
1048 3603 1225 3659 Dictze
1274 3608 1475 3659 autem
1527 3602 1776 3673 diapho-
1880 3602 2353 3659 discurrentibus
2381 3617 2520 3657 cum
2546 3600 2841 3656 celeritate
2885 3600 3135 3655 vocibus
3183 3599 3552 3672 praestolanti

106 3691 224 3747 nias
251 3692 368 3747 hoc
394 3696 485 3748 est
509 3692 855 3765 exemplum
890 3709 902 3747 :
1880 3693 2016 3749 trito
2041 3690 2351 3747 redeundo
2379 3688 2715 3759 subveniat,
2748 3693 2806 3744 et
2836 3705 3014 3743 suum
3045 3692 3103 3743 et
3130 3688 3286 3743 illius
3311 3687 3469 3744 facta
3488 3688 3551 3744 in

106 3783 411 3855 Diapason
442 3799 473 3838 c
502 3782 542 3838 d
573 3798 604 3839 e
634 3798 665 3838 c
698 3782 738 3838 d
767 3799 798 3838 e
828 3782 869 3838 d
899 3798 931 3837 c
963 3798 994 3837 c
1021 3799 1051 3838 c
1070 3776 1124 3858 [1"
1155 3798 1191 3837 a
1215 3796 1253 3851 g
1283 3796 1313 3836 c
1342 3781 1382 3835 d
1412 3796 1443 3837 e
1464 3780 1504 3836 d
1534 3779 1629 3836 dc.
1885 3779 2297 3853 superioribus
2325 3777 2701 3833 distinctione
2732 3776 2998 3850 repellat.
3024 3781 3168 3833 Item
3191 3793 3330 3832 cum
3353 3792 3550 3832 occur-

107 3872 395 3946 Diapente
426 3875 551 3930 FGa
579 3875 703 3929 FGa
734 3874 907 3928 GFFF
946 3871 1168 3928 EDCFG
1210 3872 1401 3927 aGGF.
1883 3888 1983 3926 sus
2005 3867 2530 3937 ﬁttono,diutinus
2552 3866 2619 3922 ﬁt
2636 3871 2807 3923 tenor
2830 3867 3071 3932 ﬁnis,ut
3091 3866 3142 3922 ei
3164 3867 3383 3939 partim
3414 3866 3555 3923 sub-

608 3964 893 4019 Miserere
919 3963 1053 4029 mei,
1097 3963 1273 4017 Deus.
1883 3964 2188 4034 sequatur,
2221 3963 2279 4014 et
2303 3957 2521 4031 partim
2551 3957 2922 4013 concinatur.
2955 3957 3105 4013 Cum
3136 3973 3278 4013 vero
3309 3956 3553 4012 ditonus

109 4050 489 4106 Diatessaron
520 4067 550 4106 c
580 4069 612 4106 ι)
641 4069 671 4106 1-:
703 4068 732 4106 c
765 4068 795 4106 ι)
824 4068 856 4105 ε
886 4067 918 4105 D
949 4066 979 4104 (τ
1010 4065 1040 4105 c
1071 4065 1101 4104 c
1132 4065 1162 4104 B
1194 4065 1228 4101 Δ
1258 4063 1290 4101 'I
1317 4063 1347 4102 C
1378 4062 1567 4101 υευῡίέ-
1881 4050 2241 4117 diuturnior,
2275 4052 2339 4104 ut
2365 4064 2525 4121 saepe
2552 4063 2659 4121 per
2695 4047 3101 4103 intermissam
3138 4062 3373 4115 vocem,
3401 4046 3551 4102 dum

182 4143 317 4197 Haec
367 4145 570 4197 autem
626 4141 823 4211 ﬁgura
879 4144 1080 4212 aperte
1133 4137 1453 4194 emendata
1517 4136 1779 4192 continet
1881 4140 1977 4196 vel
2004 4154 2193 4211 parva
2220 4136 2639 4203 sitobsecutio,
2664 4135 2845 4192 etiam
2877 4136 2999 4191 toni
3029 4151 3154 4191 non
3179 4135 3332 4191 desit
3350 4149 3554 4191 occur-

106 4229 518 4303 praecedentes
546 4245 720 4285 voces
750 4230 932 4300 hujus
967 4228 1310 4300 antiphonae
1336 4227 1619 4282 Miserere
1647 4226 1775 4295 Dei,
1885 4230 1992 4285 sio.
2028 4226 2201 4294 Quod
2227 4226 2370 4299 quia
2398 4224 2483 4292 ﬁt,
2516 4229 2658 4281 tunc
2685 4224 3007 4281 harmonia
3036 4224 3239 4280 ﬁnitur
3268 4224 3546 4280 deutero:

106 4323 286 4386 Deus,
314 4319 746 4392 subsequentes
776 4316 1185 4389 organizando
1224 4333 1332 4390 per
1380 4316 1774 4383 diatessaron,
1885 4318 1993 4376 etsi
2024 4322 2234 4374 cantus
2262 4331 2385 4371 non
2416 4319 2688 4389 speratur
2716 4314 2872 4371 ultra
2896 4314 2973 4370 ad
3006 4313 3207 4369 tritum
3228 4312 3552 4369 descende-

107 4408 280 4481 quod
308 4408 631 4478 vulgariter
656 4409 872 4466 dicitur
896 4424 1195 4479 organum
1228 4410 1337 4478 (19)
1385 4423 1570 4480 supra
1609 4422 1776 4476 voce,
1814 4464 1853 4481 η
1884 4426 1967 4478 re,
1991 4408 2133 4465 utile
2160 4411 2301 4462 tunc
2323 4404 2432 4460 erit
2456 4409 2631 4476 proto
2661 4403 2785 4459 vim
2811 4402 3023 4473 organi
3048 4417 3365 4475 occupare,
3412 4400 3551 4455 sub-

108 4464 174 4553 id
204 4502 309 4563 est,
339 4498 453 4553 sub
479 4498 591 4565 his,
632 4498 1036 4570 praecedentes
1083 4501 1290 4553 acutas
1343 4512 1525 4553 voces
1570 4495 1781 4551 retinet
1814 4464 1855 4517 Β
1886 4495 2275 4570 sequentibus
2305 4492 2613 4564 subsequi,
2641 4492 2867 4564 ﬁnique
2892 4506 3000 4564 per
3030 4495 3237 4547 tonum
3273 4488 3553 4546 decenter

108 4587 524 4657 organizantes
550 4603 656 4659 per
686 4587 986 4659 diapente,
1019 4586 1183 4660 quod
1224 4601 1523 4656 organum
1567 4585 1781 4641 dicitur
1886 4600 2217 4650 occurrere,
2246 4583 2387 4638 item
2417 4598 2558 4637 cum
2588 4580 2723 4651 plus
2752 4579 3127 4635 diatessaron
3154 4577 3389 4649 sejungi
3425 4591 3552 4631 non

110 4694 298 4751 supra
323 4692 556 4731 vocem.
592 4678 723 4731 Haec
755 4682 954 4732 autem
987 4675 1321 4748 antiphona
1345 4675 1420 4731 de
1451 4675 1583 4731 trito
1614 4680 1777 4743 tono,
1884 4676 2079 4745 liceat,
2109 4689 2264 4745 opus
2290 4675 2400 4737 est,
2429 4685 2568 4725 cum
2598 4669 2734 4742 plus
2757 4684 2818 4723 se
2845 4671 3052 4723 cantor
3074 4664 3555 4732 intenderit,sub-

109 4766 175 4823 id
202 4771 290 4823 est
319 4769 485 4820 sexto
505 4768 616 4834 est,
648 4768 705 4820 et
733 4764 1054 4837 deponitur
1085 4763 1146 4819 in
1169 4779 1241 4819 ea
1262 4780 1561 4833 organu'n
1586 4779 1781 4836 usque
1888 4768 2123 4821 secutor
2153 4758 2460 4827 ascendat,
2495 4761 2558 4813 ut
2583 4756 2857 4813 videlicet
2886 4758 2946 4813 C.
2982 4760 3268 4827 sequatur
3296 4757 3334 4809 F
3362 4770 3375 4808 :
3405 4757 3462 4809 et
3484 4756 3549 4808 D.

112 4855 196 4913 ad
218 4858 276 4913 C.
312 4872 577 4926 gravem,
625 4853 703 4910 ad
731 4869 919 4926 quam
972 4868 1268 4923 organum
1316 4868 1781 4925 nonnumquam
1888 4854 2174 4925 sequatur
2205 4851 2284 4905 G:
2328 4849 2755 4918 etEsequatur
2784 4861 2838 4901 a.
2882 4848 2939 4900 et
2988 4842 3236 4916 reliqua.
3289 4840 3554 4913 Denique

114 4944 445 5001 descendit.
500 4945 659 5001 Sicut
701 4942 862 4998 enim
912 4958 1122 5011 graves
1178 4940 1553 4996 descendunt
1580 4957 1779 5009 voces,
1886 4931 2168 5028 praetera
2192 4936 2555 5028 quadratam
2601 4933 2850 5028 singulis
2888 4932 3136 5028 vocibus
3182 4930 3556 5028 diatessaron

117 5035 203 5091 sic
230 5035 565 5091 ascendunt
589 5038 794 5091 acutae.
830 5035 997 5088 Potes
1021 5036 1078 5086 et
1102 5035 1347 5086 cantum
1374 5045 1512 5084 cum
1553 5044 1782 5097 organo
1890 5030 2113 5095 subest,
2144 5018 2305 5084 unde
2339 5026 2396 5081 in
2429 5025 2653 5098 quibus
2681 5020 3161 5079 distinctionibus
3215 5020 3317 5076 illa
3359 5018 3553 5086 fuerit,

117 5130 175 5180 et
204 5140 503 5195 organum
533 5142 672 5181 cum
703 5127 903 5189 cantu,
935 5126 1231 5195 quantum
1283 5118 1537 5185 libuerit,
1594 5117 1787 5189 dupli-
1891 5122 1953 5177 G.
1986 5119 2107 5174 vim
2137 5115 2349 5187 organi
2371 5114 2724 5187 possidebit.
2756 5112 2929 5179 Quod
2960 5116 3087 5167 tum
3109 5110 3193 5177 ﬁt,
3217 5110 3264 5165 si
3295 5112 3401 5165 aut
3422 5123 3559 5163 can-

119 5229 256 5270 care
285 5229 392 5286 per
429 5213 727 5286 diapason
757 5231 769 5281 ;
832 5211 1199 5283 ubicumque
1246 5208 1407 5264 enim
1450 5208 1579 5278 ejus
1640 5221 1783 5262 con-
1894 5214 1985 5264 tus
2014 5206 2093 5263 ad
2124 5208 2185 5261 F.
2220 5204 2566 5272 descendat,
2600 5208 2704 5259 aut
2731 5200 3137 5274 subsequitur,
3169 5199 3357 5255 autin
3380 5200 3442 5254 G.
3475 5197 3561 5253 di-

118 5302 327 5359 cordia
382 5302 574 5372 fuerit,
621 5303 781 5359 dicta
835 5297 1338 5373 symphonarium
1386 5297 1611 5369 aptatio
1661 5311 1785 5352 non
1893 5296 2272 5353 stinctionem
2298 5292 2496 5362 faciat,
2530 5292 2609 5347 ad
2640 5294 2702 5347 G.
2751 5295 2807 5345 et
2849 5306 2906 5345 a.
2961 5288 3241 5358 congruis
3293 5286 3441 5343 locis
3498 5289 3559 5344 F.

119 5392 401 5450 cessabit.
1894 5386 2302 5459 subsequitur,
2337 5384 2386 5439 si
2414 5384 2474 5439 in
2504 5386 2567 5439 G.
2596 5397 2739 5437 vero
2770 5384 2981 5437 cantus
3010 5395 3135 5436 non
3162 5379 3457 5446 terminet,
3498 5380 3560 5435 F.

195 5486 344 5539 Cum
367 5482 569 5553 itaque
588 5482 715 5552 jam
747 5481 890 5539 satis
913 5496 1135 5537 vocum
1158 5478 1457 5552 patefacta
1497 5478 1569 5533 sit
1596 5475 1787 5550 dupli-
1894 5493 2034 5534 cum
2066 5478 2245 5531 cantu
2272 5473 2390 5528 vim
2415 5471 2628 5541 organi
2650 5469 2924 5527 admittit.
2959 5470 3107 5525 Cum
3134 5485 3297 5526 vero.
3324 5468 3385 5525 b.
3410 5467 3564 5525 mol-

122 5572 300 5641 catio,
358 5586 606 5642 gravem
653 5587 691 5626 a
736 5576 986 5628 canente
1039 5575 1411 5639 succentum,
1441 5584 1632 5639 more,
1663 5583 1787 5641 quo
1894 5568 1968 5624 lis
1999 5568 2267 5623 versatur
2292 5563 2353 5619 in
2384 5566 2587 5633 cantu,
2620 5563 2681 5616 F.
2717 5560 3022 5632 organalis
3052 5560 3179 5618 erit.
3233 5561 3384 5617 Cum
3423 5556 3567 5631 ergo

195 5754 310 5824 (19)
351 5747 576 5818 Melius,
606 5743 737 5805 sub.
1974 5745 2092 5818 (20)
2135 5746 2286 5817 Lege
2315 5747 2550 5801 cantus.
