3958 6426
432 255 538 311 403

1816 243 2148 303 GUIDONIS
2185 243 2487 300 ARETINI.

431 374 602 433 tritus
655 373 810 432 adeo
854 372 1199 448 diaphonim
1246 371 1514 429 obtineat
1566 370 1991 444 principatum,
2030 372 2099 425 ut
2134 372 2181 425 Α
2210 369 2252 421 F
2306 371 2393 425 FG
2432 370 2475 426 G
2505 372 2546 426 Φ*
2574 372 2616 426 F
2652 372 2746 426 DD
2788 372 2873 428 CF
2911 372 2954 428 G
2992 384 3034 425 α
3071 371 3115 426 G
3190 370 3234 423 Ρ
3258 370 3306 425 6
3336 369 3566 428 FFEDC

434 462 815 537 aptissimum
838 479 1027 541 supra
1075 466 1322 519 caeteros
1370 460 1636 517 obtineat
1680 461 1904 527 locum,
1932 458 2098 515 vide-

431 569 571 612 mus
601 568 638 610 a
668 553 949 631 Gregorio
972 568 1104 610 non
1123 550 1426 609 immerito
1441 550 1578 624 plus
1595 550 1821 607 caeteris
1850 549 2101 606 vocibus

432 642 806 700 adamatum.
850 641 1080 699 Etenim
1104 641 1299 699 multa
1355 640 1653 697 meiornm
1700 638 2018 714 principia,
2045 641 2104 694 et

431 731 726 806 plurimas
754 731 1239 806 repercussiones
1262 731 1444 800 dedit,
1472 733 1537 787 ut
1566 746 1745 804 saepe,
1779 730 1828 787 si
1866 729 1940 786 de
1971 730 2102 801 ejus

435 822 616 876 cantu
647 820 763 877 triti
790 823 851 877 E.
880 824 939 878 et
963 837 1014 877 c.
1050 820 1459 890 subtrahatur,
1494 835 1684 894 prope
1720 819 2105 876 medietatem

434 905 639 965 tulisse
680 907 963 966 videaris.
1016 908 1364 983 Diaphonite
1390 912 1689 982 praecepta
1745 907 1889 965 data
1943 910 2100 976 sunt,

436 1013 573 1072 quin
603 997 678 1056 sit
703 998 993 1076 exemplis
1020 998 1261 1081 probes,
1282 998 1542 1072 perfecte
1572 1013 1921 1071 cognosces.

1070 1140 1297 1206 CAPUT
1330 1144 1463 1207 XIX.

600 1249 793 1307 Dicta,
828 1249 1168 1320 Diophanes
1193 1264 1311 1320 per
1345 1250 1624 1320 exempla
1661 1248 1955 1320 probatio.

508 1353 690 1424 Igitur
718 1371 756 1411 a
783 1354 919 1412 trito
948 1370 1075 1412 non
1111 1355 1476 1429 deponimus
1505 1370 1826 1426 organum,
1875 1355 1999 1411 sive
2042 1354 2104 1412 in

436 1458 530 1515 eo,
562 1442 686 1501 sive
714 1443 776 1502 in
804 1444 1197 1520 sequentibus
1224 1445 1488 1515 ﬁniatur,
1520 1445 1636 1501 hoc
1661 1444 1847 1501 modo
1879 1463 1892 1501 :

859 1554 1688 1614 FFGGFFDEFEDC

847 1626 1684 2039 filiiﬁlii

436 2088 584 2149 Ecce
611 2085 749 2144 ﬁnis
780 2086 1176 2147 distinctionis
1205 2087 1267 2143 in
1294 2087 1429 2145 trito
1456 2090 1516 2145 C.
1549 2103 1587 2145 a
1614 2103 1738 2167 quo
1767 2102 1892 2145 non
1921 2085 2106 2159 depo-

436 2172 638 2240 nimus
662 2190 981 2251 organum,
1018 2176 1162 2252 quia
1185 2192 1309 2232 non
1337 2175 1523 2233 habet
1552 2175 1666 2232 sub
1696 2191 1758 2232 se
1778 2179 1989 2231 tonum
2010 2174 2107 2231 vel

437 2261 733 2335 ditonum,
766 2264 989 2343 quibus
1016 2266 1083 2322 iit
1112 2281 1421 2336 occursus,
1450 2265 1559 2322 sed
1584 2265 1769 2325 habet
1799 2264 2105 2323 semidito-

438 2367 609 2435 num,
639 2369 749 2440 per
775 2370 958 2429 quem
983 2371 1108 2413 non
1132 2355 1200 2417 ﬁt
1224 2370 1529 2412 occursus.

1008 2466 1528 2531 FGGaGGF

970 2553 1237 2619 servoﬁ
1345 2554 1541 2621 dem

1008 2646 1048 2705 Ε
1105 2645 1531 2709 DDEDDC

437 2751 582 2814 Ecce
607 2749 726 2815 alia
753 2750 1052 2814 distinctio
1079 2751 1143 2815 in
1173 2751 1308 2817 trito
1338 2754 1396 2810 F.
1428 2751 1490 2809 in
1528 2767 1652 2833 quo
1692 2753 1752 2815 et
1792 2749 2022 2824 quartis
2070 2766 2108 2807 a

436 2854 500 2902 se
524 2839 777 2905 vocibus
806 2857 915 2915 per
951 2841 1326 2905 diatessaron
1378 2839 1829 2914 subsequimur,
1875 2843 1938 2903 et
1981 2839 2106 2897 dia—

432 2931 707 2993 tessaron
738 2934 1055 2995 succentus
1081 2930 1411 3004 plusquam
1437 2946 1726 2996 occursus
1754 2929 1993 3004 placet:

1054 3040 1498 3096 FFEDFGF

1044 3126 1164 3200 Ipsi
1200 3142 1299 3182 me
1339 3130 1398 3183 to
1438 3130 1498 3183 ta

1053 3217 1496 3273 CCCCCDC

438 3303 586 3359 Bosa
613 3300 733 3365 alia
763 3302 1040 3376 ejusdem
1070 3303 1239 3361 modi
1268 3303 1383 3361 triti
1411 3304 1473 3360 in
1505 3307 1563 3361 F.

866 3393 1683 3450 FFFFEGFEDDD

850 3482 933 3537 De
951 3496 1030 3538 vo
1052 3481 1093 3537 ti
1118 3496 1155 3537 ο
1185 3496 1262 3537 ne
1321 3497 1459 3537 com
1486 3480 1597 3537 mit
1625 3484 1707 3538 to.

864 3570 1682 3628 CCCCCDCCCCD

1018 1626 1035 1839 1

1160 1769 1177 1981 l

434 3657 583 3712 Ecce
607 3655 726 3713 alio.
764 3656 1067 3715 distinctio
1090 3658 1153 3714 in
1184 3663 1359 3732 proto
1385 3662 1451 3715 Ι).
1502 3658 1566 3715 in
1595 3673 1719 3731 qua
1765 3661 1826 3715 et
1853 3658 1980 3716 toni
2004 3675 2105 3718 oc-

434 3759 649 3802 cursus
680 3745 759 3803 ad
788 3746 974 3805 ﬁnem
1002 3751 1184 3821 patet.

886 3839 1011 3897 CD
1085 3839 1302 3895 CFF
1368 3839 1658 3894 FFDE

616 3927 760 3982 Item
793 3942 809 3983 ε
836 3928 1026 3983 Homo
1049 3931 1180 3984 erat
1204 3927 1269 3984 in
1298 3927 1685 3999 Iherusalem,
1720 3930 1825 3985 aut
1845 3927 1927 3985 ita
1954 3945 1969 3985 ε

888 4016 1010 4072 CC
1081 4016 1294 4074 CCC
1358 4017 1647 4075 CCDE

1110 4107 1439 4162 FFEDE

1072 4193 1459 4252 Hierusalem.

1100 4285 1446 4341 DDDDE

439 4392 587 4446 Ecce
616 4388 916 4447 distinctio
936 4390 997 4447 in
1028 4389 1276 4448 deutero
1306 4392 1368 4446 E.
1403 4390 1465 4446 in
1494 4404 1619 4462 qua
1647 4392 1706 4446 et
1734 4389 1858 4446 toni
1894 4404 2104 4448 occur-

439 4495 542 4535 sus
568 4479 647 4536 ad
676 4479 862 4536 ﬁnem
892 4484 1071 4553 patet.

636 4570 1902 4629 CFFDFCDDODFFCED

607 4660 753 4718 Veni
778 4661 859 4718 ad
886 4661 1231 4719 docendum
1260 4677 1371 4718 vos
1400 4659 1565 4717 viam
1590 4659 1946 4735 prudentia.

645 4750 1890 4813 CCCCCCCACCCCCCD

438 4839 745 4897 Distinctio
773 4840 837 4896 in
864 4843 1039 4913 proto
1067 4844 1135 4895 A.
1183 4842 1248 4895 In
1271 4839 1387 4895 hac
1430 4837 1808 4894 distinctione
1852 4838 1915 4895 in
1960 4838 2107 4896 infe-

437 4929 593 4996 riore
613 4929 748 4994 trito
781 4932 842 5002 C,
869 4928 975 5009 qui
997 4928 1105 4984 ﬁni
1132 4927 1406 5003 proxime
1431 4926 1640 4983 subest
1691 4928 1756 4999 D,
1801 4943 1978 4984 voces
2004 4928 2107 4986 ad-

438 5018 637 5076 missas
669 5021 828 5089 sunt,
857 5021 915 5074 et
939 5017 1109 5074 locus
1138 5016 1301 5090 prior
1324 5014 1493 5072 ﬁnita
1518 5015 1803 5086 gravitate
1822 5017 2106 5088 repetitus

436 5112 547 5183 est,
575 5107 681 5164 ubi
709 5106 973 5164 diximus
1002 5107 1161 5164 viam
1186 5105 1549 5177 prudentiae.
1604 5106 1671 5160 Et
1697 5104 1762 5161 in
1792 5104 1908 5163 hac
1937 5106 2104 5164 simi-

432 5196 569 5263 liter
594 5213 610 5253 :

436 5286 481 5351 ιτ
518 5284 602 5341 Ga
638 5287 808 5341 aFGF
871 5286 985 5342 FG
1059 5287 1169 5341 αα
1280 5286 1320 5340 F
1359 5286 1403 5340 D
1444 5285 1485 5340 F
1557 5284 1925 5340 EDCPGGGF

438 5372 618 5432 Sexta
648 5372 805 5429 hora
841 5372 993 5429 sedit
1021 5389 1203 5449 super
1238 5376 1509 5447 puteum.

442 5460 1002 5519 CDEECDCCD
1078 5462 1195 5519 ΕΒ
1308 5461 1507 5519 CCC
1584 5462 1926 5518 FFFFFFFF

439 5550 588 5605 Ecce
616 5552 682 5606 ut
710 5550 980 5607 ascendit
1008 5566 1329 5624 organum,
1345 5568 1421 5610 ne
1453 5551 1514 5609 in
1544 5551 1755 5608 ultime
1783 5550 2107 5611 distinctio-

440 5653 516 5696 ne
544 5638 873 5699 succineret
901 5656 1141 5699 cavens.

512 5744 628 5821 (2i)
665 5749 816 5822 Lege
846 5751 905 5812 et
928 5746 1003 5807 Ε.
1036 5750 1234 5808 teneat
1271 5746 1432 5813 VIII.

2209 458 2385 514 Sexta
2444 458 2596 515 hora
2658 475 2723 514 se
2776 458 2865 515 dit
2926 473 3106 531 super
3179 462 3451 532 puteum.

2207 549 2295 602 FF
2332 548 2462 601 FFF
2503 548 2674 605 FFFF
2714 551 2796 605 FF
2836 551 2918 605 FF
2956 551 2997 604 ιε’
3028 551 3065 605 F
3095 549 3137 601 F
3212 551 3254 607 F
3282 551 3323 604 Ρ
3352 549 3609 605 FFFFFF

2206 640 2353 694 Ecce
2381 637 2713 710 quomodo,
2744 637 3093 694 admittente
3130 640 3377 695 cantare
3428 639 3738 708 graviores
3776 658 3883 699 vo.

2209 743 2325 796 ces,
2355 743 2655 798 organum
2684 743 3053 800 suspensum
3086 732 3359 784 tenemus
3379 726 3441 783 in
3468 728 3626 786 trito.

2449 816 3643 876 ccddcacbcaGFGG

2420 907 2614 963 Victor
2645 906 2921 963 ascendit
2950 907 3135 963 caelos
3166 905 3325 962 unde
3355 906 3699 971 descendet.

2425 998 2627 1053 GGa
2692 998 2894 1052 aGG
2966 998 3098 1053 GG
3186 997 3310 1053 GF
3396 998 3652 1055 FFFG

2210 1088 2358 1142 Ecce
2388 1089 2454 1143 ut
2478 1086 2557 1143 ad
2582 1087 2648 1143 ϐ.
2671 1088 2730 1142 et
2760 1103 2797 1142 ει
2825 1085 2887 1142 in
2915 1085 3036 1141 ﬁne
3063 1085 3452 1159 subsequitur
3496 1088 3559 1144 F.
3609 1086 3781 1151 Idem
3823 1090 3892 1146 in

2208 1174 2433 1267 plagali
2462 1175 2594 1231 trito
2623 1175 2892 1267 invenies
2908 1178 3292 1267 usurpatum,
3318 1178 3384 1231 ut
3410 1176 3622 1267 adCet
3646 1177 3692 1235 d
3719 1178 3810 1235 ita
3830 1168 3895 1267 η

2211 1265 2638 1338 subsequatur,
2686 1265 2845 1325 sicut
2885 1265 2966 1321 ad
3013 1268 3055 1322 G
3087 1269 3146 1322 et
3174 1265 3254 1321 ad
3280 1280 3319 1322 a
3348 1266 3619 1338 sequitur
3675 1270 3738 1325 Β.
3768 1265 3893 1325 hoc

2211 1355 2398 1411 modo
2432 1372 2445 1410 :

2675 1461 2708 1501 e
2765 1461 2798 1501 c
2853 1444 2895 1500 d
3003 1444 3080 1500 de
3146 1443 3415 1500 dcdde

2641 1538 2718 1592 Ve
2756 1535 2821 1592 ni
2858 1539 2914 1592 te
2987 1535 3080 1591 Ad
3142 1551 3246 1591 ore
3284 1550 3441 1591 mus.

2664 1639 2698 1680 e
2755 1640 2788 1680 c
2847 1640 2882 1680 c
2991 1609 3407 1705 cccebHc

2855 1714 3089 1770 CAPUT
3132 1716 3236 1770 XX.

2213 1818 2513 1887 Quomodo
2542 1820 2774 1876 musica
2803 1834 2879 1876 ex
2902 1820 3261 1875 malleorum
3278 1819 3478 1875 sonitu
3507 1819 3584 1874 sit
3613 1820 3894 1876 inventa.

2283 1910 2364 1964 De
2390 1909 2635 1979 originis
2663 1913 2864 1965 autem
2889 1908 3138 1963 musicae
3167 1908 3328 1975 artis,
3360 1907 3506 1981 quia
3550 1908 3780 1965 rudem
3808 1909 3896 1965 le-

2212 2000 2439 2053 ctorem
2464 1997 2747 2065 vidimus,
2782 1998 2843 2053 in
2873 1996 3083 2070 primis
3133 1996 3454 2068 iacuimus,
3510 2012 3703 2070 quam
3759 1997 3899 2070 jam

2213 2088 2553 2155 exercitato,
2582 2087 2900 2161 magisque
2926 2086 3130 2143 scienti
3160 2086 3498 2143 tribuimus.
3529 2089 3711 2144 Erant
3741 2089 3900 2144 anti-

2213 2178 2419 2250 quitus
2445 2177 2843 2234 instrumenta
2871 2177 3117 2248 incerta,
3148 2182 3204 2232 et
3241 2177 3588 2233 canentium
3617 2177 3901 2235 multitu-

2214 2267 2317 2337 do,
2352 2266 2457 2322 sed
2486 2283 2645 2323 caeca
2677 2284 2690 2321 :
2724 2266 2924 2322 nullus
2950 2267 3111 2322 enim
3139 2266 3457 2322 hominum
3500 2282 3726 2323 vocum
3775 2268 3901 2325 dif-

2214 2356 2495 2413 ferentias
2526 2361 2583 2413 et
2604 2358 2982 2431 symphoniae
3031 2356 3453 2413 discretionem
3500 2359 3738 2429 poterat
3783 2358 3900 2415 ali-

2213 2462 2338 2522 qua
2369 2446 2884 2517 argumentatione
2915 2445 3190 2517 colligere
3238 2463 3250 2500 :
3307 2461 3504 2519 neque
3532 2450 3747 2518 posset
3774 2462 3899 2503 un-

2214 2552 2405 2617 quam
2434 2540 2662 2592 certum
2692 2535 2921 2609 aliquid
2949 2534 3024 2591 de
3049 2536 3164 2591 hac
3203 2539 3326 2591 arte
3355 2550 3742 2606 cognoscere,
3770 2537 3899 2593 nisi

2213 2626 2460 2683 tandem
2488 2624 2726 2681 bonitas
2756 2625 2981 2699 divina,
3018 2624 3185 2697 quod
3235 2624 3525 2698 sequitur,
3569 2641 3680 2683 suo
3734 2631 3899 2684 nutu

2213 2715 2576 2787 disponeret.

2287 2806 2436 2859 Cum
2480 2803 2848 2875 Pythagoras
2901 2801 3154 2874 quidam
3183 2818 3449 2873 magnus
3479 2802 3897 2878 philosophus

2213 2889 2360 2947 forte
2390 2890 2498 2946 iter
2522 2897 2743 2962 ageret,
2776 2896 3019 2949 ventum
3049 2896 3137 2949 est
3184 2892 3263 2948 ad
3314 2891 3627 2961 fabricam,
3670 2892 3733 2948 in
3763 2909 3897 2969 qua

2214 2996 2395 3053 super
2423 2996 2611 3036 unam
2644 2980 2928 3037 incudem
2976 2981 3245 3054 quinque
3296 2981 3495 3037 mallei
3542 2981 3841 3039 feriebant
3876 3001 3891 3038 :

2142 3086 2182 3141 ί]
2212 3085 2475 3145 quorum
2508 3086 2761 3126 suavem
2786 3070 3175 3127 concordiam
3200 3071 3452 3127 miratus
3477 3072 3887 3146 philosophus

2212 3154 2479 3226 accessit,
2510 3159 2896 3233 primumque
2924 3161 2986 3216 in
3011 3177 3308 3217 manuum
3328 3162 3610 3218 varietate
3632 3178 3885 3236 sperans

2214 3247 2338 3302 vim
2366 3248 2497 3304 soni
2526 3266 2596 3306 ac
2640 3249 3067 3307 modulationis
3115 3252 3387 3320 existere,
3440 3253 3695 3309 mutavit
3740 3251 3885 3308 mal-

2212 3336 2338 3395 leos
2368 3357 2381 3408 ;
2412 3356 2536 3413 quo
2566 3340 2723 3397 facto
2757 3358 2867 3398 sua
2890 3341 2979 3397 vis
3005 3358 3309 3416 quemque
3340 3346 3544 3399 secuta
3565 3346 3674 3399 est.
3731 3343 3883 3401 Sub-

2216 3431 2402 3486 tracto
2450 3429 2672 3504 itaque,
2723 3431 2829 3513 qui
2875 3432 3161 3487 dissonus
3203 3435 3329 3488 erat
3377 3448 3413 3488 a
3456 3432 3703 3503 cmteris,
3735 3431 3885 3489 alios

2214 3520 2586 3602 ponderavit,
2614 3521 2961 3595 mirumque
2986 3521 3048 3577 in
3078 3522 3331 3578 modum
3355 3521 3561 3579 divino
3587 3526 3740 3579 nutu
3760 3522 3886 3596 pri-

2214 3624 2352 3664 mus
2382 3613 2490 3681 XII,
2521 3610 2824 3666 secundus
2857 3615 2941 3681 IX,
2974 3611 3178 3667 tertius
3204 3615 3340 3680 VIII,
3383 3617 3634 3685 quartus
3661 3615 3750 3680 VI,
3779 3628 3886 3668 ne-

2216 3699 2339 3755 scio
2368 3700 2589 3783 quibus
2620 3702 2988 3774 ponderibus
3020 3690 3425 3785 appendebat.
3453 3703 3746 3773 Cognovit
3783 3702 3889 3759 ita-

2214 3806 2331 3862 que
2361 3790 2425 3845 in
2449 3806 2843 3848 numerorum
2862 3792 3247 3866 proportione
3270 3797 3326 3848 et
3356 3791 3671 3848 collatione
3702 3792 3886 3849 musi-

2216 3896 2300 3935 cae
2331 3880 2551 3936 versari
2580 3882 2910 3937 scientiam.
2946 3884 3081 3937 Erat
3110 3882 3270 3937 enim
3316 3898 3389 3938 ea
3435 3882 3781 3939 constitutio
3826 3882 3889 3938 in

2216 3974 2477 4043 quatuor
2509 3970 2758 4039 malleis,
2791 3988 2926 4046 quae
2959 3976 3051 4027 est
3078 3971 3262 4027 modo
3288 3970 3349 4027 in
3388 3976 3651 4044 quatuor
3676 3971 3889 4028 litteris

2216 4063 2262 4115 A
2294 4063 2337 4117 D
2369 4062 2410 4115 E
2437 4076 2491 4117 a.
2524 4060 2790 4135 Denique
2822 4061 2869 4117 si
2896 4066 2960 4117 Α.
2996 4062 3191 4132 gravis
3216 4062 3399 4119 habet
3422 4065 3535 4118 XII.
3569 4066 3626 4118 et
3654 4078 3710 4118 a.
3740 4077 3888 4119 acu-

2215 4152 2277 4217 ta
2301 4152 2389 4206 VI.
2420 4154 2581 4219 tenet
2604 4167 2665 4207 se
2687 4155 2864 4208 acuta
2904 4167 2958 4207 a.
3000 4169 3141 4208 cum
3172 4154 3220 4208 Α
3251 4151 3419 4223 gravi
3470 4151 3884 4224 proportione.

2216 4254 2355 4318 quae
2384 4239 2558 4295 estin
2600 4238 2986 4297 Arithmetica
3035 4239 3241 4323 dupla,
3295 4240 3357 4296 in
3399 4240 3637 4296 musica
3681 4244 3885 4297 autem

2218 4327 2515 4402 diapason
2563 4329 2978 4386 consonantia.
3029 4332 3093 4385 D.
3149 4345 3293 4386 vero
3349 4329 3571 4400 gravis,
3621 4346 3760 4403 quae
3802 4334 3887 4385 est

2139 4461 2185 4514 Β
2221 4419 2380 4514 YIIII.
2414 4435 2554 4474 cum
2585 4421 2646 4475 E.
2681 4420 2844 4488 gravi
2873 4419 3041 4492 quod
3069 4423 3156 4475 est
3185 4422 3319 4475 VIII.
3354 4422 3511 4514 tenet
3541 4434 3601 4474 se
3628 4434 3880 4514 propor-

2219 4506 2398 4578 tione,
2431 4523 2567 4581 quaa
2598 4510 2685 4563 est
2712 4507 2774 4562 in
2800 4508 3172 4564 arithmetica
3203 4507 3637 4581 sesquioctava,
3688 4507 3751 4562 id
3777 4513 3883 4575 est,

2219 4596 2551 4672 epogdons,
2598 4597 2659 4653 in
2688 4598 2923 4654 musica
2978 4602 3180 4654 autem
3232 4602 3409 4653 tonus
3466 4598 3883 4664 consonantia,

2218 4690 2361 4742 Item
2389 4703 2444 4743 a.
2479 4692 2656 4744 acuta
2685 4704 2823 4744 cum
2848 4691 2888 4744 E
2916 4688 3104 4759 gravi,
3139 4689 3293 4744 sicut
3323 4691 3386 4745 Ι).
3422 4687 3622 4759 gravis
3652 4704 3795 4744 cum
3818 4693 3882 4744 A.

2218 4776 2402 4847 gravi,
2434 4781 2593 4833 tenet
2613 4794 2674 4833 se
2706 4777 3111 4857 proportione,
3144 4794 3280 4851 quae
3314 4781 3401 4834 est
3422 4777 3482 4833 in
3513 4775 3886 4834 arithmetica

2218 4866 2611 4940 sesquitertia,
2645 4867 2705 4923 in
2726 4867 2961 4931 musica
2982 4883 3125 4923 vero
3147 4866 3521 4923 diatessaron
3550 4881 3886 4923 consonan—

2216 4954 2315 5011 tia.
2352 4959 2496 5011 Item
2528 4972 2582 5012 a.
2617 4960 2795 5012 acuta
2823 4972 2962 5012 cum
3013 4958 3077 5011 Ι).
3113 4955 3302 5027 gravi,
3360 4955 3511 5011 sicut
3548 4956 3625 5012 'E.
3680 4955 3880 5026 gravis

2217 5059 2355 5107 cum
2387 5049 2452 5100 A.
2488 5045 2655 5116 gravi
2678 5050 2835 5102 tenet
2867 5062 2928 5101 se
2960 5044 3368 5119 proportione,
3397 5061 3534 5117 quae
3565 5049 3653 5100 est
3681 5044 3742 5100 in
3776 5043 3884 5100 ari-

2216 5133 2498 5191 thmetica
2519 5134 2923 5211 sesquialtera,
2938 5122 2999 5190 in
3018 5122 3251 5191 musica
3280 5150 3422 5190 vero
3447 5133 3727 5207 diapente
3750 5148 3883 5189 con-

2218 5224 2513 5280 sonantia.
2544 5226 2609 5279 Et
2638 5223 2687 5279 si
2714 5230 2779 5280 A.
2808 5223 2993 5280 habet
3019 5226 3127 5279 XII.
3162 5226 3220 5278 et
3249 5225 3313 5291 D,
3340 5222 3422 5279 1x.
3474 5220 3718 5291 ternarii
3747 5238 3882 5294 pro-

2212 5330 2450 5386 passus,
2477 5312 2726 5368 habebit
2752 5318 2819 5370 A.
2870 5313 2933 5369 in
2979 5316 3089 5370 XII.
3139 5312 3430 5369 ternarias
3484 5315 3780 5385 quatuor,
3828 5315 3881 5367 et

2217 5405 2280 5459 D.
2316 5403 2376 5458 in
2407 5405 2551 5458 VIIII
2577 5402 2867 5459 ternarios
2894 5406 3031 5459 tres.
3063 5405 3291 5458 Rursus
3348 5418 3488 5458 cum
3532 5400 3759 5458 habeat
3813 5406 3874 5457 Α.

2214 5495 2323 5549 XII.
2356 5496 2414 5547 et
2440 5494 2513 5547 D.
2550 5497 2747 5547 teneat
2795 5484 2980 5548 VIIII.
3036 5492 3149 5565 (2i)
3194 5491 3609 5565 quaternarios
3661 5507 3877 5564 passus

2215 5587 2331 5640 tres
2373 5581 2620 5639 habebit
2665 5586 2730 5639 A.
2783 5586 2843 5641 Ε.
2896 5599 3039 5641 vero
3088 5583 3266 5654 duos,
3300 5587 3356 5641 et
3385 5583 3666 5656 diapente
3697 5585 3871 5656 patet.

2218 5674 2345 5733 Sint
2393 5673 2611 5733 iterum
2662 5673 2770 5733 ΧΠ.
2829 5674 2894 5732 in
2938 5678 3006 5731 Α.
3064 5677 3122 5732 et
3171 5676 3260 5743 VI.
3333 5674 3396 5732 in
3448 5673 3637 5745 altera
3702 5688 3739 5730 a
3787 5688 3873 5729 sc-
