3904 6398
108 325 224 392 40.3

1291 329 1586 386 REGULIE
1620 322 1896 385 HUSICE
1932 323 2367 385 RHYTHMICE.

3433 335 3538 389 408

111 461 327 515 narius
359 457 644 513 medietas
673 460 763 512 est
789 455 1166 522 duodenarii,
1195 455 1348 510 sicut
1378 470 1431 510 a-.
1469 457 1645 509 acuta
1690 451 1766 507 al—
1802 454 1848 507 A
1877 467 2015 506 cum
2046 457 2438 507 numerorum
2470 453 2858 526 preportione
2883 454 3334 512 demonstravit;
3385 454 3540 521 Quid

115 549 301 605 terius
335 551 399 602 A.
436 547 750 602 medietate
782 545 1094 613 colligitur.
1144 541 1323 600 Adest
1379 559 1520 614 ergo
1573 544 1780 616 diapa-

112 655 250 693 son.
284 641 366 692 lta
385 636 520 708 ipsa
549 639 613 690 Α.
640 635 716 690 ad
750 638 813 689 D-.
839 634 1237 701 diatessaron,
1271 633 1349 688 ad
1384 636 1442 688 E.
1472 634 1772 706 diapente,

112 725 289 783 alteri
318 729 458 780 vero
484 732 539 779 a.
573 715 870 794 diapason
894 721 1107 792 reddit,
1171 724 1234 776 D.
1295 733 1537 794 quoque
1586 722 1663 777 ad
1712 726 1773 777 Et

110 819 352 881 tonum,
386 813 467 868 ad
497 815 816 883 utrumque
841 816 905 866 Α.
963 826 1017 866 a.
1075 809 1448 865 diatessaron
1506 815 1608 867 aut
1644 811 1774 867 dia-

107 905 295 978 pent‘e
325 906 515 958 sonat.
550 904 616 956 Et
645 904 703 955 E.
733 901 913 956 etiam
943 900 1021 955 ad
1054 903 1116 955 Β.
1149 905 1380 968 tonum,
1411 901 1645 972 utrique
1703 903 1769 956 At

108 1011 172 1050 a.
207 993 486 1064 diapente
512 990 604 1045 vel
643 990 1019 1044 diatessaron
1037 989 1285 1044 mandat
1309 1007 1320 1043 :
1348 1005 1402 1044 a-.
1425 1005 1567 1044 vero
1597 995 1772 1046 acuta

107 1100 258 1139 cum
284 1087 348 1136 A.
383 1080 696 1152 diapason,
728 1093 867 1134 eum
905 1079 970 1133 Β.
1010 1078 1309 1149 diapente,
1343 1095 1480 1132 cum
1536 1082 1594 1133 E.
1647 1079 1771 1134 dia-

107 1178 387 1228 tessaron
415 1174 606 1225 sonat.
636 1171 775 1234 Quae
808 1171 1026 1223 cuncta
1059 1167 1118 1221 in
1148 1167 1505 1239 supradictis
1561 1179 1772 1223 nume:

105 1261 193 1317 ris
216 1259 488 1315 curiosus
514 1259 919 1330 perscrutator
947 1256 1223 1311 inveniet.
1255 1256 1395 1311 Hinc
1425 1257 1586 1311 enim
1624 1257 1769 1312 inci;

105 1350 285 1423 piens
343 1347 574 1403 Boetius
631 1345 912 1418 panditor
963 1345 1143 1416 hujus
1180 1345 1342 1412 artis,
1371 1346 1626 1401 multam
1655 1345 1766 1401 mi-

105 1447 368 1511 ramque
397 1440 456 1492 et
503 1434 920 1491 diﬂicillimam
965 1434 1146 1505 hujus
1199 1433 1336 1489 artis
1379 1432 1768 1490 concordiam

1886 541 2060 613 plura
2081 542 2108 596 ?
2138 544 2243 596 Per
2275 542 2648 613 supradictas
2681 543 2906 613 speries
2927 544 3407 600 m'onocherdum
3425 545 3539 618 prie

1882 648 2017 686 mus
2047 631 2140 686 ille
2172 631 2538 703 Pythagoras
2557 633 2912 704 composuit,
2945 634 3004 688 in
3036 647 3158 705 quo
3214 636 3359 707 quia
3414 643 3537 692 non

1883 725 1970 776 est
1996 720 2243 788 lasciva,
2279 720 2382 776 sed
2410 720 2725 790 diligenter
2755 725 2962 793 aperta
2987 723 3130 777 artis
3168 725 3396 794 notitia,
3445 739 3536 781 sa-

1883 811 2181 882 pientibus
2208 810 2264 865 in
2285 826 2606 864 commune
2625 810 2867 881 placuit,
2888 815 3065 882 atque
3083 828 3272 883 usque
3293 813 3354 868 in
3374 814 3535 870 hunc

1880 900 2038 955 diem
2070 915 2166 955 ars
2193 898 2480 972 paulatim
2507 900 2829 954 crescendo
2849 900 3115 966 invaluit,
3134 901 3265 973 ipso
3290 902 3533 959 doctore

1880 990 2424 1060 semperhumanas
2439 989 2710 1043 tenebras
2737 988 3081 1056 illustrante,
3103 991 3273 1061 cujus
3295 999 3535 1049 summa

1880 1077 2169 1150 sapientia
2208 1089 2313 1149 per
2342 1081 2558 1132 cuncta
2588 1077 2745 1145 viget
2777 1078 3015 1134 saecula.
3057 1081 3268 1136 Amen.

2356 1167 2628 1235 Explicat
2667 1169 3050 1238 Microloyns,

2020 1257 2084 1311 id
2109 1263 2212 1323 est,
2249 1257 2439 1312 brevis
2466 1271 2654 1311 sermo
2685 1259 2748 1311 in
2776 1260 2999 1313 musica
3027 1259 3220 1314 editus
3249 1274 3286 1316 α
3314 1261 3386 1316 D.

2189 1346 2457 1401 Guidone
2485 1346 2707 1401 musico
2742 1347 3120 1416 peritissimo,
3163 1353 3218 1403 et

2365 1434 2698 1490 venembz'lz’
2719 1436 3028 1490 monacho.

1489 1778 2143 1868 INGIPIUNT

470 1983 981 2127 GUIDONIS
1073 1986 1500 2124 VERSUS
1594 1985 1724 2121 DE
1821 1975 2243 2121 MUSlGlE
2337 1971 3182 2122 EXPLANA’l‘lONE

1276 2205 1585 2292 SUIQUE
1632 2215 1992 2279 NOMINIS
2037 2215 2377 2277 ORDINE;

998 2375 1262 2432 Gliscunt
1292 2375 1482 2432 corda
1506 2375 1654 2431 meis
1678 2374 1996 2430 hominum
2027 2374 2254 2432 mollita
2279 2376 2576 2446 Camenis,

1004 2468 1130 2521 Una
1160 2465 1306 2520 mihi
1338 2464 1522 2520 Virtus
1552 2469 1898 2520 numeratos
1930 2464 2176 2520 contulit
2203 2465 2372 2531 ictus,

1002 2559 1065 2609 In
1099 2554 1261 2610 caelis
1289 2571 1531 2610 summo
1554 2553 1890 2625 gratissima
1921 2553 2189 2610 carmina
2213 2553 2423 2621 fundo,

1001 2640 1160 2698 Dans
1192 2629 1341 2698 aulae
1368 2642 1575 2699 Christi
1606 2647 1828 2698 munus
1850 2658 1988 2698 cum
2019 2658 2162 2697 voce
2193 2641 2480 2710 magistri,

999 2731 1216 2787 Ordine
1248 2735 1343 2786 me
1371 2730 1600 2802 scripsi,
1632 2730 1828 2802 primo
1849 2730 1953 2802 qui
1979 2729 2250 2786 carmina
2277 2729 2443 2784 ﬁnxi.

567 2886 999 2949 INGIPIUNT
1040 2885 1248 2947 ITEM
1294 2885 1644 2948 MUSICxE
1686 2871 2088 2948 GUIDONIS
2135 2883 2502 2945 REGULzE
2546 2881 3072 2944 RHYTHMIC/E

1175 3048 1248 3104 In
1277 3047 1692 3118 antiphonarii
1719 3047 1814 3102 sui
1833 3047 2154 3117 prologum
2181 3043 2458 3116 prol'atw.

102 3336 468 3394 Musicarum
499 3338 555 3390 et
587 3337 905 3391 cantorum
933 3347 1159 3404 magna
1183 3337 1274 3389 est
1301 3332 1603 3389 distantia.

104 3426 208 3483 Isti
238 3425 465 3494 dicunt,
499 3424 580 3480 illi
613 3423 826 3494 sciunt,
857 3440 993 3497 quae
1015 3423 1323 3496 componit
1351 3423 1585 3481 Musica.

102 3520 259 3572 Nam
289 3515 394 3588 qui
425 3513 563 3570 facit
583 3513 749 3585 quod
775 3528 894 3568 non
926 3512 1096 3585 sapit,
1129 3512 1420 3567 dit‘ﬁnitur
1450 3512 1656 3568 bestia.

103 3607 402 3660 Caeterum
425 3602 684 3659 tonantis
706 3602 869 3657 vocis
901 3602 947 3656 si
976 3601 1224 3656 laudent
1260 3601 1561 3672 acumina,

107 3692 428 3766 Superabit
455 3690 845 3764 philomelam
867 3690 961 3745 vel
998 3689 1222 3766 vocalis
1265 3690 1452 3745 asina.

105 3763 305 3848 Quare
327 3780 412 3836 eis
443 3763 570 3835 esse
599 3795 776 3834 suum
806 3767 952 3834 tollit
980 3763 1308 3834 dialectica.

104 3876 227 3928 Hac
259 3870 335 3926 de
359 3886 544 3926 causa
574 3870 931 3925 rusticorum
959 3867 1277 3924 multitudo
1305 3867 1586 3946 plurima,

105 3964 310 4017 Donec
339 3957 560 4015 frustra
584 3953 746 4038 vivit,
771 3957 924 4038 mira
950 3951 1185 4038 laborat
1211 3953 1466 4038 insania,

103 4053 265 4106 Dum
292 4048 416 4103 sine
444 4031 729 4116 magistro
760 4031 925 4102 nulla
951 4033 1195 4101 discitur
1224 4033 1572 4118 antiphona.

103 4139 271 4196 Notis
301 4153 443 4207 ergo
469 4136 581 4216 illis
616 4134 845 4209 spretis,
879 4127 1099 4208 quibus
1129 4135 1344 4204 vulgus
1375 4134 1573 4202 'utit'ur,

104 4225 285 4295 Quod
303 4227 430 4281 sine
453 4219 696 4282 ductore
723 4229 1120 4298 nusquam,ut
1136 4241 1348 4295 caecus,
1369 4218 1765 4300 progreditur,

105 4321 350 4392 Septem
383 4317 522 4372 istas
547 4313 712 4372 disce
738 4319 910 4372 notas
938 4311 1164 4388 septem
1196 4311 1656 4371 characteribus.

102 4414 190 4463 ut.
229 4421 313 4461 re.
345 4407 445 4462 mi.
477 4397 566 4475 fa.
592 4411 676 4460 ut.
712 4406 800 4461 sol
832 4421 913 4462 re.
951 4393 1011 4461 la
1041 4406 1138 4460 mi.
1170 4405 1260 4474 fa.
1295 4407 1402 4460 sol.
1430 4410 1516 4460 ut.

130 4503 188 4552 Γ.
255 4487 321 4550 Α.
375 4481 436 4552 Β.
489 4495 548 4551 C.
663 4495 728 4551 D.
900 4481 962 4550 E.
1111 4483 1170 4550 Γ.
1320 4497 1381 4550 G.

1407 4600 1462 4640 a.

221 4690 276 4730 a.
423 4673 486 4731 b.
599 4690 650 4730 c.
763 4673 824 4730 d.
1007 4689 1058 4728 e.
1171 4672 1210 4729 f.
1317 4687 1461 4742 g.a.

108 4767 190 4821 la.
230 4778 315 4820 re.
347 4764 446 4818 mi.
475 4763 548 4833 fa
577 4768 662 4818 ut.
688 4761 795 4818 sol.
831 4778 913 4819 re.
947 4763 1031 4816 mi
1056 4747 1135 4817 ia.
1157 4761 1248 4830 fa.
1282 4755 1372 4817 sol
1398 4763 1478 4816 la.

106 4858 386 4924 Namque
407 4851 537 4909 alia;
569 4856 847 4924 septena,
876 4867 1011 4922 quae
1036 4841 1368 4923 Sequuntur
1392 4852 1622 4922 postea,

106 4948 241 4999 Non
273 4946 411 4998 sunt
440 4942 588 5009 aliae,
633 4942 737 4997 sed
766 4957 886 4996 una
914 4937 1275 5012 replicantur
1294 4938 1517 5009 regula.

107 5032 263 5099 Quia
297 5043 534 5098 vocdm,
567 5036 628 5086 ut
658 5031 911 5097 dierum,
937 5031 1104 5102 teque
1121 5026 1185 5108 fit
1205 5023 1611 5084 hebdomada.

109 5125 276 5189 Quas
309 5109 376 5188 si,
408 5122 560 5177 sicut
580 5121 923 5187 audiuntur,
953 5119 1040 5174 vis
1064 5109 1263 5173 videre
1292 5116 1499 5185 oculis,

109 5201 222 5268 Ore
252 5201 488 5265 interim
520 5209 744 5276 silente,
777 5207 1074 5265 manualis
1101 5207 1296 5280 operis

108 5285 551 5372 Argumentum
579 5287 684 5353 ﬁat
713 5296 882 5353 certis
904 5293 1224 5351 dit‘ﬁnitum
1250 5293 1515 5351 numeris
1539 5285 1672 5367 (2'2).

109 5378 148 5440 ᾗ
179 5375 437 5446 damma
467 5403 732 5459 graecum
761 5386 1008 5460 quidam
1039 5390 1275 5460 ponunt
1324 5390 1460 5443 ante
1511 5385 1770 5460 primam

1404 5471 1698 5549 [litteram,

1803 3335 1843 3387 Β
1873 3319 2056 3406 Ᾱᾳαο
2087 3321 2369 3406 passibus
2399 3331 2651 3404 partitur
2675 3335 2895 3387 novem
2921 3321 3043 3388 tota
3072 3319 3247 3387 linea.

1876 3409 1986 3477 Ubi
2015 3421 2246 3495 primus
2284 3437 2504 3494 passus
2533 3421 2681 3490 ﬁnit,
2707 3421 2901 3494 prima
2931 3411 3038 3477 erit
3066 3407 3275 3476 littera.

1875 3511 2045 3566 Modo
2078 3509 2250 3565 simili
2282 3526 2316 3564 a
2346 3510 2540 3581 prima
2566 3527 2784 3582 passus
2814 3509 2961 3566 ﬁant
2985 3505 3249 3564 totidem.

1875 3589 1941 3655 Et
1971 3591 2246 3654 secundae
2278 3587 2444 3653 locus
2476 3597 2636 3671 patet
2663 3597 3006 3670 supradicto
3037 3595 3244 3653 ordine
3279 3617 3290 3652 :

1875 3691 2067 3755 Quam
2085 3686 2469 3743 concordiam
2495 3703 2778 3742 sonorum
2811 3679 3018 3741 tonum
3052 3673 3258 3740 dicunt
3285 3683 3521 3741 musici.

1944 3782 2170 3834 Rursus
2199 3775 2386 3834 totam
2413 3778 2678 3834 Gammas
2710 3769 3000 3834 chordam
3028 3762 3227 3832 divide
3258 3779 3364 3848 per
3379 3791 3526 3848 qua-

3277 3866 3449 3938 [tuor,

1874 3953 2061 4016 Tertia
2085 3945 2397 4014 confestim
2426 3949 2598 4014 canet
2626 3943 2904 4013 secundae
2934 3944 3203 4028 vicinior,

1770 4083 1775 4089 -
1875 4043 2190 4105 Tantillum
2217 4043 2456 4103 duobus
2487 4037 2641 4104 tonis
2666 4046 2802 4121 plus
2835 4051 2920 4104 est
2946 4041 3322 4104 diatessaron

1880 4137 2270 4196 Semitonium
2307 4131 2558 4194 vocatur
2587 4137 2787 4210 ipsum
2817 4129 2997 4194 breve
3028 4131 3310 4211 Spatium,

1877 4232 2075 4284 Tonus
2101 4245 2244 4284 vero
2274 4232 2381 4299 est,
2406 4245 2588 4302 quem
2609 4227 2749 4286 facit
2767 4245 2981 4284 norma
3003 4245 3221 4284 novem
3245 4221 3523 4300 partium.

1878 4321 1957 4373 De
1979 4316 2285 4390 quaternis
2315 4311 2500 4372 habet
2529 4315 2900 4372 diatessaron
2930 4307 3312 4373 vocabulum.

1877 4406 1993 4479 Ipsi
2011 4409 2187 4462 tonus
2216 4405 2262 4460 si
2289 4402 2563 4482 addatur,
2595 4397 2872 4480 diapente
2894 4406 3097 4475 oritur,

1879 4483 2053 4560 Quod
2108 4491 2182 4550 de
2222 4493 2490 4567 quinque
2547 4510 2770 4550 nomen
2827 4495 3098 4550 Graecum
3148 4484 3209 4578 in
3255 4485 3526 4578 Latinum

3170 4581 3453 4654 [vertit‘un

1805 4691 1845 4746 ρ
1877 4675 2024 4729 Nam
2047 4671 2320 4745 sipassus
2341 4673 2536 4728 ternos
2553 4670 2710 4738 facit,
2726 4671 2991 4744 quinque
3009 4674 3240 4727 constat
3253 4669 3523 4726 vocibus.

1877 4761 2018 4818 Inde
2046 4762 2242 4834 prima
2267 4755 2437 4840 dabit
2464 4764 2712 4834 quarter,
2745 4748 3048 4840 quaternis
3073 4749 3381 4832 indicium,

1878 4855 1946 4907 Et
1969 4849 2234 4908 secunda
2264 4842 2442 4907 servit
2467 4851 2687 4924 quintae
2710 4868 2816 4925 per
2853 4838 3134 4907 eumdem
3182 4866 3526 4908 numerum.

1877 4942 2067 4998 Tertia
2097 4941 2377 4998 conducit
2408 4946 2656 5010 sextam,
2688 4958 2881 5015 neque
2908 4935 3099 4996 mutat
3128 4929 3446 5011 calculum,

1881 5034 2073 5089 Causa
2103 5031 2369 5104 septimae
2395 5039 2436 5110 Ia
2467 5019 2719 5088 Gamma
2746 5033 2849 5104 ('23)
2876 5031 2967 5087 fac
3020 5030 3198 5086 totius
3235 5029 3529 5098 medium,

1878 5125 2038 5178 Tunc
2063 5138 2096 5178 a
2136 5122 2333 5194 prima
2362 5123 2443 5179 sic
2497 5127 2709 5180 octava
2757 5122 2956 5178 locum
2988 5121 3169 5176 sumit
3194 5119 3526 5192 proprium.

1871 5194 2000 5267 imo
2029 5209 2226 5283 prima
2256 5209 2320 5287 ﬁt
2346 5227 2381 5267 a
2407 5210 2622 5284 prima,
2654 5227 2848 5283 neque
2878 5212 3067 5265 mutat
3090 5225 3456 5267 .numerum.

1882 5287 1972 5356 Sic
1999 5298 2262 5356 secunda
2293 5299 2396 5356 dat
2423 5299 2774 5363 secundam,
2806 5291 3090 5372 tertiaque
3118 5287 3373 5371 tertiam,

1880 5383 2101 5457 Quarta
2130 5393 2428 5463 quartam,
2458 5389 2668 5463 quinta
2715 5377 3009 5464 quintam,
3057 5406 3317 5471 quaeque
3361 5406 3534 5448 suam

3131 5479 3462 5553 mtterram.

184 5639 297 5712 (22)
521 5628 589 5707 (Γ.
621 5635 813 5708 cujus)
867 5635 1022 5693 clare
1069 5639 1274 5712 parvis
1317 5639 1562 5713 pateant
1607 5635 1868 5714 puerulis
1914 5635 2048 5717 quae
2087 5635 2382 5698 vocamus
2422 5625 2505 5695 sic
2548 5641 2883 5718 primarum
2913 5640 3244 5705 litterarum
3273 5644 3536 5723 spatium

113 5709 200 5784 (f.
219 5709 460 5784 spatia).

183 5779 300 5857 (23)
331 5785 424 5851 A.,
445 5779 603 5852 facit
629 5781 778 5851 qius.
