3958 6412
377 275 482 328 407

382 394 668 452 Gravium
690 397 931 451 acutam
965 393 1163 464 signat
1187 407 1295 464 per
1324 391 1604 448 eamdem
1634 391 1912 456 litteram,

382 484 552 540 Vocis
582 483 792 557 primae
821 483 900 539 ad
925 487 1204 538 octavam
1231 481 1323 536 vel
1347 481 1626 536 eamdem
1658 480 1933 535 litteram.

384 577 505 630 Hoc
539 571 927 630 concordiam
957 587 1248 628 sonorum
1279 570 1579 643 diapason
1609 569 1945 635 nominant,

387 664 570 736 Cujus
617 677 841 718 nomen
897 665 986 717 est
1034 660 1109 716 de
1169 660 1398 716 cunctis
1455 659 1814 717 translatum
1857 657 1932 714 ad
1956 657 2049 713 lit-

1745 750 1954 820 [teram
1963 791 1977 817 ,

388 845 608 900 Omnes
633 841 778 914 quia
807 839 991 896 habet
1017 855 1218 903 voces,
1245 838 1337 894 vel
1366 838 1510 911 quia
1545 843 1732 894 totam
1757 837 1980 893 lineam

388 936 494 988 Per
517 932 672 988 duos
700 931 956 1004 partitur
975 945 1192 1003 passus
1228 928 1290 984 in
1313 928 1593 984 eamdem
1621 927 1875 983 litteram

390 1025 473 1079 Ea
499 1021 714 1095 bisque
737 1021 1040 1092 geminata
1064 1019 1550 1076 monochordum
1578 1017 1872 1073 terminat.

391 1111 663 1184 Quinque
691 1111 873 1167 habet
901 1111 1033 1183 ipsa
1055 1115 1253 1179 tonos,
1281 1108 1404 1163 duo
1433 1107 1766 1163 semitonia.

394 1201 583 1257 Habet
609 1201 671 1256 in
701 1217 763 1256 se
788 1199 1092 1273 diapente,
1124 1203 1304 1270 atque
1335 1197 1731 1252 diatessaron.

392 1291 648 1348 Maxima
680 1289 1186 1362 symphoniarum
1213 1289 1268 1342 et
1295 1303 1515 1342 vocum
1546 1291 1603 1342 et
1623 1286 1841 1341 unitas.

394 1381 585 1448 Miror,
617 1384 879 1453 quatuor
900 1377 1206 1452 quosdam
1238 1376 1446 1433 fecisse
1474 1376 1650 1447 signa
1682 1375 1950 1441 vocibus,

396 1469 576 1536 Quasi
608 1468 835 1542 quintae
865 1468 982 1524 sint
1008 1467 1259 1538 eaedem,
1291 1481 1554 1538 quarum
1571 1464 1855 1537 quaedam
1875 1463 2062 1518 disso-

1797 1555 1985 1626 [nant.

401 1647 714 1717 Quaedam,
745 1646 1028 1722 quamvis
1057 1647 1173 1702 sint
1202 1644 1433 1714 afﬁnes,
1465 1660 1589 1701 non
1631 1644 1886 1718 perfecte
1917 1655 2062 1698 con-

1733 1734 1990 1804 [sonant

892 1810 1042 1864 Item
1067 1808 1140 1863 de
1165 1807 1574 1875 divisionibus,

404 1903 548 1956 Item
575 1899 830 1954 Gamma
859 1898 935 1954 de
960 1897 1213 1954 novenis
1243 1895 1549 1968 passibus,
1575 1910 1730 1968 quos
1782 1893 2064 1960 diximus,

408 1990 568 2047 Sicut
596 1988 857 2062 primam
884 2005 1102 2062 passus
1126 1986 1379 2060 primus,
1404 1986 1486 2040 sic
1517 1985 1621 2040 dat
1649 1989 1930 2057 quartam
1951 1988 2066 2039 ter-

1836 2073 1992 2144 (tius,

407 2168 668 2224 Primam
698 2167 968 2239 quintus,
998 2169 1277 2239 quartam
1309 2169 1530 2230 sextus,
1563 2163 1826 2236 primam
1864 2179 2070 2217 rursus

1661 2252 1996 2326 [septimus.

410 2344 620 2401 Primae
641 2360 884 2418 quoque
913 2359 1134 2417 passus
1161 2342 1390 2415 primus
1413 2346 1478 2398 ut
1497 2343 1829 2398 secundam
1850 2341 2071 2409 statuit,

417 2434 507 2492 Sic
535 2438 591 2490 et
620 2434 824 2490 tertius
853 2433 913 2489 in
936 2432 1147 2505 quinta
1176 2433 1360 2488 finem
1392 2449 1569 2487 suum
1597 2432 1892 2488 terminat.

415 2523 667 2590 Quintus
693 2523 857 2580 idem
883 2523 985 2580 dat
1009 2523 1362 2592 secundam,
1408 2527 1608 2578 sextus
1664 2523 1939 2596 quintam
1992 2538 2080 2578 re-

1780 2613 2004 2683 [novaL

424 2701 657 2759 Primus
698 2717 944 2775 quoque
1001 2701 1076 2757 de
1110 2700 1418 2774 quaternis
1458 2703 1725 2756 Gammaa
1761 2701 1931 2757 dictis
1947 2717 2081 2774 pas-

1825 2789 2012 2861 [sibus

423 2881 585 2939 Sicut
630 2881 866 2937 tertiam
900 2881 1299 2950 demonstrat,
1327 2880 1408 2935 sic
1423 2881 1724 2936 secundus
1742 2881 2081 2954 septimam.

422 2970 648 3026 Tertius
669 2969 952 3026 eamdem
984 2969 1181 3038 signat
1211 2967 1570 3041 triplicatam
1601 2969 1939 3040 septimam.

361 3108 369 3114 .
423 3058 678 3115 Tertiam
703 3074 949 3130 quoque
980 3057 1363 3129 quadrando,
1394 3062 1459 3113 ut
1492 3043 1722 3114 sextam
1772 3057 2084 3114 efﬁcimus.

431 3148 523 3205 Sic
553 3163 696 3203 mox
724 3147 911 3203 altero
935 3146 995 3202 in
1023 3162 1212 3219 passu
1243 3146 1475 3202 tertiam
1504 3146 1907 3219 rescribimus,

429 3239 619 3302 Quam
633 3235 993 3309 quadrando
1004 3252 1210 3290 rursus
1223 3240 1449 3291 sextam
1465 3235 1713 3292 alteram
1728 3237 2089 3308 perticimus.

435 3327 713 3399 Sunt,qui
739 3325 974 3381 addunt
1002 3325 1064 3381 in
1124 3325 1313 3381 acutis
1323 3326 1497 3396 juxta
1514 3326 1775 3398 primam
1797 3326 2087 3382 litteram:

433 3417 547 3474 Sed
578 3415 862 3486 Gregorio
892 3431 1015 3472 non
1043 3414 1239 3488 placet
1270 3415 1424 3471 Patri
1454 3416 1583 3471 haec
1612 3415 1875 3472 lascivia.

431 3510 502 3562 At
529 3505 806 3561 moderni
833 3505 1135 3578 sapientes
1170 3506 1325 3560 hanc
1352 3520 1549 3577 neque
1594 3507 2091 3560 commemorant.

432 3595 719 3661 Quamvis
749 3610 891 3664 ergo
918 3594 1083 3668 apud
1114 3593 1417 3666 quosdam
1442 3593 1574 3666 ipsa
1593 3593 1698 3649 ﬁat
1722 3591 1958 3663 vocula,

431 3685 610 3759 Apud
640 3685 862 3740 multos
893 3689 1093 3741 tamen
1119 3684 1252 3756 jure
1282 3683 1498 3740 dicitur
1518 3684 1842 3757 superﬂua.

431 3774 628 3831 Altera
652 3790 796 3830 vero
827 3772 1097 3830 secunda
1121 3789 1360 3846 semper
1391 3779 1480 3829 est
1509 3773 1871 3830 authentica.

433 3867 584 3920 Nota
608 3867 800 3933 caute,
832 3879 1045 3919 omnes
1072 3862 1196 3918 toni
1226 3877 1446 3919 novem
1474 3861 1627 3919 ﬁunt
1653 3862 1962 3935 passibus,

435 3952 818 4008 Diatessaron
847 3951 1177 4024 quaternis,
1211 3951 1363 4006 sicut
1388 3968 1571 4025 supra
1595 3951 1882 4020 diximus,

437 4039 722 4112 Diapente
754 4055 990 4111 semper
1013 4038 1225 4106 tribus,
1267 4039 1564 4111 Diapason
1592 4039 1858 4094 duobus.

439 4132 558 4184 Isto
585 4127 770 4183 modo
799 4127 1284 4183 monochordum
1316 4127 1485 4183 facile
1507 4132 1596 4184 est
1617 4127 1764 4184 ﬁeri.

438 4222 511 4274 At
541 4217 592 4272 si
613 4215 897 4289 cymbala
921 4215 1259 4272 formantur
1287 4217 1657 4272 musicorum
1687 4232 1888 4289 opere,

442 4309 541 4362 Hae
566 4323 869 4363 mensurae
899 4311 1038 4362 sunt
1066 4306 1349 4362 cavendae
1405 4307 1667 4363 maxime
1697 4307 1757 4362 in
1815 4307 2101 4380 pondere.

442 4396 540 4453 His
562 4395 862 4452 mensuris
891 4399 1322 4468 comparantur
1352 4401 1409 4451 et
1437 4411 1661 4453 canora
1691 4411 1941 4467 organa,

443 4486 511 4539 Et
539 4499 916 4557 quaecunque
959 4483 1067 4539 rite
1096 4483 1249 4540 ﬁunt
1273 4484 1643 4541 musicorum
1671 4485 1934 4542 vascula.

445 4573 541 4629 His
568 4574 868 4630 mensuris
903 4577 1021 4631 Deo
1054 4575 1215 4630 canit
1235 4578 1360 4632 tota
1382 4591 1545 4632 nunc
1577 4576 1855 4632 Ecclesia.

555 4664 761 4719 Omnis
783 4680 899 4720 vox
929 4664 1210 4720 secundae
1237 4664 1350 4720 sibi
1372 4665 1647 4736 jungitur
1675 4670 1732 4722 et
1763 4665 1965 4736 tertiae,

445 4757 677 4819 Quartm
697 4770 841 4810 vero
871 4758 1050 4828 atque
1076 4754 1300 4827 quintae
1331 4770 1454 4810 non
1480 4755 1820 4826 junguntur
1839 4755 2004 4812 aliter

411 4859 420 4865 ·
446 4841 565 4899 Nisi
595 4843 972 4900 diatessaron
1005 4842 1078 4899 sit
1101 4843 1186 4898 ibi
1215 4843 1309 4898 vel
1340 4843 1642 4917 diapente.

446 4934 610 4988 Tono
643 4931 1034 4988 semitoniove
1059 4949 1180 4987 vox
1211 4933 1492 4988 secundae
1513 4933 1803 5004 jungitur,

410 5039 414 5044 ί
448 5021 696 5077 Ditonus
724 5039 866 5079 vero
891 5026 950 5078 et
967 5022 1362 5078 semiditonus
1387 5023 1717 5079 vocabitur.

452 5111 508 5167 Si
524 5127 648 5184 qua
671 5129 814 5170 vero
836 5129 954 5168 vox
970 5112 1126 5169 ultra
1147 5113 1480 5169 secundam
1495 5114 1728 5171 tertiam
1747 5115 2112 5185 adgreditur,

451 5201 833 5259 Diatessaron
857 5202 1134 5272 habetur,
1164 5219 1301 5259 cum
1360 5204 1440 5260 ad
1469 5209 1752 5277 quartam
1797 5207 2068 5275 graditur
2100 5223 2114 5275 ;

452 5289 739 5361 Diapente
767 5293 1178 5362 nominamur,
1211 5295 1436 5367 quintae
1466 5311 1607 5351 cum
1638 5296 2040 5368 conjungitur.

453 5376 574 5433 Nisi
598 5379 862 5436 motibus
882 5381 978 5436 his
1001 5382 1158 5438 senis
1179 5383 1346 5440 nulla
1374 5399 1493 5440 vox
1521 5384 1881 5441 movebitur.

457 5464 663 5520 Omnis
693 5481 836 5537 ergo
867 5469 1164 5526 cantilena
1189 5472 1334 5544 quia
1362 5473 1456 5529 his
1487 5473 1758 5544 efﬁcitur,

456 5555 663 5610 Moneo
686 5559 760 5622 te,
784 5557 1052 5627 prudens
1078 5564 1307 5629 cantor,
1339 5561 1451 5618 hos
1476 5563 1733 5636 perfecte
1756 5565 1982 5620 discere
2007 5582 2020 5618 :

458 5645 605 5698 Nam
635 5645 739 5716 qui
769 5645 880 5700 hos
910 5645 1083 5717 plene
1109 5652 1438 5724 cognoscit,
1468 5653 1550 5708 nil
1579 5655 1640 5710 in
1663 5659 1844 5711 cantu
1863 5654 2116 5712 dubitat.

449 5751 643 5844 ἐξανά)
661 5753 734 5815 ΑΒ.
768 5752 1010 5808 durum.

1780 263 2111 322 GUIDONIS
2147 267 2428 325 ARETINI

3712 269 3823 325 ωε

2355 394 2498 460 Quae
2520 409 2686 452 voces
2711 395 2942 452 elevari
2965 395 3059 450 vel
3083 395 3338 465 gravari
3355 393 3609 463 possint.

2155 483 2307 550 Ergo
2335 487 2547 554 quater
2584 482 2802 538 elevari
2828 482 2921 538 vel
2949 481 3185 553 gravari
3215 486 3497 555 poterunt

2156 570 2369 638 Prima,
2399 571 2572 629 tertia
2603 576 2659 628 et
2684 576 2920 646 quarta,
2953 572 3164 646 quinta
3193 577 3370 645 atque
3399 570 3657 644 septima
3683 588 3696 638 ;

2161 661 2348 716 Sextaa
2374 677 2516 718 vero
2542 666 2598 717 et
2625 661 2905 718 secundm
2925 677 3049 718 non
3075 665 3164 718 est
3187 661 3315 716 haec
3343 660 3602 717 licentia.

2161 751 2311 805 Nam
2341 750 2608 808 secunda
2636 750 2714 806 ad
2744 751 3141 824 subquartam
3171 750 3418 807 minime
3450 749 3823 820 gravabitur,

2163 843 2354 912 Atque
2380 856 2572 912 usque
2611 856 2792 913 super
2819 840 3092 913 quintam
3113 855 3431 913 nunquam
3469 838 3826 895 elevabitur.

2167 929 2585 1001 Superquartae
2608 933 2664 984 et
2693 928 3033 1002 subquintae
3067 932 3234 984 sexta
3262 943 3385 984 non
3417 927 3830 999 conjungitur.

2583 1019 2670 1075 De
2701 1034 2906 1074 vocum
2938 1018 3402 1075 discriminibus.

2169 1107 2493 1164 Semitonia
2512 1112 2570 1164 et
2598 1108 2741 1176 toni,
2769 1108 2915 1181 quia
2943 1107 3308 1164 dissimiliter

2165 1198 2402 1268 Septem
2435 1198 2599 1253 sonis
2630 1202 3005 1271 coaptantur,
3040 1202 3267 1270 septem
3301 1202 3438 1253 sunt
3453 1195 3832 1261 discrimina,

2170 1287 2239 1341 Ut
2268 1285 2490 1341 nullius
2509 1287 2676 1342 vocis
2708 1303 2892 1342 sonus
2922 1287 3082 1343 idem
3111 1287 3182 1342 sit
3208 1287 3267 1342 in
3301 1285 3503 1342 altera.

2168 1373 2426 1430 Vocibus
2455 1380 2660 1431 tamen
2691 1377 2751 1432 in
2780 1381 3008 1449 septem
3035 1376 3318 1449 quaedam
3366 1379 3455 1432 est
3484 1371 3836 1430 concordia.

2173 1465 2340 1536 Saepe
2371 1466 2553 1535 enim,
2586 1466 2633 1522 si
2670 1483 2794 1522 non
2826 1482 3082 1539 semper,
3114 1465 3328 1522 eadem
3357 1464 3691 1537 antiphona

2172 1553 2423 1610 Diversis
2444 1559 2718 1612 cantatur
2739 1557 2922 1627 sonis,
2949 1573 3060 1613 nec
3090 1561 3284 1612 mutat
3307 1554 3711 1612 harmoniam.

2579 1665 2666 1720 De
2693 1671 2955 1736 quatuor
2982 1665 3170 1720 modis
3201 1679 3428 1720 vocum.

2098 1780 2138 1834 Β
2175 1753 2398 1824 Nempe
2419 1756 2678 1824 quatuor
2705 1757 2844 1808 sunt
2872 1752 3037 1808 modi
3057 1752 3118 1808 in
3146 1751 3405 1824 septenis
3444 1749 3700 1816 voculis,

2175 1843 2386 1910 Magna
2418 1857 2561 1898 cura
2589 1841 2990 1912 cognoscendi
3024 1859 3038 1896 :
3067 1857 3221 1914 quos
3261 1841 3604 1894 Graecorum
3629 1835 3855 1908 regula

2176 1933 2445 2000 Protum,
2489 1931 3131 2000 deuterum,tritum,ac
3158 1929 3487 1985 tetrardum
3514 1927 3803 1983 nominat
3836 1944 3849 1980 :

2178 2021 2386 2074 Protus
2416 2019 2672 2092 primus,
2704 2023 2762 2076 et
2790 2019 3092 2074 secundus
3138 2018 3484 2074 nominatur
3533 2016 3854 2084 deuterus,

2177 2110 2369 2165 Tritus
2403 2109 2605 2165 tertius
2631 2113 2898 2176 vocatur,
2933 2113 3184 2181 quartus
3213 2123 3355 2163 vero
3377 2105 3694 2172 tetrardus,

2183 2197 2514 2254 Ordinatim
2539 2198 2942 2271 disponuntur
2961 2197 3154 2254 taliter
3178 2197 3239 2252 in
3263 2195 3534 2252 vocibus.

2347 2306 2434 2360 De
2475 2306 2790 2362 Vicinitate
2811 2321 3018 2360 vocum
3049 2321 3161 2374 per
3186 2308 3448 2374 quatuor
3471 2301 3673 2357 modos

2187 2398 2457 2466 Namque
2499 2394 2698 2467 prima
2756 2410 2873 2450 vox
2925 2397 2982 2450 et
3017 2398 3234 2467 quarta
3288 2391 3548 2464 primum
3588 2389 3858 2445 modum

3421 2479 3730 2551 [exhibent
3763 2497 3778 2547 ;

2187 2579 2258 2630 At
2288 2573 2618 2630 secundam
2645 2572 2748 2628 dat
2777 2571 3063 2640 secunda,
3094 2577 3272 2643 atque
3294 2570 3504 2644 quinta
3532 2569 3779 2644 pariter.

2189 2664 2379 2721 Tertia
2405 2663 2621 2720 collata
2648 2668 2825 2718 sextae
2853 2679 3010 2735 saepe
3038 2665 3239 2718 cantat
3266 2660 3499 2717 eadem.

2194 2757 2483 2821 Quartum
2513 2752 2765 2809 modum
2796 2753 2887 2807 his
2919 2751 3196 2823 adjungit
3224 2749 3541 2821 singularis
3576 2747 3866 2821 septima,

2196 2846 2337 2910 Quae
2359 2848 2562 2899 tamen
2590 2843 2652 2898 in
2673 2842 2964 2898 elevando
2997 2846 3172 2898 sonat
3197 2841 3348 2898 sicut
3377 2839 3566 2906 tertia,

2198 2932 2625 2989 Deseeudendo
2657 2931 2767 2987 sibi
2797 2936 3076 3005 quartam
3103 2930 3377 3004 perhibet
3403 2927 3802 2984 sororculam.

2378 3043 2465 3097 De
2492 3041 2886 3096 similitudine
2920 3041 3076 3095 vocis
3099 3040 3316 3109 primav
3349 3043 3402 3094 et
3433 3038 3680 3110 quinta.

2125 3130 2165 3185 C
2201 3133 2298 3187 Est
2317 3135 2605 3204 praeterea
2643 3144 2783 3183 cum
2810 3127 3005 3200 prima
3025 3126 3199 3182 valde
3224 3126 3434 3199 quinta
3461 3122 3695 3188 similis,

2203 3220 2317 3277 Sed
2347 3219 2405 3274 in
2433 3216 2794 3291 deponendo
2815 3220 3046 3272 tantum
3076 3234 3088 3283 ;
3120 3231 3384 3288 namque
3416 3213 3464 3269 si
3493 3210 3798 3268 notaveris

2207 3307 2532 3366 Semitonia
2563 3311 2619 3362 et
2650 3310 2844 3373 tonos,
2867 3306 3002 3372 hoc,
3027 3308 3092 3360 ut
3120 3304 3314 3370 audis,
3338 3302 3571 3358 videris.

2205 3397 2464 3469 Reliquae
2492 3396 2620 3467 jam
2655 3411 2790 3451 vero
2820 3411 2999 3450 voces
3027 3393 3138 3449 sibi
3169 3392 3340 3449 valde
3371 3389 3686 3460 dissident,

2209 3489 2392 3544 Suam
2412 3501 2669 3559 quaeque
2700 3485 2840 3541 facit
2868 3499 3156 3540 neumam
3186 3481 3354 3539 alteri
3383 3479 3761 3546 dissimilem,

2208 3580 2408 3649 Neque
2437 3592 2562 3631 sum
2590 3575 2747 3630 sedis
2768 3574 2971 3630 locum
3002 3573 3105 3630 dat
3124 3587 3361 3628 neumee
3391 3577 3710 3627 extraneae.

2341 3688 2491 3742 Item
2523 3686 2596 3741 de
2623 3691 2886 3757 quatuor
2917 3686 3102 3752 tropis
3134 3683 3197 3737 in
3225 3687 3353 3737 octo
3383 3680 3736 3751 dispa-titis.

2207 3782 2362 3832 Aure
2395 3780 2594 3830 tamen
2627 3774 2884 3843 curiosa,
2913 3771 3088 3828 valde
3119 3771 3226 3827 erit
3246 3771 3406 3834 utile,

2212 3866 2267 3924 Si
2292 3865 2570 3922 advertas
2602 3869 2660 3920 et
2689 3877 3041 3933 cognoscas,
3072 3861 3388 3916 harmonia
3413 3857 3670 3932 qualiter

2212 3959 2479 4022 Quatuor
2508 3959 2759 4010 canatur
2788 3953 2985 4008 modis
3019 3950 3436 4008 transformata
3460 3948 3609 4005 facie
3643 3965 3656 4002 :

2214 4047 2480 4111 Quatuor
2509 4059 2582 4099 ex
2606 4042 2831 4115 quibus
2863 4040 3060 4096 modis
3081 4044 3215 4095 octo
3241 4038 3456 4095 dehinc
3478 4036 3758 4105 facimus,

2215 4133 2366 4201 Quia
2389 4131 2598 4203 gravia
2626 4136 2684 4187 et
2710 4131 2830 4186 alta
2860 4129 3094 4186 cantica
3123 4129 3542 4198 discernimus,

2213 4224 2361 4279 Cum
2393 4222 2714 4278 authentos
2745 4224 2924 4293 atque
2945 4218 3158 4292 plagas
3183 4233 3349 4274 more
3367 4219 3570 4272 Graeco
3591 4214 3882 4271 diximus.

2593 4312 2741 4365 Item
2772 4311 2846 4366 de
2873 4309 3177 4365 aut/tentis
3205 4315 3258 4364 et
3281 4309 3506 4378 plagis.

2215 4402 2326 4458 Alti
2356 4406 2567 4457 cantus
2597 4403 2737 4455 sunt
2765 4398 3057 4467 authenti,
3091 4413 3303 4468 graves
3323 4396 3537 4471 plagas
3562 4395 3886 4451 nominant

2142 4473 2183 4526 θ
2218 4495 2493 4563 Dumque
2522 4492 2786 4562 quatuor
2814 4489 2875 4543 in
2907 4487 3061 4544 tonis
3115 4487 3230 4542 hoc
3283 4491 3611 4558 utrumque
3657 4499 3885 4557 suppu-

3639 4574 3814 4644 [tant,

2220 4673 2362 4727 Octo
2381 4667 2673 4725 formulas
2699 4671 2981 4723 tonorum
3011 4665 3101 4721 vel
3130 4665 3454 4720 modorum
3483 4663 3775 4719 indicant.

2221 4762 2429 4814 Protus
2447 4761 2538 4813 est
2559 4757 2884 4812 authentus
2901 4755 3154 4828 primus,
3179 4753 3374 4826 plagis
3388 4753 3542 4826 proti
3559 4751 3884 4812 secundus,

2221 4847 2549 4904 Deutherus
2566 4845 2886 4901 authentus
2913 4846 3130 4914 exstat,
3147 4843 3387 4898 tertium
3403 4857 3586 4914 quem
3602 4839 3883 4895 dicimus.

2222 4939 2480 5004 Quartus
2510 4935 2617 4991 erit
2643 4933 2838 5008 plagis
2869 4934 3018 5004 ejus,
3052 4931 3260 4989 ordine
3289 4932 3395 5004 qui
3422 4930 3712 5003 sequitur.

2221 5028 2472 5094 Quintus
2499 5029 2588 5082 est
2615 5025 2937 5081 authentus
2967 5024 3157 5090 tritus,
3214 5027 3414 5078 sextus
3468 5026 3525 5076 et
3561 5019 3756 5092 plagis
3799 5018 3887 5090 ip-

3645 5107 3820 5179 [sius.

2224 5206 2373 5262 Hinc
2402 5205 2724 5261 authentus
2755 5207 2845 5258 est
2873 5201 3188 5268 tetrardus,
3221 5216 3406 5273 quem
3432 5213 3725 5254 vocamus
3757 5211 3892 5268 sep-

3559 5287 3821 5358 [timum.

2224 5385 2416 5455 Plagis
2439 5381 2682 5440 tetrardi
2706 5385 2977 5450 octavus,
3010 5379 3335 5453 septimum
3365 5377 3471 5451 qui
3503 5379 3793 5448 sequitur.

2227 5476 2497 5540 Quorum
2530 5473 2653 5528 duo
2683 5487 2872 5527 unam
2894 5486 3102 5526 vocem
3133 5473 3354 5535 tenent,
3383 5471 3448 5523 ut
3478 5465 3886 5539 praediximus,

2229 5563 2380 5630 Quia
2407 5578 2629 5619 vocum
2650 5561 2711 5617 in
2741 5564 2959 5616 natura
2988 5563 3249 5632 quatuor
3270 5560 3408 5612 sunt
3430 5554 3654 5626 verius,

2231 5654 2392 5719 Quos
2415 5653 2464 5708 si
2485 5651 2668 5725 sapis,
2694 5650 2810 5707 hac
2838 5649 2901 5705 in
2931 5653 3055 5705 arte
3086 5646 3235 5704 nihil
3262 5651 3351 5703 est
3381 5643 3604 5702 utilius.
