3958 6448
1358 376 1657 432 ΗΕϐυΙΛΕ
1695 376 1971 434 ΜΗΞΙΟΛΕ
2009 380 2450 440 RHYTHMICE.

3518 390 3627 446 410

732 630 845 684 VII.
927 632 965 684 l.
1046 634 1135 686 III.
1214 634 1277 687 V.
1357 636 1395 688 Ι.
1478 636 1565 689 Ill.
1644 635 1706 690 V.

1976 593 2043 689 Ι..
2096 638 2187 693 Ill.
2265 640 2327 693 V.
2406 642 2447 696 Ι.
2527 644 2615 695 ΙΙΙ.
2694 643 2757 697 ν.
2835 644 2948 697 Vll.
3028 645 3065 697 I.

785 732 840 781 Γ.
919 731 983 782 Α.
1064 731 1122 785 Β.
1211 733 1269 787 6.
1349 734 1413 786 D.
1493 735 1554 788 E.
1646 733 1707 787 F.

786 1097 875 1153 De
902 1098 1237 1157 Finalibus.

188 1195 474 1260 Quamvis
505 1213 717 1253 omnes
742 1216 920 1256 voces
937 1208 1149 1259 cantus
1165 1209 1347 1277 atque
1367 1207 1585 1263 modos
1606 1208 1849 1278 habeat,

189 1284 329 1354 Ejus
362 1289 564 1341 tamen
589 1287 697 1343 erit
725 1290 910 1357 modi,
943 1308 1126 1364 quem
1154 1293 1353 1351 ﬁnalis
1405 1302 1668 1353 resonat.

186 1375 336 1428 Nam
366 1373 444 1428 ab
470 1375 600 1447 ipso
626 1377 809 1434 sumit
830 1395 1132 1449 normam,
1164 1384 1417 1455 qualiter
1446 1402 1507 1439 se
1537 1385 1776 1442 habeat.

186 1462 405 1518 Vocem
429 1470 711 1536 quartam
738 1471 917 1540 atque
947 1471 1242 1543 quintam,
1276 1479 1508 1530 sextam
1555 1479 1735 1547 atque
1758 1491 1850 1529 se-

1505 1563 1779 1636 [ptimam

186 1640 415 1697 Finales
441 1643 759 1702 habemus.
790 1648 949 1704 Multi
975 1650 1103 1705 sine
1134 1651 1466 1710 differentia

187 1731 559 1806 Ubicumque
589 1742 823 1807 ponunt
846 1738 998 1794 ﬁnes
1029 1741 1180 1798 sicut
1198 1748 1255 1797 et
1284 1744 1598 1817 principia.

186 1820 417 1894 Quique
448 1831 659 1880 cantus
698 1826 776 1881 ad
806 1832 1048 1884 octavas
1091 1830 1239 1886 fallit
1265 1833 1631 1902 regulariter,

186 1912 253 1965 Et
272 1915 333 1966 at
356 1912 597 1984 quintas
630 1930 666 1971 a
696 1915 861 1973 ﬁnali
892 1919 1107 1991 poterit
1134 1920 1517 1990 descendere,

186 1998 442 2059 Quando
480 2002 657 2074 plage
690 2010 747 2060 et
776 2007 1075 2063 authentis
1122 2026 1245 2065 non
1277 2016 1416 2066 sunt
1444 2011 1811 2068 differentias.

186 2088 361 2153 Quod
390 2089 439 2144 si
463 2091 676 2164 plagas
701 2094 779 2149 ab
828 2098 1127 2153 authentis
1169 2100 1449 2155 convenit
1489 2100 1847 2169 discernere,

184 2176 381 2247 Plagae
411 2180 628 2238 saliunt
654 2183 732 2238 ad
764 2184 1027 2256 quintas,
1059 2203 1170 2243 nec
1200 2188 1426 2245 vadunt
1454 2189 1717 2258 ulterius,

186 2269 255 2323 Et
291 2268 370 2323 ad
399 2270 640 2341 quintas
666 2273 1027 2332 declinando
1058 2276 1174 2333 sibi
1203 2278 1591 2335 satisfaciunt.

185 2360 259 2412 At
278 2359 545 2415 authenti
572 2362 648 2417 ad
680 2368 925 2421 octavas
954 2373 1358 2439 competenter
1389 2369 1612 2426 saliunt

184 2450 233 2500 A
257 2444 423 2503 ﬁnali
452 2465 575 2505 uno
603 2455 765 2521 tono,
792 2470 988 2528 neque
1010 2457 1235 2513 cadunt
1262 2459 1542 2531 amplius.

186 2534 340 2591 Trito
365 2542 540 2594 tonus
573 2556 710 2596 cum
743 2559 867 2599 non
892 2545 1105 2612 subsit,
1152 2546 1290 2602 ﬁnis
1320 2556 1408 2604 est
1436 2550 1845 2619 gravissimus.

188 2623 311 2682 Fini
336 2644 580 2701 quoque
607 2631 932 2690 debetesse
972 2652 1313 2693 consonum
1356 2639 1738 2713 principium.

190 2717 354 2773 Unde
379 2719 659 2790 quintum
688 2738 724 2777 a
745 2722 911 2779 ﬁnali
940 2740 1064 2780 non
1090 2729 1339 2785 excedat
1364 2729 1684 2786 calculum.

190 2805 383 2876 Plaga:
411 2824 550 2864 vero
583 2826 763 2882 super
778 2818 1023 2884 quartas
1049 2832 1174 2872 non
1191 2820 1439 2876 tendant
1465 2820 1845 2893 principium.

190 2899 345 2951 Inter
376 2897 523 2953 alias
555 2902 824 2957 secunda
862 2919 977 2959 vox
1005 2905 1166 2975 jacet
1191 2907 1491 2980 ignobilis,

190 2988 407 3043 Contra
435 2988 601 3044 tertia
628 2994 684 3045 et
713 2997 879 3048 sexta
900 2992 1313 3068 frequentatur
1344 3001 1598 3073 saepius;

189 3076 372 3147 Cujus
396 3077 479 3133 rei
505 3078 653 3134 mihi
685 3081 845 3137 testis
868 3090 1111 3141 sanctus
1142 3092 1230 3143 est
1259 3091 1608 3160 Gregorius;

186 3165 579 3238 Principalem
610 3185 853 3243 quoque
884 3188 1033 3245 esse,
1067 3177 1211 3247 quia
1239 3177 1441 3250 ipsam
1470 3183 1583 3251 (25)
1639 3184 1847 3241 noluit.

187 3256 473 3312 Deuterus
494 3258 813 3315 authentus
844 3265 1103 3337 sumpsit
1130 3265 1263 3323 loco
1290 3270 1338 3340 ej
1350 3286 1419 3323 us
1453 3272 1704 3341 tertiam,

186 3345 369 3416 Cujus
407 3345 564 3411 ﬁnis,
598 3351 879 3420 quamvis
913 3358 1098 3421 sexta,
1132 3372 1290 3428 saepe
1330 3358 1526 3432 ipsam
1552 3361 1810 3420 inchoat.

185 3432 362 3489 Multa
388 3440 589 3492 autem
619 3446 1007 3512 usurpantur,
1030 3459 1141 3499 nec
1175 3450 1449 3503 tenentur
1476 3450 1706 3521 regula,

187 3523 340 3588 Quia
360 3528 628 3598 tempore
661 3544 697 3583 a
717 3529 907 3586 multo
932 3532 1063 3603 jam
1079 3534 1357 3593 desuevit
1380 3540 1634 3609 musica,

188 3615 342 3668 Dum
368 3613 595 3671 invidia
616 3622 672 3673 et
698 3624 900 3691 torpor
930 3628 1147 3679 cuncta
1178 3625 1390 3682 tollunt
1416 3630 1633 3685 studia.

188 3700 339 3756 lllud
363 3719 503 3760 vero
528 3704 643 3761 late
669 3712 848 3779 patet,
881 3709 1029 3779 quid
1059 3711 1162 3767 ﬁat
1183 3713 1258 3768 de
1288 3716 1559 3784 vocibus,

188 3790 357 3847 Velut
388 3792 639 3865 syllaba:
670 3800 725 3852 et
753 3802 972 3869 partes,
997 3800 1129 3857 cola
1156 3807 1335 3875 atque
1365 3814 1686 3865 commata.

192 3882 645 3956 Concinuntque
678 3902 836 3958 srepe
867 3904 1071 3943 versus
1102 3895 1225 3947 arte
1255 3893 1405 3950 sicut
1438 3897 1703 3955 metrica.

193 3971 345 4026 Solis
374 3971 579 4029 litteris
619 3981 827 4032 notare
859 3978 1155 4051 optimum
1186 3983 1600 4055 probavimus,

191 4060 420 4125 Quibus
441 4063 517 4117 ad
549 4063 906 4122 discendum
937 4074 1181 4126 cantum
1212 4072 1357 4128 nihil
1381 4080 1469 4130 est
1496 4076 1753 4148 facilius,

194 4150 251 4206 Si
281 4152 525 4208 assidue
559 4159 800 4213 utantur
829 4158 1039 4215 saltem
1072 4160 1260 4217 tribus
1286 4167 1615 4223 mensibus.

298 4260 646 4368 dﬂcdc
716 4273 896 4368 dcc
968 4269 1245 4368 ticam
1316 4297 1352 4337 a
1462 4300 1499 4340 a
1586 4289 1743 4344 666.

265 4358 347 4414 Sit
374 4358 596 4417 nOmen
618 4366 854 4421 Domini
881 4358 1266 4426 benedictum
1293 4371 1355 4427 in
1382 4375 1599 4432 secula.

265 4450 589 4508 FGaGFG
666 4457 705 4509 F
782 4458 819 4512 F
930 4460 969 4513 F
1043 4461 1250 4517 cFFF
1322 4464 1592 4522 DcDD.

263 4539 641 4611 Adjutorium
667 4549 942 4603 nostrum
969 4549 1030 4604 in
1060 4553 1305 4609 nomine
1330 4557 1582 4613 Domini.

192 4646 388 4700 Causa
415 4659 558 4699 vero
587 4644 900 4704 breviandi
931 4667 1168 4709 neumae
1192 4656 1384 4713 solent
1419 4659 1569 4723 ﬁeri,

192 4734 337 4798 Quae
369 4731 419 4785 si
449 4732 699 4788 curiosae
730 4734 896 4807 fiant,
937 4740 1237 4798 habentur
1275 4761 1386 4817 pro
1415 4746 1639 4819 litteris,

193 4824 313 4876 Hoc
348 4819 397 4874 si
428 4820 613 4909 modo
643 4821 1045 4893 disponantur
1067 4828 1271 4885 litterze
1294 4848 1433 4888 cum
1462 4834 1634 4891 lineis
1649 4838 1780 4909 (26).

196 4909 416 4964 Dehinc
448 4908 644 4964 studio
676 4918 979 4968 crescente
1004 4914 1157 4972 inter
1180 4920 1333 4975 duas
1358 4922 1567 4990 lineas,

191 5001 317 5053 Vox
345 4998 761 5070 interponatur
789 5017 932 5070 una,
961 5020 1180 5078 nempe
1202 5011 1416 5079 quaerit
1443 5013 1615 5081 ratio,

192 5089 377 5143 Variis
410 5093 473 5144 ut
501 5089 573 5145 sit
600 5090 662 5144 in
684 5090 863 5146 rebus
888 5094 1054 5150 varia
1076 5098 1313 5169 positio.

1820 734 1883 788 G.
1971 749 2009 790 a
2112 734 2326 809 b(24)c.
2404 737 2444 792 d
2519 754 2551 793 e
2696 738 2722 793 f
2864 754 2903 809 g

735 826 866 880 VlII.
912 829 976 881 ll.
1020 830 1134 883 IllI.
1176 830 1263 884 VI.
1343 832 1406 884 ΙΙ.
1453 834 1566 886 llII.
1608 833 1695 885 VI.
1738 833 1747 845 ’

1959 835 1985 887 [.
2066 836 2178 889 lIlI.
2257 837 2344 891 Vl.
2388 839 2452 891 ll.
2496 840 2611 893 lIll.
2690 839 2776 892 VI.
2820 840 2957 894 VllI.
3038 842 3101 894 ll.

3109 711 3265 762 bcd

3107 774 3284 825 bcd'

3046 728 3076 761 ὃ

3047 789 3077 823 8

1845 1103 1853 1112 “
1882 1110 1930 1163 Α
1958 1111 2395 1178 Argumentum
2420 1128 2564 1168 vero
2595 1113 2847 1186 simplex
2873 1114 3016 1187 quia
3042 1114 3157 1171 cito
3189 1115 3441 1188 capitur.

1962 1200 2161 1255 Tonus
2192 1201 2393 1256 tertius
2421 1208 2477 1257 et
2502 1208 2701 1258 sextus
2722 1204 3141 1260 describuntur
3163 1205 3400 1278 saepius.

1964 1290 2124 1353 Quos
2152 1290 2490 1362 frequenter
2504 1308 2886 1364 repercussos
2908 1311 3050 1349 mox
3068 1293 3624 1363 cognoscitanimus

1963 1378 2311 1434 Litterarum
2341 1385 2399 1435 et
2426 1397 2785 1437 neumarum
2818 1400 2963 1437 usus
2993 1383 3066 1438 sit
3090 1383 3388 1439 assiduus.

1963 1467 2225 1540 Quisque
2256 1485 2440 1524 sonus
2469 1487 2592 1543 quo
2620 1471 2693 1526 sit
2721 1472 2853 1528 loco
2883 1472 3053 1528 facile
3093 1472 3407 1541 colligitur,

1962 1552 2203 1612 Etiamsi
2228 1574 2347 1614 una
2375 1560 2654 1633 (tantum)
2675 1560 2863 1618 littera
2884 1561 3253 1634 prteﬁgiturj

1964 1648 2033 1701 Ut
2060 1647 2394 1720 proprietas
2426 1665 2716 1706 sonorum
2738 1650 3111 1706 discernatur
3140 1650 3377 1718 clarius,

1962 1737 2273 1801 Quasdam
2313 1738 2499 1794 lineas
2527 1740 2838 1810 signamus
2858 1741 3036 1796 variis
3058 1739 3357 1796 coloribus
3390 1756 3403 1793 :

1965 1828 2033 1880 Ut
2069 1842 2191 1898 quo
2220 1826 2353 1882 loco
2391 1829 2526 1899 quis
2558 1829 2631 1885 sit
2655 1835 2853 1897 tonus,
2888 1846 3029 1885 mox
3059 1829 3363 1885 discernat
3389 1826 3619 1883 oculus.

1962 1914 2179 1970 Ordine
2212 1916 2390 1971 tertiae
2412 1917 2577 1972 vocis
2602 1918 2924 1989 splendens
2953 1934 3164 1973 crocus
3193 1917 3405 1983 radiat,

1964 2005 2138 2059 Sexta
2167 2005 2296 2074 ejus
2337 2004 2444 2059 sed
2474 2004 2671 2060 afﬁnis
2704 2007 2862 2062 ﬂavo
2893 2007 3065 2062 rubet
3086 2006 3271 2061 minio
3297 2022 3309 2060 :

1962 2095 2059 2146 Est
2084 2092 2342 2148 afﬁnitas
2375 2093 2645 2149 colorum
2667 2095 2910 2167 reliquis
2943 2095 3183 2151 indicio.

1960 2185 2030 2235 At
2050 2180 2098 2234 si
2127 2180 2318 2236 littera
2348 2181 2441 2236 vel
2467 2182 2630 2237 color
2659 2183 2895 2238 neumis
2923 2199 3048 2239 non
3070 2183 3348 2247 intererit,

1959 2269 2093 2324 Tale
2116 2269 2242 2337 erit,
2271 2270 2449 2341 quasi
2480 2270 2685 2325 funem
2712 2271 2857 2326 dum
2885 2287 3007 2327 non
3038 2271 3222 2327 habet
3250 2275 3467 2343 puteus
3501 2287 3513 2324 :

1961 2359 2144 2429 Cujus
2178 2375 2374 2431 aquae,
2406 2360 2688 2431 quamvis
2713 2360 2936 2427 multae,
2979 2361 3063 2416 nil
3091 2364 3345 2433 prosunt
3381 2358 3626 2414 videnti-

3036 2504 3039 2507 ,
3360 2447 3514 2519 [ωε.

1961 2537 2108 2593 Illud
2143 2554 2407 2611 quoque,
2440 2538 2607 2611 quod
2630 2538 2899 2611 praedixi,
2927 2539 3103 2595 valde
3129 2539 3237 2594 erit
3266 2538 3427 2607 utile,

1963 2628 2178 2685 Similis
2210 2630 2418 2699 ﬁgurae
2450 2645 2703 2684 neumas
2735 2629 2783 2684 si
2812 2646 2983 2685 cures
3011 2630 3325 2701 inspicere,

1961 2718 2127 2773 Locis
2160 2717 2341 2773 variis
2362 2722 2419 2772 et
2447 2716 2645 2771 modis
2683 2734 2871 2789 quam
2884 2717 3115 2771 diverse
3146 2719 3443 2771 resonent.

1960 2807 2371 2881 Aptitudinem
2401 2823 2763 2862 neumarum
2786 2806 2955 2862 facile
2982 2806 3282 2876 intelligis,

1962 2901 2089 2964 Quo
2122 2898 2183 2953 in
2214 2897 2349 2952 loco
2374 2897 2510 2969 quis
2542 2899 2613 2952 sit
2645 2912 2828 2951 sonus
2856 2897 2915 2951 in
2939 2895 3184 2951 diversis
3213 2893 3407 2960 lineis,

1962 2990 2112 3043 Usus
2138 2987 2242 3042 tibi
2276 2986 2420 3041 sitsi
2460 2987 2739 3058 frequens
2765 2986 2825 3041 in
2850 2985 3173 3041 modorum
3202 2982 3494 3040 formulis.

1962 3075 2317 3146 Cujusmodi
2347 3075 2725 3148 symphoniis
2756 3074 3119 3147 symphonia
3148 3072 3427 3142 concinit,

1962 3165 2270 3235 Ejusmodi
2296 3164 2724 3237 symphoniam
2762 3165 2958 3237 ipsam
2996 3179 3125 3218 esse
3151 3161 3407 3219 noveris.

1962 3258 2157 3321 Quare
2183 3254 2481 3309 octomela
2511 3254 2738 3310 cunctis
2767 3254 3085 3309 subdimus
3116 3250 3482 3324 antiphonis,

1962 3345 2075 3415 (28)
2109 3343 2311 3398 Plures
2340 3359 2518 3397 voces
2548 3342 2716 3399 brevi
2764 3342 2914 3398 ﬁant
2938 3347 3097 3399 meta
3123 3341 3190 3397 ﬁt
3217 3341 3277 3396 in
3304 3338 3516 3413 spatio.

1964 3434 2214 3504 Signum
2246 3437 2336 3487 est
2365 3433 2666 3504 sequentis
2692 3448 2950 3500 neumae,
3001 3448 3124 3505 quo
3152 3432 3286 3487 loco
3342 3428 3628 3502 ponenda

3400 3518 3515 3589 [sit,

1964 3614 2082 3667 Suo
2112 3609 2246 3664 loco
2262 3624 2338 3663 ne
2368 3613 2648 3679 ponatur,
2687 3625 2825 3663 cum
2856 3625 3097 3664 necesse
3120 3608 3313 3663 fuerit.

1962 3700 2249 3765 Quamvis
2281 3702 2480 3754 autem
2512 3698 2768 3771 quisque
2796 3703 3042 3753 cantum
3071 3701 3354 3770 personet
3402 3710 3627 3751 memo-

3340 3783 3516 3855 [riter,

1966 3878 2021 3934 Si
2041 3893 2164 3933 non
2191 3880 2438 3931 cunctos
2466 3876 2596 3947 ejus
2618 3880 2819 3931 motus
2845 3875 2939 3931 vel
2969 3891 3151 3931 sonos
3188 3872 3552 3937 memoriter,

1963 3968 2072 4043 Qui
2098 3972 2155 4023 et
2169 3966 2379 4043 quales
2411 3966 2547 4037 sint,
2580 3965 2998 4043 persentit,_nil
3028 3981 3088 4020 se
3133 3965 3294 4043 dicat
3321 3977 3551 4043 sapere.

1964 4036 2263 4095 Hactenus
2295 4036 2541 4093 latentes
2568 4036 2777 4093 musas
2801 4037 2862 4092 in
2893 4037 3088 4093 lucem
3134 4036 3554 4109 produximus,

1965 4132 2030 4185 Et
2061 4128 2369 4184 benevolis
2396 4133 2747 4199 priestantes
2786 4127 3021 4182 invidos
3063 4125 3447 4190 offendimus,

1963 4218 2052 4273 Ad
2064 4217 2358 4273 honorem
2376 4216 2598 4271 summi
2619 4215 2739 4283 Dei,
2768 4231 2875 4288 per
2885 4231 3066 4289 quem
3091 4232 3322 4281 sumus,
3346 4212 3625 4278 vivimus,

1966 4306 2458 4364 Constitutionem
2486 4305 2711 4361 formas
2736 4305 2996 4361 breviter
3022 4305 3311 4378 aperiam.

1964 4396 2316 4468 Aliquorum
2342 4395 2425 4449 sic
2452 4410 2740 4450 sonorum
2766 4394 3115 4449 nominatur
3140 4392 3376 4465 copula,

1966 4487 2114 4540 Cum
2143 4483 2398 4538 intensio
2425 4489 2513 4538 est
2542 4482 2691 4547 sola,
2725 4482 2817 4537 vel
2844 4486 3052 4538 contra
3078 4481 3375 4546 remissio,

1968 4575 2045 4627 De
2084 4572 2325 4626 duobus
2354 4570 2462 4625 erit
2482 4570 2646 4625 sonis
2676 4569 2874 4641 prima
2907 4569 3265 4635 constitutio,

1966 4665 2033 4718 Et
2052 4661 2319 4717 secunda
2346 4660 2412 4715 ﬁt
2434 4661 2508 4714 de
2529 4659 2741 4729 tribus,
2768 4658 2940 4715 tertia
2959 4660 3034 4714 de
3059 4663 3338 4730 quatuor.

1968 4754 2188 4817 Quarta
2214 4764 2356 4805 vero
2381 4749 2446 4803 ﬁt
2475 4748 2549 4803 de
2574 4748 2785 4819 quinta
2813 4747 3064 4803 vocibus
3094 4744 3482 4819 quibuslibet,

1966 4841 2229 4901 Quarum
2264 4838 2460 4911 prima
2486 4840 2677 4892 exstat
2725 4835 2996 4908 simplex,
3050 4834 3390 4907 duplicatur
3418 4833 3622 4890 altera.

1965 4929 2154 4985 Tertia
2180 4928 2494 4983 varietates
2526 4929 2787 4998 quatuor
2813 4925 3160 4980 inclamitat.

1967 5019 2189 5083 Quarta
2219 5022 2354 5072 octo
2382 5021 2557 5071 sonat
2582 5014 2781 5070 modis
2804 5014 3083 5086 diapente
3114 5012 3417 5069 consonis.

1966 5108 2074 5162 Uni
2109 5106 2511 5163 constitutioni
2538 5104 2799 5160 modulis
2820 5104 2879 5159 in
2910 5104 3214 5169 omnibus,

191 5182 306 5250 (27)
329 5178 609 5249 [Quidam
636 5187 871 5252 ponunt
891 5182 1043 5239 duas
1065 5202 1243 5243 voces
1275 5188 1429 5245 duas
1460 5191 1612 5247 inter
1636 5193 1844 5264 lineas,
1888 5169 1933 5223 Β
1964 5201 2089 5253 Vox
2111 5197 2163 5253 si
2188 5213 2310 5252 una
2336 5196 2723 5266 adjungatur,
2758 5192 2923 5249 modi
2951 5193 3105 5248 ﬁunt
3125 5192 3393 5248 totidem.

270 5682 381 5753 (25)
412 5689 478 5740 Α.
514 5686 720 5743 voluit.

271 5758 381 5842 $26)
412 5756 828 5842 Hiq‘in‘godice
874 5770 1184 5842 ponuntur
1228 5767 1399 5825 lineae
1446 5786 1674 5842 vacuae,
1714 5788 1855 5829 cum

197 5826 403 5886 litteris
430 5828 757 5890 initialibus
787 5826 1040 5894 teritum.

1963 5286 2155 5343 Tollas
2190 5301 2370 5341 sonos
2401 5285 2451 5340 si
2469 5280 2790 5349 secundos,
2814 5298 3021 5338 rursus
3041 5283 3187 5337 ﬁent
3218 5282 3482 5338 totidem.

1966 5375 2316 5433 Constitutio
2347 5374 2429 5430 sic
2450 5373 2647 5430 omnis
2676 5373 2948 5429 nascitur
2977 5387 3051 5428 ex
3096 5372 3300 5428 altera.

2034 5700 2145 5771 (27)
2187 5697 2427 5755 Uncinis
2452 5696 2685 5753 inclusa
2726 5713 2800 5753 ex
2848 5698 2980 5754 cod.
3025 5700 3274 5755 Vindok.
3310 5698 3630 5771 desumpta

1966 5777 2147 5916 suilli)
2187 5844 2252 5900 V.
2283 5845 2352 5898 In
2377 5840 2573 5914 capite
2605 5839 2902 5900 linearum
2938 5840 3282 5914 praenotatis
3326 5839 3551 5899 litteris.
