3904 6380
371 296 468 354 M1
1727 289 2063 350 WB
2102 290 2382 348 ABE.an

3671 293 3781 346 4|!

1009 426 1153 477 Nam
1184 425 1239 476 et
1267 421 1461 493 prima
1491 420 1593 475 dat
1622 417 1968 484 secundam,
2002 422 2059 472 et
2086 416 2349 476 secunda
2376 418 2625 487 tertiam,

1007 520 1312 591 Tertiaque
1358 517 1499 573 facit
1548 521 1861 592 quartam;
1919 516 2045 570 haec
2101 519 2163 570 at
2217 520 2509 571 monsrrat
2555 515 2783 588 pagina
2830 518 2958 586 (29).

1442 722 1905 780 Constitutiones
1926 725 1981 776 et
2007 721 2233 776 moduli
2264 722 2423 776 vocis
2450 722 2681 794 primae.

960 876 1151 932 Tertia
1210 875 1547 930 constitutio

961 947 1143 1002 habet
1181 946 1468 1001 formulas

960 1024 1235 1090 quatuor.

657 1005 708 1061 Si

653 1111 714 1263 ξ’

657 1314 713 1375 8‘

736 883 790 987 ἐξ

738 993 778 1072 s

732 1204 778 1317 ἕ

739 1318 775 1348 ω

734 1354 792 1458 ἓ

452 879 507 968 Ξ

453 974 493 1068 ἓ

454 1112 493 1182 8

454 1328 504 1390 Ξ

455 1393 509 1411 ._.

454 1414 492 1449 O

453 1499 507 1546 Ξ.

435 1549 507 1675 -Ξ

451 1678 491 1752 εξ

508 2596 700 2652 Prima
896 2594 1174 2652 Secunda
1375 2592 1581 2650 Tertia.

576 2778 616 2831 Β
804 2578 823 3017 Ι
1008 2774 1055 2825 Β
1376 2776 1415 2830 Β
1523 2775 1564 2829 Β

574 2871 616 2923 G
1007 2870 1051 2923 C
1369 2872 1412 2925 α
1523 2871 1564 2924 C

392 3128 393 3137 χ
573 3073 619 3128 D
1012 3069 1057 3121 Ι)
1369 3075 1411 3130 D
1519 3075 1564 3130 υ

1811 2692 2153 2705 —

1813 2992 2163 3005 ————-———

1838 877 2057 939 Quarta
2101 874 2439 929 constitutio
2484 873 2667 928 habet
2710 872 2989 928 modulos

1839 952 2006 1010 octo,
2074 949 2131 1000 et
2186 946 2446 999 continet
2511 961 2721 1000 omnes
2783 944 3120 1016 superiores

1740 1016 1757 1071 1
1830 1016 2308 1071 constitutiones.

1442 722 1905 780 Constitutiones
1926 725 1981 776 et
2007 721 2233 776 moduli
2264 722 2423 776 vocis
2450 722 2681 794 primae.

452 879 504 949 Ξ
656 879 710 958 εἴ
736 883 790 952 ξς)
960 876 1151 932 Tertia
1210 875 1547 930 constitutio
1838 877 2057 939 Quarta
2101 874 2439 954 constitutio
2484 873 2667 928 habet
2710 872 2989 954 modulos

453 951 507 1068 Ξ
657 957 778 1072 ἕξ
960 946 1468 1090 ἓὲἒὲξοῗῗνωυιᾶε
1740 1046 1741 1049 Ἴ
1830 949 2446 1071 ἓὲξὶζὶῆἓέίοὲἒὲῐωθῑ
2511 961 2721 1000 omnes
2783 960 3120 1016 superiores

455 1112 493 1141 (δ
654 1077 794 1157 Qa"

453 1146 506 1299 Ξ,
653 1158 697 1263 Ξ
734 1204 778 1273 s

455 1284 511 1364 εί
657 1278 777 1375 εξ

454 1367 509 1449 g-
650 1379 695 1470 ἓ
1911 1379 1951 1433 Ε
2165 1380 2207 1432 Ε
2425 1380 2464 1432 E
2682 1380 2721 1433 Ε
2994 1381 3036 1434 E
3181 1382 3222 1435 Ε
3368 1383 3409 1435 Ε
3556 1383 3598 1437 Ε

453 1499 507 1546 2.
656 1476 712 1535 Ξ
780 1484 791 1496 '
884 1512 1715 1531 -———————-———

435 1549 507 1675 -Ξ
650 1540 695 1625 Ϋέ
1014 1586 1060 1643 ι)
1190 1586 1236 1644 ι)
1380 1590 1425 1643 n
1569 1588 1613 1641 D
1938 1583 1982 1637 ι)
2299 1583 2343 1636 D
2577 1575 2625 1634 ιι)
2735 1576 2782 1635 n
2999 1584 3044 1637 ι)
3187 1585 3229 1637 n
3377 1580 3424 1635 ι)
3565 1582 3612 1637 o

452 1678 491 1709 ω
576 1712 853 1722 _——.

451 1712 503 1878 Ξ
624 1790 683 1857 'c
742 1801 789 1853 o
1030 1795 1071 1848 c
1208 1792 1248 1844 c
1384 1792 1425 1844 C
1560 1789 1605 1843 'c
1928 1789 1969 1841 c
2301 1787 2343 1840 ο
2600 1778 2642 1838 C
2744 1774 2792 1838 ὀ
2995 1778 3036 1840 C
3186 1776 3227 1841 C
3380 1780 3421 1840 'c
3572 1780 3618 1840 ’C

448 2013 487 2065 Β
642 2007 681 2060 Β
750 2007 789 2059 Β
1016 2005 1061 2059 Β
1204 2005 1250 2059 Β
1382 2004 1426 2057 Β
1562 2003 1607 2055 Β
1918 2000 1961 2052 Β
2295 2000 2338 2051 Β
2595 1998 2639 2050 Β
2746 1998 2790 2050 Β
2996 1999 3038 2051 8
3182 1997 3226 2050 Β
3382 2000 3423 2053 Β
3570 1998 3619 2050 Β

450 2111 496 2162 Α
640 2106 687 2158 Α
739 2102 787 2155 Α
1022 2106 1070 2158 Α
1203 2103 1250 2158 Α
1380 2102 1427 2157 λ
1562 2103 1608 2155 Α
1920 2102 1965 2153 Α
2293 2100 2340 2151 Α
2589 2098 2636 2149 Α
2744 2097 2791 2149 Α
2994 2100 3041 2150 Α
3184 2098 3231 2149 Α
3370 2097 3422 2149 -Α
3568 2097 3621 2148 Α

450 2252 491 2303 ἰ.
673 2250 741 2303 ιι.
856 2274 869 2293 .·
1256 2247 1373 2300 Illi.
1744 2214 1747 2219 Α
1842 2238 2036 2294 Prima
2184 2234 2456 2294 Secunda
2588 2228 2784 2293 Tertia
3192 2230 3433 2298 Quarta.

2557 2678 2859 2700 ’M’
2718 2682 2721 2683 ν
2768 2678 2777 2685 .
2840 2678 2845 2681 v
2856 2693 2859 2700 ι

2153 2558 2171 2996 1

1880 2588 2075 2643 Prima
2159 2574 2543 2648 ISecun’da1
2624 2583 2812 2640 Tertia
2901 2574 2916 2648 1
3222 2574 3449 2648 'Quarta

1952 2750 3648 2820 ‘ClCI'CClCCCC

1954 2852 3649 2916 DIDlDDlDDDD

1954 3067 1994 3122 E
2334 3064 3653 3122 ΕΙΕΕΙΕΕΕΕ

1955 3268 1992 3327 l“
2338 3272 2379 3325 Ε
2633 3268 3656 3327 FFIFFFF

579 3366 618 3420 E
1005 3364 1044 3418 E
1375 3362 1415 3416 Ε
1526 3360 1565 3417 Ε

1954 3480 1994 3533 G
2346 3472 2387 3531 G
2642 3464 3655 3530 GGGGGG

581 3652 1037 3708 Constitutiones
1123 3655 1179 3705 et
1267 3651 1495 3707 moduli

780 3723 946 3779 vocis
996 3722 1292 3778 secundas.

369 3920 561 3975 Sonus
586 3923 678 3973 est
704 3918 764 3973 in
790 3917 1273 3990 quibuscumque
1302 3917 1521 3986 regulae
1551 3919 1893 3983 concordia.

368 4006 864 4061 Constitutionum
890 4005 1112 4061 formas
1134 4005 1433 4077 quaslibet
1461 4008 1779 4074 associant.

370 4098 565 4150 Donec
594 4095 787 4166 spatia
814 4093 1145 4150 formarum
1173 4094 1468 4165 diapason
1498 4096 1800 4167 reprimat.

372 4182 654 4255 Spatiosis
682 4198 947 4255 namque
978 4182 1181 4239 formis
1211 4181 1594 4256 maximeque
1624 4184 1826 4239 vacuis

369 4274 520 4326 Raro
546 4271 767 4327 utimur
792 4270 856 4326 in
885 4274 1065 4327 cantu
1093 4287 1105 4325 :
1140 4269 1441 4325 breviores
1471 4270 1663 4343 spatio

368 4363 555 4431 Atque
586 4359 785 4415 minus
829 4359 1187 4431 interruptas
1218 4358 1496 4430 frequens
1523 4375 1668 4414 usus
1698 4357 2013 4430 approbat.

368 4448 635 4521 Cumque
667 4448 873 4504 formae
908 4447 1026 4504 sint
1065 4448 1323 4520 majores
1354 4448 1523 4504 facta:
1552 4448 1629 4503 de
1658 4446 2013 4514 minoribus,

368 4540 493 4593 Non
518 4542 605 4593 est
622 4538 898 4606 dubium,
925 4538 1092 4611 quod
1117 4539 1166 4594 si
1185 4538 1322 4611 quis
1345 4539 1628 4595 minimas
1650 4536 2015 4606 cognoverit,

367 4628 445 4681 De
476 4626 806 4697 majoribus
837 4642 1224 4701 nequaquam
1264 4627 1536 4683 dubitare
1566 4624 1800 4698 poterit.

366 4716 589 4770 Rursus
618 4716 886 4787 qualibet
906 4718 967 4772 in
993 4716 1186 4773 forma
1212 4731 1438 4785 magna
1465 4715 1539 4770 sit
1561 4714 1838 4780 varietas,

370 4804 426 4859 Si
455 4820 571 4859 vox
596 4805 871 4877 quaelibet
896 4805 959 4861 in
989 4810 1171 4861 cantu
1194 4804 1378 4859 modo
1408 4803 1661 4874 simplex
1693 4807 1949 4869 resonat,

366 4894 534 4949 Modo
560 4900 746 4950 semet
774 4908 1121 4967 repercussa
1148 4893 1415 4965 duplicat
1440 4892 1533 4948 vel
1565 4892 1834 4962 triplicat.

365 4984 548 5037 Voces
579 4983 794 5040 deinde
821 4983 1029 5040 afﬁnes
1060 4996 1212 5055 quas
1243 4981 1617 5036 demonstrat
1643 4979 1870 5051 regula,

368 5074 587 5127 Harum
618 5072 1105 5129 constitutionum
1134 5086 1256 5126 non
1286 5069 1509 5141 spernit
1537 5068 1879 5141 concordia,

368 5160 521 5224 Quin
551 5160 627 5215 sit
652 5160 813 5218 idem
838 5174 1077 5233 semper
1100 5158 1326 5215 malum
1349 5158 1409 5212 in
1434 5173 1557 5213 una
1587 5163 1643 5213 et
1667 5158 1870 5216 altera.

898 5335 1327 5392 ccdca
1434 5326 1944 5413 cﬁcaGF

404 5423 547 5549 G(2(2))
563 5422 846 5479 Admont.
862 5424 1053 5479 Victor
1068 5423 1398 5479 ascendens
1414 5402 1573 5481 celos
1590 5424 1750 5480 unde
1770 5424 2017 5481 descen-

365 5564 554 5622 derat.
598 5565 743 5621 Ecce
772 5568 839 5621 ut
863 5567 921 5621 F.
953 5564 1032 5622 ad
1069 5566 1112 5621 G
1155 5570 1213 5621 et
1251 5581 1305 5622 a.
1347 5566 1409 5622 in
1446 5566 1565 5622 tiae
1605 5566 2016 5622 subsequitur.

384 5634 613 5710 d_em_in
634 5635 854 5710 plagali
880 5636 1013 5710 trito
1028 5636 1291 5710 invenies
1319 5642 1697 5710 usurpatum,
1713 5630 2022 5710 videlicet,

363 5708 454 5767 ult
478 5706 561 5767 ad
586 5706 724 5769 eiet
743 5706 806 5769 ἃ.
834 5708 921 5769 ita
944 5709 1008 5768 b.
1038 5707 1438 5783 subsequatur
1465 5706 1630 5768 sicut
1669 5706 1749 5766 ad
1791 5710 1854 5765 G.
1886 5711 1944 5768 et
1969 5723 2024 5766 a.

2166 3687 2622 3744 Constitutiones
2651 3691 2708 3743 et
2735 3686 2965 3744 moduli
2994 3676 3156 3743 vocis
3190 3687 3393 3744 tertius.

2039 3926 2085 3976 Α
2126 3922 2250 3975 Feci
2275 3920 2510 3987 regulas
2541 3918 2795 3993 apertas,
2826 3918 2881 3976 'et
2911 3906 3400 3993 antiphonarmm

2128 4008 2489 4075 Reginariter
2518 4004 2845 4081 perfectum
2874 3998 3093 4064 contuli
3126 4000 3497 4077 cantoribus,

2128 4092 2311 4157 Quale
2341 4102 2653 4164 nunquam
2684 4088 3024 4149 habuerunt
3047 4090 3291 4165 reliquis
3321 4090 3734 4164 temporibus.

2199 4181 2409 4235 Precor
2438 4198 2566 4245 vos,
2598 4182 2755 4237 beati
2788 4182 3016 4249 fratres,
3046 4197 3158 4254 pro
3190 4182 3368 4238 tantis
3396 4180 3729 4237 laboribus

2127 4268 2239 4323 Pro
2265 4285 2359 4323 me
2389 4269 2605 4326 misero
2636 4265 2922 4337 Gl’iidone,
2955 4271 3223 4343 meisque
3250 4269 3666 4341 adjutoribus.

2128 4357 2297 4412 Pium
2329 4361 2511 4413 Deum
2541 4364 2801 4429 exorate,
2836 4360 3010 4415 nobis
3042 4360 3113 4416 sit
3142 4360 3459 4433 propitius.

2127 4447 2331 4517 Operis
2362 4463 2602 4520 quoque
2633 4448 2980 4519 scriptorem
3010 4448 3291 4520 adjuvate
3317 4448 3629 4521 precibus.

2125 4538 2233 4591 Pro
2256 4537 2538 4603 magistro
2569 4542 2827 4606 exorate,
2860 4538 3031 4609 cujus
3052 4538 3353 4609 adjutorio

2126 4628 2340 4679 Auctor
2362 4624 2585 4695 indiget
2604 4632 2660 4681 et
2680 4626 2948 4698 scriptor.
2967 4625 3162 4682 Gloria
3182 4625 3258 4681 sit
3276 4624 3559 4681 Domino.
3578 4629 3802 4684 Amen.

2126 4714 2418 4769 Omnibus
2443 4730 2579 4770 ecce
2604 4714 2798 4770 modis
2826 4715 3125 4787 descripta
3154 4714 3362 4770 relatio
3390 4714 3585 4771 vocis.

2128 4803 2223 4857 Est
2255 4808 2427 4857 tonus
2457 4802 2518 4858 in
2557 4803 2822 4858 numeris
2848 4809 3205 4875 superantur
3231 4807 3295 4858 ut
3317 4807 3455 4859 octo
3486 4805 3772 4873 novenis,

2129 4892 2480 4958 Semitonus,
2506 4892 2677 4962 cujus
2707 4890 2780 4947 de
2807 4891 3050 4947 nomine
3081 4908 3304 4947 nomen
3335 4892 3586 4948 ademit.

2128 4980 2369 5035 Ditonus
2402 4986 2577 5053 atque
2609 4982 2790 5036 semis
2816 4979 3191 5037 diatessaron
3218 4996 3400 5037 omne
3432 4982 3688 5038 tenebit.

2126 5069 2307 5141 ldque
2339 5070 2476 5125 facit
2504 5075 2714 5125 notum
2743 5070 2977 5142 quadro
3025 5070 3370 5126 discrimine
3402 5076 3628 5137 totum,

2125 5159 2226 5214 Cui
2260 5158 2597 5232 superadde
2624 5164 2855 5230 tonum,
2887 5159 3088 5216 videas
3118 5159 3403 5233 diapente
3442 5178 3772 5219 sonorum.

2129 5313 2511 5390 subsequitur
2540 5320 2599 5372 E.
2629 5314 2746 5390 _hoc
2777 5316 2998 5390 modo:

2338 5387 2520 5443 ede
2608 5387 2691 5443 de
2828 5388 3042 5445 ddd

2344 5475 2374 5513 c
2608 5475 2639 5513 c
2652 5475 2683 5514 c
3006 5476 3038 5516 c

2344 5530 2542 5586 Venite
2616 5530 2694 5587 ad
2803 5547 3063 5587 oremus.

2324 5636 2568 5677 cccccc
2642 5637 2673 5676 c
2775 5612 3075 5714 σοι)ωο

2754 6345 2768 6352 Α
2872 6342 3039 6354 ςν,“
3092 6341 3346 6355 ’κ’κηη
