3958 6464
245 120 250 121 ν
301 120 360 121 π
703 55 1846 134 ’σι-ἢ

2039 41 3228 133 *ζ
3295 42 3298 43 ί

238 370 344 425 443

239 497 428 563 Atque
458 489 647 546 tribus
683 488 894 544 fissum
925 494 1138 548 tonum
1162 491 1423 561 signabit
1461 491 1749 563 idipsum,
1797 544 1801 548 .

241 587 302 638 In
334 580 535 636 medio
561 597 810 635 Summae
833 579 1129 652 diapason
1157 581 1334 638 nectit
1364 587 1707 653 utrumque,

242 676 510 742 Namque
542 685 759 725 sonum
781 669 1082 741 duplicem
1119 670 1337 744 simple
1395 670 1500 726 sed
1529 669 1724 725 reddit
1748 685 1911 723 eum-

1727 760 1905 830 [dem.

243 848 406 903 Adde
434 848 657 920 duplex
689 865 864 904 senos
898 848 1101 903 videas
1131 854 1309 904 notus
1331 849 1632 910 diatriton,

249 937 492 992 Ditonus
523 942 579 992 et
609 938 812 1000 semis,
846 937 988 1009 quia
1018 937 1258 992 ditonus
1287 938 1436 992 alter
1466 939 1738 992 habetur.

317 1026 564 1082 Motibus
595 1026 687 1080 his
719 1043 963 1082 cursum
995 1026 1169 1084 faciet
1207 1027 1333 1082 sine
1365 1027 1594 1081 musica
1620 1026 1872 1080 nullum.

249 1117 343 1169 E’st
373 1113 599 1185 aliquid
632 1113 856 1169 factum
915 1131 1168 1169 numero
1228 1114 1577 1170 modulante
1635 1114 1908 1180 relatum,

247 1204 430 1276 quue
461 1203 603 1257 latet
634 1203 823 1258 ﬁxum
847 1209 1009 1275 patet
1038 1204 1406 1260 intendendo
1431 1203 1773 1259 remissum.
1888 1194 1890 1197 ’

247 1291 344 1344 Est
373 1289 591 1344 modus
613 1291 692 1345 ad
721 1291 984 1362 reliquos
1030 1293 1326 1364 phthongi
1382 1292 1617 1348 collatio
1657 1292 1914 1364 phthon-

1759 1382 1909 1452 [gos.

253 1469 401 1522 Dant
430 1467 642 1523 collata
674 1468 926 1524 modum
954 1469 1194 1525 sibimet
1223 1470 1571 1526 discrimina
1599 1485 1837 1525 vocum.

250 1557 440 1622 Quam
465 1561 642 1612 tonus
675 1562 729 1612 et
760 1558 939 1612 semis
974 1558 1243 1632 sequitur
1269 1576 1385 1614 vox
1401 1563 1606 1631 protus
1637 1559 1910 1615 habetur.

250 1650 534 1702 Deutcrus
565 1653 620 1703 et
660 1647 827 1703 tritus
852 1647 1005 1720 quid
1037 1648 1128 1716 sit,
1163 1647 1318 1720 sapit
1340 1649 1496 1704 ordo
1525 1648 1774 1704 vicinus.

250 1736 466 1808 Hisque
496 1741 638 1793 tono
670 1741 902 1792 tantum
941 1738 1166 1811 placuit
1193 1737 1430 1793 differre
1459 1738 1804 1808 tetrardum,

248 1825 494 1881 Ditonus
525 1831 581 1881 et
607 1827 785 1882 semis
817 1828 989 1898 cujus
1021 1844 1163 1883 mox
1189 1828 1326 1899 jura
1355 1832 1706 1899 sequuntur.

251 1914 470 1971 Musiea
494 1933 607 1971 vox
624 1917 842 1972 horum
869 1915 1036 1976 nulla
1061 1921 1153 1972 est
1178 1917 1303 1972 sine
1328 1916 1457 1987 lege
1487 1915 1831 1972 modorum.

1447 367 1745 425 REGULE
1781 367 1875 422 DE
1913 366 2174 425 lGﬁOI‘O
2207 368 2467 425 CANTU.

2023 492 2180 554 Quos
2211 495 2445 548 tantum
2476 491 2889 561 ndgussentit
2915 491 2992 548 de
3023 491 3141 548 ﬁne
3169 492 3466 564 Malean.

2020 582 2282 642 Quatuor
2312 582 2578 636 authenti
2609 581 2822 653 plagas
2853 581 3236 650 geminantur
3263 581 3482 654 adepti,

2021 668 2083 723 Ni
2106 674 2354 740 quartus
2381 670 2632 744 simplex
2673 675 2902 742 septem
2925 670 3271 726 discrimina
3299 671 3495 727 ﬁrmet
3526 689 3540 740 ;

2019 756 2185 813 Unde
2211 763 2388 830 poeta
2419 760 2616 814 canit:
2655 763 2884 831 septem
2906 759 3254 815 discrimina
3279 775 3526 817 vocum.

2021 845 2318 918 Septimus
2346 852 2558 902 octavo
2589 847 2800 903 similis
2821 851 3190 920 quapropter
3207 848 3483 904 adhzesit.

2023 937 2104 988 Ex
2133 935 2353 1006 quibus
2377 937 2644 992 authenti
2686 953 2865 1005 grave
2916 942 3054 991 sunt
3091 935 3413 992 discrimen
3459 937 3686 1011 adepti,

2022 1025 2168 1079 Cum
2196 1024 2393 1097 plagae
2423 1043 2602 1082 voces
2641 1031 2852 1082 tenues
2883 1025 3247 1099 cupientque
3287 1025 3568 1083 minores.

2023 1116 2086 1167 In
2113 1114 2339 1184 quibus
2362 1115 2446 1170 ad
2473 1115 2784 1171 modicum
2811 1119 3015 1171 tamen
3045 1120 3102 1171 et
3126 1115 3362 1172 collatio
3391 1115 3589 1172 distat.

2021 1202 2180 1266 Quos
2205 1202 2257 1256 si
2284 1202 2434 1259 forte
2465 1203 2619 1258 duos
2650 1203 2754 1259 nni
2793 1204 2884 1259 vis
2917 1204 3172 1260 scribere
3193 1203 3348 1270 voci,

2021 1292 2290 1356 Quatuor
2317 1292 2380 1347 in
2412 1292 2653 1364 reliquis
2678 1293 3007 1366 primatum
3029 1293 3190 1349 delta
3215 1291 3521 1350 tenebunt.

2023 1380 2421 1452 Enthymema
2453 1397 2634 1438 sonos
2669 1381 2896 1438 claudit
2925 1381 3242 1454 signatque
3268 1385 3553 1439 remotos.

2023 1471 2403 1528 Coneordant
2427 1471 2589 1527 ﬂexu
2615 1471 2986 1528 diatessaron
3017 1471 3222 1528 addita
3243 1485 3493 1542 nexum,

2023 1561 2347 1630 Comparat
2376 1560 2632 1616 intentos
2664 1561 2943 1633 diapente
2969 1559 3176 1617 relatio
3201 1575 3462 1629 gressus.

2021 1651 2124 1704 lus
2145 1653 2306 1704 tenet
2327 1650 2648 1706 ambarum
2681 1650 2945 1724 spatium
2975 1649 3271 1723 diapason
3297 1655 3352 1706 et
3369 1650 3592 1707 harum

2022 1737 2217 1794 Refert
2237 1738 2477 1794 alterius
2507 1755 2648 1795 eum
2679 1739 2928 1812 suscipit
2947 1738 3133 1795 altera
3159 1739 3341 1807 vices,

1951 1845 1997 1900 Β
2025 1830 2182 1892 Quas
2215 1832 2353 1883 tunc
2377 1828 2616 1885 alterius
2647 1845 2785 1885 cum
2818 1828 3068 1901 suscipit
3097 1828 3280 1884 altera
3303 1826 3482 1884 vices.

2017 1915 2184 1972 Unde
2211 1915 2334 1973 duo
2361 1916 2604 1988 signum
2631 1918 2870 1975 variant
2895 1917 3032 1974 loca
3057 1917 3230 1989 cujus
3260 1915 3548 1991 idipsum.

792 2211 1150 2329 lTEM
1259 2211 1635 2379 ALliE
1731 2205 2443 2332 GUIDONIS
2539 2211 3158 2334 REGULdi

1586 2423 1696 2484 DE
1741 2421 2054 2485 IGNOTO
2100 2422 2384 2487 CANTU

1147 2610 1482 2672 Idemidem
1517 2611 1578 2669 in
1609 2607 2052 2690 Antiphonem?
2071 2594 2175 2670 sui
2187 2611 2509 2691 prologum
2527 2612 2810 2693 prolatae.

332 2797 723 2872 Temporibus
746 2796 963 2852 nostris
1003 2813 1184 2870 super
1212 2813 1423 2853 omnes
1466 2795 1748 2852 homines
1781 2792 1926 2848 fatui

262 2893 400 2944 sunt
430 2891 705 2942 cantores
741 2905 752 2953 ;
787 2886 844 2941 in
909 2887 1075 2942 omni
1127 2886 1286 2941 enim
1343 2890 1466 2941 arte
1521 2884 1692 2940 valde
1750 2881 1926 2956 plura

260 2982 423 3048 sunt,
456 2993 590 3050 quae
621 2982 827 3033 nostro
859 2992 1038 3033 sensu
1096 2976 1537 3045 cognoscimus,
1590 2989 1776 3049 quam
1834 2988 1924 3038 ea,

261 3084 396 3142 quae
453 3083 490 3124 a
547 3065 838 3136 magistro
891 3065 1229 3122 didicimus.
1279 3065 1536 3120 Pcrlccto
1585 3063 1746 3118 enim
1802 3061 1928 3116 solo

261 3157 542 3232 psalterio
579 3156 852 3214 omnium
891 3155 1180 3212 librorum
1229 3154 1510 3211 lectiones
1559 3156 1932 3221 cognoscunt

261 3247 518 3326 pueruli,
553 3251 608 3305 et
634 3245 1010 3317 agriculturae
1043 3245 1349 3302 scientiam
1365 3243 1569 3324 subito
1599 3242 1932 3313 intelligunt

261 3338 486 3399 rustici.
519 3337 629 3406 Qui
661 3337 819 3396 enim
852 3353 1038 3393 unam
1071 3337 1309 3394 vineam
1363 3340 1594 3408 putare,
1628 3350 1810 3390 unam
1845 3350 1934 3389 ar--

262 3428 590 3486 busculam
613 3428 891 3494 inserere,
922 3443 1111 3482 unum
1145 3426 1386 3482 asinum
1418 3441 1667 3482 onerare
1711 3439 1933 3494 cogno-

261 3519 434 3586 verit,
465 3518 616 3574 sicut
644 3517 705 3576 in
740 3533 860 3574 uno
908 3516 1064 3584 facit,
1097 3515 1154 3574 in
1188 3515 1471 3573 omnibus
1503 3514 1786 3582 similiter,
1833 3517 1936 3568 aut

263 3609 444 3670 etiam
477 3607 689 3664 melius
720 3607 914 3664 facere
945 3621 1069 3662 non
1121 3603 1437 3662 dubitabit.
1489 3601 1777 3660 Mirabiles
1833 3618 1935 3656 au-

266 3706 386 3760 tem
435 3703 709 3758 cantores
766 3701 820 3754 et
866 3700 1177 3752 cantorum
1229 3692 1506 3766 discipuli
1546 3691 1777 3748 etiamsi
1829 3706 1935 3765 per

265 3794 508 3849 centum
539 3805 737 3848 annos
771 3785 1039 3863 quotidie
1098 3788 1354 3854 cantent,
1388 3798 1702 3855 nunquam
1725 3797 1831 3852 per
1875 3795 1935 3834 se

270 3878 394 3938 sine
427 3879 712 3948 magistro
741 3860 929 3934 unam
959 3874 1050 3931 vel
1079 3873 1288 3930 saltem
1317 3871 1632 3944 parvulam
1667 3867 1936 3944 antipho-
1975 3860 2015 3918 C

269 3985 412 4026 nam
442 3968 796 4040 cantabunt,
830 3969 1062 4022 tantum
1093 3968 1332 4037 tempus
1367 3961 1429 4018 in
1479 3958 1779 4016 cantando
1809 3972 1933 4030 per-

272 4059 503 4130 dentes,
532 4059 592 4118 in
623 4062 852 4129 quanto
876 4059 932 4111 et
987 4054 1257 4110 divinam
1287 4055 1344 4107 et
1377 4050 1706 4108 secularem
1759 4046 1938 4122 scrip-

272 4154 470 4207 turam
503 4148 837 4224 potuissent
856 4146 1030 4220 plene
1063 4158 1443 4214 cognoscere.

344 4243 409 4298 Et
451 4238 614 4312 quod
643 4254 823 4310 super
852 4235 1057 4294 omnia
1094 4233 1258 4290 mala
1298 4232 1455 4302 regis
1516 4233 1605 4288 est
1642 4225 1937 4304 periculo-

273 4347 428 4393 sum,
490 4327 657 4383 multi
708 4326 970 4396 religiosi
1023 4322 1251 4378 ordinis
1305 4321 1498 4377 clerici
1548 4324 1604 4375 et
1653 4315 1940 4375 monachi

270 4418 540 4492 psalmos
567 4421 622 4472 et
652 4432 856 4470 sacras
890 4413 1172 4474 lectiones
1201 4415 1260 4469 et
1309 4415 1633 4466 nocturnas
1667 4423 1806 4462 cum
1834 4422 1941 4480 pu-

272 4509 442 4565 ritate
473 4506 727 4576 vigilias,
746 4509 803 4562 et
831 4504 1060 4576 reliqua
1077 4501 1308 4574 pietatis
1333 4516 1538 4572 opera,
1570 4514 1675 4570 per
1695 4514 1830 4569 quas
1862 4495 1941 4551 ad

274 4597 704 4671 sempiternam
733 4594 985 4663 gloriam
1003 4607 1406 4665 provocamur
1437 4594 1492 4645 et
1521 4588 1818 4656 ducimur,
1841 4601 1941 4641 ne-

275 4689 508 4760 gligunt
544 4704 556 4753 ;
584 4686 734 4741 dum
764 4682 1044 4740 cantandi
1068 4681 1395 4746 scientiam,
1429 4695 1614 4751 quam
1650 4675 1943 4747 consequi

273 4791 593 4849 nunquam
626 4776 898 4845 possunt,
953 4771 1160 4827 labore
1218 4769 1460 4826 assiduo
1490 4771 1547 4824 et
1593 4767 1942 4824 stultissimo

275 4869 741 4944 persequuntur.

352 4971 494 5029 Illud
529 4985 771 5043 quoque
803 4967 938 5040 quis
971 4981 1093 5021 non
1121 4965 1358 5030 deﬂeat,
1395 4963 1558 5035 quod
1593 4967 1714 5018 tam
1744 4962 1942 5030 gravis

277 5077 445 5118 error
475 5059 650 5115 estin
713 5062 924 5112 sancta
983 5054 1260 5122 Ecclesia,
1312 5056 1556 5122 tamque
1608 5051 1945 5122 periculosa

282 5149 676 5214 discordia,ut
691 5147 938 5219 quando
961 5144 1234 5200 divinum
1256 5140 1522 5197 officium
1547 5140 1944 5208 celebramus,

281 5255 443 5312 saepe
471 5253 590 5292 non
627 5241 809 5293 Deum
837 5234 1106 5302 laudare,
1139 5231 1246 5288 sed
1275 5231 1426 5286 inter
1455 5245 1566 5284 nos
1606 5233 1832 5283 certare
1855 5226 1940 5282 vi-

279 5331 554 5385 deamur.
585 5327 688 5382 Vix
718 5325 977 5397 denique
1010 5337 1165 5378 unus
1213 5319 1541 5376 concordat
1578 5317 1764 5384 alteri,
1819 5333 1943 5372 non

281 5417 574 5487 magistro
595 5414 941 5486 discipulus,
974 5429 1084 5468 nec
1114 5409 1444 5482 discipulus
1475 5405 1899 5478 condiscipulis
1929 5423 1940 5460 :

282 5507 443 5563 unde
475 5506 699 5562 factum
729 5507 905 5571 est,ut
933 5519 1057 5557 non
1081 5501 1209 5572 jam
1231 5515 1421 5554 unum
1448 5501 1551 5553 aut
1567 5496 1776 5552 saltem
1799 5511 1946 5567 pau-

285 5614 377 5665 ca,
397 5595 499 5650 sed
534 5599 652 5649 tam
683 5593 870 5648 multa
902 5592 1019 5646 sint
1074 5587 1514 5662 antiphonaria,
1557 5602 1744 5659 quam
1776 5584 1947 5640 multi

285 5690 424 5741 sunt
446 5701 549 5756 per
575 5683 841 5752 singulas
869 5681 1152 5737 ecclesias
1184 5677 1470 5746 magistri,
1499 5677 1800 5748 vulgoque
1819 5675 1947 5745 jam

283 5773 499 5830 dicitur
527 5771 1015 5845 antiphonarium
1036 5785 1161 5826 non
1191 5765 1588 5838 Gregorii,sed
1616 5765 1824 5822 Leonis
1847 5765 1951 5821 aut

283 5865 525 5938 Alberti,
547 5868 652 5922 aut
679 5863 1116 5938 cujuscumque
1145 5858 1387 5919 alterius
1419 5878 1434 5928 ε
1469 5872 1732 5932 cumque
1756 5871 1950 5915 unum

2035 2791 2260 2849 discere
2292 2794 2365 2850 sit
2393 2795 2566 2851 valde
2594 2797 2854 2866 difﬁcile,
2906 2797 2983 2853 de
3040 2796 3242 2853 multis
3301 2811 3423 2854 non
3472 2798 3562 2853 est
3591 2795 3702 2854 du-

2035 2881 2204 2936 bium
2217 2882 2367 2954 quin
2390 2883 2464 2939 sit
2495 2884 2883 2957 impossibile.

2109 3006 2238 3070 Qua
2265 3005 2326 3060 in
2358 3023 2418 3063 re
2435 3024 2573 3063 cum
2595 3024 2704 3080 pro
2735 3025 2843 3064 sua
2867 3007 2985 3081 ipsi
3015 3007 3523 3064 voluntatemulta
3544 3023 3706 3064 com-

2039 3099 2288 3167 mutent,
2322 3102 2425 3152 aut
2452 3114 2670 3170 parum
2697 3104 2801 3153 aut
2862 3095 3007 3153 nihil
3038 3096 3186 3152 mihi
3239 3096 3543 3167 indignari
3601 3095 3703 3151 de-

2037 3185 2200 3253 bent,
2230 3187 2340 3244 sia
2371 3187 2679 3244 communi
2708 3204 2824 3242 usu
2877 3187 2979 3242 vix
3035 3187 3097 3243 in
3149 3186 3359 3261 paucis
3415 3185 3704 3255 abscedo,

2041 3281 2106 3333 ut
2135 3277 2213 3332 ad
2242 3294 2629 3334 communem
2659 3278 2800 3333 artis
2832 3277 3100 3346 regulam
3153 3275 3528 3332 uniformiter
3574 3291 3707 3331 om-

2041 3367 2133 3421 nis
2165 3366 2461 3424 cantilena
2491 3371 2774 3422 recurrat.
2833 3364 3128 3432 Quoniam
3181 3381 3318 3421 vero
3345 3365 3474 3420 haec
3504 3363 3710 3421 omnia

2042 3457 2203 3513 mala
2229 3462 2285 3513 et
2305 3457 2494 3513 multa
2526 3457 2642 3512 alia
2671 3474 2880 3512 eorum
2912 3455 3091 3529 culpa
3121 3455 3424 3524 eveniunt,
3474 3453 3580 3526 qui
3609 3468 3712 3509 an-

2043 3547 2384 3620 tiphonaria
2416 3545 2662 3614 faciunt,
2697 3544 2872 3599 valde
2931 3559 3150 3599 moneo
3176 3547 3230 3598 et
3260 3545 3577 3612 contestor,
3634 3556 3711 3596 ne

2043 3635 2260 3707 aliquis
2289 3635 2549 3707 amplius
2573 3635 2903 3705 praesumat
2932 3630 3421 3702 antiphonarium
3458 3644 3712 3685 neuma-

2045 3724 2260 3791 re,nisi
2290 3724 2394 3796 qui
2424 3722 2758 3778 secundum
2787 3720 3087 3792 subjectas
3140 3718 3379 3789 regulas
3424 3717 3580 3774 bene
3601 3733 3712 3790 po-

2049 3818 2155 3868 test
2176 3817 2232 3867 et
2271 3811 2426 3883 sapit
2453 3811 2649 3884 ipsam
2681 3813 2869 3866 artem
2925 3807 3211 3881 perficere
3243 3825 3256 3873 ;
3299 3805 3565 3879 alioquin
3595 3821 3714 3862 cer-

2047 3902 2271 3958 tissime
2304 3901 2411 3956 erit
2437 3900 2718 3969 magister
2747 3898 2981 3967 erroris,
3005 3897 3374 3970 quicumque
3395 3911 3518 3950 non
3547 3893 3715 3968 prius

2045 3991 2217 4047 fuerit
2233 3989 2565 4064 discipulus
2589 3987 2871 4044 veritatis.

2117 4119 2326 4176 Taliter
2343 4117 2558 4175 etenim
2593 4119 2709 4171 Deo
2737 4113 3058 4171 auxiliante
3084 4113 3199 4168 hoe
3225 4108 3718 4182 antiphonarium

2045 4214 2256 4267 notare
2287 4207 2577 4281 disposui,
2610 4210 2674 4261 ut
2704 4221 2810 4278 per
2840 4220 2980 4259 eum
3037 4202 3290 4274 posthac
3345 4199 3555 4255 leviter
3615 4197 3719 4255 ali-

2047 4299 2183 4374 quis
2213 4301 2486 4355 sensatus
2517 4301 2571 4352 et
2598 4294 2905 4350 studiosus
2936 4295 3181 4347 cantum
3211 4288 3444 4356 discat;
3477 4291 3535 4341 et
3554 4289 3719 4372 post-

2047 4406 2235 4463 quam
2264 4393 2496 4462 partem
2528 4387 2657 4458 ejus
2685 4400 2793 4458 per
2845 4381 3203 4452 magistrum
3249 4378 3404 4434 bene
3429 4390 3720 4445 cognove-

2047 4481 2141 4550 rit,
2196 4478 2428 4550 reliqua
2483 4491 2588 4547 per
2651 4491 2712 4529 se
2768 4472 2893 4528 sine
2961 4470 3248 4539 magistro
3315 4463 3722 4521 indubitanter

2051 4567 2340 4637 agnoscit.
2372 4570 2446 4620 De
2479 4581 2600 4636 quo
2632 4563 2679 4617 si
2704 4561 2840 4634 quis
2867 4576 2963 4616 me
3009 4555 3242 4613 mentiri
3273 4557 3463 4628 putat,
3497 4551 3718 4618 veniat,

2051 4657 2390 4730 experiatur
2415 4658 2470 4709 et
2497 4652 2714 4718 videat,
2747 4647 2915 4721 quod
2946 4646 3059 4702 tale
3098 4646 3212 4700 hoc
3247 4642 3411 4714 apud
3436 4657 3549 4730 nos
3578 4656 3722 4730 pue-

2050 4728 2162 4805 ruli
2197 4745 2441 4806 faciunt,
2469 4741 2572 4815 qui
2624 4756 2735 4814 pro
2769 4736 3145 4810 psalmorum
3177 4737 3234 4787 et
3261 4729 3604 4800 vulgarium
3633 4728 3721 4785 lit-

2052 4842 2314 4893 terarum
2335 4829 2674 4901 ignorantia
2693 4843 2850 4882 saeva
2879 4825 3078 4881 adhuc
3104 4819 3442 4893 suscipiunt
3462 4817 3718 4889 ﬂagella,

2053 4927 2156 5002 qui
2191 4939 2347 4996 saepe
2375 4928 2430 4977 et
2458 4920 2645 4993 ipsius
2703 4916 3067 4988 antiphome,
3126 4926 3310 4984 quam
3341 4925 3446 4980 per
3476 4923 3565 5002 se“
3595 4906 3723 5002 sine

2058 4995 2342 5086 magistro
2368 5018 2523 5068 recte
2551 5011 2802 5082 possunt
2836 5009 3100 5068 cantare,
3132 4999 3316 5058 verba
3347 5003 3414 5086 et
3457 4995 3721 5086 syllabas

2055 5082 2329 5161 nesciunt
2356 5097 2743 5174 pronuntiare
2773 5113 2784 5149 :
2819 5091 2984 5166 quod
3013 5106 3149 5146 cum
3195 5086 3294 5141 Dei
3321 5083 3620 5174 adjutorio
3643 5082 3722 5174 les

1980 5213 2024 5266 ι)
2057 5194 2202 5250 vitcr
2223 5172 2497 5247 sensatus
2526 5191 2582 5242 ct
2606 5184 2908 5240 studiosus
2939 5178 3154 5266 aliquis
3186 5174 3398 5266 poterit
3430 5172 3644 5240 facere,
3675 5172 3723 5266 si

2054 5296 2189 5336 cum
2238 5279 2466 5348 quanto
2534 5269 2731 5324 studio
2784 5280 3020 5322 neumze
3075 5262 3494 5335 disponantur,
3560 5260 3727 5314 curet

2053 5380 2399 5440 agnoscere.
2545 5353 2547 5355 ’

2127 5497 2210 5549 [ta
2239 5491 2417 5561 igitur
2445 5487 2850 5558 disponuntur
2868 5495 3070 5544 voces,
3099 5482 3166 5534 ut
3186 5474 3607 5548 unusquisque
3632 5488 3725 5528 so-

2054 5600 2191 5647 nus,
2223 5575 2666 5654 quantumlibet
2695 5573 2753 5628 in
2779 5573 2961 5627 cantu
2990 5571 3312 5640 repetatur,
3341 5565 3402 5620 in
3424 5578 3548 5619 uno
3574 5577 3726 5617 sem-

2055 5689 2162 5746 per
2190 5675 2246 5726 et
2272 5685 2382 5725 suo
2412 5665 2623 5723 ordine
2653 5659 3007 5718 inveniatur.
3043 5659 3203 5723 Quos
3229 5654 3492 5746 ordines,
3521 5656 3724 5746 utmef

2056 5739 2170 5819 lius
2199 5757 2397 5834 possis
2427 5756 2782 5819 discernere,
2829 5748 3036 5822 spissae
3080 5741 3613 5834 ducunturlineae,
3668 5739 3726 5792 et

2056 5827 2308 5930 quidam
2333 5846 2576 5908 ordines
2605 5857 2824 5902 vocum
2851 5840 2915 5898 in
2942 5837 3089 5914 ipsis
3101 5836 3259 5894 ﬁunt
3273 5827 3722 5905 lineis,quidam
