3958 6414
317 279 424 335 418

318 507 394 548 ne
399 507 593 549 arum.

395 633 877 706 Quanticumque
907 647 1049 702 ergo
1072 631 1204 689 soni
1228 632 1291 688 in
1322 646 1445 687 una
1471 629 1630 686 linea
1657 627 1840 698 velin
1861 641 1986 682 uno

323 723 520 798 spatio
551 727 709 791 sunt,
737 738 950 779 omnes
983 722 1249 778 similiter
1295 725 1531 777 sonant.
1589 722 1656 776 Ut
1687 722 1888 776 autem
1932 720 1989 772 et

322 815 470 872 illud
499 813 813 883 intelligas,
843 816 1086 886 quantae
1115 812 1287 868 lineae
1325 811 1419 868 vel
1449 811 1643 884 spatia
1672 824 1864 866 unum
1883 808 1988 864 ha-

323 907 468 963 bent
488 920 726 972 sonum,
760 903 1127 976 quibuslibet
1155 903 1326 959 lineis
1351 902 1446 958 vel
1475 901 1681 976 spatiis
1702 898 1987 974 quaedam

324 996 529 1052 litterae
556 995 631 1050 de
659 993 1074 1050 monochordo
1095 993 1577 1066 prmﬁgurantur,
1599 996 1778 1065 atque
1809 988 1989 1046 etiam

328 1085 558 1142 colores
584 1083 1072 1156 superducuntur
1104 1100 1116 1138 :
1150 1083 1312 1138 unde
1340 1083 1520 1138 datur
1549 1079 1812 1151 intelligi,
1844 1078 1990 1152 quia

328 1177 392 1232 in
421 1178 542 1231 toto
574 1173 995 1245 antiphonario
1020 1177 1078 1229 et
1096 1173 1158 1228 in
1188 1173 1352 1228 omni
1376 1177 1556 1229 cantu
1580 1175 1992 1244 quantaecum-

329 1280 448 1337 que
477 1263 644 1318 lineae
673 1262 768 1318 vel
795 1261 990 1334 spatia
1016 1278 1205 1317 unum
1235 1261 1637 1334 eamdemque
1657 1259 1884 1316 habent
1909 1257 1996 1313 lit-

330 1359 519 1409 teram
551 1350 645 1408 vel
675 1351 957 1407 eumdem
979 1351 1264 1423 colorem,
1314 1351 1395 1408 ita
1421 1367 1528 1424 per
1557 1350 1763 1406 omnia
1795 1348 1996 1404 simili-

332 1447 419 1498 ter
449 1444 688 1510 sonant,
720 1447 1013 1513 tanquam
1046 1441 1097 1496 si
1117 1457 1329 1497 omnes
1385 1440 1447 1497 in
1497 1457 1620 1497 una
1665 1440 1824 1496 linea
1849 1438 1995 1494 fuis-

333 1529 482 1594 sent,
514 1525 659 1598 quia
689 1525 840 1581 sicut
883 1525 1042 1582 linea
1093 1526 1384 1583 unitatem
1431 1542 1741 1593 sonorum,
1768 1525 1851 1581 ita
1888 1539 1997 1596 per

333 1615 538 1673 omnia
566 1615 757 1672 littera
810 1616 906 1671 vel
955 1616 1119 1674 color
1162 1619 1452 1674 unitatem
1493 1617 1789 1688 signiﬁcat
1816 1615 1998 1671 linea-

333 1718 492 1772 rum,
516 1717 585 1756 ac
616 1717 724 1774 per
750 1701 866 1757 hoc
893 1705 1073 1758 etiam
1106 1719 1414 1760 sonorum.

405 1791 628 1854 Quodsi
660 1792 998 1848 secundum
1028 1792 1302 1849 ordinem
1328 1809 1616 1849 sonorum
1647 1793 1726 1848 ab
1750 1793 1888 1866 ipsa
1915 1789 2004 1846 lit-

337 1887 464 1939 tera
493 1882 587 1938 vel
613 1880 879 1938 colorota
908 1882 1065 1939 linea
1103 1883 1328 1955 ubique
1381 1883 1683 1956 inspicias,
1744 1886 1800 1939 et
1853 1880 2000 1937 illud

338 1975 541 2045 aperte
573 1987 921 2041 cognosces,
981 1973 1120 2045 quia
1152 1973 1214 2028 in
1267 1973 1552 2030 omnibus
1605 1972 1884 2029 secundis
1913 1987 2004 2028 or-

339 2062 584 2118 dinibus
613 2062 827 2118 eadem
856 2078 1077 2118 vocum
1117 2067 1173 2119 et
1224 2079 1587 2120 neumarum
1640 2069 1732 2120 est
1782 2063 1999 2119 unitas.

345 2151 619 2208 Similiter
639 2151 713 2206 de
747 2153 916 2207 tertio
944 2152 1039 2208 vel
1067 2157 1283 2225 quarto
1313 2153 1522 2210 ordine
1553 2159 1609 2210 et
1636 2154 1880 2226 reliquis
1912 2153 2004 2208 in-

343 2239 560 2309 tellige,
609 2239 732 2296 sive
810 2241 1146 2313 superiores
1208 2242 1328 2298 sive
1401 2243 1710 2300 inferiores
1763 2243 2004 2300 ordines

343 2344 574 2385 cernas.

416 2417 598 2487 Igitur
653 2419 978 2474 certissime
1026 2425 1280 2492 constat,
1310 2421 1455 2494 quia
1505 2438 1716 2478 omnes
1768 2439 2005 2494 neumee

344 2502 440 2558 vel
470 2503 600 2557 soni
628 2503 691 2558 in
716 2503 989 2573 ejusdem
1020 2504 1222 2562 litterae
1246 2487 1348 2562 vel
1367 2507 1582 2563 coloris
1613 2508 1782 2564 lineis
1800 2487 2006 2563 simili-

348 2596 433 2648 ter
479 2591 675 2664 positi,
735 2593 827 2648 vel
883 2593 1245 2650 dissimiliter
1293 2596 1548 2653 litterata
1599 2597 1691 2652 vel
1744 2597 2010 2654 colorata

345 2681 504 2737 linea
531 2681 752 2753 pariter
773 2682 1055 2754 elongati,
1088 2699 1194 2756 per
1223 2685 1428 2741 omnia
1459 2685 1724 2742 similiter
1751 2690 2004 2742 sonant:

345 2766 408 2822 in
439 2765 686 2820 diversis
719 2771 921 2822 autem
951 2767 1122 2824 lineis
1151 2769 1245 2824 vel
1276 2771 1481 2842 spatiis
1533 2771 1714 2826 etiam
1741 2769 2011 2826 similiter

346 2854 518 2910 factae
546 2870 784 2910 neumas
810 2871 1203 2929 nequaquam
1258 2859 1525 2915 similiter
1572 2864 1808 2916 sonant.
1844 2859 2012 2916 Ideo-

346 2959 466 3016 que
493 2943 772 3015 quamvis
799 2944 1060 3016 perfecta
1092 2946 1168 3001 sit
1195 2947 1463 3018 positura
1493 2964 1877 3018 neumarum,
1905 2964 2015 3004 cae-

349 3047 421 3086 ca
451 3031 701 3086 omnino
731 3038 837 3102 est,
866 3034 1083 3090 etnihil
1111 3035 1268 3092 valet
1289 3036 1417 3092 sine
1448 3037 1834 3109 adjunctione
1863 3037 2015 3094 litte-

348 3136 552 3175 rarum
584 3121 679 3175 vel
700 3121 990 3179 colorum.

424 3211 584 3264 Duos
609 3209 770 3265 enim
797 3211 1027 3268 colores
1071 3215 1376 3286 ponimus,
1433 3233 1676 3273 crocum
1717 3218 1936 3274 scilicet
1967 3223 2022 3275 et

349 3299 629 3371 rubeum,
661 3315 769 3372 per
793 3317 947 3372 quos
995 3303 1224 3360 colores
1271 3305 1446 3362 valde
1470 3307 1670 3364 utilem
1723 3307 1825 3364 tibi
1849 3324 2018 3378 regu-

352 3388 477 3444 lam
531 3389 728 3458 trado,
785 3407 893 3464 per
948 3410 1136 3466 quam
1200 3396 1506 3467 aptissime
1563 3413 1890 3468 cognosces
1944 3399 2018 3454 de

352 3479 518 3534 omni
539 3495 764 3535 neuma
795 3486 852 3536 et
883 3498 1249 3556 unaquaque
1272 3501 1438 3553 voce,
1465 3486 1538 3542 de
1560 3487 1725 3560 quali
1753 3493 1893 3544 tono
1924 3489 2016 3558 sit,

352 3571 409 3622 et
433 3567 508 3622 de
537 3567 701 3640 quali
725 3567 916 3626 littera
946 3573 1344 3630 monochordi
1379 3593 1390 3630 :
1427 3575 1473 3629 si
1497 3580 1718 3644 tamen,
1751 3581 1817 3633 ut
1844 3577 2019 3634 valde

352 3661 439 3712 est
467 3661 902 3730 opportunum,
953 3663 1438 3719 monochordum
1491 3672 1548 3722 et
1595 3670 1876 3722 tonorum
1906 3666 2020 3723 for-

352 3747 549 3803 mulas
574 3747 952 3821 infrequenti
975 3751 1203 3808 habeas
1230 3771 1360 3811 usu.

427 3857 665 3927 Septem
712 3871 855 3912 vero
923 3863 1062 3914 sunt
1115 3859 1319 3916 litterae
1393 3865 1813 3936 monochordi,
1872 3866 2025 3922 sicut

353 3942 590 4014 plenius
610 3949 820 4015 postea
845 3947 1217 4004 monstrabo.
1283 3949 1653 4024 Ubicumque
1683 3969 1826 4025 ergo
1866 3955 2024 4011 vide-

353 4030 436 4085 ris
467 4046 733 4101 crocum,
757 4033 890 4105 ipsa
917 4038 1009 4090 est
1037 4034 1228 4092 littera
1260 4038 1428 4095 tertia
1458 4041 1519 4096 C.
1567 4045 1624 4096 et
1653 4041 2024 4111 ubicumque

355 4119 574 4175 videris
605 4121 881 4190 minium,
909 4123 1042 4195 ipsa
1071 4131 1162 4181 est
1209 4126 1400 4184 littera
1425 4134 1592 4184 sexta
1620 4131 1680 4186 Ρ.
1723 4130 1846 4185 sive
1872 4129 1934 4185 in
1963 4129 2026 4184 li-

358 4209 506 4275 neis,
559 4210 682 4266 sive
754 4211 907 4267 inter
967 4212 1157 4270 lineas
1218 4215 1331 4289 ipsi
1413 4217 1712 4274 ducantur
1775 4220 2023 4277 colores.

358 4302 542 4372 Igitur
569 4300 738 4357 tertio
767 4301 978 4359 ordine
1011 4304 1126 4360 sub
1177 4322 1352 4363 croco
1372 4307 1570 4379 prima
1595 4314 1683 4366 est
1737 4310 1928 4368 littera
1957 4319 2023 4369 A.

356 4390 418 4445 in
466 4406 590 4462 qua
642 4396 820 4446 tonus
875 4408 1106 4464 prunus
1159 4395 1259 4467 (et)
1315 4396 1410 4452 vel
1463 4398 1810 4456 secundus:
1847 4417 2030 4474 super

358 4460 516 4536 hanc
537 4481 711 4552 juxta
739 4460 984 4538 crocum
1015 4460 1283 4540 secunda
1328 4485 1519 4542 littera
1569 4489 1629 4543 B.
1671 4488 1731 4544 in
1775 4505 1898 4563 qua
1922 4460 2031 4548 ‘est
2060 4460 2103 4513 Β

359 4572 536 4625 tonus
557 4570 762 4626 tertius
819 4571 913 4626 vel
943 4577 1214 4644 quartus.
1280 4574 1502 4631 Deinde
1559 4576 1620 4632 in
1662 4577 1795 4650 ipso
1852 4595 2028 4636 croco

360 4664 452 4716 est
474 4675 592 4715 vox
622 4658 705 4731 (id
735 4663 842 4732 est)
873 4661 964 4717 vel
999 4661 1192 4719 littera
1211 4665 1382 4720 tertia
1403 4665 1462 4720 C.
1491 4665 1552 4720 in
1582 4683 1705 4738 qua
1730 4673 1822 4724 est
1849 4672 2029 4724 tonus

361 4747 607 4822 quintus
637 4754 694 4805 et
723 4756 943 4807 sextus.
995 4752 1194 4808 Vicina
1249 4770 1430 4826 super
1480 4772 1725 4812 crocum
1774 4763 1831 4814 et
1859 4758 2030 4815 tertia

363 4839 477 4894 sub
510 4839 717 4909 minio,
750 4845 838 4895 est
883 4840 1076 4898 littera
1117 4849 1328 4915 quarta
1387 4847 1452 4899 D.
1475 4845 1536 4900 in
1566 4861 1690 4918 qua
1718 4851 1805 4902 est
1852 4853 2030 4903 tonus

363 4927 596 5000 primus
626 4927 719 4984 vel
749 4929 1074 4985 secundus.
1127 4931 1410 4988 Proxima
1459 4937 1550 4988 est
1582 4933 1787 4991 mimio
1816 4935 2030 5008 quinta

366 5019 426 5072 E.
457 5017 518 5072 in
547 5034 671 5090 qua
712 5023 890 5074 tonus
931 5021 1135 5075 tertius
1191 5021 1282 5076 vel
1336 5027 1604 5093 quartus.
1644 5027 1706 5077 In
1754 5025 1890 5097 ipso
1941 5031 2034 5082 est

367 5106 554 5162 minio
593 5107 783 5165 littera
807 5115 977 5166 sexta
1030 5113 1086 5166 F.
1131 5110 1190 5166 in
1244 5127 1369 5183 qua
1416 5117 1593 5167 tonus
1634 5113 1880 5186 quintus
1938 5116 2033 5172 vel

368 5198 593 5251 sextus.
620 5199 793 5254 Juxta
825 5215 1006 5270 super
1043 5199 1298 5254 minium
1330 5201 1585 5274 septima
1613 5207 1701 5257 est
1726 5206 1788 5260 G.
1822 5204 1883 5259 in
1911 5221 2035 5277 qua

369 5291 547 5342 tonus
600 5290 890 5361 septimus
933 5290 1030 5345 vel
1072 5294 1340 5346 octavus.
1398 5290 1620 5346 Deinde
1643 5293 1841 5365 prima
1870 5310 2035 5367 repe-

371 5379 512 5434 titur
541 5395 596 5434 a.
624 5379 795 5434 tertio
823 5378 1029 5434 ordine
1061 5395 1241 5452 super
1266 5379 1520 5436 minium
1551 5387 1608 5436 et
1633 5382 1800 5439 tertio
1831 5384 2036 5440 subter

372 5482 639 5533 crocum,
667 5466 726 5520 in
755 5481 879 5537 qua
907 5471 1085 5522 tonus
1126 5468 1357 5540 primus
1413 5472 1515 5541 (et)
1571 5470 1663 5527 vel
1710 5471 2032 5541 secundus,

374 5559 439 5610 ut
468 5555 696 5609 dictum
719 5557 829 5607 est.
856 5555 990 5606 Post
1047 5571 1234 5626 quam
1258 5573 1472 5613 omnes
1504 5557 1635 5615 aliae
1683 5558 2038 5615 reiterantur

375 5639 679 5714 prioribus
709 5639 772 5694 in
800 5638 967 5694 nullo
997 5640 1337 5700 dissimiles.
1371 5648 1513 5710 Quae
1552 5647 1759 5705 omnia
1801 5647 2038 5721 plenius

376 5730 506 5787 haec
532 5733 586 5786 te
608 5727 807 5802 ﬁgura
832 5727 1089 5786 docebit.

1706 265 2041 324 GUIDONIS
2077 265 2358 324 AREan

319 416 463 459 vero
491 401 644 458 inter
662 398 852 456 lineas
874 399 937 455 in
994 397 1197 455 medio
1244 396 1556 456 intervallo
1602 401 1660 454 et
1687 393 1880 468 spatio
1907 391 1978 449 li-
2016 396 2066 452 Δ

3642 250 3751 306 416

2683 379 3185 507 rlgln.

2669 538 2811 650 V.|
2907 538 2945 650 ἓ
3036 538 3193 650 IVI.

2649 673 2740 726 ΙΙΙ.
2801 663 2812 795 Ι
2900 665 2961 795 Ε
3036 663 3050 795 1
3109 663 3194 717 IV.

2688 786 3189 852 I.Ia'|11-

2653 881 2816 1011 VII.l
2907 881 2948 1011 ἓ
3040 881 3233 1011 lvi."-

2674 995 3201 1080 νοιῖινι.

2659 1085 2816 1168 “LI
2913 1127 2945 1168 θ
3044 1085 3206 1168 ΙΙΙΠ.

2691 1198 2732 1249 I.
2806 1175 2817 1257 |
2900 1201 2964 1257 d.
3046 1175 3058 1257 I
3132 1175 3194 1226 "-

2682 1261 2818 1346 v.|
2910 1306 2963 1346 c.
3047 1261 3209 1346 Ινίο

2658 1374 2748 1427 ιιι·
2808 1351 2820 1456 |
2917 1363 2975 1456 bl
3049 1351 3214 1456 |".‘."

2693 1439 2822 1522 LI
2918 1439 2975 1522 ἓ
3051 1439 3064 1522 l
3136 1439 3201 1491 "-

2658 1525 2824 1612 VILI
2917 1556 2959 1612 ρ
3052 1525 3241 1612 ινιιι.

2683 1615 3226 1699 ν.ΙιτΙν¹ο

2661 1705 2827 1787 In.|
2922 1734 2963 1787 E
3055 1705 3221 1787 Ι¹¹¹¹ο

2702 1792 3210 1874 ι.Ι[)Ι¹¹·

2691 1881 2829 1963 v.|
2929 1881 3225 1963 (ςΙνίο

2664 1998 2755 2052 IlI.
2817 1970 2828 2052 Ι
2927 1997 2967 2050 Β
3058 1970 3223 2052 I11“-

2701 2058 3212 2141 I.|A|“-

2666 2175 2779 2229 vn.
2817 2146 2828 2229 Ι
2930 2177 2967 2224 r
3063 2146 3077 2229 Ι
3110 2146 3250 2201 V1“-

2189 2260 2486 2350 Quamvis.
2505 2283 2708 2336 autem
2737 2258 2861 2334 duo
2881 2258 3120 2346 semper
3145 2266 3269 2325 toni
3296 2265 3358 2321 in
3390 2277 3515 2319 una
3543 2260 3663 2316 sint
3687 2258 3788 2350 lit-

2116 2349 2242 2433 tera
2274 2370 2369 2427 vel
2395 2385 2566 2436 voce,
2598 2371 2803 2424 tamen
2832 2364 3023 2421 multo
3052 2358 3266 2417 melius
3313 2359 3371 2411 et
3417 2349 3791 2424 frequentius

2115 2460 2480 2521 conveniunt
2501 2457 2754 2528 singulis
2774 2453 3012 2511 neumis
3042 2467 3112 2507 ac
3170 2440 3333 2502 sonis
3377 2440 3651 2528 formulae
3701 2455 3793 2528 se-

2116 2546 2299 2605 cundi
2326 2543 2470 2612 toni,
2497 2523 2716 2614 quarti,
2760 2538 2909 2596 sexti
2952 2541 3011 2592 et
3045 2531 3263 2591 octavi.
3319 2533 3469 2585 Nam
3514 2523 3790 2614 formulae

2116 2635 2316 2711 primi,
2351 2613 2722 2703 tertii,quinti
2751 2633 2808 2684 et
2837 2624 3075 2700 septimi
3096 2638 3220 2679 non
3250 2617 3640 2685 conveniunt,
3672 2613 3793 2670 nisi

2119 2705 2260 2783 cum
2282 2726 2493 2779 cantus
2520 2720 2599 2776 ab
2621 2719 2742 2775 alto
2775 2715 3147 2774 descendens
3179 2711 3242 2766 in
3263 2723 3508 2780 gravem
3539 2705 3797 2762 devene-

2121 2816 2194 2872 rit
2223 2814 2429 2870 ﬁnem.

2193 2902 2345 2960 Illud
2374 2899 2619 2956 tandem
2648 2909 2968 2969 cognosce,
3001 2890 3169 2966 quod
3196 2891 3246 2946 si
3274 2888 3365 2945 vis
3420 2886 3480 2943 in
3509 2884 3602 2942 his
3636 2882 3796 2940 notis

2123 2991 2436 3067 proﬁcere,
2468 3003 2711 3045 necesse
2741 2990 2832 3042 est
2857 2989 2923 3040 ut
2945 2983 3288 3056 aliquantos
3310 2981 3522 3034 cantus
3551 2974 3635 3030 ita
3663 2989 3794 3029 me-

2048 3101 2090 3158 ρ
2125 3060 2372 3138 Ξηοτὶῐεῐ-
2396 3077 2618 3146 discas,
2659 3080 2726 3131 ut
2749 3090 2856 3148 per
2886 3070 3153 3142 singulas
3179 3083 3434 3126 neumas
3457 3063 3675 3120 modos
3703 3060 3798 3118 vel

2129 3185 2311 3227 sonos
2343 3182 2578 3233 omnes,
2606 3165 2732 3238 qui,
2765 3163 2858 3219 vel
2883 3161 3096 3235 quales
3126 3159 3262 3226 sint,
3302 3153 3644 3213 memoriter
3663 3167 3796 3207 sen-

2129 3255 2440 3323 tias.Quod
2453 3254 2703 3328 quidem
2715 3253 2893 3321 longe
2909 3249 3075 3306 aliud
3087 3253 3175 3304 est
3198 3244 3544 3303 memoriter
3562 3255 3794 3314 sapere,

2127 3363 2316 3422 quam
2345 3343 2690 3402 memoriter
2711 3357 2945 3406 canere,
2968 3355 3108 3395 cum
3119 3336 3264 3394 illud
3283 3335 3393 3392 soli
3415 3333 3680 3390 habeant
3699 3346 3800 3386 sa-

2128 3421 2381 3512 pientes,
2412 3434 2528 3490 hoc
2554 3432 2646 3489 vel
2677 3447 2836 3505 saepe
2864 3429 3086 3486 faciant
3105 3425 3534 3500 imprudentes.
3565 3424 3634 3478 Et
3658 3421 3799 3476 sim-

2128 3526 2386 3600 plicibus
2415 3523 2663 3597 quidem
2691 3521 2770 3577 ad
2799 3517 3255 3590 cognoscendas
3294 3512 3638 3587 simpliciter
3658 3526 3804 3566 neu-

2129 3632 2262 3672 mas
2293 3615 2406 3671 ista
2456 3611 2774 3668 sufﬁciant.
2833 3606 3152 3675 Quomodo
3211 3608 3413 3662 autem
3464 3601 3805 3674 liquescant

2129 3707 2394 3772 voces,et
2413 3718 2490 3758 an
2513 3701 2888 3758 adhaerenter
2915 3695 3008 3753 vel
3033 3695 3286 3751 discrete
3319 3695 3550 3749 sonent.
3581 3691 3800 3756 Quaeve

2133 3795 2252 3850 sint
2275 3808 2529 3849 morosae
2553 3795 2611 3846 et
2630 3787 2919 3859 tremulae,
2935 3792 2991 3843 et
3022 3781 3471 3850 subitanete,vel
3489 3779 3806 3854 quomodo

2132 3884 2431 3942 cantilena
2461 3877 2947 3938 distinctionibus
2976 3875 3303 3944 dividatur,
3357 3877 3416 3930 et
3438 3888 3516 3928 an
3545 3887 3666 3926 vox
3719 3886 3782 3926 se

2132 3989 2326 4048 quens
2355 3971 2435 4028 ad
2489 3952 2934 4045 praecedentem
2985 3964 3243 4038 gravior,
3273 3962 3368 4020 vel
3413 3961 3662 4028 acutior,
3713 3958 3808 4016 vel

2134 4063 2447 4137 aequisona
2477 4061 2550 4117 sit
2577 4058 2735 4116 facili
2791 4055 3091 4129 colloquio
3139 4053 3202 4110 in
3255 4053 3388 4126 ipsa
3440 4065 3807 4107 neumarum

2133 4154 2330 4223 figura
2350 4152 2738 4216 monstratur,
2771 4147 2840 4215 si,
2868 4149 2934 4202 ut
2959 4144 3203 4209 debent,
3229 4159 3303 4200 ex
3321 4140 3616 4198 industria
3636 4155 3808 4195 com-

2133 4246 2458 4316 ponantur.

2787 4306 3150 4362 EPILOGUS.

2174 4405 2258 4459 De
2284 4400 2597 4457 modorum
2625 4397 2911 4468 famulis
2937 4400 2992 4452 et
3026 4399 3314 4451 cantuum
3352 4391 3771 4464 qualitatibus.

2206 4495 2434 4548 Vocum
2463 4487 2709 4557 modus,
2741 4489 3010 4542 veterum
3039 4483 3233 4541 editus
3261 4481 3812 4552 voto,disgregatus

2136 4597 2174 4638 a
2193 4596 2337 4636 vero
2367 4583 2424 4635 et
2448 4581 2608 4634 recto
2639 4573 2934 4632 cantionis
2957 4577 3258 4644 genere,et
3285 4571 3345 4626 in
3376 4569 3813 4626 chromaticam

2138 4670 2450 4728 mollitiem
2481 4668 2777 4725 deductus
2807 4665 2887 4722 ob
2929 4664 3176 4720 rationis
3205 4661 3521 4736 penuriam
3547 4675 3697 4715 num
3730 4660 3812 4715 ad

2135 4760 2400 4835 priorem
2433 4761 2657 4814 statum
2705 4754 2934 4823 labore,
2992 4751 3153 4808 haud
3189 4749 3347 4807 facili
3391 4749 3673 4805 reductus
3699 4752 3810 4803 est.

2139 4848 2368 4905 Etenim
2390 4846 2535 4919 quia
2563 4844 2709 4918 (qui)
2745 4843 2824 4899 ab
2855 4841 3204 4899 auctoribus
3225 4844 3314 4896 est
3355 4839 3571 4904 editus,
3605 4837 3815 4894 mode-

2137 4935 2386 4993 raminis
2404 4934 2779 5005 iamjamque
2809 4929 3100 5001 gravitate
3117 4928 3380 4985 carebat.
3406 4931 3520 4982 Nec
3550 4925 3812 4994 mirum;

2140 5043 2281 5083 cum
2309 5025 2470 5083 enim
2499 5023 2814 5080 existerent
2843 5019 3116 5093 quidam,
3135 5018 3238 5091 qui
3258 5017 3428 5074 illum
3455 5015 3693 5072 aurium
3715 5031 3814 5071 ar-

2139 5115 2315 5172 bitrio
2351 5111 2780 5180 commiserint,
2832 5108 3084 5182 quidam
3134 5123 3276 5164 vero
3302 5104 3516 5180 potiori
3566 5109 3817 5174 agentes

2141 5204 2392 5261 consilio
2421 5201 2754 5260 rationibus
2788 5197 3182 5269 adsignarint,
3216 5197 3472 5268 utrique,
3504 5199 3685 5268 prout
3705 5211 3816 5250 vo-

2140 5295 2341 5351 luntas
2399 5292 2552 5361 tulit,
2612 5289 2835 5346 diversi
2881 5289 3122 5358 diversa
3165 5287 3550 5360 scripserunt.
3608 5289 3818 5357 Itaque

2141 5387 2322 5456 prout
2348 5396 2698 5454 possumus,
2729 5378 2978 5434 rationis
3033 5376 3437 5450 speculatores
3469 5378 3815 5448 sequentes,

2143 5471 2401 5529 breviter
2428 5474 2488 5526 et
2506 5467 2755 5525 strictim
2779 5481 3244 5540 prosequamur.

2803 5557 3162 5613 CAPITULA.

2149 5656 2199 5707 I.
2226 5653 2305 5706 De
2333 5647 2597 5704 motione
2628 5650 2688 5703 et
2712 5645 2873 5703 vocis
2898 5644 3196 5714 acumine,
3221 5660 3328 5703 seu
3353 5643 3667 5716 gravitate.

2149 5745 2205 5799 '2.
2236 5741 2318 5799 De
2337 5735 2667 5809 integritate
2686 5737 2745 5795 et
2767 5732 3184 5798 diminutione.
