3958 6458
724 37 3807 107 -ο-Μςτ-ητπππλκ
3816 70 3845 87 ᾗ

270 373 373 427 417

1476 360 1772 421 REGULE
1810 356 1901 413 DE
1939 351 2200 411 IGNOTO
2239 354 2491 411 CANTU.

3588 356 3695 411 418

275 498 327 550 3.
357 496 438 549 De
466 490 879 559 consonantia,
915 505 1020 547 seu
1048 489 1251 545 minus
1273 486 1691 545 convenientia
1714 498 1934 540 vocum
1966 483 2013 534 A
2041 478 2220 534 mulis
2250 477 2545 534 similibus
2590 477 2921 547 elevantur,
2980 494 3051 535 ac
3103 493 3228 534 una
3279 477 3697 551 deponuntur:

344 581 717 639 earumdem.

271 675 324 727 4.
357 672 437 727 De
470 669 860 727 afﬁnitatibus
890 669 1262 726 diversarum
1293 684 1534 724 vocum.
1571 670 1649 722 De
1690 662 1934 739 proprio

344 758 440 815 vel
467 758 759 825 adiectivo
792 757 1084 814 accidenti
1114 756 1456 829 unicuique.

274 850 354 903 De
376 847 701 903 modorum
726 852 986 919 quatuor
1014 846 1351 917 generibus,
1380 860 1711 916 eorumque
1750 839 1933 915 parti-

344 938 505 993 tione
532 954 671 992 cum
698 936 1111 992 differentibus
1142 934 1645 991 distinctionibus.

273 1029 354 1082 De
381 1025 653 1081 formulis
681 1024 1174 1094 differentiarum,
1206 1028 1264 1080 et
1306 1040 1515 1080 earum
1558 1019 1935 1097 proprietati-

388 1132 479 1170 llS.
1888 1155 1891 1158 ‹

388 1132 479 1170 us.
1888 1155 1891 1158 .

342 1114 384 1258 ἲ
419 1205 543 1259 Vox
569 1206 657 1259 est
681 1218 784 1258 aer
810 1202 963 1258 ictus
1011 1201 1221 1258 auditu
1270 1200 1584 1267 sensibilis,
1638 1202 1937 1272 quantum

272 1292 335 1347 in
355 1291 488 1365 ipso
518 1296 624 1347 est.
670 1292 877 1348 Omnis
928 1296 1130 1347 autem
1169 1307 1285 1347 vox
1334 1295 1439 1347 aut
1486 1294 1575 1346 est
1628 1288 1933 1354 continua,

273 1386 377 1438 aut
404 1381 617 1437 divisa.
652 1380 946 1438 Continua
977 1384 1083 1449 est,
1114 1379 1217 1435 ubi
1247 1379 1329 1435 sic
1362 1396 1426 1435 se
1491 1394 1711 1434 vocum
1742 1375 1936 1449 sequi-

272 1477 367 1528 tur
398 1466 570 1541 ordo,
596 1475 659 1526 ut
709 1470 888 1525 unius
936 1470 1094 1539 ﬁnis,
1155 1468 1515 1541 alteriusque
1571 1466 1935 1540 principium

270 1558 529 1615 discerni
554 1558 723 1615 facile
750 1574 874 1614 non
898 1558 1088 1633 possit
1120 1577 1132 1626 ;
1157 1557 1310 1613 sicut
1335 1557 1402 1612 ﬁt
1431 1573 1571 1612 cum
1595 1556 1657 1611 in
1714 1554 1933 1611 caalesti

271 1665 417 1705 arcu
457 1649 727 1706 colorum
766 1648 1151 1705 habitudines
1210 1652 1570 1721 spectamus.
1629 1645 1719 1702 Sic
1773 1644 1933 1701 enim

269 1739 496 1795 rubens
519 1739 796 1806 cernitur,
820 1742 887 1793 ut
944 1742 1143 1793 tamen
1199 1738 1329 1808 ejus
1374 1736 1607 1792 initium
1664 1734 1756 1790 vel
1797 1733 1934 1788 ﬁnis

2042 568 2203 623 unde
2228 572 2287 624 et
2312 573 2565 641 utraque
2590 573 2763 641 proto
2795 568 3239 624 adscribuntur.
3262 567 3452 625 Tertia
3480 582 3623 623 vero
3648 571 3705 623 et

2045 657 2300 729 septima
2320 662 2518 714 ternas
2550 658 2911 715 elevationes
2942 674 3011 715 ac
3067 658 3247 713 binas
3298 656 3704 730 depositiones

2041 748 2288 816 habent,
2322 748 2662 823 similesque
2694 748 2921 805 deuteri
2951 748 3117 804 modi
3139 752 3392 805 exstant.
3425 751 3574 804 Nam
3618 763 3704 802 er-

2043 853 2119 907 go
2140 842 2356 910 quarta
2385 856 2524 895 cum
2572 844 2787 896 octava
2837 840 3037 895 minus
3085 839 3148 894 in
3195 855 3319 895 una
3376 837 3706 894 elevatione

2045 928 2427 985 conveniunt.
2462 930 2945 1003 Notandumque,
2997 930 3142 1002 quia
3187 929 3366 984 unius
3423 928 3519 984 hi8
3576 942 3705 983 esse

2043 1017 2319 1075 dicantur
2348 1020 2535 1090 modi,
2559 1036 2694 1093 quis
2727 1020 3055 1076 elevatione
3085 1019 3282 1091 magis
3314 1018 3701 1076 conveniunt.

2048 1110 2189 1173 Quae
2218 1111 2495 1181 quamvis
2524 1111 2703 1166 unius
2734 1127 2862 1167 esse
2888 1106 3165 1167 dicantur
3192 1110 3379 1179 modi,
3413 1109 3704 1166 habentes

2049 1197 2274 1254 similes
2333 1199 2693 1256 elevationes
2741 1205 2799 1256 et
2848 1199 3279 1272 depositiones,
3362 1198 3705 1254 nullatenus

2044 1291 2249 1344 tamen
2274 1288 2478 1362 aliqua
2508 1305 2581 1344 ex
2610 1290 2703 1344 his
2730 1306 2870 1345 cum
2904 1290 3107 1363 aliqua
3163 1289 3275 1345 sibi
3330 1287 3704 1362 depositione

2045 1378 2434 1434 concordanti
2462 1378 2792 1435 elevatione
2823 1378 3169 1448 concordat,
3195 1384 3299 1435 aut
3327 1374 3707 1435 convenienti

2044 1468 2106 1523 in
2133 1468 2457 1525 elevatione
2478 1469 2836 1543 depositioni
2855 1470 3201 1526 concordat.

2117 1558 2201 1612 IV.
2240 1561 2624 1631 Unaquaeque
2657 1576 2792 1614 vero
2820 1576 3041 1615 vocum
3071 1559 3253 1615 habet
3282 1558 3509 1631 aliquid
3564 1573 3703 1629 pro-

2045 1648 2268 1719 prium,
2300 1649 2447 1703 dum
2479 1666 2689 1705 earum
2716 1649 2978 1705 afﬁnitas
2998 1666 3123 1704 non
3148 1665 3221 1705 ex
3245 1653 3367 1705 toto
3424 1647 3703 1704 acumine

2043 1736 2137 1791 vel
2159 1738 2443 1805 gravitate
2476 1738 2863 1808 concordant,
2897 1745 2953 1794 et
2982 1738 3184 1811 aliqua
3207 1754 3446 1810 semper
3498 1735 3703 1791 simili-

270 1830 697 1903 comprehendi
730 1845 852 1885 non
873 1829 1087 1885 valeat.
1121 1829 1211 1886 Sic
1242 1834 1333 1885 est
1359 1828 1420 1882 in
1443 1826 1707 1899 reliquis.
1738 1824 1936 1881 Divisa
1971 1838 2011 1891 Β
2044 1827 2249 1882 tudine
2282 1844 2420 1882 cum
2446 1829 2742 1884 extraneis
2796 1828 3224 1898 admiscentur,
3279 1827 3340 1884 id
3400 1832 3506 1894 est,
3565 1841 3703 1880 cum

270 1935 432 1987 vero,
465 1936 600 1992 quae
629 1918 975 1988 singillatim
1009 1917 1323 1989 profertur.
1351 1915 1521 1973 Nulla
1545 1931 1688 1970 vero
1703 1930 1814 1969 vox
1844 1913 1931 1981 ﬁt,

269 2009 384 2064 nisi
404 2014 605 2064 motus
633 2008 953 2080 praecedat.
1002 2007 1377 2063 Praecedente
1408 2010 1609 2061 autem
1640 2008 1828 2069 motu,
1885 2001 1933 2056 si

271 2098 447 2154 fuerit
468 2098 663 2168 velox,
689 2097 1004 2171 spissiores
1034 2102 1090 2152 et
1132 2096 1426 2152 acutiores
1480 2093 1676 2150 reddit
1728 2108 1930 2163 voces,

270 2188 321 2243 si
352 2192 553 2244 autem
584 2203 776 2254 rarus,
810 2202 1021 2256 graves
1052 2191 1109 2243 et
1140 2185 1486 2257 grossiores.

341 2278 563 2335 Musica
588 2294 706 2334 vox
739 2276 806 2333 ﬁt
834 2277 1118 2342 motione,
1148 2276 1335 2332 motio
1379 2279 1580 2332 autem
1633 2273 1818 2330 habet
1870 2272 1934 2329 in

266 2383 331 2423 se
359 2371 647 2424 tenorem.
679 2366 852 2430 Quod
900 2365 1297 2438 quantitatem
1342 2365 1622 2422 motionis
1657 2361 1932 2435 exsequi-

267 2461 364 2513 tur
389 2475 401 2526 ;
435 2456 517 2512 ita
546 2460 612 2512 ut
636 2455 685 2511 si
716 2460 915 2511 motus
945 2454 1118 2511 fuerit
1140 2455 1365 2523 brevis,
1424 2470 1757 2528 perparvus
1807 2452 1928 2508 exi-

269 2551 385 2603 stat
404 2551 462 2602 et
489 2551 693 2602 tenor:
731 2545 781 2601 si
808 2545 1025 2613 maior,
1059 2545 1417 2617 amphoram
1462 2544 1709 2601 habebit
1763 2549 1928 2599 teno-

263 2653 412 2693 rem.
447 2636 701 2692 Musicus
723 2640 922 2691 autem
948 2639 1148 2691 motus
1176 2634 1242 2689 ﬁt
1268 2651 1370 2691 sex
1397 2633 1782 2691 solummodo
1804 2649 1931 2688 mo-

264 2726 378 2793 dis,
406 2724 467 2780 id
494 2729 599 2791 est,
634 2730 795 2793 tono,
827 2724 1164 2791 semitonio,
1195 2724 1574 2793 semiditono,
1612 2723 1708 2779 vel
1755 2723 1931 2779 tribe-

264 2812 537 2882 mitonio,
566 2812 795 2877 ditono,
822 2812 1201 2869 diatessaron
1245 2816 1301 2869 et
1358 2812 1656 2885 diapente.
1710 2811 1925 2867 Intueri

267 2917 410 2972 ergo
457 2901 618 2969 libet,
678 2906 743 2958 ut
798 2902 1134 2957 secundum
1185 2902 1351 2974 quod
1402 2902 1649 2957 creverit
1703 2905 1924 2970 motus,

264 2995 491 3047 crescat
521 2996 577 3047 et
598 2996 771 3047 tenor
804 3009 817 3058 ;
874 2991 1041 3047 verbi
1078 2992 1269 3061 gratia
1301 3008 1313 3045 :
1374 2991 1620 3047 Ditonus
1672 2990 1926 3063 duplum

262 3085 496 3148 tonum,
526 3084 845 3153 propterea
869 3084 927 3136 et
951 3080 1208 3153 duplum
1232 3079 1479 3136 habebit
1508 3084 1794 3135 tenorem.
1828 3082 1926 3135 Te-

2044 1917 2151 1983 eis,
2193 1917 2299 1991 qui
2320 1918 2560 1974 alterius
2588 1919 2755 1975 modi
2786 1925 2943 1985 sunt,
2978 1923 3180 1991 utpote
3233 1919 3298 1972 D.
3342 1922 3399 1973 et
3453 1922 3518 1972 A.
3566 1931 3703 1988 qua:

2045 2006 2255 2064 afﬁnes
2287 2015 2448 2079 sunt,
2480 2010 2541 2065 id
2570 2015 2675 2076 est,
2722 2011 2901 2065 unius
2956 2008 3120 2065 modi
3170 2025 3291 2064 non
3351 2013 3490 2064 sunt
3529 2012 3703 2081 proto

2045 2103 2169 2154 tum
2214 2099 2457 2169 similes,
2489 2100 2592 2155 sed
2620 2099 2964 2169 singillatim
2995 2099 3271 2172 proprias
3287 2098 3542 2154 retinent
3556 2113 3701 2170 qua-

2042 2188 2255 2257 litates,
2284 2189 2432 2245 dum
2464 2193 2527 2245 Ι).
2561 2189 2882 2261 deponitur
2906 2194 3071 2261 tono,
3100 2189 3437 2255 semitonio,
3488 2193 3545 2244 et
3601 2188 3703 2245 ite-

2042 2295 2179 2334 rum
2209 2278 2473 2335 elevatur
2502 2283 2667 2351 tono,
2697 2279 3010 2335 semitonio
3040 2279 3277 2345 tritono,
3310 2284 3367 2334 et
3418 2277 3705 2333 simidito-

2043 2382 2124 2421 no
2154 2384 2348 2440 usque
2374 2368 2453 2424 ad
2497 2367 2659 2424 aliud
2685 2368 2744 2423 d.
2806 2372 3070 2424 acutum.
3106 2372 3370 2440 Itemque
3400 2371 3466 2422 A.
3495 2365 3701 2422 ditono

2041 2455 2361 2528 deponitur
2387 2462 2444 2513 et
2472 2457 2849 2526 semiditono,
2900 2456 3164 2513 elevatur
3207 2460 3408 2512 autem
3459 2472 3566 2529 per
3611 2459 3701 2511 to-

2039 2560 2210 2610 num,
2239 2547 2622 2603 semitonium
2648 2552 2702 2602 et
2733 2545 3007 2602 ditonum
3050 2563 3245 2618 usque
3289 2545 3368 2602 ad
3425 2545 3589 2601 aliud
3643 2561 3696 2601 a.

2040 2639 2304 2690 acutum.
2342 2635 2455 2691 Sed
2486 2636 2628 2691 satis
2656 2651 2818 2691 nunc
2849 2640 3153 2691 ostensam
3171 2651 3299 2691 esse
3328 2634 3698 2690 dissimilitu-

2038 2724 2241 2780 dinem
2271 2725 2423 2780 inter
2454 2724 2667 2781 afﬁnes
2700 2741 2874 2781 voces
2904 2724 3177 2781 arbitror.

2110 2818 2275 2870 Nunc
2306 2819 2364 2870 et
2389 2814 2673 2869 similium
2704 2830 2923 2870 vocum
2978 2813 3305 2871 edisseram
3356 2813 3695 2869 similitudi-

2036 2918 2177 2959 nem
2208 2921 2220 2958 :
2254 2904 2401 2959 dum
2432 2904 2594 2959 enim
2626 2906 2691 2959 Ι).
2725 2903 2798 2959 sit
2860 2909 3088 2976 protus,
3144 2908 3201 2959 et
3254 2906 3315 2959 G.
3375 2904 3692 2971 tetrardus,

2036 2997 2291 3065 utraque
2322 2998 2522 3049 tamen
2556 2991 2872 3048 semitonio
2930 2997 2987 3048 et
3031 2992 3237 3049 ditono
3287 2980 3695 3065 deponuntur,

2040 3086 2096 3137 et
2120 3098 2191 3138 ea
2220 3084 2605 3155 symphonia,
2626 3099 2763 3155 quae
2798 3085 2861 3138 D.
2898 3082 3251 3151 continetur,
3279 3082 3327 3137 si
3358 3082 3432 3137 sit
3460 3082 3694 3154 deposi-

260 3186 375 3225 nor
401 3173 602 3225 autem
634 3174 722 3225 est
748 3186 921 3225 mora
952 3169 1424 3241 uniuscujusque
1446 3168 1626 3241 vocis,
1650 3184 1833 3241 quem
1862 3172 1927 3224 ut
1959 3190 1998 3245 C
2038 3172 2173 3238 tiva,
2210 3176 2334 3228 tum
2366 3173 2549 3228 modo
2570 3176 2626 3228 et
2652 3175 2714 3228 G.
2749 3172 2881 3228 cani
2912 3177 3142 3245 potest;
3201 3172 3365 3245 quod
3421 3169 3697 3243 exemplo

260 3262 500 3331 tempus
532 3258 907 3328 grammatici
936 3258 999 3314 in
1031 3258 1282 3331 syllabis
1304 3258 1592 3315 brevibus
1616 3262 1673 3314 et
1698 3257 1926 3327 longio-

266 3347 436 3403 ribus
463 3348 934 3421 superscribunt.

339 3441 401 3492 II.
430 3440 512 3492 Ex
534 3437 892 3509 supradictis
951 3442 1154 3493 autem
1204 3437 1469 3494 motibus
1529 3435 1628 3492 alii
1667 3435 1928 3491 existunt

260 3526 498 3597 integri,
530 3526 590 3583 id
615 3532 721 3597 est,
754 3527 858 3600 qui
888 3527 1373 3583 monochordum
1402 3525 1750 3596 regulariter
1790 3540 1925 3597 par-

259 3614 506 3683 tiuntur,
532 3620 597 3671 ut
636 3621 832 3683 tonus,
865 3620 923 3672 et
949 3615 1163 3688 reliqui
1195 3635 1207 3671 :
1242 3615 1341 3671 alii
1384 3621 1586 3671 autem
1639 3613 1716 3669 ab
1772 3614 1923 3668 inte-

259 3705 471 3775 gritate
500 3706 804 3776 deﬁciunt,
831 3708 934 3780 qui
964 3706 1448 3763 monochordum
1474 3705 1662 3777 aequis
1691 3704 1921 3777 ponde-

258 3794 426 3849 ribus
456 3796 642 3851 dividi
672 3803 999 3870 nequeunt,
1032 3802 1093 3853 ut
1120 3795 1532 3851 semiditonus.
1566 3797 1763 3849 Tonus
1780 3809 1922 3863 ergo

258 3884 491 3954 integra
517 3885 816 3942 dimensio
847 3891 957 3955 est,
987 3886 1130 3960 quia
1154 3901 1260 3958 per
1279 3884 1756 3956 sesquioctavam
1785 3899 1922 3955 pro-

255 3973 595 4045 portionem
626 3975 918 4045 regularis
950 3973 1347 4030 monochordi
1371 3972 1707 4046 partionem
1762 3988 1923 4027 asse-

256 4062 460 4135 quitur
494 4083 506 4132 ;
536 4064 909 4121 diatessaron
939 4082 1078 4122 vero
1101 4081 1206 4138 per
1251 4061 1689 4136 sesquitertiam
1724 4080 1737 4130 ;
1791 4062 1920 4117 dia-

254 4156 433 4225 pente
466 4158 668 4209 autem
694 4171 802 4227 per
832 4154 1308 4228 sesquialteram.
1340 4155 1715 4224 Quapropter
1740 4156 1917 4207 tonus

255 4242 455 4298 omnis
486 4243 551 4298 ﬁt
576 4244 827 4299 novenis
856 4244 1159 4317 passibus,
1188 4244 1559 4300 diatessaron
1589 4241 1916 4315 quaternis,

253 4330 535 4403 diapente
565 4348 709 4389 vero
742 4333 941 4389 ternis.
980 4333 1281 4406 Diapason
1311 4337 1514 4389 autem
1571 4331 1796 4403 ubique
1852 4331 1921 4386 ﬁt

254 4420 497 4477 duobus
527 4422 831 4494 passibus,
860 4440 1000 4479 cum
1023 4430 1078 4480 et
1108 4422 1372 4480 vicissim
1423 4422 1532 4478 sibi
1595 4422 1657 4477 in
1708 4437 1918 4478 conso-

251 4511 597 4568 nantiarum
620 4512 889 4586 partibus
916 4513 1263 4570 succedunt.

329 4604 419 4656 III.
449 4600 654 4658 Omnis
685 4606 886 4657 autem
913 4602 1210 4658 cantilena
1240 4606 1469 4675 septem
1520 4599 1915 4657 dissimilibus

250 4689 506 4745 vocibus
532 4690 855 4761 perﬁcitur,
896 4707 970 4746 ex
1008 4691 1229 4763 quibus
1259 4691 1389 4746 aliae
1420 4696 1559 4746 sunt
1610 4706 1912 4761 consonae,

252 4777 385 4835 aliae
412 4793 557 4833 vero
595 4777 876 4833 dissonas.
932 4779 1128 4833 Prima
1174 4779 1374 4851 itaque
1424 4784 1481 4835 et
1532 4784 1749 4852 quarta
1801 4795 1915 4835 vox

251 4872 455 4924 ternas
485 4867 544 4923 in
581 4867 974 4940 depositione,
1011 4884 1079 4924 ac
1108 4867 1283 4923 binas
1334 4868 1396 4923 in
1456 4868 1782 4925 elevatione
1843 4869 1917 4925 si-

252 4956 536 5014 millimas
563 4956 792 5013 habent
818 4957 1127 5014 formulas.
1160 4959 1235 5012 At
1277 4956 1544 5013 secunda
1599 4962 1656 5014 et
1704 4959 1917 5031 quinta

252 5051 514 5120 quatuor
542 5047 606 5103 in
662 5047 1057 5121 depositione,
1106 5051 1161 5103 et
1208 5060 1397 5101 unam
1442 5046 1506 5101 in
1561 5047 1911 5104 elevatione.

252 5138 433 5193 Porro
462 5136 631 5193 tertia
661 5140 719 5192 et
767 5140 935 5192 sexta
978 5140 1239 5209 quatuor
1279 5134 1357 5191 ab
1413 5134 1792 5191 inferioribus
1841 5136 1915 5191 si-

251 5224 424 5281 miles
452 5225 679 5282 habent
707 5225 1016 5293 formulas,
1046 5241 1083 5281 a
1112 5223 1519 5298 superioribus
1560 5240 1670 5280 nec
1699 5240 1910 5280 unam.

250 5318 388 5371 Post
413 5316 524 5373 has
572 5321 790 5390 quarta
827 5333 864 5374 a
912 5316 1167 5390 septima
1217 5314 1577 5371 dissociatur
1625 5314 1909 5387 amplius,

249 5421 361 5462 nec
388 5405 575 5462 ullam
603 5408 857 5463 retinent
872 5394 1330 5481 proportionum
1356 5404 1815 5462 consonantiam
1834 5406 1910 5462 ad

250 5512 313 5552 se
342 5495 620 5553 invicem.
657 5501 923 5570 Itemque
953 5498 1150 5571 prima
1175 5502 1232 5553 et
1261 5496 1471 5570 quinta
1502 5513 1539 5553 δ.
1595 5495 1913 5569 superiori-

246 5583 365 5640 bus
396 5585 617 5641 similes
647 5587 875 5643 habent
894 5587 1206 5655 formulas,
1232 5602 1268 5643 a
1297 5585 1673 5659 depositione
1705 5589 1908 5641 autem

246 5673 574 5731 neminem.
610 5676 887 5732 Secunda
914 5692 1057 5734 vero
1079 5692 1149 5733 ac
1206 5679 1374 5732 sexta
1427 5674 1736 5749 quaternis
1792 5672 1907 5729 for-

321 5853 436 5926 (30)
462 5856 521 5911 F.
554 5855 1049 5913 aderectz'om’bus.

2037 3266 2198 3335 patet
2217 3262 2278 3317 in
2308 3262 2639 3335 antiphona
2666 3262 2801 3318 hac.

2288 3368 2319 3408 Ο

2287 3443 2551 3510 Spiritus
2591 3443 2749 3497 alme
2776 3442 3123 3497 illustrator
3160 3442 3442 3497 omnium.

2107 3530 2167 3584 V.
2196 3530 2341 3585 Sunt
2363 3535 2563 3585 autem
2589 3529 2754 3585 modi
2780 3546 2999 3585 vocum
3031 3534 3311 3602 quatuor,
3340 3530 3405 3609 id
3430 3534 3537 3596 est,
3561 3545 3697 3601 pro-

2035 3621 2151 3687 tus,
2175 3617 2479 3683 deuterus,
2507 3617 2694 3684 tritus,
2728 3618 3041 3682 tetrardus,
3076 3619 3179 3691 qui
3202 3622 3259 3673 et
3285 3618 3529 3674 totidem
3560 3618 3698 3673 sub-

2029 3705 2265 3775 jugales
2290 3705 2542 3771 habent;
2588 3711 2645 3761 et
2696 3706 3056 3779 principales
3086 3707 3331 3779 quidem
3377 3709 3694 3764 authentos

2034 3795 2312 3862 dicimus,
2375 3795 2721 3867 subjugales
2780 3802 2983 3851 autem
3032 3796 3223 3868 plagis
3281 3797 3691 3854 nominamus.

2034 3888 2254 3940 Eorum
2286 3884 2621 3941 differentia
2642 3884 2774 3941 talis
2810 3891 2915 3940 est.
2979 3889 3127 3942 Cum
3176 3886 3427 3959 quilibet
3481 3893 3693 3943 cantus

2034 3980 2168 4031 octo
2197 3975 2446 4031 vocibus
2477 3975 2783 4043 ascendat,
2831 3975 3157 4030 descendat
3213 3992 3354 4031 vero
3402 3976 3690 4048 quinque,

2033 4069 2213 4137 atque
2238 4065 2391 4121 inter
2420 4080 2631 4120 omnes
2664 4064 2783 4119 sint
2811 4067 2920 4120 XII.
2951 4080 3074 4119 una
3098 4081 3169 4119 ex
3199 4065 3293 4120 his
3346 4064 3440 4120 bis
3497 4082 3691 4122 annu-

2031 4159 2261 4210 merata
2283 4169 2497 4224 graves
2520 4169 2731 4209 omnes
2756 4169 2894 4208 cum
2926 4152 3129 4226 aliqua
3158 4158 3326 4226 parte
3379 4159 3693 4210 acutarum

2031 4242 2224 4315 plagis
2250 4241 2598 4298 attribuunt.
2632 4244 2812 4297 Porro
2871 4242 3170 4298 authentis
3224 4246 3451 4298 cunctae
3506 4247 3692 4298 acutae

2031 4347 2171 4387 cum
2197 4331 2519 4404 aliquantis
2571 4330 2843 4401 gravium
2897 4331 3276 4387 conveniunt.
3337 4334 3687 4403 Notatoque,

2029 4421 2193 4494 quod
2225 4422 2341 4477 sint
2370 4426 2487 4476 tres
2519 4420 2760 4476 ordines
2794 4437 3030 4489 vocum,
3063 4420 3124 4476 id
3148 4426 3255 4490 est,
3289 4436 3524 4491 graves,
3570 4436 3691 4476 me-

2030 4510 2143 4565 dice
2174 4514 2233 4565 et
2255 4513 2465 4566 acutas.
2484 4511 2566 4564 Ex
2604 4508 2827 4581 quibus
2854 4508 3068 4564 medice
3100 4525 3336 4581 semper
3356 4512 3687 4565 annectun-

2028 4604 2123 4656 tur
2151 4598 2441 4671 utrisque,
2465 4603 2655 4654 acutae
2708 4603 2910 4655 autem
2962 4600 3325 4656 conveniunt
3364 4599 3686 4669 authentis,

2028 4694 2085 4745 et
2104 4705 2317 4761 graves
2347 4687 2646 4761 plagibus.
2680 4691 2749 4744 Et
2778 4689 2860 4745 sic
2892 4706 3128 4763 semper
3180 4693 3297 4745 tres
3356 4706 3428 4745 ex
3484 4689 3692 4746 amba-

2027 4779 2142 4836 bus
2170 4778 2444 4851 partibus
2474 4782 2745 4834 utrorum
2777 4784 2916 4835 sunt
2942 4779 3219 4853 propriae.

2098 4870 2185 4923 VI.
2219 4866 2699 4923 Differentiarum
2725 4873 2927 4924 autem
2952 4869 3171 4925 horum
3214 4868 3538 4925 modorum
3568 4868 3687 4926 for-

2025 4957 2205 5014 mulm
2265 4956 2600 5014 secundum
2657 4958 2952 5031 principia
3019 4962 3309 5015 cantuum
3382 4960 3685 5034 dispositae

2027 5052 2182 5104 sunt.
2216 5051 2282 5104 Et
2308 5047 2833 5121 quemadmodum
2860 5047 3058 5103 ﬁnalis
3084 5065 3202 5105 vox
3250 5049 3513 5123 aliquem
3543 5067 3685 5123 pro-

2026 5137 2226 5210 prium
2256 5137 2509 5194 modum
2531 5138 2789 5205 metitur,
2820 5137 2903 5193 sic
2935 5142 2991 5193 et
3011 5139 3438 5195 rationabiliter
3468 5141 3683 5213 princi-

2024 5226 2126 5299 pia
2164 5227 2517 5283 eorumdem
2568 5231 2855 5282 cantuum
2912 5228 3171 5299 aptiores
3224 5230 3337 5285 sibi
3386 5229 3681 5288 formulas

2024 5320 2320 5389 coaptent,
2353 5321 2653 5390 quatenus
2685 5316 2759 5372 sit
2786 5315 3040 5388 pulchra
3066 5319 3360 5375 connexio
3413 5338 3551 5394 quas
3600 5338 3685 5377 se-

2022 5405 2291 5462 cundum
2338 5406 2613 5480 proprios
2665 5405 2725 5460 in
2780 5422 3150 5480 unaquaque
3204 5409 3498 5479 dirigatur
3548 5427 3680 5466 mo-

2022 5500 2137 5552 tus.

2094 5586 2255 5650 Quos
2282 5589 2480 5640 motus
2508 5601 2727 5657 nempe
2759 5584 3020 5642 diximus
3052 5587 3175 5643 fore
3204 5604 3328 5657 sex,
3387 5605 3489 5661 qui
3540 5604 3679 5644 cum

2018 5673 2208 5730 tribus
2225 5672 2605 5747 applicantur
2620 5674 3145 5734 adherectionibus
3177 5676 3309 5747 (30),
3328 5676 3391 5732 in
3409 5693 3679 5750 unoquo-
