3958 6462
679 57 2243 88 Ἥ

392 308 497 363 423

1773 298 2106 358 GUIDONIS
2143 300 2446 358 ARETINI.

3716 312 3831 366 424

1253 638 1960 760 EPISTULA
2078 639 2790 764 GUlDONlS
2847 643 2962 715 ‘3”

1749 908 2080 962 MICHAELI
2123 907 2460 965 MONACHO

1530 1117 1674 1203 DE
1792 1117 2192 1206 IGNOTO
2303 1118 2684 1208 CANTU.

457 1548 800 1606 Beatissimo
826 1550 1005 1619 atque
1035 1541 1382 1600 dulcissimo
1423 1539 1589 1596 fratri
1619 1539 1881 1597 Michaeli
1913 1539 2044 1595 Gui-
2082 1545 2129 1596 A
2149 1539 2296 1596 nihil
2339 1539 2745 1597 habebimus?
2797 1541 2974 1598 absit.
3030 1548 3178 1600 Nam
3208 1549 3264 1602 et
3294 1546 3632 1619 Apostolus,
3675 1563 3822 1603 cum

383 1641 484 1706 do,
518 1656 624 1712 per
667 1637 970 1694 anfractus
1001 1633 1221 1689 multos
1253 1632 1517 1702 dejectus
1560 1635 1618 1686 et
1666 1634 1896 1685 auctus.
1931 1634 2045 1685 Aut

382 1731 535 1786 dura
566 1733 708 1784 sunt
730 1732 1023 1798 tempora,
1038 1728 1141 1778 aut
1161 1722 1380 1777 divina:
1401 1719 1808 1792 dispositionis
1830 1718 2043 1774 obscu-

380 1836 449 1876 ra
477 1816 842 1882 discrimina,
874 1814 1023 1870 dum
1048 1817 1106 1868 et
1132 1813 1440 1866 veritatem
1475 1807 1728 1875 fallacia,
1762 1811 1818 1862 et
1847 1807 2040 1862 chari-

380 1912 562 1964 tatem
591 1921 749 1977 saepe
796 1901 1106 1959 conculcet
1141 1899 1389 1967 invidia,
1419 1914 1555 1971 quas
1597 1896 1780 1952 nostri
1814 1896 2041 1952 ordinis

377 1994 477 2050 vix
520 1992 737 2048 deserit
789 1989 1151 2054 societatem,
1185 2001 1309 2058 quo
1349 1983 1790 2039 Philistinorum
1829 1982 2038 2038 concio

379 2081 760 2139 Israeliticam
816 2076 1026 2151 puniat
1090 2074 1467 2148 pravitatem,
1513 2089 1587 2129 ne
1646 2072 1694 2128 si
1747 2089 1887 2128 mox
1931 2072 2040 2127 ﬁat

377 2169 695 2244 quidquid,
728 2172 794 2223 ut
816 2165 1118 2233 volumus,
1148 2163 1299 2219 adeo
1330 2163 1392 2217 in
1434 2178 1495 2218 se
1541 2161 1851 2218 conﬁdens
1878 2161 2036 2234 peri-

375 2265 548 2316 turus
578 2257 816 2314 decidat
844 2253 1102 2311 animus.
1129 2255 1289 2308 Tunc
1319 2251 1480 2307 enim
1527 2256 1616 2307 est
1642 2267 1778 2307 vere
1802 2250 2035 2306 bonum

374 2348 439 2404 id
467 2347 634 2420 quod
667 2344 943 2410 facimus,
977 2358 1116 2398 cum
1146 2345 1352 2397 nostro
1381 2340 1590 2396 factori
1634 2339 2034 2396 adscribimus

375 2453 556 2494 omne
580 2435 746 2509 quod
775 2449 1124 2507 possumus.

446 2526 587 2582 Inde
613 2530 721 2596 est,
747 2523 915 2596 quod
946 2538 1041 2576 me
1068 2521 1234 2575 vides
1279 2519 1524 2592 prolixis
1572 2518 1796 2573 ﬁnibus
1828 2516 2032 2573 exula-

373 2622 521 2684 tum,
555 2632 624 2672 ac
657 2615 935 2687 teipsum,
965 2627 1040 2667 ne
1067 2611 1158 2665 vel
1188 2610 1485 2682 respirare
1521 2608 1769 2681 quidem
1813 2607 2028 2679 possis,

369 2707 711 2763 invidorum
735 2702 966 2775 laqueis
985 2700 1367 2756 suffocatum.
1394 2700 1595 2764 Quain
1613 2715 1674 2754 re
1696 2697 2030 2753 simillimos

370 2816 482 2855 nos
525 2796 768 2854 cuidam
794 2794 930 2849 dico
953 2791 1184 2862 artiﬁci,
1216 2791 1320 2864 qui
1349 2807 1488 2846 cum
1518 2794 1786 2859 Augusto
1819 2789 2030 2846 Caesari

2153 1629 2343 1700 gratia
2392 1629 2491 1685 Dei
2536 1631 2609 1686 sit
2634 1630 2717 1696 id,
2749 1631 2917 1704 quod
2947 1632 3037 1700 sit,
3071 1638 3274 1690 cantat
3302 1639 3538 1691 tamen:
3565 1637 3824 1708 ‘Bonum

2152 1727 2450 1776 certamen
2481 1722 2724 1786 certavi,
2758 1737 3002 1778 cursum
3033 1727 3458 1795 consummavi,
3488 1727 3667 1794 fidem
3699 1741 3828 1782 ser-

2151 1810 2330 1879 vavi;
2359 1811 2422 1864 in
2447 1811 2678 1881 reliquo
2710 1812 2970 1879 reposita
3000 1817 3086 1868 est
3113 1815 3264 1870 mihi
3291 1830 3513 1871 corona
3528 1817 3823 1885 justa’tz‘aa.

2225 1898 2424 1954 Securi
2453 1913 2595 1968 ergo
2626 1898 2700 1954 de
2728 1916 2833 1971 spe
2859 1900 3264 1956 retributionis
3295 1902 3646 1959 insistamus
3675 1921 3831 1977 ope-

2148 1987 2196 2042 ri
2225 1991 2403 2042 tantae
2431 1987 2724 2055 utilitatis;
2759 1993 2816 2044 et
2838 1989 2983 2061 quia
3003 1995 3143 2062 post
3173 1990 3392 2047 multas
3423 1996 3826 2065 tempestates

2147 2075 2322 2131 rediit
2369 2075 2472 2130 diu
2521 2081 2726 2150 optata
2769 2078 3074 2146 serenitas,
3106 2079 3517 2151 navigandum
3549 2087 3639 2138 est
3693 2082 3824 2139 feli-

2145 2164 2306 2221 citer.

2219 2253 2334 2310 Sed
2377 2254 2522 2327 quia
2563 2254 2778 2311 difﬁdit
2818 2259 2922 2312 tua
2951 2257 3026 2313 de
3054 2257 3321 2315 libertate
3359 2260 3699 2332 captivitas,
3735 2262 3826 2318 rei

2144 2342 2418 2398 ordinem
2463 2343 2755 2415 pandam.
2806 2347 3069 2402 Summae
3133 2347 3291 2403 sedis
3337 2348 3679 2420 apostolicae
3727 2354 3826 2408 Jo-

2142 2430 2394 2498 hannes,
2428 2431 2531 2503 qui
2565 2432 2746 2488 modo
2774 2435 3108 2490 Romanam
3137 2435 3434 2504 gubernat
3460 2437 3820 2511 Ecclesiam,

2144 2519 2397 2575 audiens
2450 2521 2678 2577 famam
2726 2527 2944 2578 nostra;
2993 2524 3234 2595 scholte,
3264 2531 3322 2580 et
3362 2527 3670 2598 quomodo
3706 2544 3820 2600 per

2142 2613 2351 2664 nostra
2379 2611 2803 2683 antiphonaria
2839 2612 3141 2668 inauditos
3170 2614 3340 2686 pueri
3372 2623 3816 2686 cognoscerent

2143 2703 2375 2769 cantus,
2407 2699 2580 2755 valde
2611 2700 2880 2768 miratus,
2916 2701 3103 2757 tribus
3135 2704 3359 2759 nuntiis
3389 2721 3486 2761 me
3517 2705 3596 2761 ad
3627 2723 3690 2762 se
3727 2706 3816 2761 in-

2141 2787 2360 2843 vitavit.
2380 2788 2512 2844 Adii
2537 2789 2716 2860 igitur
2738 2793 2989 2847 Romam
3021 2809 3161 2848 cum
3190 2792 3418 2850 domno
3441 2795 3810 2865 Grunvaldo,

369 2883 907 2959 incomparabilem
937 2887 996 2937 et
1019 2880 1248 2937 cunctis
1278 2879 1616 2936 inauditum
1647 2878 1881 2934 seculis
1910 2879 2033 2934 the-
2070 2894 2110 2948 Β
2137 2876 2620 2934 reverentissimo
2671 2877 2910 2946 abbate,
2953 2885 3010 2936 et
3058 2880 3286 2938 domno
3338 2885 3503 2940 Petro
3551 2885 3810 2940 Aretinas

371 2993 643 3045 saurum,
697 2971 955 3028 ﬂexibile
993 2969 1268 3026 videlicet
1315 2968 1555 3036 vitrum,
1601 2967 1856 3034 offerret,
1889 2967 2035 3040 quia

368 3065 598 3138 aliquid
626 3079 807 3135 super
851 3076 1064 3116 omnes
1104 3059 1380 3114 homines
1409 3057 1618 3130 potuit,
1647 3057 1903 3130 ideoque
1932 3057 2035 3113 ali-

367 3155 517 3229 quid
546 3169 725 3226 super
750 3167 961 3207 omnes
1002 3147 1328 3222 promereri
1371 3163 1434 3202 se
1464 3146 1730 3213 credidit,
1763 3147 2031 3219 pessima

369 3249 524 3302 sorte
559 3244 767 3315 jussus
797 3244 886 3296 est
913 3237 1136 3305 occidi;
1192 3254 1267 3292 ne
1309 3236 1378 3304 si,
1410 3241 1472 3292 ut
1517 3240 1604 3292 est
1647 3235 1920 3292 mirabile
1949 3235 2031 3291 vi-

365 3339 546 3404 trum,
579 3335 783 3406 posset
821 3334 978 3386 esset
1007 3327 1302 3398 durabile,
1335 3327 1536 3395 regius
1581 3324 1746 3381 omni
1789 3325 2028 3381 thesau-

363 3441 485 3491 rus,
518 3423 623 3496 qui
651 3422 726 3478 de
771 3419 1022 3476 diversis
1052 3421 1178 3474 erat
1217 3415 1491 3486 metallis,
1523 3416 1690 3471 ﬁeret
1726 3415 2026 3487 extemplo

361 3514 620 3571 vitabilis
667 3513 802 3584 (32).
855 3510 1065 3582 Sicque
1113 3525 1185 3564 ex
1232 3507 1332 3563 illo
1387 3512 1654 3578 tempore
1707 3505 2027 3562 maledicta

361 3620 598 3677 semper
622 3601 867 3668 invidia,
893 3600 1043 3655 sicut
1067 3598 1382 3672 quondam
1418 3595 1795 3669 paradisum,
1824 3601 1880 3650 et
1909 3596 2024 3651 hoc

358 3711 601 3768 quoque
619 3691 974 3748 mortalibus
997 3688 1242 3745 abstulit
1263 3685 1678 3744 commodum.
1705 3689 1851 3741 Nam
1879 3686 2022 3759 quia

355 3784 582 3840 invidia
607 3783 846 3839 artiﬁcis
870 3780 1105 3836 nullum
1130 3777 1320 3833 voluit
1345 3776 1615 3842 edocere,
1643 3775 1836 3848 potuit
1866 3775 2020 3845 regis

354 3875 582 3930 invidia
611 3873 900 3929 artiﬁcem
929 3887 1070 3926 cum
1099 3874 1222 3925 arte
1254 3867 1564 3940 perimere.

429 3963 595 4019 Unde
621 3978 732 4033 ego
765 3961 1091 4032 inspirante
1115 3960 1234 4013 Deo
1261 3956 1634 4025 charitatem,
1667 3971 1789 4010 non
1821 3955 2017 4011 solum

353 4051 479 4119 tibi,
506 4050 612 4107 sed
637 4055 694 4106 et
719 4049 869 4119 aliis,
892 4047 1378 4121 quibuscumque
1404 4044 1592 4118 potui,
1613 4061 1853 4100 summa
1875 4061 2016 4100 cum

353 4139 728 4198 festinatione
748 4155 818 4195 ac
834 4135 1226 4194 sollicitudine
1244 4151 1280 4190 a
1297 4137 1416 4190 Deo
1433 4133 1579 4189 mihi
1595 4133 2014 4203 indignissimo

2143 2965 2406 3021 ecclesiae
2451 2967 2884 3024 canonicorum
2934 2971 3276 3043 praaposito,
3307 2972 3435 3028 viro
3464 2989 3574 3046 pro
3618 2975 3809 3030 nostri

2142 3055 2427 3127 temporis
2477 3056 2766 3128 quatitate
2823 3059 3239 3116 scientissimo.
3292 3062 3536 3119 Multum
3602 3063 3805 3137 itaque

2139 3146 2406 3218 pontifex
2453 3163 2589 3203 meo
2621 3148 2952 3217 gratulatus
2981 3155 3068 3206 est
3098 3151 3379 3223 adventu,
3411 3153 3602 3210 multa
3627 3155 3802 3212 collo.

2138 3250 2335 3307 quens
2381 3240 2436 3292 et
2479 3236 2719 3293 diversa
2767 3240 3151 3312 perquirens:
3199 3247 3595 3316 nostrumque
3642 3245 3802 3302 velut

2137 3324 2452 3396 quoddam
2484 3325 2828 3398 prodigium
2882 3345 3039 3401 sape
3087 3329 3400 3387 revolvens
3444 3333 3799 3406 antiphona-

2137 3412 2314 3480 rium,
2339 3415 2737 3488 praeﬁxasque
2760 3417 3074 3474 ruminans
3091 3419 3350 3490 regulas,
3371 3437 3492 3477 non
3512 3422 3681 3495 prius
3701 3424 3799 3480 de-

2137 3502 2297 3570 stitit,
2325 3511 2424 3560 aut
2453 3505 2526 3560 de
2552 3505 2704 3574 loco,
2737 3506 2799 3562 in
2827 3524 2951 3581 quo
2982 3509 3247 3578 sedebat,
3273 3511 3583 3585 abscessit,
3607 3513 3798 3570 donec

2135 3609 2327 3649 unum
2357 3596 2724 3652 versiculum
2754 3597 3095 3656 inauditum
3143 3601 3233 3655 sui
3257 3602 3379 3657 voti
3404 3619 3657 3676 compos
3681 3603 3799 3660 edi-

2135 3689 2338 3750 sceret,
2368 3690 2433 3740 ut
2460 3686 2626 3758 quod
2656 3686 2757 3742 vix
2784 3688 3067 3746 credebat
3095 3689 3155 3745 in
3188 3689 3338 3758 aliis,
3361 3697 3483 3749 tam
3514 3693 3711 3750 subito
3736 3694 3796 3750 in

2133 3791 2194 3830 se
2225 3782 2696 3846 recognosceret.
2731 3779 2882 3842 Quid
2913 3779 3136 3852 plura?
3176 3781 3517 3839 lnﬁrmitate
3550 3791 3797 3854 cogente

2130 3866 2333 3918 Romae
2372 3867 2597 3921 morari
2627 3883 2750 3923 non
2799 3872 3074 3940 poteram
3105 3870 3197 3926 vel
3227 3871 3558 3942 modicum,
3591 3874 3798 3930 aestivo

2128 3951 2358 4009 fervore
2389 3954 2449 4009 in
2478 3955 2622 4011 locis
2653 3957 2968 4013 maritimis
2990 3976 3060 4015 ac
3085 3960 3454 4033 palustribus
3484 3962 3661 4018 nobis
3691 3964 3800 4020 mi-

2128 4047 2308 4098 nante
2331 4044 2651 4102 excidium.
2687 4047 2953 4104 Tandem
2984 4049 3387 4121 condiximus,
3407 4069 3553 4108 mox
3577 4053 3799 4126 hyeme

2126 4133 2411 4190 redeunte
2433 4151 2529 4190 me
2549 4135 2684 4192 illuc
2699 4137 2917 4194 debere
2933 4139 3164 4207 reverti,
3181 4146 3479 4213 quatenus
3506 4143 3620 4199 hoc
3643 4160 3800 4217 opus

350 4231 560 4288 datam
591 4227 813 4286 contuli
840 4226 1094 4298 gratiam
1119 4243 1132 4280 :
1167 4229 1232 4280 ut
1254 4239 1409 4296 quos
1431 4239 1543 4292 ego
1568 4227 1625 4278 et
1645 4239 1856 4278 omnes
1877 4227 2014 4278 ante
2054 4249 2093 4304 ο
2125 4221 2438 4294 ρῐίεΙὼᾶῐο
2461 4224 2729 4296 pontiﬁci
2753 4243 2985 4300 suoque
3003 4226 3159 4283 clero
3181 4228 3436 4286 debeam
3453 4229 3794 4303 propalare.

349 4337 448 4378 me
493 4333 735 4375 summa
778 4333 918 4373 cum
963 4313 1307 4371 diﬁicultate
1337 4312 1768 4368 ecclesiasticos
1800 4318 2013 4368 cantus

347 4410 688 4474 didicimus,
718 4407 881 4481 ipsos
908 4403 1130 4479 posteri
1159 4420 1300 4459 cum
1346 4419 1588 4458 summa
1618 4401 1895 4458 facilitate
1927 4402 2015 4458 di-

346 4506 598 4572 scentes,
629 4498 778 4555 mihi
808 4501 865 4554 et
894 4496 998 4552 tibi
1050 4511 1121 4551 ac
1165 4492 1409 4566 reliquis
1456 4491 1833 4564 adjutoribus
1861 4493 2012 4549 meis

345 4596 631 4648 aeternam
652 4591 861 4662 optent
879 4585 1154 4652 salutem,
1168 4584 1393 4657 ﬁatque
1415 4598 1522 4656 per
1538 4581 2011 4639 misericordiam

344 4681 447 4738 Dei
494 4683 881 4754 peccatorum
924 4680 1270 4732 nostrorum
1316 4673 1610 4743 remissio,
1643 4672 1737 4728 vel
1768 4672 2011 4730 modica

340 4774 648 4828 tantorum
678 4784 753 4825 ex
792 4765 1077 4823 charitate
1117 4763 1328 4820 oratio.
1360 4766 1510 4819 Nam
1538 4761 1586 4816 si
1612 4761 1694 4817 illi
1723 4777 1834 4834 pro
1883 4761 2008 4817 suis

340 4859 506 4933 apud
535 4860 726 4915 Deum
755 4853 1138 4913 devotissime
1164 4851 1539 4908 intercedunt
1564 4851 2008 4924 magistris,qui

337 4950 630 5006 hactenus
651 4946 730 5003 ab
752 4945 836 5002 eis
851 4944 952 5000 vix
977 4941 1268 4999 decennio
1287 4939 1569 4997 cantandi
1594 4939 2006 5012 imperfectam

339 5039 649 5097 scientiam
680 5033 968 5108 consequi
993 5035 1336 5106 potuerunt,
1369 5029 1514 5103 quid
1547 5033 1724 5102 putas
1753 5046 1864 5103 pro
1894 5046 2004 5086 no-

335 5130 430 5186 bis
463 5128 801 5200 nostrisque
828 5122 1208 5196 adjutoribus
1241 5121 1369 5188 ﬁet,
1403 5119 1507 5193 qui
1538 5120 1741 5176 annali
1786 5121 2001 5194 spatio,

336 5223 440 5275 aut
463 5219 512 5274 si
539 5217 818 5286 multum,
850 5212 1094 5271 biennio
1125 5210 1456 5284 perfectum
1488 5215 1797 5266 cantorem
1826 5208 2003 5265 efﬁci-

335 5324 472 5364 mus
491 5308 518 5362 ?
548 5311 662 5363 Aut
690 5306 739 5362 si
763 5304 1082 5361 hominum
1112 5305 1400 5358 consueta
1427 5299 1668 5356 miseria
1693 5298 2000 5356 beneﬁciis

334 5395 513 5452 tantis
541 5395 775 5464 ingrata
803 5393 1108 5460 exstiterit,
1141 5390 1440 5465 numquid
1485 5391 1682 5461 justus
1723 5392 1878 5445 Deus
1916 5388 1999 5445 la-

333 5484 544 5540 borem
574 5488 850 5540 nostrum
879 5499 1003 5539 non
1032 5479 1442 5539 remunerabit
1461 5479 1488 5533 ‘?
1541 5485 1629 5534 An
1659 5478 1804 5550 quia
1842 5481 1997 5534 Deus

2197 4313 2332 4368 Post
2362 4328 2589 4384 paucos
2619 4312 2837 4370 dehinc
2882 4314 3009 4370 dies
3042 4318 3277 4372 Patrem
3319 4323 3580 4374 vestrum
3614 4323 3797 4392 atque

2122 4415 2330 4455 meum
2353 4403 2417 4469 D,
2438 4401 2772 4457 Guidonem
2790 4404 3122 4477 Pomposiae
3145 4404 3426 4488 abbatem
3433 4407 3652 4478 ,virum
3676 4408 3794 4464 Deo

2122 4493 2178 4545 et
2203 4489 2553 4546 hominibus
2583 4492 2798 4549 merito
2828 4493 3055 4550 virtutis
3094 4499 3152 4551 et
3181 4495 3488 4568 sapientius
3516 4497 3794 4554 charissi-

2119 4595 2292 4634 mum
2313 4584 2370 4635 et
2385 4579 2602 4635 animae
2625 4596 2774 4637 meae
2791 4587 3025 4655 partem
3047 4583 3247 4641 videre
3269 4585 3517 4658 cupiens
3533 4587 3789 4657 visitavi,

2119 4667 2225 4741 qui
2252 4672 2310 4724 et
2335 4667 2461 4742 ipse
2473 4668 2565 4725 vir
2593 4671 2958 4743 perspicacis
2971 4672 3200 4743 ingenii
3221 4678 3495 4732 nostrum
3515 4676 3791 4750 antipho-

2117 4757 2357 4812 narium
2388 4760 2454 4813 ut
2477 4757 2640 4827 vidit,
2674 4760 2976 4833 extemplo
2997 4761 3278 4834 probavit
3307 4767 3364 4819 et
3392 4763 3662 4830 credidit,
3685 4781 3790 4823 no-

2119 4846 2378 4921 strisque
2403 4847 2636 4903 aemulis
2658 4865 2719 4904 se
2750 4850 3066 4923 quondam
3097 4853 3472 4911 consensisse
3488 4855 3784 4928 paenituit,

2115 4941 2174 4993 et
2192 4941 2256 4993 ut
2277 4937 2663 5011 Pomposiam
2680 4939 2939 5009 veniam,
2962 4943 3315 5014 postulavit;
3351 4943 3618 5000 suadens
3637 4945 3787 5002 mihi

2114 5028 2418 5084 monacho
2448 5043 2577 5084 esse
2609 5028 2984 5101 praeferenda
3025 5032 3393 5089 monasteria
3423 5034 3784 5107 episcopati-

2112 5115 2250 5180 bus,
2283 5116 2547 5172 maxime
2578 5119 2984 5193 Pomposiam,
3019 5127 3276 5197 propter
3295 5123 3583 5192 studium,
3616 5123 3784 5197 quod

2111 5206 2297 5262 modo
2324 5211 2415 5262 est
2442 5223 2549 5280 per
2571 5208 2674 5263 Dei
2697 5208 2955 5278 gratiam
2991 5215 3048 5266 et
3080 5213 3542 5269 reverentissimi
3570 5214 3785 5271 Guido-

2110 5297 2203 5352 nis
2233 5297 2590 5354 industriam
2625 5315 2786 5355 nunc
2816 5299 3082 5372 primum
3116 5301 3178 5358 in
3203 5302 3368 5360 Italia
3394 5308 3722 5376 repertum.

2179 5386 2347 5442 Tanti
2393 5386 2595 5460 itaque
2641 5389 2831 5446 Patris
2875 5390 3249 5448 orationibus
3289 5391 3502 5462 ﬂexus,
3535 5398 3592 5450 et
3629 5410 3781 5467 pra:-

2108 5476 2294 5549 ceptis
2311 5475 2620 5543 obedicns,
2645 5478 2811 5549 prius
2834 5479 3156 5536 auxiliante
3172 5485 3290 5538 Deo
3306 5482 3440 5538 volo
3462 5483 3579 5538 hoc
3597 5500 3777 5556 opere

333 5576 525 5628 totum
565 5573 680 5629 hoc
727 5573 884 5640 facit,
917 5577 975 5628 et
1017 5588 1130 5628 nos
1162 5571 1290 5626 sine
1331 5569 1433 5625 illo
1462 5568 1609 5624 nihil
1638 5584 1990 5640 possumus,
2025 5604 2078 5659 Β
2108 5569 2342 5622 tantum
2369 5568 2426 5621 et
2450 5564 2566 5620 tale
2595 5569 3033 5626 monasterium
3057 5570 3613 5645 illustrare,meque
3644 5590 3772 5630 mo-

401 5713 518 5792 (317)
553 5712 732 5792 _Ap1_1d
760 5715 885 5768 Pez.
913 5715 958 5792 _t_.
991 5711 1398 5792 Yl‘tuiecdot”
1434 5715 1653 5792 p.223.
1695 5712 1796 5792 Itis.
1828 5709 1990 5792 Victi.

332 5782 692 5855 Ερὶετὸιαῆε
716 5783 1140 5852 νεοαρὶιαιαιίο
1157 5784 1335 5839 totius
1355 5782 1548 5853 operis
1570 5782 1834 5851 ejusdem
1854 5782 1995 5837 Gui-

2104 5708 2278 5764 donis
2305 5707 2387 5764 ad
2418 5707 2802 5767 monachum.

2176 5778 2288 5851 (32)
2327 5782 2385 5835 F.
2419 5779 2730 5838 vitiabzlis.
2767 5782 2943 5839 Adm.
2971 5785 3302 5842 mutabilis.
