3904 6402
115 287 170 336 4-
183 289 254 337 25

113 496 552 550 niasalueresi
585 496 763 550 modo
791 514 976 568 prope
1027 498 1255 552 eunti-tis
1301 498 1602 553 damnatis
1652 494 1809 567 epis-

115 585 336 656 copis,
365 585 603 639 timeam
633 585 693 640 in
719 586 920 656 aliquo
947 587 1400 644 communicari.

224 673 339 728 Sed
368 672 508 743 quia
537 672 616 727 ad
645 689 907 743 praesens
953 674 1146 729 venire
1194 691 1314 729 non
1350 692 1620 748 possum,
1662 675 1809 728 inte-

120 763 265 817 rim
298 761 400 816 tibi
430 761 502 815 de
536 762 890 818 inveniendo
922 763 1123 831 ignoto
1173 771 1353 819 cantu
1386 766 1681 837 optimum
1730 762 1813 816 di-

122 851 280 919 rigo
311 856 752 920 argumentum,
796 868 987 924 nuper
1030 853 1204 908 nobis
1241 870 1276 909 a
1321 857 1439 909 Deo
1481 854 1711 921 datum,
1757 856 1813 907 et

129 941 473 996 utillimum
501 941 980 1012 comprobatum.
1019 947 1092 997 De
1125 944 1354 1015 reliquo
1383 947 1444 998 Ι).
1500 943 1810 998 Martinam

127 1031 414 1102 priorem
442 1047 623 1085 sacrae
660 1033 1158 1100 congregationis,
1193 1039 1584 1105 nostrumque
1620 1032 1808 1087 maxi-

133 1137 324 1175 mum
358 1120 693 1189 adjutorem
744 1121 1069 1192 plurimum
1121 1123 1331 1189 saluto,
1379 1123 1626 1193 ejusque
1675 1138 1808 1176 ora—

137 1209 299 1264 tioni
328 1225 423 1263 ine
450 1209 733 1264 miserum
766 1211 1026 1282 plurima
1058 1229 1228 1283 prece
1259 1211 1638 1275 commendo,
1692 1210 1808 1266 fra-

130 1302 304 1353 trem
325 1313 566 1369 quoque
595 1301 826 1352 Petrum
847 1315 1174 1354 memorem
1200 1299 1482 1355 memoris
1503 1316 1633 1354 esse
1651 1315 1810 1354 com-

136 1402 394 1452 moneo,
427 1387 530 1458 qui
562 1392 768 1442 nostro
794 1387 944 1442 lacte
976 1389 1231 1443 nutritus
1261 1405 1381 1443 non
1431 1387 1555 1443 sine
1605 1388 1809 1443 labore

137 1476 422 1532 maximo
455 1477 674 1545 agresti
707 1477 960 1532 vescitur
990 1478 1236 1544 hordeo,
1261 1483 1316 1534 et
1341 1483 1476 1551 post
1500 1494 1681 1534 aurea
1709 1493 1811 1549 po-

137 1565 290 1620 cula
322 1564 442 1619 vini
472 1565 791 1620 confusum
816 1566 968 1620 bibit
996 1571 1252 1623 acetum.

222 1653 314 1708 Ad
344 1652 768 1708 inveniendum
788 1653 965 1723 igitur
994 1655 1264 1722 ignotum
1295 1659 1558 1723 cantum,
1590 1654 1809 1710 beatis-

138 1742 303 1798 sime
334 1743 530 1808 frater,
559 1742 753 1813 prima
781 1750 842 1798 et
867 1743 1128 1813 vulgaris
1158 1745 1364 1814 regula
1417 1745 1542 1800 haec
1575 1750 1665 1800 est
1696 1764 1708 1800 :
1763 1745 1810 1799 si

135 1832 396 1897 litteras,
427 1848 579 1903 quas
609 1832 887 1903 quaelibet
915 1848 1138 1888 neuma
1166 1833 1460 1900 habuerit,
1493 1834 1552 1888 in
1602 1849 1810 1889 mono-

141 1921 382 1976 chordo
415 1921 744 1987 sonaveris,
777 1926 956 1993 atque
987 1922 1065 1977 ab
1087 1921 1216 1994 ipso
1239 1923 1490 1977 audiens
1521 1928 1812 1994 tanquam

139 2009 230 2066 ab
265 2007 505 2063 homine
538 2009 823 2077 magistro
854 2009 1078 2065 discere
1110 2011 1346 2082 poteris.
1387 2012 1497 2067 Sed
1549 2012 1812 2084 puerulis

137 2098 266 2154 ista
293 2103 379 2152 est
407 2098 635 2169 regula,
663 2104 719 2153 et
749 2099 909 2154 bona
941 2101 1183 2171 quidem
1208 2101 1647 2172 incipientibus,
1678 2118 1811 2173 pes-

140 2187 308 2242 sima
345 2190 545 2241 autem
592 2188 1133 2258 perseverantibus.
1195 2189 1316 2244 Vidi
1372 2191 1531 2244 enim
1589 2190 1812 2245 multos

141 2275 530 2333 acutissimos
583 2276 996 2348 philosophos,
1054 2278 1158 2350 qui
1208 2295 1316 2352 pro
1376 2279 1574 2335 studio
1631 2281 1812 2350 hujus

144 2365 298 2422 artis
330 2381 452 2421 non
511 2365 703 2421 solum
757 2366 953 2434 Italos,
999 2367 1106 2423 sed
1164 2369 1341 2424 etiam
1389 2369 1584 2425 Gallos
1636 2375 1814 2442 atque

147 2459 506 2522 Germanos,
534 2454 816 2527 ipsosque
848 2456 1024 2511 etiam
1053 2459 1287 2512 Graecos
1325 2459 1654 2530 qumsivere
1686 2475 1814 2514 ma-

149 2544 374 2614 gistros
400 2561 412 2610 ;
442 2544 547 2600 sed
577 2543 718 2616 quia
747 2544 809 2599 in
839 2545 952 2600 hac
981 2545 1108 2600 sola
1151 2546 1358 2616 regula
1399 2547 1609 2603 conﬁsi
1653 2551 1812 2617 sunt,

148 2649 279 2690 non
311 2633 446 2689 dico
471 2634 703 2699 musici,
734 2635 837 2689 sed
859 2651 1052 2706 neque
1079 2641 1350 2690 cantores
1373 2653 1642 2708 unquam
1664 2637 1812 2705 ﬁeri,

147 2725 253 2780 vel
280 2729 516 2780 nostros
547 2724 886 2796 psalmistas
918 2725 1198 2795 puerulos
1229 2725 1443 2780 imitari
1471 2731 1810 2797 potuerunt.

151 2817 287 2870 Non
316 2829 458 2882 ergo
487 2813 777 2868 debemus
809 2829 1043 2885 semper
1092 2828 1199 2884 pro
1246 2813 1450 2882 ignoto
1498 2819 1676 2869 cantu
1715 2830 1816 2870 vo-

150 2918 292 2958 cem
340 2902 600 2957 hominis
662 2901 753 2957 vel
801 2901 1050 2972 alicujus
1102 2901 1478 2958 instrumenti
1525 2919 1810 2975 quaerere,

150 2998 222 3049 ut
269 2991 440 3064 quasi
493 2992 632 3048 (ιωοί
672 2991 981 3047 videamur
1029 3008 1341 3064 nunquam
1397 2992 1520 3048 sine
1569 2993 1813 3050 ductore

150 3081 518 3157 procedere;
581 3081 685 3136 sed
736 3081 1108 3151 singulorum
1155 3097 1462 3149 sonorum,
1521 3083 1817 3138 omnium-

150 3187 277 3245 que
307 3169 750 3243 depositionum
773 3176 828 3225 et
855 3170 1255 3227 elevationum
1284 3171 1651 3228 diversdates
1684 3189 1817 3245 pro-

147 3262 556 3336 prietatesque
587 3261 719 3316 altae
749 3262 1053 3317 memoriae
1083 3261 1526 3318 commendare.
1581 3262 1816 3319 Habetis

153 3367 304 3421 ergo
363 3356 785 3420 argumentum
853 3351 932 3406 ad
1002 3351 1427 3407 inveniendum
1478 3352 1814 3408 inauditum

152 3443 404 3495 cantum
432 3438 781 3494 facillimum
820 3446 878 3495 et
906 3441 1420 3514 probatissimum,
1475 3439 1522 3494 si
1574 3439 1664 3506 sit,
1714 3438 1817 3510 qui

151 3543 281 3584 non
311 3527 494 3583 modo
528 3528 768 3600 scripto,
810 3529 932 3584 sed
981 3529 1178 3601 potius
1232 3529 1509 3585 familiari
1558 3527 1815 3584 collocu-

157 3619 318 3674 tione
344 3617 675 3672 secundum
716 3635 948 3674 morem
974 3624 1244 3673 nostrum
1285 3621 1512 3674 noverit
1556 3617 1817 3690 aliquem

157 3708 428 3763 edocere.
496 3710 762 3778 Namque
828 3713 1150 3779 postquam
1218 3707 1331 3762 hoc
1391 3711 1816 3776 argumentum

158 3796 288 3868 cepi
318 3795 519 3868 pueris
550 3795 800 3863 tradere,
832 3801 967 3850 ante
999 3793 1260 3850 triduum
1311 3795 1562 3866 quidam
1607 3811 1815 3849 eorum

152 3888 481 3960 potuerunt
507 3885 743 3953 ignotos
773 3889 984 3940 cantus
997 3883 1200 3939 leviter
1223 3899 1458 3950 canere,
1489 3884 1656 3956 quod
1685 3883 1815 3939 aliis

151 3975 527 4044 argumentis
555 3990 665 4029 nec
695 3975 900 4030 multis
928 3973 1415 4030 hebdomadibus
1440 3979 1673 4046 poterat
1687 3989 1816 4029 eve-

152 4065 306 4123 nire.

235 4153 291 4211 Si
320 4169 506 4225 quam
535 4167 677 4224 ergo
706 4167 918 4208 vocem
945 4150 1035 4207 vel
1064 4165 1351 4207 neumam
1375 4150 1461 4206 vis
1487 4151 1568 4207 ita
1589 4165 1814 4207 memo-

155 4242 261 4299 rim
289 4239 736 4303 commendare,
770 4243 835 4294 ut
864 4237 1205 4310 ubicunque
1234 4237 1400 4306 velis,
1433 4238 1494 4293 in
1541 4253 1812 4311 quocun-

155 4347 276 4406 que
305 4334 506 4400 cantu,
539 4346 722 4402 quem
750 4327 900 4383 scias
933 4328 1025 4383 vel
1056 4328 1309 4404 nescias,
1340 4328 1444 4384 tibi
1462 4344 1606 4384 mox
1628 4327 1816 4401 possit

155 4434 487 4489 occurrere,
521 4422 817 4491 quatenus
834 4434 976 4473 mox
997 4416 1164 4472 illum
1184 4417 1590 4473 indubitanter
1616 4416 1812 4490 possis

156 4508 487 4576 enuntiare,
521 4507 703 4563 debes
729 4507 929 4580 ipsam
957 4523 1168 4563 vocem
1197 4506 1292 4562 vel
1311 4523 1599 4562 neumam
1630 4507 1690 4562 in
1718 4523 1813 4562 ca-

156 4600 277 4674 pite
307 4598 558 4669 alicujus
590 4597 918 4653 notissimae
949 4596 1325 4669 symphoniae
1365 4600 1594 4664 notare,
1627 4601 1682 4652 et
1707 4611 1817 4669 pro

160 4702 528 4760 unaquaque
577 4702 719 4742 voce
763 4686 1068 4742 memoriae
1107 4685 1418 4742 retinenda
1463 4685 1818 4756 hujusmodi

159 4778 588 4851 symphoniam
617 4778 678 4832 in
708 4781 992 4850 promptu
1031 4775 1273 4843 habere,
1297 4792 1432 4848 qua:
1477 4775 1556 4832 ab
1605 4776 1817 4832 eadem

157 4883 304 4924 voce
332 4866 578 4939 incipiat
607 4885 621 4922 :
654 4869 856 4938 utpote
888 4865 960 4921 sit
987 4865 1110 4920 haec
1141 4865 1524 4938 symphonia,
1557 4882 1680 4938 qua
1705 4881 1816 4935 ego

160 4954 448 5013 docendis
475 4955 676 5028 pueris
701 4954 763 5009 in
791 4952 999 5027 primis
1029 4958 1208 5026 atque
1257 4953 1437 5010 etiam
1477 4954 1537 5010 in
1597 4954 1817 5010 ultimis

161 5051 492 5173 utgr'nr
565 5117 703 5171 DED
772 5117 1024 5171 nncn
1115 5116 1235 5169 EE
1312 5115 1488 5170 EFGE
1548 5117 1816 5170 DECD

236 5207 302 5260 Ut
325 5208 549 5277 queant
567 5203 718 5260 laxis
766 5219 1047 5259 resonare
1095 5201 1260 5257 ﬁbris
1313 5202 1465 5259 mira
1513 5208 1817 5272 gestorum

167 5299 201 5353 F
249 5296 358 5350 Ga
396 5295 898 5350 GFEDDGaGFE
949 5294 1301 5348 FGDaGa
1340 5294 1538 5348 FGaa
1613 5295 1698 5348 GF
1730 5295 1816 5348 ΕΙ)

161 5382 367 5441 famuli
393 5386 654 5447 tuorum,
703 5380 866 5437 solve
909 5379 1119 5454 polluti
1145 5379 1288 5436 labii
1318 5384 1570 5450 reatum,
1601 5386 1818 5437 sanctae

168 5475 388 5532 CED.

163 5565 435 5618 Joannes.

237 5730 340 5802 (33)
373 5723 742 5784 Delineatum
770 5728 858 5780 est
881 5725 996 5782 hoc
1022 5727 1507 5786 monochordum
1535 5731 1595 5788 in
1626 5733 1820 5790 music

674 5821 922 5882 Pluton.
953 5821 1130 5882 CXLI.

1329 284 1672 341 EPISTULA
1715 283 1800 336 DE
1841 280 2096 335 IGNOTO
2137 283 2384 340 CANTU.

119 408 415 460 nachnm
443 408 751 461 monachis
784 413 1084 479 praestare;
1112 425 1251 463 cum
1281 409 1606 480 praesertim
1629 407 1812 463 Simo—
1850 403 1896 456 A

3458 290 3563 342 426

2003 404 2170 458 Vides
2195 406 2412 478 itaque,
2457 413 2522 463 ut
2549 409 2676 464 haec
2704 408 3066 480 symphonia
3095 408 3253 464 senis
3277 408 3577 481 particulis

1923 492 2048 546 suis
2081 509 2115 547 a
2138 509 2238 548 sex
2269 494 2516 550 diversis
2537 497 2781 568 incipiat
2805 497 3050 552 vocibus
3075 498 3101 552 ?
3133 498 3188 553 Si
3215 498 3349 570 quis
3377 498 3578 571 itaque

1920 583 2198 654 uniuscuj
2210 601 2395 656 usque
2421 585 2723 656 particulae
2757 590 2938 658 caput
2965 586 3046 640 ita
3072 588 3422 644 exercitatus
3472 604 3580 644 no-

1921 673 2086 738 verit,
2119 678 2180 727 ut
2209 674 2522 730 confestim
2550 691 2977 747 quamcunque
3007 676 3359 746 particulam
3380 677 3580 734 volue-

1921 761 2012 826 rit,
2043 761 2448 818 indubitanter
2477 764 2738 835 incipiat.
2789 763 3034 818 easdem
3083 780 3186 818 sex
3229 781 3404 820 voces
3449 766 3580 822 ubi-

1921 866 2156 922 cunque
2185 851 2412 922 viderit,
2448 853 2781 908 secundum
2814 868 2955 908 suas
2984 852 3375 924 proprietates
3406 853 3577 910 facile

1922 940 2305 1017 pronuntiare
2331 941 2562 1012 poterit.
2593 940 2855 995 Audiens
2887 957 3128 1013 quoque
3157 941 3422 1015 aliquam
3437 958 3581 998 neu-

1921 1043 2083 1080 mam
2143 1027 2266 1082 sine
2321 1028 2744 1100 descriptione,
2792 1029 3120 1100 perpende,
3173 1046 3307 1102 quae
3358 1031 3578 1086 harum
3639 1055 3646 1064 -

1921 1115 2349 1185 particularum
2394 1117 2523 1186 ejus
2554 1116 2657 1171 lini
2688 1117 2902 1172 melius
2938 1122 3190 1189 aptetur,
3222 1119 3303 1174 ita
3335 1125 3398 1174 ut
3423 1119 3576 1175 ﬁna-

1918 1204 1989 1259 lis
2018 1222 2129 1260 vox
2158 1221 2391 1261 neuma:
2419 1212 2475 1261 et
2516 1206 2858 1278 principalis
2908 1207 3212 1278 particulae
3253 1209 3576 1280 aequisonaa

1921 1294 2056 1349 sint.
2092 1298 2414 1367 Certusque
2442 1301 2590 1364 esto,
2641 1295 2783 1367 quia
2809 1296 2869 1350 in
2913 1312 3046 1351 eam
3095 1313 3305 1352 vocem
3352 1315 3577 1354 neuma

1919 1384 2086 1439 ﬁnita
2111 1390 2216 1449 est,
2249 1384 2308 1439 in
2330 1401 2453 1457 qua
2480 1385 2838 1441 conveniens
2869 1384 2980 1440 sibi
3008 1385 3300 1457 particula
3348 1386 3571 1458 incipit.

1923 1474 1977 1529 Si
2005 1489 2139 1528 vero
2169 1474 2532 1545 descriptam
2560 1473 2824 1546 aliquam
2856 1473 3282 1546 symphoniam
3310 1473 3576 1544 incogni-

1919 1567 2040 1618 tam
2070 1567 2309 1618 cantare
2341 1563 2610 1635 cmperis,
2642 1562 2899 1618 multum
2925 1562 3261 1618 cavendum
3286 1567 3390 1630 est,
3411 1563 3576 1620 utita

1919 1651 2156 1723 proprie
2204 1667 2701 1723 unamquamque
2741 1650 2914 1706 ﬁnias
2943 1667 3250 1720 neumam,
3276 1656 3338 1706 ut
3359 1651 3574 1707 eodem

1852 1760 1891 1812 Β
1922 1741 2103 1796 modo
2129 1741 2262 1796 ﬁnis
2306 1757 2538 1796 neumae
2566 1741 2718 1796 bene
2763 1741 3053 1811 jungatur
3106 1758 3243 1796 cum
3281 1741 3574 1814 principio

1920 1831 2048 1900 ejus
2074 1830 2398 1902 particulae,
2424 1848 2556 1903 quae
2591 1830 2666 1885 ab
2697 1830 2910 1885 eadem
2936 1829 3142 1902 incipit
3167 1847 3326 1898 voce,
3360 1830 3420 1885 in
3449 1847 3574 1903 qua

1919 1936 2143 1975 neuma
2170 1920 2337 1974 ﬁnita
2365 1924 2470 1974 est.
2508 1923 2656 1988 Ergo
2688 1923 2752 1973 ut
2794 1919 3095 1974 inauditos
3145 1924 3378 1986 cantus,
3431 1936 3574 1975 mox

1923 2015 1986 2065 ut
2010 2010 2336 2081 descriptos
2390 2009 2626 2077 videris,
2681 2013 3085 2079 competenter
3131 2009 3420 2076 enunties,
3471 2012 3576 2064 aut

1921 2095 2315 2169 indescriptos
2345 2098 2596 2153 audiens
2621 2097 2737 2152 cito
2758 2097 3184 2153 describendos
3201 2098 3352 2154 bene
3377 2099 3576 2171 possis

1921 2187 2276 2254 discernere,
2308 2188 2494 2260 optim
2523 2192 2576 2243 te
2599 2187 2838 2258 juvabit
2865 2187 2993 2242 haec
3023 2189 3250 2258 regula.

1993 2297 2213 2352 Deinde
2243 2312 2350 2369 per
2379 2296 2644 2366 singulos
2672 2311 2852 2350 sonos
2875 2295 3258 2352 brevissimas
3281 2296 3576 2369 subposui

1924 2386 2338 2458 symphonias,
2397 2402 2656 2458 quarum
2709 2385 3032 2458 particulas
3078 2402 3217 2441 cum
3266 2386 3578 2455 diligenter

1923 2475 2273 2546 inspexeris,
2351 2475 2822 2546 uniuscujusque
2871 2474 3032 2529 vocis
3077 2491 3288 2531 omnes
3342 2475 3577 2546 deposi-

1923 2565 2111 2619 tiones
2151 2569 2207 2618 et
2257 2564 2613 2618 elevationes
2665 2579 2770 2635 per
2824 2563 3097 2618 ordinem
3153 2564 3214 2619 in
3270 2564 3576 2637 principiis

1921 2653 2192 2726 ipsarum
2248 2652 2675 2725 particularum
2734 2652 3023 2722 gaudebis
3071 2657 3125 2708 te
3180 2653 3465 2708 invenire.
3519 2652 3576 2709 Si

1923 2747 2123 2798 autem
2148 2743 2262 2797 hoc
2292 2747 2577 2798 attentare
2608 2741 2893 2813 potueris,
2928 2747 2991 2797 ut
3022 2741 3199 2797 unius
3231 2747 3287 2797 et
3337 2741 3576 2798 alterius

1923 2831 2297 2904 symphonia:
2324 2830 2621 2902 quaslibet
2658 2830 2912 2886 volueris
2939 2830 3261 2902 particulas
3306 2830 3577 2886 module-

1923 2922 2022 2991 λὶς,
2055 2921 2328 2977 omnium
2353 2937 2710 2976 neumarum
2739 2919 3008 2975 difﬁciles
3032 2921 3207 2976 valde
3229 2925 3406 2993 atque
3432 2920 3580 2975 mul-

1924 3011 2147 3084 tiplices
2175 3010 2482 3066 varietates
2513 3009 2868 3065 brevissima
2894 3014 2948 3065 et
2981 3009 3137 3065 facili
3183 3009 3389 3079 regula
3431 3009 3580 3065 didi-

1853 3113 1896 3171 c
1925 3101 2074 3157 cisti.
2101 3104 2242 3166 Qum
2273 3099 2477 3155 omnia
2501 3116 2640 3154 cum
2671 3099 2765 3154 vix
2805 3099 3010 3154 litteris
3054 3103 3356 3172 utcunque
3396 3099 3578 3169 signi-

1923 3189 2194 3256 ﬁcemus,
2228 3189 2383 3245 facili
2414 3193 2644 3244 tantum
2671 3187 2967 3261 colloquio
2998 3188 3401 3244 denudamus.

1997 3299 2155 3354 Sicut
2186 3299 2243 3352 in
2292 3296 2457 3353 omni
2506 3296 2796 3368 scriptura
2824 3312 2898 3350 xx
2932 3300 2988 3351 et
3017 3313 3073 3351 1v
3110 3295 3350 3368 litteras,
3399 3296 3480 3351 ita
3517 3295 3581 3352 in

1921 3388 2087 3444 omni
2119 3391 2298 3442 cantu
2331 3391 2560 3457 septem
2591 3391 2822 3442 tantum
2855 3385 3151 3440 habemus
3182 3402 3376 3440 voces.
3429 3388 3580 3440 Nam

1923 3477 2073 3532 sicut
2102 3480 2328 3546 septem
2355 3475 2480 3528 dies
2514 3473 2572 3528 in
2604 3472 3009 3538 hebdomada,
3051 3472 3133 3527 ita
3163 3477 3388 3543 septem
3441 3476 3582 3528 sunt

1921 3581 2098 3620 voces
2136 3564 2197 3617 in
2238 3561 2484 3616 musica.
2537 3560 2679 3614 Aliae
2728 3576 2888 3630 vero,
2931 3575 3066 3630 quae
3115 3576 3296 3631 super
3347 3564 3578 3631 septem

1923 3654 2353 3723 adjunguntur,
2383 3649 2609 3704 eaedem
2640 3653 2795 3714 sunt,
2829 3652 2884 3702 et
2931 3663 3037 3718 per
3063 3647 3266 3703 omnia
3312 3647 3580 3703 similiter

1921 3745 2147 3798 canunt
2174 3740 2234 3794 in
2264 3737 2427 3793 nullo
2459 3736 2799 3804 dissimiles,
2830 3735 2941 3790 nisi
2980 3735 3145 3807 quod
3174 3735 3347 3790 altius
3380 3735 3578 3807 dupli-

1921 3832 2062 3886 citer
2089 3831 2323 3882 sonant.
2360 3825 2616 3896 Ideoque
2645 3829 2871 3896 septem
2915 3822 3170 3878 dicimus
3214 3839 3445 3893 graves,
3493 3839 3581 3878 se-

1921 3925 2084 3992 ptem
2113 3931 2253 3972 vero
2283 3930 2568 3970 vocamus
2594 3917 2820 3968 acutas.
2860 3914 3094 3984 Septem
3144 3917 3344 3968 autem
3374 3912 3578 3968 litterae

1921 4025 2044 4065 non
2083 4005 2414 4080 dupliciter,
2462 4003 2569 4060 sed
2619 4001 2983 4059 dissimiliter
3029 4001 3421 4074 designantur
3465 4003 3581 4059 hoc

1919 4097 2104 4154 modo
2139 4114 2150 4152 :

1922 4181 3162 4283 RAECDEFGahcdefsii’ZS

1995 4313 2105 4379 Qui
2135 4328 2276 4368 vero
2297 4308 2782 4366 monochordum
2813 4305 3114 4362 desiderat
3133 4305 3346 4376 facere,
3364 4307 3420 4360 et
3439 4319 3584 4376 qua-

1924 4401 2116 4458 litates
2143 4406 2198 4457 et
2235 4397 2614 4472 quantitates,
2643 4394 3056 4452 similitudines
3083 4399 3140 4449 et
3159 4390 3584 4448 dissimilitudi-

1925 4507 2033 4546 nes
2061 4504 2346 4544 sonorum
2378 4490 2753 4551 tonorumve,
2786 4483 3140 4550 discernere,
3164 4481 3579 4553 paucissimas,

1925 4597 2078 4654 quas
2093 4576 2476 4648 subjecimus,
2493 4572 2729 4642 regulas
2749 4587 3129 4642 summopere
3154 4569 3392 4625 studeat
3411 4568 3582 4623 intel-

1926 4685 2081 4742 gere.
2108 4671 2169 4722 In
2196 4661 2608 4722 monochordo
2640 4665 2839 4717 autem
2869 4659 2993 4714 istis
3037 4658 3242 4714 litteris
3275 4657 3369 4712 vel
3419 4673 3585 4713 men-

1927 4757 2078 4814 suris
2099 4756 2497 4828 disponuntur
2516 4752 2642 4823 (33).
2662 4757 2991 4820 I‘graacum,
3006 4748 3118 4803 hoc
3133 4750 3223 4803 est
3246 4750 3286 4802 G
3311 4746 3584 4802 Latinum

1924 4861 2082 4920 pone
2103 4845 2164 4900 in
2195 4843 2406 4916 capite.
2437 4843 2501 4896 Et
2526 4839 2663 4894 inde
2693 4837 2982 4910 incipiens
2998 4840 3183 4893 totam
3199 4834 3586 4907 lineam,quze

1926 4935 2164 4992 sonanti
2193 4931 2431 4990 chorda:
2455 4930 2742 5001 subjacet,
2777 4943 2881 5000 per
2902 4942 3121 4982 novem
3144 4928 3345 4998 partes
3368 4924 3588 4980 studio-

1926 5024 2157 5081 sissime
2181 5021 2402 5087 divide,
2431 5023 2487 5076 et
2501 5017 2606 5075 ubi
2628 5017 2822 5090 prima
2842 5031 2982 5089 pars
3005 5013 3206 5070 fecerit
3225 5013 3406 5068 ﬁnem
3415 5013 3591 5084 juxta

1928 5117 2180 5171 Gemma
2198 5111 2459 5184 primam
2479 5108 2734 5163 litteram
2752 5121 2907 5178 pone
2930 5108 2994 5159 A.
3030 5103 3118 5159 Ab
3145 5103 3278 5175 ipsa
3308 5101 3505 5175 prima
3518 5101 3590 5158 si-

1926 5201 2141 5259 militer
2169 5215 2361 5273 usque
2387 5197 2466 5253 ab
2489 5195 2673 5252 ﬁnem
2698 5192 2916 5267 partire
2943 5209 3050 5264 per
3094 5207 3336 5261 novem,
3386 5194 3443 5246 et
3484 5189 3592 5246 ubi

1926 5293 2122 5366 prima
2141 5305 2281 5363 pars
2303 5289 2485 5344 ﬁnem
2502 5284 2722 5354 fecerit,
2746 5282 3076 5339 secundam
3101 5285 3160 5338 B.
3178 5281 3438 5338 litteram
3455 5281 3592 5353 jun-

1929 5397 2020 5453 ge.
2047 5383 2181 5436 Post
2196 5380 2322 5434 haec
2344 5376 2423 5432 ad
2455 5382 2490 5428 Γ
2505 5377 2824 5442 revertens,
2849 5370 2928 5428 ab
2948 5371 3083 5444 ipsa
3106 5388 3298 5445 usque
3314 5370 3393 5428 ad
3408 5370 3596 5427 ﬁnem

1927 5471 2126 5527 divide
2156 5486 2262 5543 per
2287 5472 2545 5540 quatuor
2573 5469 2792 5538 partes,
2814 5461 2951 5518 etin
2974 5463 3188 5535 prima:
3209 5462 3394 5535 partis
3412 5461 3597 5517 ﬁnem

1930 5561 2165 5618 tertiam
2205 5563 2244 5614 C
2269 5573 2425 5630 pone
2461 5574 2474 5612 :
2513 5555 2778 5610 similiter
2821 5569 2857 5608 a
2906 5553 3120 5624 prima.
3157 5558 3201 5608 Α
3246 5552 3444 5609 divide
3492 5568 3600 5624 per

1895 5731 2120 5792 Odonis
2151 5729 2386 5789 abbatis
2412 5728 2744 5801 (Patrolog.
2771 5727 3062 5798 CXXXIII).

3109 5831 3169 5882 14
