3904 6398
457 244 560 295 427

1840 234 2171 295 GUIDONIS
2206 233 2486 292 ABETlNl
3809 241 3888 293 42!

455 367 737 435 quatuor,
777 368 836 420 et
858 364 1123 421 similiter
1146 364 1415 434 signabis
1445 368 1722 437 quartam
1769 364 1833 417 D.
1888 361 2111 417 Eodem
2140 360 2188 412 Α
2224 358 2385 415 ciunt
2415 359 2634 419 similes
2664 377 2843 417 sonos
2870 364 2926 416 et
2954 359 3281 415 concordes
3306 375 3587 426 neumas,
3612 360 3687 416 in
3712 378 3883 434 quan

457 454 641 509 modo
672 453 823 510 sicut
852 471 989 509 cum
1014 455 1209 527 prima
1233 455 1475 511 inventa
1495 460 1585 510 est
1612 458 1847 527 quarta,
1869 454 1952 507 ita
1972 467 2112 506 cum
2222 453 2348 504 tum
2397 450 2660 509 similiter
2704 452 3040 506 elevantum
3090 450 3182 505 vel
3228 450 3623 523 deponuntur
3679 469 3888 508 secun-

456 542 720 599 secunda
749 542 1015 598 invenies
1042 546 1080 597 E
1110 543 1406 615 quintam,
1435 548 1492 599 et
1521 560 1657 599 cum
1691 542 1858 603 tertia
1905 544 1943 597 Ρ
1981 557 2109 595 sex-

454 633 599 696 tam,
631 636 849 686 etcum
878 636 1095 703 quarta
1126 634 1189 687 (ἓ.
1226 633 1562 704 septimam.
1608 632 1825 687 Deinde
1871 630 2106 686 rediens

453 720 532 775 ad
557 721 815 793 primam
847 726 893 776 A
925 722 1002 777 ab
1031 722 1166 794 ipsa
1208 737 1399 794 usque
1430 723 1507 779 ad
1557 723 1740 777 ﬁnem
1795 721 1857 776 in
1907 720 2105 776 medio

450 808 643 881 spatio
669 810 938 866 invenies
964 811 1213 867 alteram
1235 812 1493 884 primam
1519 830 1576 881 a,
1600 816 1655 867 et
1679 811 1945 866 similiter
1964 827 2103 866 cum

456 900 726 955 secunda
776 900 1037 957 invenies
1086 902 1329 961 alteram
1381 902 1711 958 secundam
1762 901 1821 969 b,
1869 906 2100 956 etcum

447 989 616 1045 tertia
644 990 875 1047 tertiam
906 1006 956 1059 c,
989 991 1069 1046 sic
1096 996 1152 1051 et
1179 991 1253 1049 de
1283 992 1525 1064 reliquis
1555 992 1632 1048 ad
1664 990 1945 1053 eumdem
1977 1006 2101 1044 mo-

445 1077 593 1133 dum
622 1094 730 1151 per
754 1078 1067 1152 diapason.
1101 1083 1165 1134 Et
1193 1084 1258 1135 ut
1286 1080 1360 1135 de
1389 1080 1676 1136 divisione
1705 1078 2099 1135 monoehordi

441 1166 503 1222 in
534 1167 742 1239 paucis
778 1168 965 1223 multa
989 1167 1417 1237 constringam,
1461 1185 1672 1224 omnes
1712 1169 1832 1224 toni
1882 1183 2097 1223 novem

441 1257 522 1312 ad
549 1257 731 1313 ﬁnem
756 1258 1038 1330 passibus
1068 1264 1329 1314 currunt.
1362 1259 1741 1315 Diatessaron
1771 1273 1912 1314 vero
1939 1274 2094 1313 sem-

438 1360 547 1417 per
572 1351 830 1417 quatuor
862 1361 1081 1418 passus
1110 1347 1267 1414 facit,
1299 1347 1579 1420 diapente
1618 1353 1753 1413 tres,
1786 1352 1843 1403 et
1889 1347 2095 1419 diapa-

438 1448 547 1487 son
573 1433 746 1504 duos,
772 1435 915 1506 quia
948 1435 1041 1493 his
1073 1439 1304 1492 tantum
1335 1442 1594 1508 quatuor
1620 1436 1946 1491 dividimus
1970 1452 2096 1491 mo-

436 1522 548 1579 dis.
581 1524 805 1579 Deinde
830 1528 989 1591 nota,
1024 1525 1187 1596 quod
1228 1525 1378 1580 inter
1405 1526 1732 1581 secundam
1764 1530 1819 1581 et
1860 1525 2093 1582 tertiam

434 1612 528 1666 vel
578 1612 730 1668 inter
772 1614 1045 1685 quintam
1096 1619 1152 1669 et
1207 1620 1434 1670 sextam
1493 1615 1853 1687 parvissima
1906 1615 2093 1686 spatia

433 1699 599 1770 ﬁant,
650 1716 787 1772 quia
836 1701 1153 1757 semitonia
1205 1707 1526 1769 vocantur;
1572 1703 1720 1757 inter
1757 1702 1906 1758 alias
1954 1719 2091 1759 vero

431 1804 610 1844 voces
641 1790 872 1859 majora
896 1790 1207 1845 intervalla
1232 1791 1402 1861 fiunt,
1426 1796 1481 1845 et
1509 1791 1788 1847 dicuntur
1817 1791 1939 1861 toni
1971 1796 2017 1847 A
2046 1797 2086 1849 t.

435 1881 1284 1935 Bs.Ct.Dt.Es.F.t.Gt.

502 1970 839 2036 Iunguntur
892 1968 969 2024 ad
1028 1984 1091 2023 se
1146 1969 1401 2028 invicem
1464 1984 1639 2023 voces
1707 1984 1808 2025 sex
1872 1968 2086 2035 modis,

436 2061 598 2128 tono,
631 2057 964 2126 semitonio,
1005 2058 1231 2125 ditono,
1266 2058 1643 2127 semiditono,
1690 2058 2085 2127 diatessaron,

431 2146 725 2218 diapente.
760 2148 839 2202 De
876 2152 1017 2203 tono
1074 2152 1276 2203 autem
1320 2152 1377 2202 et
1415 2147 1728 2203 semilonio
1780 2162 1963 2218 supra
2004 2146 2090 2201 di-

430 2236 648 2295 ximus.
683 2237 925 2292 Ditonus
962 2242 1165 2295 autem
1212 2242 1319 2307 est,
1366 2237 1514 2295 dum
1543 2237 1693 2297 inter
1722 2237 1875 2297 duas
1913 2253 2086 2294 voces

432 2325 557 2383 duo
586 2330 721 2387 sunt
750 2326 893 2395 toni,
928 2332 992 2384 ut
1018 2327 1167 2385 inter
1214 2326 1448 2387 tertiam
1478 2330 1534 2383 et
1563 2326 1857 2399 quintam,
1902 2330 1959 2383 et
2002 2342 2087 2382 re-

431 2414 513 2486 liq
522 2432 645 2472 uas.

505 2503 903 2564 Semiditonus
934 2508 1135 2567 autem
1176 2504 1410 2571 dicitur,
1460 2504 1603 2576 quia
1646 2504 1842 2561 minor
1880 2508 1965 2560 est
2003 2504 2088 2561 di-

432 2596 593 2659 tono,
622 2608 761 2649 cum
784 2592 935 2655 inter
959 2592 1112 2650 duas
1145 2592 1375 2665 aliquas
1396 2609 1575 2648 voces
1608 2598 1695 2649 est
1722 2610 1879 2648 unus
1911 2598 2085 2649 tonus

430 2686 485 2741 et
514 2697 702 2739 unum
735 2672 1139 2751 semitonium,
1172 2685 1214 2738 Ι)
1249 2690 1285 2739 t.
1323 2685 1360 2737 E
1392 2700 1437 2737 s.
1477 2686 1531 2738 F.
1563 2682 1940 2741 Diatessaron
1984 2698 2080 2739 au-

430 2773 549 2829 tem
580 2770 792 2828 dicitiu’
821 2772 892 2828 de
919 2777 1196 2841 quatuor,
1231 2787 1366 2827 cum
1396 2771 1544 2829 inter
1573 2771 1843 2843 aliquam
1872 2787 2084 2829 vocem

429 2863 487 2919 et
512 2863 789 2931 quartam
812 2876 848 2917 a
869 2875 931 2917 se
950 2859 1073 2915 duo
1092 2864 1227 2919 sunt
1249 2860 1391 2927 toni,
1410 2864 1466 2916 et
1486 2876 1675 2923 unum
1700 2860 2083 2916 semitonium

430 2952 474 3003 Ι)
506 2952 546 3002 t.
582 2951 620 3002 E
648 2966 694 3003 s.
725 2949 766 3003 F
798 2952 834 3003 t.
870 2950 931 3007 G.
967 2949 1251 3019 Diapente
1279 2949 1493 3004 dicitur
1523 2950 1594 3005 de
1622 2951 1900 3020 quinque,
1941 2966 2082 3006 cum

428 3036 579 3092 inter
620 3035 888 3107 aliquam
929 3052 1136 3097 vocem
1178 3040 1234 3095 et
1279 3036 1553 3108 quintam
1598 3054 1635 3093 a
1681 3054 1742 3094 se
1786 3042 1901 3094 tres
1943 3043 2121 3108 sunt;

429 3124 573 3191 toni,
603 3129 658 3183 et
686 3139 874 3185 unum
915 3123 1314 3181 semitonium.
1373 3128 1418 3180 Ι)
1448 3129 1486 3181 t.
1519 3129 1557 3181 Ε
1598 3144 1643 3181 s.
1678 3129 1720 3180 F
1767 3132 1805 3183 t.
1858 3130 1899 3182 G
1945 3131 1982 3183 t.
2021 3144 2076 3187 ει.

428 3214 557 3275 Non,
606 3210 794 3280 aliter,
843 3226 1029 3289 quam
1077 3212 1167 3267 his
1212 3230 1314 3269 sex
1359 3213 1575 3281 modis,
1629 3230 1805 3271 voces
1856 3215 2078 3287 junctae

427 3298 795 3363 concordant
839 3300 931 3356 vel
959 3306 1312 3369 moventur;
1359 3307 1537 3376 atque
1571 3303 1628 3359 hi
1660 3303 1938 3360 dicuntur
1976 3322 2079 3360 sex

426 3391 626 3447 motus
669 3405 909 3457 vocum,
942 3389 1163 3461 quibus
1193 3389 1272 3446 ad
1322 3407 1382 3445 se
1425 3391 1679 3447 invicem
1728 3408 1900 3447 voces
1941 3408 2078 3448 con-

425 3477 675 3539 cordant
711 3478 804 3535 vel
851 3484 1185 3537 moventur.
1236 3482 1315 3536 Ea
1361 3496 1501 3536 vero
1547 3481 1887 3551 concordia,
1941 3498 2076 3555 quae

424 3572 513 3624 est
568 3566 719 3622 inter
769 3583 1015 3637 gravem
1068 3568 1333 3642 aliquam
1388 3568 1643 3631 litteram
1690 3574 1747 3626 et
1798 3570 2076 3631 eamdem

422 3660 682 3723 acutam,
730 3656 879 3713 sicut
905 3672 940 3713 a
965 3657 1160 3730 prima
1189 3658 1249 3714 in
1282 3658 1560 3733 primam,
1605 3659 1699 3715 vel
1729 3675 1765 3715 a
1812 3659 2077 3717 secunda

420 3745 482 3809 in,
525 3745 875 3811 secundam,
928 3745 1225 3818 diapason
1267 3747 1502 3817 dicitur,
1548 3747 1610 3803 id
1648 3754 1735 3803 est
1776 3749 1848 3805 de
1894 3750 2077 3805 omni-

424 3833 566 3891 bus:
595 3832 775 3893 habet
798 3832 957 3889 enim
997 3850 1206 3891 omnes
1254 3851 1450 3905 voces,
1496 3839 1551 3891 et
1594 3840 1765 3892 tonos
1807 3836 2074 3915 quinque

423 3935 564 3981 cum
615 3919 853 3983 duobus
898 3921 1253 3991 semitoniis,
1307 3924 1421 3978 hoc
1472 3928 1582 3994 est,
1619 3925 1989 3985 diatessaron
2020 3930 2077 3987 et

423 4005 721 4077 diapente.
755 4010 886 4062 Hinc
916 4008 1211 4081 diapason
1255 4010 1315 4065 in
1352 4015 1587 4067 tantum
1636 4014 1961 4071 concordes
1992 4014 2074 4075 fa.-

424 4093 501 4149 cit
526 4109 723 4162 voces,
756 4099 821 4151 ut
844 4111 968 4160 non
986 4113 1087 4155 eas
1107 4097 1383 4154 dicamus
1403 4099 1645 4167 similes,
1675 4101 1780 4156 sed
1809 4102 2069 4159 easdem.

425 4184 647 4239 Omnes
677 4188 879 4241 autem
902 4200 1080 4242 voces
1111 4186 1173 4243 in
1204 4190 1435 4245 tantum
1464 4193 1602 4245 sunt
1630 4188 1871 4257 similes,
1903 4195 1959 4245 et
1987 4191 2074 4248 fa-

2216 536 2365 592 dum
2421 539 2856 612 depositionem
2920 544 3201 594 tonorum
3255 545 3311 594 et
3366 540 3887 597 semitoniorum:

2214 630 2426 698 utputa
2454 629 2651 700 prima
2678 645 2793 684 vox
2821 632 2867 682 Α
2898 633 2952 683 et
2980 633 3194 699 quarta
3241 631 3281 683 D
3330 628 3556 684 similes
3607 636 3675 685 et
3719 633 3888 686 unius

2212 716 2379 771 modi
2408 717 2706 786 dicuntur,
2738 717 2841 789 qui
2870 723 3121 788 utraque
3164 717 3226 772 in
3255 717 3643 789 depositione
3680 724 3888 779 tonum

2211 803 2271 861 in
2302 805 2631 863 elevatione
2653 822 2794 861 vero
2825 806 3051 861 habent
3080 811 3288 860 tonum
3318 811 3374 862 et
3404 808 3815 865 semitonium
3842 818 3888 864 et

2209 892 2364 949 duos
2416 900 2609 951 tonos.
2654 901 2841 968 Atque
2888 897 3013 951 haec
3059 902 3149 951 est
3194 896 3390 967 prima
3438 897 3793 957 similitudo
3831 899 3883 954 in

2207 983 2478 1052 vocibus,
2509 986 2623 1041 hoc
2650 989 2757 1051 est,
2790 984 3021 1056 primus
3046 984 3283 1040 modus.

2280 1074 2589 1129 Secundus
2614 1074 2833 1130 modus
2863 1079 2952 1129 est
2993 1074 3053 1129 in
3085 1074 3351 1130 secunda
3380 1077 3421 1129 Β
3448 1080 3507 1131 et
3554 1076 3625 1131 in
3675 1078 3877 1150 quinta

2205 1163 2266 1217 E.
2291 1162 2524 1221 Habent
2540 1163 2701 1219 enim
2730 1168 2982 1235 utraque
3004 1163 3064 1219 in
3094 1163 3467 1235 depositione
3490 1164 3660 1222 duos
3684 1172 3879 1235 tonos,

2202 1251 2264 1307 in
2292 1252 2620 1309 elevatione
2636 1253 3029 1309 semitonium.
3043 1254 3263 1310 etduos
3278 1258 3475 1309 tonos.
3498 1256 3743 1312 Tertius
3761 1273 3882 1313 mo-

2202 1340 2317 1407 dus
2364 1347 2451 1397 est
2479 1341 2542 1397 in
2572 1342 2740 1398 tertia
2780 1346 2819 1399 C
2849 1347 2905 1398 et
2932 1342 2993 1397 in
3026 1347 3194 1397 sexta
3223 1344 3300 1409 F;
3352 1343 3556 1399 ambae
3590 1346 3760 1403 enim
3792 1363 3882 1400 se-

2201 1430 2450 1486 mitonio
2480 1435 2535 1485 et
2563 1431 2803 1487 duobus
2836 1430 2988 1486 tonis
3019 1431 3413 1498 descendunt,
3447 1431 3705 1491 duobus
3737 1451 3879 1489 vero

2201 1520 2355 1573 tonis
2394 1519 2744 1575 ascendunt.
2799 1520 2936 1577 Sola
2981 1536 3122 1575 vero
3176 1520 3433 1592 septima
3481 1523 3527 1577 G
3583 1529 3879 1595 quartum

2200 1608 2452 1663 modum
2478 1608 2634 1675 facit,
2674 1625 2810 1680 quis
2840 1609 2901 1664 in
2929 1609 3300 1682 depositione
3351 1627 3547 1666 unum
3578 1615 3795 1668 tonum
3821 1621 3873 1669 et

2131 1715 2171 1769 Β
2203 1696 2584 1754 semitonium
2610 1702 2665 1753 et
2693 1698 2847 1753 duos
2870 1703 3066 1765 tonos,
3099 1698 3162 1753 in
3189 1698 3524 1756 elevatione
3545 1716 3689 1757 vero
3717 1702 3873 1758 duOs

2199 1787 2380 1842 habet
2407 1791 2582 1843 tonos
2614 1792 2670 1843 et
2700 1788 3103 1843 semitonium.

2270 1878 2337 1931 Et
2363 1875 2466 1947 qui
2495 1876 2669 1948 plene
2700 1876 2998 1933 exercitati
3028 1881 3167 1933 sunt
3189 1876 3251 1933 in
3281 1878 3398 1935 hac
3428 1883 3567 1945 arte,
3601 1886 3879 1951 possunt

2200 1965 2717 2037 unamquamlibet
2743 1967 3173 2038 symphoniam
3214 1968 3549 2023 secundum
3570 1968 3685 2024 hos
3716 1985 3880 2041 qua-

2197 2058 2331 2111 tuor
2360 2056 2587 2111 variare
2615 2056 2853 2122 modos,
2882 2062 3111 2127 utputa,
3129 2056 3324 2129 siquis
3350 2073 3537 2114 unam
3567 2060 3873 2131 sympho-

2195 2143 2360 2198 niam
2386 2144 2649 2216 primum
2675 2146 2736 2199 in
2769 2162 2911 2200 voce
2942 2148 3137 2216 prima
3165 2153 3233 2216 A,
3262 2152 3317 2202 et
3340 2152 3551 2219 postea
3579 2149 3872 2204 eamdem

2193 2231 2438 2304 incipiat
2465 2233 2526 2288 in
2551 2250 2695 2289 voce
2723 2234 3010 2305 secunda,
3034 2236 3324 2291 dehincin
3338 2237 3526 2292 tertia.
3553 2240 3619 2292 Et
3650 2255 3867 2293 secun-

2194 2321 2343 2377 dum
2371 2322 2536 2394 quod
2564 2324 2711 2394 ipsae
2761 2341 2938 2379 voces
2963 2324 3264 2381 diversam
3304 2326 3531 2382 habent
3575 2332 3868 2383 tonorum

2195 2414 2252 2465 et
2298 2412 2748 2467 semitoniorum
2789 2414 3166 2484 positionem,
3197 2414 3282 2470 sic
3310 2416 3490 2471 variis
3514 2417 3722 2472 modis
3771 2434 3865 2472 se-

2194 2500 2463 2556 cundum
2524 2500 2997 2574 uniuscujusque
3054 2504 3478 2575 proprietatem
3533 2521 3677 2561 eam
3728 2523 3871 2578 pro.

2193 2589 2442 2644 nuntiet.
2501 2590 2673 2655 Quod
2720 2591 2968 2663 quidem
3014 2591 3209 2649 facere
3244 2592 3417 2649 valde
3450 2600 3540 2649 est
3592 2595 3762 2663 utile,
3815 2602 3870 2651 et

2196 2678 2367 2735 valde
2397 2680 2586 2750 facile,
2620 2680 2733 2735 hoc
2772 2681 2956 2737 modo
2991 2699 3003 2736 :
3420 2728 3423 2731 .

2499 2771 2723 2827 DFG
2823 2774 3493 2828 GGGGaFED

2474 2863 2557 2915 Tu
2585 2861 2768 2916 Patris
2799 2862 3194 2933 sempiternus
3224 2878 3287 2915 es
3322 2861 3521 2918 Filius.

2497 2968 2716 3021 EGa
2816 2981 2852 3021 a
2941 2944 3473 3057 aaajqers

2472 3074 2554 3128 Tu
2583 3074 2764 3128 Patris
2797 3072 3192 3146 sempiternus
3218 3090 3278 3129 es
3309 3072 3507 3130 Filius.

2495 3181 2534 3234 ιτ
2607 3168 2737 3259 ειη
2819 3168 2879 3269 ba
2961 3164 3256 3272 anno
3319 3183 3478 3243 aer

2468 3290 2553 3345 Tu
2581 3286 2765 3345 Patris
2796 3287 3190 3359 sempiternus
3221 3303 3284 3343 es
3315 3287 3509 3347 Filius.

2493 3383 2717 3476 (She
2826 3393 3486 3450 ccccdbaG

2468 3502 2549 3555 Tu
2576 3500 2760 3555 Patris
2788 3501 3185 3573 sempiternus
3214 3518 3278 3557 es
3311 3502 3504 3557 Filius.

2258 3586 2437 3656 Igitur
2464 3589 2693 3643 curiose
2723 3594 2811 3645 est
2848 3590 3281 3645 intendendum
3326 3590 3402 3645 de
3444 3592 3615 3647 omni
3667 3593 3847 3659 melo,

2184 3677 2518 3732 secundum
2548 3679 2892 3748 cujusmodi
2922 3680 3341 3751 proprietatem
3375 3685 3566 3748 sonet,
3624 3681 3763 3737 sive
3794 3683 3848 3736 in

2183 3764 2477 3837 principio
2504 3766 2624 3821 sive
2650 3766 2711 3821 in
2740 3766 2879 3838 ﬁne,
2911 3768 3193 3839 quamvis
3223 3767 3296 3823 de
3328 3768 3453 3822 solo
3492 3767 3619 3824 ﬁne
3650 3771 3847 3827 dicere

2185 3854 2504 3910 soleamus.
2547 3857 2835 3921 Quendam
2882 3863 3081 3913 autem
3122 3872 3353 3913 neumae
3383 3862 3638 3930 reperta:
3692 3865 3847 3924 sunt,

2182 3958 2445 4015 quarum
2499 3946 2829 4018 aptitudine
2883 3947 2999 4003 hoc
3057 3947 3318 4002 solemus
3377 3947 3711 4021 advertere,
3765 3953 3846 4003 ut-

2182 4037 2322 4104 Ροῐθ
2347 4051 2360 4100 ;

1203 4454 1241 4494 a
1348 4452 1387 4495 a
1495 4453 1533 4495 a
1640 4437 1684 4489 F
2138 4444 2143 4453 ‘
2327 4445 2491 4533 GFF

1203 4512 1243 4533 'n
1594 4507 1971 4533 (‘DI‘DD
2046 4508 2139 4533 nn
2251 4513 2289 4533 rs
2430 4516 2468 4533 ιη

1202 4512 1246 4567 D
1592 4507 1973 4567 GEGFE
2046 4507 2471 4571 DDnFuE
2738 4517 2780 4569 F

1164 4547 1429 4645 Primum
1466 4547 1720 4654 quce‘i'it-e
1758 4547 2012 4647 ragn'u‘in
2172 4547 2213 4603 θ
2251 4547 2278 4571 τ
2430 4547 2471 4571 u
2674 4588 2714 4640 E
2738 4547 2844 4712 ιίξ)

2164 4741 2209 4793 F

1201 4790 1534 4891 9‘09“)
1611 4807 1703 4891 Dr
1768 4808 1939 4891 om:
2009 4790 2414 4891 Εχεῐωρ-
2528 4818 2804 4891 “aliis
3047 4820 3084 4873 ι’

1203 4850 1548 4939 gemini-um
1998 4850 2091 4936 est
2310 4850 2349 4902 Ε
2379 4886 2422 4943 D
2454 4921 2494 4972 Ο
2527 4887 2571 4940 Ι)
2598 4851 2637 4904 Ε
2662 4850 2749 4942 ll)“
2769 4889 2809 4942 E
2834 4924 2881 4977 υ
2899 4959 2939 5011 C
2968 4926 3012 4979 Β

415 5144 575 5241 ρυὲι
601 5140 761 5241 enim
792 5143 956 5241 ﬁnito
985 5144 1186 5241 aliquo
1215 5151 1394 5241 cantu
1431 5149 1591 5204 hanc
1611 5165 1896 5211 neumam
1937 5154 2066 5225 ejus
2095 5169 2137 5221 ι)
2177 5157 2295 5225 nia,
2330 5174 2464 5230 quae
2484 5160 2547 5215 in
2578 5161 2790 5217 eodem
2816 5178 2965 5218 sono
2996 5164 3219 5236 incipit,
3239 5166 3373 5223 hth
3392 5169 3627 5241 posssit

409 5226 481 5282 in
514 5220 632 5311 fine
661 5225 813 5284 bene
842 5230 1058 5288 videris
1084 5235 1422 5305 convenire,
1472 5237 1672 5292 statim
1722 5220 2065 5311 cognosces,

406 5307 568 5387 quia
597 5320 807 5404 cantus
837 5318 933 5372 ille
960 5320 1159 5378 ﬁnitus
1190 5324 1263 5379 sit
1285 5324 1347 5379 in
1381 5325 1576 5397 primo
1615 5307 1818 5398 modo,
1848 5334 1906 5385 et
1951 5307 2068 5404 pri.

402 5411 528 5461 m0
552 5398 642 5452 Vel
668 5411 885 5473 quarto
908 5422 1092 5480 sono;
1119 5412 1262 5484 quia
1286 5413 1347 5469 in
1375 5414 1467 5478 his
1496 5414 1736 5473 duobus
1771 5418 1930 5473 sonis
1953 5398 2069 5491 pria

398 5499 562 5548 mus
590 5493 675 5544 est
707 5494 943 5550 modus.

484 5570 624 5629 Sola
654 5586 851 5637 autem
876 5582 989 5638 hac
1020 5602 1237 5644 neuma
1266 5590 1525 5645 solemus
1566 5591 1827 5662 primum
1859 5599 2066 5651 tonum

389 5664 776 5739 discernere,
790 5673 1067 5744 quamvis
1084 5692 1217 5732 cum
1233 5679 1348 5735 alia
1365 5680 1771 5752 qualicunque
1785 5686 2070 5756 sympho‘

2175 5250 2281 5313 ter,
2301 5252 2357 5303 et
2375 5248 2704 5321 aliquando
2720 5251 2933 5307 melius
2955 5252 3100 5308 ﬁeri.
3117 5254 3302 5325 Cujus
3312 5256 3477 5314 enim
3499 5257 3671 5315 modi
3687 5267 3825 5326 sym-

2173 5333 2410 5405 phoniis
2425 5337 2705 5409 quaelibet
2728 5340 3090 5413 symphonia
3102 5346 3366 5415 aptatur,
3384 5347 3520 5416 ejus
3531 5344 3704 5404 modi
3713 5354 3823 5398 esse

2174 5425 2552 5492 cognoscitur
2574 5445 2586 5481 :
2609 5426 2813 5499 sicque
2834 5429 3128 5499 intelligis,
3143 5446 3223 5486 an
3234 5431 3391 5488 bene
3413 5434 3688 5507 aliquam
3704 5442 3820 5486 neu-

2174 5526 2339 5565 mam
2366 5516 2736 5584 pronunties,
2771 5534 2910 5571 cum
2935 5534 3069 5572 eam
3086 5519 3394 5588 ejusmodi
3435 5518 3817 5597 symphoniisy

2174 5598 2235 5654 in
2264 5603 2593 5691 quomodo
2616 5610 2818 5661 notata
2835 5606 3027 5676 fuerit,
3053 5616 3465 5681 competenter
3486 5612 3686 5691 aptari
3706 5620 3820 5663 con-

2175 5689 2454 5761 spexeris.
2472 5695 2618 5750 Nota
2637 5699 2857 5764 autem,
2872 5697 3183 5768 quomodo
3195 5701 3418 5758 modos
3434 5689 3697 5761 dicimus
3715 5710 3819 5761 eos;
