3958 6454
161 345 270 399 429

1352 351 1684 408 EPISTOLA
1725 349 1816 404 DE
1855 348 2112 404 IGNOTO
2153 349 2400 405 CANTU.

3491 357 3598 410 430

161 467 268 538 qui
302 467 360 522 in
388 467 660 523 formulis
688 473 968 526 tonorum
997 487 1119 527 non
1141 474 1380 547 proprie
1420 474 1524 530 sed
1579 475 1824 530 abusive
1854 475 1904 529 Α
1941 473 2150 528 transit
2177 473 2236 528 in
2264 474 2579 528 deuterum
2613 491 2626 540 ;
2661 473 2707 528 si
2731 478 2932 530 autem
2957 475 3219 531 duorum
3272 475 3368 532 vel
3412 477 3598 549 pluri-

159 557 558 614 nominantur
584 559 728 628 toni,
763 578 900 616 cum
931 563 1098 617 modi
1128 564 1222 618 vel
1254 566 1405 637 tropi
1448 565 1686 639 proprie
1745 564 1828 619 di-

161 652 396 703 cantur.

240 737 390 791 Illud
421 748 666 810 quoque”
693 739 877 795 debes
910 758 1254 812 agnoscere,
1285 746 1595 816 quomodo
1625 745 1686 799 in
1707 761 1832 799 om-

160 827 345 881 nibus
373 828 590 894 modis,
617 845 755 883 cum
781 846 959 898 grave
1015 831 1186 887 fuerit
1238 835 1481 903 melum,
1546 835 1829 905 gravibus

160 921 403 987 aptatur
434 917 696 972 modulis
719 920 813 973 vel
840 921 1027 975 melis.
1066 926 1212 976 Cum
1263 940 1402 979 vero
1453 924 1572 980 alta
1615 924 1832 979 fuerint

159 1006 341 1072 mela,
373 1006 506 1060 altis
541 1007 753 1062 melius
790 1010 1151 1066 conveniunt
1182 1012 1351 1066 melis
1401 1013 1494 1067 vel
1543 1013 1825 1067 modulis.

162 1094 425 1165 Ideoque
458 1095 645 1149 habes
672 1097 732 1151 in
767 1097 1037 1152 formulis
1070 1101 1393 1155 modorum
1423 1102 1576 1156 duas
1611 1102 1830 1157 formu-

157 1181 251 1237 las
281 1182 342 1236 in
375 1199 743 1256 unoquoque
772 1188 974 1242 modo.
1003 1189 1195 1244 Prima
1226 1206 1492 1262 namque
1524 1195 1579 1245 et
1623 1180 1853 1244 secun-V

159 1271 242 1326 da
273 1272 532 1328 formula
558 1274 734 1345 primi
762 1281 851 1329 est
880 1277 1067 1343 modi,
1101 1279 1267 1333 tertia
1295 1284 1350 1334 et
1379 1285 1594 1350 quarta
1626 1295 1832 1333 secun-

159 1360 244 1429 di,
269 1361 480 1432 quinta
507 1368 562 1417 et
594 1368 759 1418 sexta
791 1365 958 1431 tertii,
995 1369 1247 1439 septima
1279 1373 1333 1423 et
1363 1373 1576 1424 octava
1610 1369 1826 1439 quarti.

164 1450 302 1505 Ideo
325 1452 485 1506 enim
517 1458 653 1508 octo
686 1454 809 1508 toni
859 1455 1163 1522 dicuntur,
1219 1458 1360 1529 quia
1423 1463 1556 1513 octo
1607 1459 1832 1513 habent

160 1540 472 1596 formulas.
501 1542 695 1597 Prima
729 1548 929 1598 autem
957 1550 1012 1599 et
1038 1547 1223 1611 tertia,
1258 1547 1467 1618 quinta
1499 1552 1555 1602 et
1577 1547 1831 1618 septima

160 1628 424 1684 formula
453 1635 716 1702 quatuor
755 1633 1081 1689 modorum
1141 1635 1291 1690 altos
1334 1637 1639 1692 continent
1688 1653 1830 1692 can-

161 1723 295 1785 tus;
331 1721 596 1774 secunda
627 1739 766 1776 vero
794 1727 847 1777 ct
894 1728 1132 1795 quarta,
1193 1730 1248 1780 et
1297 1732 1461 1782 sexta
1511 1731 1566 1782 et
1621 1732 1832 1782 octava

158 1811 514 1864 eorumdem
547 1811 867 1866 modorum
897 1814 1102 1878 gravia
1126 1815 1216 1869 vel
1265 1815 1465 1870 minus
1523 1817 1643 1871 alta
1692 1833 1830 1871 con-
1871 1836 1912 1890 Β

161 1897 351 1952 tinent
388 1899 636 1954 cantica.
675 1901 838 1954 Unde
877 1903 1057 1956 (lreeci
1089 1904 1279 1958 multo
1326 1904 1538 1958 melius
1570 1920 1679 1976 pro
1709 1904 1829 1976 pri-

159 2003 263 2039 mo
296 1992 352 2040 et
383 1988 648 2041 secundo
681 1993 822 2042 tono
845 1989 1052 2044 dicunt
1115 1993 1466 2046 autlicntum
1517 1998 1727 2064 potum
1778 1995 1833 2047 et

157 2075 357 2146 plagis
388 2077 540 2147 proti
571 2095 582 2143 ;
612 2093 720 2148 pro
756 2078 921 2132 tertio
950 2084 1005 2133 et
1034 2085 1251 2150 quarto
1280 2081 1635 2135 authentum
1683 2081 1832 2135 deu-

163 2169 356 2218 terum
387 2170 441 2219 et
469 2165 660 2236 plagis
691 2166 951 2232 deutcri;
1010 2185 1119 2239 pro
1178 2169 1388 2240 quinto
1434 2175 1488 2224 et
1521 2175 1684 2225 sexto
1725 2187 1831 2225 au-

157 2253 434 2307 thentan
466 2253 664 2308 tritum
697 2260 750 2309 et
777 2255 965 2327 plagis
999 2257 1114 2310 triti
1143 2276 1154 2324 ;
1197 2274 1305 2328 pro
1339 2257 1591 2329 septimo
1645 2263 1701 2312 et
1731 2274 1831 2313 00-

159 2347 299 2397 tavo
325 2344 676 2398 authentum
709 2345 1034 2400 tetrardum
1063 2351 1117 2401 et
1148 2347 1340 2418 plagis
1368 2348 1628 2402 tetrardi.
1661 2348 1832 2412 Quod

160 2436 324 2487 enim
351 2434 430 2488 illi
450 2434 658 2490 dicunt
687 2440 949 2506 protum,
984 2437 1320 2507 deuterum,
1361 2438 1579 2502 tritum,
1621 2443 1829 2493 tetrar-

161 2522 331 2589 dum,
367 2541 475 2577 nos
533 2524 788 2578 dicimus
842 2527 1125 2596 primum,
1177 2527 1532 2597 secundum,
1568 2527 1827 2595 tertium,

163 2617 468 2684 quartum.
507 2616 570 2668 Et
596 2615 761 2685 quod
787 2614 864 2668 illi
898 2615 1103 2670 dicunt
1130 2617 1504 2683 authentum,
1543 2633 1653 2671 nos
1707 2634 1833 2672 ma-

158 2703 353 2772 jorem
387 2709 441 2757 ct
487 2703 673 2758 altum
727 2704 822 2760 vel
867 2709 1111 2760 acutum
1164 2708 1573 2762 nominamus.
1625 2706 1829 2776 Plagin

167 2809 308 2847 vero
339 2795 536 2848 Latine
567 2794 697 2863 subj
709 2795 947 2862 ugalem
977 2796 1067 2850 vel
1098 2797 1395 2852 minorem
1449 2797 1543 2852 vel
1583 2813 1830 2867 gravem

163 2899 487 2953 possumus
519 2883 841 2955 appellare.

237 2975 348 3025 [Ias
381 2971 581 3044 itaque
613 2973 936 3028 modorum
992 2979 1124 3029 octo
1182 2958 1472 3031 formulas
1527 2975 1829 3047 praecipue

159 3060 339 3115 debet
367 3062 536 3131 scire,
565 3062 838 3134 quisquis
861 3065 1116 3118 canendi
1142 3066 1415 3137 peritiam
1433 3065 1559 3120 vult
1583 3065 1826 3129 habere,

161 3155 223 3203 ut
254 3151 510 3222 qualiter
539 3151 600 3205 in
633 3151 881 3220 singulis
909 3153 1230 3208 modorum
1255 3154 1530 3209 cantibus
1550 3153 1832 3225 quaelibet

161 3256 382 3294 neuma
411 3241 497 3293 vel
535 3257 646 3295 vox
677 3247 932 3308 resonet,
966 3243 1154 3313 possit
1180 3244 1506 3299 advertere.
1545 3247 1831 3298 Praeterea

157 3330 442 3401 quamvis
483 3331 745 3401 primam
777 3336 832 3385 et
854 3332 1185 3387 secundam
1232 3339 1287 3389 et
1337 3336 1567 3389 tertiam
1617 3350 1828 3388 vocem

162 3436 300 3473 cum
322 3424 558 3491 quarta,
587 3419 797 3490 quinta
821 3425 877 3475 et
913 3426 1077 3476 sexta
1132 3424 1500 3479 concordare
1551 3422 1827 3492 dixerim,

158 3509 217 3564 in
248 3525 317 3563 eo
354 3515 549 3564 tamen
585 3510 887 3577 differunt,
921 3527 1118 3583 neque
1172 3530 1384 3568 omnes
1437 3529 1694 3569 neumas
1752 3514 1828 3567 si-

159 3598 374 3654 militer
402 3598 644 3665 faciunt,
679 3601 992 3672 quomodo
1027 3618 1062 3655 a
1089 3586 1145 3683 ﬂ
1175 3619 1204 3654 c
1236 3602 1461 3657 habent
1485 3606 1624 3674 post
1679 3618 1739 3654 se
1767 3601 1828 3655 in

158 3688 530 3759 depositione
559 3693 672 3743 tres
707 3694 902 3759 tonos,
937 3695 1072 3744 ante
1108 3708 1171 3744 se
1203 3691 1264 3745 in
1291 3691 1620 3745 elevatione
1674 3690 1828 3744 duos

161 3783 369 3833 tonos:
406 3785 465 3833 at
491 3795 630 3833 vero
667 3783 705 3833 υ
739 3782 776 3832 Ε
807 3782 845 3833 F
872 3795 1060 3834 unum
1094 3785 1326 3834 tantum
1358 3779 1417 3833 in
1451 3778 1828 3850 deposttione

158 3866 404 3933 habent,
442 3873 554 3922 tres
615 3884 751 3920 vero
813 3872 987 3922 tonos
1045 3867 1107 3922 in
1153 3868 1505 3923 elevationc.
1570 3867 1826 3937 Ideoque

160 3956 329 4012 multi
351 3964 560 4012 cantus
593 3957 864 4027 ejusdem
893 3962 1032 4012 sunt
1060 3957 1248 4029 modi,
1274 3959 1376 4012 sed
1404 3973 1528 4012 non
1556 3956 1828 4026 ejusdem

161 4047 311 4101 soni.
374 4047 630 4112 Quidam
692 4054 893 4102 autem
951 4047 1154 4102 minus
1210 4048 1385 4120 plene
1453 4046 1829 4118 pervidentes

158 4137 335 4191 istam
393 4137 812 4202 differentiam,
868 4135 1211 4207 adjungunt
1265 4153 1450 4192 unam
1504 4151 1715 4191 vocem
1765 4135 1827 4190 in

166 4225 356 4281 acutis
384 4225 534 4279 inter
565 4226 826 4297 primam
856 4230 910 4280 et
942 4227 1294 4292 secundam,
1333 4231 1393 4280 ut
1425 4225 1542 4280 sint
1572 4225 1704 4279 duae
1737 4241 1827 4279 se-

160 4315 395 4382 cundae,
424 4320 479 4369 ct
507 4317 748 4371 veniant
779 4316 900 4371 duo
935 4317 1056 4371 toni
1097 4321 1152 4373 et
1210 4333 1400 4371 unum
1442 4315 1828 4370 scmitonium

157 4410 294 4477 post
325 4408 365 4459 D
392 4409 429 4459 li
455 4405 496 4456 F
532 4407 679 4460 sicut
718 4388 982 4492 [‘ostaﬂ
1011 4426 1041 4462 c
1086 4408 1145 4462 in
1179 4407 1508 4463 elevatione
1545 4424 1557 4474 ;
1611 4411 1666 4461 ct
1707 4422 1830 4460 rur-

161 4513 262 4549 sus
293 4495 331 4549 d
363 4512 393 4550 e
426 4495 658 4551 facutae
693 4503 947 4568 possunt
986 4497 1208 4569 deponi
1238 4497 1480 4552 duobus
1533 4495 1711 4563 tonis,
1760 4495 1831 4550 si-

1939 579 2178 618 morum
2212 563 2533 618 modorum
2568 579 2753 618 unam
2781 580 2994 620 vocem
3023 581 3152 620 esse
3199 565 3394 632 liceat,
3437 566 3599 623 vidc-

1936 651 2096 707 bitur
2125 653 2252 707 haec
2274 668 2371 707 ars
2396 652 2562 708 nullo
2592 653 2711 708 ﬁne
2737 653 3034 719 concludi,
3058 654 3238 710 nultis
3267 654 3442 711 certis
3494 661 3603 712 tera-

1936 739 2117 794 minis
2150 741 2459 796 coarctari.
2496 741 2670 805 Quod
2697 758 2885 813 quam
2918 742 2990 798 sit
3019 742 3599 812 absurdum,nullus

1935 829 2190 898 ignorat,
2227 847 2365 885 cum
2417 847 2656 903 semper
2701 831 2992 904 sapientia
3043 833 3294 889 confusa
3343 847 3602 906 quaeque

1937 925 1993 973 et
2021 920 2253 976 infinita
2311 925 2522 992 sponte
2574 922 2868 992 repudiet.
2921 922 3094 987 Quod
3135 923 3185 978 si
3235 923 3372 995 quis
3418 924 3598 994 dicat,

1937 1010 2094 1064 hanc
2125 1025 2336 1064 vocem
2395 1010 2531 1064 ideo
2586 1027 2717 1065 esse
2768 1011 3137 1082 addendam,
3190 1016 3256 1068 ut
3303 1013 3503 1082 gravis
3565 1016 3604 1069 F

1937 1104 2102 1153 sexta
2130 1114 2319 1170 usque
2343 1098 2420 1154 ad
2454 1114 2635 1170 super
2663 1105 2947 1171 quartam
2970 1117 3154 1173 supra
3181 1101 3404 1158 lineam
3435 1102 3514 1158 ad
3542 1118 3599 1170 a,

1936 1203 2044 1257 per
2067 1187 2346 1258 diapente
2384 1187 2574 1259 possit
2601 1188 2944 1256 ascendere,
2979 1195 3083 1244 aut
3103 1189 3316 1245 eadem
3340 1195 3509 1248 sexta
3523 1190 3604 1248 ad

1940 1274 2055 1329 sub
2078 1275 2354 1346 quintam
2381 1274 2763 1342 descendere,
2797 1275 2944 1331 illud
2965 1293 3210 1348 quoque
3233 1277 3475 1334 debebit
3519 1295 3606 1333 re-

1937 1365 2153 1436 cipere,
2187 1370 2247 1418 ut
2278 1363 2425 1418 inter
2453 1370 2682 1420 sextam
2714 1367 2751 1420 F
2773 1369 2830 1419 et
2862 1365 3182 1437 septimam
3219 1368 3260 1421 G
3319 1366 3437 1422 alia
3488 1383 3604 1423 vox

1938 1452 2216 1518 addatur,
2242 1455 2306 1505 ut
2335 1451 2625 1506 naturalis
2653 1452 2922 1508 secunda
2951 1453 3148 1522 gravis
3176 1455 3215 1508 Β
3241 1453 3501 1511 elevetur
3525 1455 3604 1510 ad

1939 1540 2233 1611 quintam,
2263 1545 2318 1596 et
2339 1541 2552 1595 eadem
2583 1545 2760 1596 acuta
2781 1541 3118 1613 deponatur
3173 1541 3252 1598 ad
3299 1547 3601 1614 quartam.

1941 1629 2113 1692 Quod
2143 1628 2349 1700 quiaa
2380 1629 2620 1684 nemine
2673 1634 2760 1685 est
2809 1631 3056 1700 factum,
3110 1631 3226 1687 hoc
3271 1647 3514 1704 quoque
3569 1648 3606 1688 a

1940 1718 2179 1773 nemine
2207 1723 2293 1774 est
2317 1719 2681 1775 faciendum.

2013 1807 2210 1877 Igitur,
2245 1808 2394 1862 sicut
2419 1825 2492 1863 ex
2522 1808 2655 1880 ipsa
2682 1814 3054 1865 monstratur
3081 1814 3320 1880 natura,
3363 1815 3419 1866 et
3472 1827 3604 1884 per-

1938 1895 2186 1951 beatum
2219 1897 2569 1965 Gregorium
2599 1898 2802 1954 divina
2830 1903 3198 1970 protestetur
3252 1899 3603 1970 auctoritas,

1943 1992 2171 2057 septem
2199 1991 2336 2041 sunt
2365 2003 2564 2054 voces,
2599 1988 2750 2044 sicut
2778 1993 2834 2044 et
2882 1994 3110 2061 septem
3141 1989 3267 2044 dies
3294 2007 3306 2056 ;
3356 1989 3516 2046 unde
3547 1995 3606 2046 et

1940 2073 2450 2145 prudentissimus
2478 2080 2794 2148 poetarum
2825 2082 3041 2146 septem
3074 2076 3284 2132 cecinit
3314 2079 3604 2134 discrimi-

1941 2179 2020 2218 na.
2054 2180 2259 2219 vocum
2292 2178 2312 2234 ,'
2343 2181 2528 2236 quam
2569 2166 2924 2222 sententiam
2980 2171 3035 2221 et
3090 2167 3203 2239 ipsi
3257 2166 3604 2240 philosophi

1939 2254 2070 2326 pari
2129 2254 2456 2309 concordia
2510 2256 2923 2312 ﬁrmaverunt.
2983 2259 3213 2311 Interea
3265 2255 3605 2313 curandum

1940 2349 2045 2410 est,
2075 2350 2140 2398 ut
2175 2345 2396 2400 sciatur
2443 2345 2518 2401 de
2558 2347 2827 2418 qualibet
2877 2361 3121 2415 neuma,
3169 2347 3230 2401 in
3276 2347 3520 2419 quantis
3550 2351 3606 2403 et

1937 2435 2222 2507 qualibus
2254 2437 2414 2491 sonis
2445 2454 2573 2493 esse
2598 2437 2807 2510 possit,
2841 2438 2931 2493 vel
2960 2453 3085 2494 non
3109 2437 3317 2510 possit.

2010 2529 2203 2580 Potest
2230 2526 2389 2581 enim
2417 2527 2545 2582 ﬁeri
2563 2528 2622 2582 in
2655 2528 2844 2595 tertio,
2873 2531 2930 2584 et
2971 2527 3033 2583 in
3067 2532 3256 2596 sexto,
3289 2532 3347 2583 et
3400 2528 3463 2583 in
3519 2544 3606 2584 se-

1937 2614 2127 2686 ptimo
2159 2631 2328 2681 sono,
2366 2617 2510 2687 quia
2540 2617 2602 2671 hi
2631 2622 2748 2672 tres
2781 2617 2911 2672 soni
2933 2617 3173 2672 duobus
3199 2619 3422 2689 pariter
3450 2617 3606 2673 tonis

1938 2704 2293 2768 ascendunt,
2326 2709 2382 2759 et
2409 2704 2543 2776 ipsa
2561 2704 2926 2777 symphonia
2956 2705 3198 2760 duobus
3255 2709 3489 2761 tantum
3538 2704 3608 2761 ﬁt

1938 2793 2158 2847 modis.

2010 2886 2295 2939 Prteterea
2328 2884 2584 2955 septima
2606 2901 2726 2940 vox
2757 2901 2893 2940 cum
2938 2884 3107 2941 tertia
3152 2883 3214 2939 in
3272 2884 3603 2941 elevationo

1940 2973 2266 3028 concordat
2295 2991 2306 3041 ;
2340 2977 2593 3045 utraque
2624 2974 2785 3029 enim
2813 2973 3054 3029 duobus
3082 2973 3237 3029 tonis
3281 2979 3338 3029 et
3361 2973 3601 3030 semito-

1939 3062 2058 3128 nio,
2090 3068 2145 3118 et
2170 3063 2311 3118 item
2341 3062 2582 3119 duobus
2619 3063 2770 3120 tonis
2802 3063 3129 3119 elevantur.
3180 3064 3402 3120 Eadem
3454 3076 3603 3137 quo-

1938 3168 2054 3224 que
2088 3151 2343 3224 septima
2374 3169 2513 3208 cum
2544 3158 2762 3225 quarta
2793 3153 3120 3209 concordat
3164 3168 3290 3208 uno
3339 3157 3483 3208 tono
3540 3152 3603 3208 in

1939 3243 2284 3309 elevatione,
2319 3250 2376 3300 et
2405 3244 2464 3299 in
2500 3243 2874 3316 depositione
2905 3249 3048 3300 tono
3078 3247 3136 3299 et
3167 3243 3502 3314 semitonio,
3548 3247 3605 3299 et

1940 3333 2181 3389 duobus
2208 3334 2365 3388 tonis
2395 3334 2457 3389 in
2487 3340 2740 3407 utroque
2767 3338 3044 3390 cantatur
3075 3333 3360 3390 similiter.

2011 3423 2205 3478 Prima
2254 3439 2497 3496 quoque
2549 3440 2686 3479 cum
2751 3423 2960 3496 quinta
2990 3439 3202 3478 omnes
3239 3421 3604 3495 depositivas

1939 3529 2194 3568 neumas
2228 3512 2624 3568 communiter
2653 3512 2831 3580 facit;
2866 3511 3186 3584 deponitur
3235 3511 3397 3567 enim
3448 3511 3602 3568 duo-

1939 3602 2055 3656 bus
2086 3601 2242 3656 tonis
2273 3606 2330 3656 et
2361 3601 2695 3656 semitonio.
2746 3605 2953 3673 Itaque
3009 3601 3102 3655 he:
3150 3614 3325 3655 voces
3383 3599 3604 3656 similes

1940 3689 2166 3746 faciunt
2195 3706 2470 3759 neumas,
2497 3689 2694 3761 prima
2718 3705 2857 3744 cum
2889 3693 3138 3762 quarta:
3173 3689 3438 3746 secunda
3463 3703 3604 3746 cum

1938 3779 2149 3852 quinta
2184 3799 2195 3847 ;
2230 3779 2397 3835 tertia
2429 3795 2570 3834 cum
2594 3783 2760 3834 sexta
2788 3797 2800 3847 ;
2836 3779 3090 3850 septima.
3119 3794 3258 3834 cum
3287 3778 3484 3850 prima
3511 3778 3605 3836 vel

1939 3884 2078 3922 cum
2113 3866 2301 3922 tertia.
2337 3865 2508 3922 Nulla
2533 3869 2734 3922 autem
2760 3883 2880 3922 vox
2911 3866 3067 3923 ultra
3097 3870 3358 3939 quatuor
3411 3865 3605 3924 eleva-

1939 3957 2128 4012 tiones
2179 3956 2269 4012 vel
2310 3956 2718 4028 depositiones
2771 3957 2974 4026 habet,
3033 3956 3177 4030 quia
3219 3971 3342 4013 non
3407 3961 3608 4029 potest

1940 4045 2177 4114 gravari
2204 4044 2299 4100 vel
2331 4045 2486 4111 acui,
2514 4044 2628 4099 nisi
2659 4044 2739 4101 ad
2798 4045 3135 4101 secundum
3199 4045 3296 4101 vel
3347 4046 3602 4117 tertiam,

1937 4133 2029 4189 vel
2081 4139 2360 4206 quartam
2419 4133 2512 4188 vel
2577 4133 2855 4206 quintam
2943 4134 3278 4191 secundum
3325 4149 3428 4191 sex
3476 4147 3608 4208 spe-

1941 4226 2080 4295 cies,
2132 4242 2286 4298 quas
2338 4242 2523 4298 supra
2581 4225 2724 4294 dixi,
2807 4226 2868 4281 id
2936 4230 3044 4294 est,
3115 4230 3280 4294 tono,
3369 4227 3608 4284 semito-

1940 4315 2062 4386 nio,
2095 4315 2322 4385 ditono,
2358 4315 2740 4383 semiditono,
2769 4316 3143 4372 diatessaron
3193 4321 3250 4372 et
3303 4315 3604 4388 diapente;

1939 4409 2087 4459 Nam
2117 4421 2255 4459 cum
2287 4421 2403 4460 vox
2433 4404 2635 4477 aliqua
2658 4405 2735 4460 ad
2782 4405 3116 4460 secundum
3146 4410 3442 4474 movetur,
3504 4409 3609 4461 aut

1939 4496 2187 4563 tittono,
2233 4501 2335 4551 aut
2357 4496 2712 4563 semitonio;
2748 4511 2887 4551 cum
2914 4512 3056 4552 vero
3087 4497 3165 4552 ad
3216 4496 3469 4563 tertiam,
3525 4494 3610 4551 di-

159 4590 310 4640 cuta
342 4584 432 4639 bc
463 4555 760 4658 quatenus
789 4587 955 4642 nulla
984 4555 1435 4641 sitldiil'erentia
1482 4587 1633 4641 inter
1791 4587 1828 4640 E
1863 4555 1905 4608 Β
1941 4591 2082 4640 tono
2114 4555 2208 4640 vel
2263 4585 2644 4640 semiditono.
2702 4555 2794 4639 nd
2848 4590 3129 4657 quartam
3182 4586 3277 4641 vel
3332 4555 3609 4657 quintam

163 4677 198 4728 l“
225 4679 279 4728 et
307 4674 458 4728 inter
480 4692 514 4729 a
545 4680 597 4754 ἐμ
624 4693 674 4743 0,
706 4693 844 4730 cum
877 4677 959 4742 id,
988 4677 1153 4749 quod
1177 4682 1451 4732 cantatur
1477 4676 1536 4730 in
1568 4693 1604 4732 a
1626 4658 1684 4760 ﬁ
1713 4692 1742 4729 c
1776 4679 1832 4729 et

160 4763 220 4817 in
259 4767 298 4819 Ι)
326 4768 364 4819 E
401 4768 436 4819 F
467 4765 652 4835 possit
686 4767 932 4820 cantari.

234 4857 299 4908 Ut
330 4859 530 4910 autem
566 4854 812 4922 singulis
847 4856 1092 4909 vocibus
1117 4873 1226 4910 sua
1241 4854 1579 4927 proprietas
1595 4869 1832 4927 perma-

163 4949 316 5008 neat,
345 4944 555 4998 melius
584 4949 690 5012 est,
717 4950 773 4998 ut
803 4949 1092 5000 cantuum
1115 4945 1466 5016 inspiciatur
1488 4950 1704 5000 natura
1731 4962 1743 5012 ;
1777 4947 1834 4999 et

162 5049 300 5086 cum
331 5037 542 5087 cantus
570 5033 677 5088 hos
711 5039 824 5087 tres
859 5039 1026 5088 tonos
1059 5034 1334 5089 videatur
1374 5033 1704 5102 admittere,
1729 5031 1834 5087 ﬁat

162 5124 274 5177 hoc
331 5124 391 5177 in
424 5126 460 5178 1Γ
499 5127 538 5179 G
573 5142 606 5178 a
747 5130 893 5178 (lum
945 5141 1086 5179 vero
1128 5128 1262 5195 post
1303 5123 1457 5178 duos
1501 5128 1672 5177 tonos
1709 5138 1833 5177 non

161 5212 274 5267 nisi
303 5195 689 5268 semitoniuni
720 5214 918 5284 sumit,
957 5215 1060 5268 Iiat
1091 5215 1202 5267 hoc
1237 5214 1298 5267 in
1332 5230 1360 5267 c
1389 5213 1428 5268 d
1459 5229 1488 5268 e
1521 5213 1547 5267 f
1583 5228 1834 5285 praescr-

164 5301 266 5356 tim
319 5318 457 5357 cum
506 5319 612 5373 pro
668 5304 850 5372 hujus
890 5303 1049 5357 vocis
1104 5302 1516 5358 additamento
1568 5301 1836 5358 maxima

163 5390 434 5445 confusio
456 5397 737 5447 nascatur
769 5391 1159 5464 simplicibus.
1216 5396 1364 5448 Nam
1421 5393 1470 5447 si
1511 5392 1647 5447 duae
1699 5394 1838 5446 sunt

164 5479 445 5535 secundae
528 5486 667 5551 post
731 5482 1012 5554 primam,
1071 5499 1209 5537 cum
1284 5482 1362 5538 ad
1439 5481 1690 5538 alteram
1750 5497 1836 5535 se-

165 5568 441 5631 mitonio,
470 5569 547 5622 ad
571 5570 817 5626 alteram
851 5588 992 5626 vero
1021 5578 1164 5627 tono
1188 5571 1385 5643 prima
1439 5571 1573 5644 ipsa
1621 5572 1839 5642 junga-

165 5660 280 5719 tur,
314 5653 482 5709 facile
507 5661 594 5709 est
619 5657 831 5723 Videre,
861 5661 1026 5730 quod
1049 5660 1180 5731 ipsa
1207 5660 1427 5730 prima,
1461 5676 1530 5715 ac
1560 5675 1668 5731 per
1723 5659 1839 5713 hoc

167 5750 224 5800 et
253 5744 382 5799 alliB
420 5744 716 5811 contiguae
743 5763 918 5801 voces
975 5750 1126 5803 duos
1177 5750 1444 5805 habeant
1503 5755 1674 5805 tonos
1706 5769 1718 5818 ;
1753 5753 1839 5803 ut-

167 5839 307 5909 pote
329 5833 545 5907 prima,
577 5838 633 5888 et
662 5849 796 5889 eam
825 5837 1210 5896 semitonium
1242 5841 1530 5912 sequitur,
1563 5839 1638 5896 de
1665 5843 1841 5912 proto

1942 4693 2063 4730 non
2092 4677 2158 4730 fit
2187 4675 2299 4729 nisi
2330 4692 2436 4749 per
2463 4676 2836 4730 diatessaron
2875 4680 2931 4730 et
2986 4675 3285 4746 diapente.
3345 4673 3608 4745 Intellige

1941 4770 2252 4837 praeterea,
2281 4765 2447 4838 quod
2478 4765 2538 4818 in
2573 4763 2872 4820 authentis
2899 4762 2978 4817 ad
3010 4768 3250 4818 octavas
3308 4768 3522 4818 cantus
3577 4779 3615 4820 θ,

1942 4871 2052 4909 sua
2079 4855 2245 4910 finali
2271 4871 2416 4910 voce
2444 4853 2718 4909 ascendit
2752 4871 2765 4920 ;
2797 4852 3109 4909 descendit
3135 4857 3336 4908 autem
3368 4851 3609 4908 nonnisi

1940 4960 2062 4999 uno
2109 4947 2250 5000 tono
2300 4943 2412 4999 sub
2457 4942 2642 5013 ﬁnali,
2723 4946 2970 5015 excepto
3020 4942 3174 5013 trito,
3235 4941 3341 5014 qui
3395 4958 3432 4998 a
3498 4951 3608 4997 5110

1940 5032 2060 5087 ﬁne
2125 5048 2247 5088 non
2328 5031 2666 5105 deponitur,
2742 5030 2886 5103 quia
2954 5046 3075 5086 non
3132 5030 3315 5086 habet
3373 5029 3486 5086 sub
3549 5043 3612 5086 se

1944 5127 2175 5195 tonum,
2254 5123 2358 5177 sed
2416 5121 2821 5177 semitonium.
2892 5123 2954 5175 In
3032 5119 3227 5192 plagis
3295 5124 3497 5176 autem
3577 5135 3616 5177 8.

1942 5211 2108 5266 ﬁnali
2134 5228 2279 5266 voce
2323 5211 2399 5267 ad
2433 5211 2707 5283 quintam
2756 5209 3183 5264 descendimus
3234 5214 3290 5265 et
3338 5209 3615 5266 ascendi-

1945 5317 2102 5368 mus,
2133 5300 2248 5354 nisi
2270 5300 2360 5366 sit,
2394 5299 2678 5372 prolixior
2708 5303 2940 5366 cantus,
2973 5298 3077 5369 qui
3099 5297 3404 5370 plagalem
3433 5298 3619 5372 depo-

1948 5389 2224 5444 sitionem
2297 5392 2354 5443 et
2426 5385 2834 5443 authenticam
2888 5385 3283 5444 elevationem
3371 5387 3616 5459 habeat,

1947 5479 2115 5552 quod
2136 5484 2339 5534 tamen
2359 5476 2662 5533 rarissime
2683 5475 2767 5532 ﬁt.

2020 5568 2315 5641 Principia
2337 5582 2582 5640 quoque
2614 5569 2902 5624 cantuum
2923 5565 2985 5623 in
3007 5568 3292 5625 omnibus
3318 5567 3434 5625 illis
3464 5567 3621 5626 voci-

1951 5658 2067 5715 bus
2099 5675 2229 5714 csse
2258 5662 2536 5730 possunt,
2568 5673 2704 5728 quae
2761 5657 3093 5714 secundam
3146 5659 3468 5732 praedictas
3511 5676 3617 5716 sex

1952 5748 2394 5804 consonantias
2417 5762 2557 5802 cum
2588 5746 2754 5802 ﬁnali
2785 5763 2933 5802 voce
2961 5750 3346 5805 conveniunt.
3383 5749 3437 5805 Si
3495 5764 3620 5821 qua

1969 5838 2135 5896 aliter
2160 5836 2476 5906 inveneris,
2509 5854 2582 5893 ex
2611 5837 2749 5910 ipsa
2775 5837 3016 5895 raritate
3064 5851 3413 5909 cognosces,
3452 5833 3618 5907 quod
