3958 6412
397 260 501 312 431ι

1797 247 2129 306 GUIDONIS
2168 249 2446 303 ARETINI

3731 247 3841 301 432

397 380 512 437 sint
535 380 886 435 auctoritate
917 380 1287 451 praesumpta
1316 392 1330 444 ;
1362 390 1485 431 non
1524 379 1726 430 autem
1771 378 1911 428 sunt
1965 387 2058 427 re-
2095 380 2141 435 Α
2172 374 2275 427 tan
2304 375 2362 427 et
2390 369 2751 427 sufﬁcienter
2780 367 3078 443 aperiunt.
3137 367 3249 435 Qui
3297 371 3503 424 autem
3560 368 3831 425 curiosus

396 470 552 542 gulte
584 468 860 525 ﬁrmitate
891 466 1188 522 distincta.
1221 464 1369 520 Illud
1395 469 1594 520 autem
1626 466 1765 535 quis
1813 478 1936 518 non
1968 461 2057 517 in-

393 560 637 629 telligat,
666 556 834 631 quod
857 556 931 611 de
962 554 1213 611 vocibus
1238 553 1415 626 quasi
1458 551 1704 625 syllabae
1757 556 1814 607 et
1861 556 2058 624 partes

393 654 450 705 et
469 646 877 704 distinctiones
917 643 1011 698 vel
1035 659 1242 698 versus
1268 642 1472 698 ﬁunt?
1499 658 1637 714 quae
1667 641 1873 697 omnia
1907 640 2058 696 inter

393 753 459 793 se
486 735 742 791 invicem
768 731 923 789 mira
950 730 1236 788 suavitate
1267 730 1654 799 concordant,
1691 734 1920 786 tantum
1946 746 2055 784 sae-

391 841 467 899 pe
516 822 957 890 concordiores,
989 826 1285 893 quantum
1318 819 1651 875 similiores.

462 914 597 969 Haec
627 926 823 985 pauca
852 910 1028 982 quasi
1059 908 1121 964 in
1170 907 1491 980 prologum
1533 908 1949 981 Antiphonarii
1979 907 2053 963 de

390 1002 715 1059 modorum
773 1004 830 1054 et
875 1013 1237 1054 neumarum
1291 996 1549 1052 formula
1604 996 1938 1068 rhythmice
1996 1002 2052 1053 et

389 1091 660 1165 prosaice
691 1089 852 1145 dicta
883 1087 1128 1143 musicae
1159 1086 1300 1142 artis
1328 1085 1549 1142 ostium
1578 1085 1854 1154 breviter,
1887 1086 2054 1142 forsi-

2168 459 2364 533 fuerit,
2390 460 2661 517 libellum
2713 464 3014 530 nostrum,
3069 458 3165 514 cui
3209 474 3433 515 nomen
3481 458 3826 528 Micrologus

2168 554 2279 621 est,
2312 555 2544 623 quaerat
2575 570 2587 619 ;
2621 550 2844 606 librum
2890 564 3134 622 quoque
3190 547 3591 614 Enchiridion,
3644 564 3823 621 quem

2166 640 2678 696 reverentissimus
2706 639 2877 696 Oddo
2920 637 3112 695 abbas
3162 637 3634 694 luculentissime
3664 653 3828 694 com-

2165 730 2388 803 posuit,
2419 730 2703 802 perlegat,
2738 729 2911 800 cujus
2939 726 3287 801 exemplum
3326 727 3384 783 in
3441 726 3579 782 solis
3620 726 3829 797 ﬁguris

2165 836 2454 876 sonorum
2486 820 2705 887 dimisi,
2740 819 2885 892 quia
2911 817 3173 892 parvulis
3217 817 3640 873 condescendi.
3686 820 3828 873 Boe-

2166 909 2314 965 tium
2338 909 2399 964 in
2420 910 2533 964 hoc
2555 925 2678 965 non
2701 924 2983 982 sequens,
3009 907 3183 978 cujus
3214 905 3363 961 liber
3389 921 3512 962 non
3569 906 3829 962 cantori-

2162 998 2297 1066 bus,
2332 998 2441 1055 sed
2467 998 2607 1055 solis
2639 998 3016 1072 philosophis
3056 996 3214 1052 utilis
3239 1000 3347 1052 est.

2697 1090 2971 1159 Explicit
3012 1088 3285 1158 epistola.

1177 1371 2033 1493 TttAiLTATU’S
2148 1372 2859 1495 cUiDONis
2920 1376 3045 1450 (ιη)

382 1586 1036 1651 CURRECTORIUS
1093 1585 1593 1649 MULTORUM
1654 1585 2108 1657 ERRORUM,
2165 1587 2306 1662 QUI
2362 1587 2620 1649 FIUNT
2670 1587 2755 1649 IN
2803 1588 3085 1651 CANTU
3132 1585 3686 1651 GREGORJANO
3730 1583 3819 1646 IN

1790 1692 2115 1755 MULTIS
2161 1692 2427 1757 LUCIS.

1455 1851 1559 1912 Er
1590 1852 1719 1913 cod.
1771 1852 2158 1932 Tegernseen.
2191 1875 2324 1915 εἶρε.
2363 1874 2480 1916 xxv
2510 1856 2605 1915 vel
2632 1874 2743 1916 xv.

451 2148 766 2205 Multorum
818 2147 1210 2203 considerans
1269 2163 1532 2203 errorem
1596 2152 1839 2202 coactus
1913 2164 2045 2202 sum
2089 2150 2128 2203 Β
2163 2151 2241 2204 Ea
2279 2148 2456 2217 igitur
2475 2145 2882 2219 proportione,
2931 2161 3055 2217 qua
3101 2144 3238 2216 quis
3291 2144 3488 2213 major
3525 2160 3825 2200 numerus

379 2237 643 2307 Gregorii
663 2242 937 2307 cantum,
962 2253 1143 2309 quem
1176 2236 1379 2292 multis
1404 2236 1462 2291 in
1492 2235 1637 2292 locis
1649 2236 1850 2308 plures
1868 2253 2041 2292 enor-

378 2326 551 2382 miter
577 2326 1004 2398 depravarunt,
1053 2325 1153 2381 Dei
1177 2325 1490 2395 juvaminc
1521 2325 1672 2380 veris
1723 2324 1868 2393 suis,
1899 2324 2045 2381 ﬁna-

376 2415 538 2472 libus
573 2415 793 2471 scilicet
830 2415 1017 2487 tropis
1048 2415 1367 2471 adducerc.
1402 2415 1664 2485 Cogitavi
1697 2415 1910 2471 dolens
1968 2415 2042 2470 de

377 2504 753 2561 diversorum
779 2504 840 2559 in
881 2505 1063 2560 choro
1090 2504 1487 2571 cavillatione,
1520 2504 1829 2560 credentes
1857 2522 1919 2560 se
1940 2520 2041 2560 ve-

376 2609 509 2649 ram
534 2593 757 2649 habere
787 2598 999 2649 cantus
1032 2594 1307 2650 semitam
1334 2592 1483 2649 alter
1513 2593 1765 2649 alterum
1824 2594 2041 2665 injuste

377 2683 655 2755 maleque
687 2699 898 2739 canere
924 2683 1325 2757 reprehendit.
1353 2683 1742 2755 jactationem
1770 2700 1911 2740 vero
1938 2700 2041 2739 ve-

376 2772 564 2829 ritatis
596 2789 702 2828 seu
732 2772 1020 2841 falsitatis,
1053 2777 1231 2846 atque
1260 2778 1570 2845 troporum
1598 2772 1829 2844 ﬁnales,
1887 2791 2042 2847 quos

379 2877 559 2917 cerno
581 2860 837 2916 nimium
868 2860 1252 2934 depravatos,
1283 2859 1429 2917 alter
1454 2861 1621 2917 alteri
1642 2861 1890 2919 minime
1950 2880 2040 2919 se-

378 2950 648 3007 cundum
675 2950 919 3006 musicae
945 2951 1273 3023 practicam
1305 2951 1644 3019 assignans.

453 3040 739 3096 Multoties
806 3040 988 3095 etiam
1043 3039 1206 3109 novi,
1248 3040 1415 3112 quod
1460 3056 1566 3112 per
1625 3041 2035 3113 quorumdam

375 3128 781 3200 ignorantiam
806 3128 1027 3202 saepius
1072 3133 1283 3184 cantus
1322 3128 1703 3199 depravatur,
1750 3131 2041 3202 quemad-

377 3218 631 3274 modum
664 3222 788 3273 tam
842 3217 1044 3291 plures
1095 3216 1392 3272 habemus
1443 3216 1825 3289 depravatos,
1885 3234 2040 3289 quos

374 3322 582 3364 revera
607 3323 732 3362 non
751 3306 853 3374 ita,
886 3310 952 3361 ut
980 3322 1143 3361 nunc
1170 3305 1232 3360 in
1263 3304 1529 3360 ecclesiis
1551 3310 1797 3373 canunt,
1830 3306 2042 3361 modu-

373 3394 552 3450 lantis
586 3394 911 3450 auctoritas
972 3393 1236 3466 protulit,
1297 3391 1402 3447 sed
1460 3409 1661 3465 prava!
1720 3393 2037 3449 hominum

2152 2236 2449 2291 minorem
2482 2238 2745 2308 superat,
2780 2233 2870 2289 vel
2916 2233 3114 2289 minor
3166 2237 3483 2306 superatur
3520 2249 3554 2288 a
3584 2233 3824 2304 majore

2150 2324 2213 2380 in
2245 2323 2529 2394 gravitate
2559 2323 2852 2395 ejusdem,
2885 2328 2939 2378 et
2960 2322 3089 2394 ejus
3128 2322 3289 2378 vocis
3310 2320 3475 2394 prior
3506 2337 3695 2377 sonus
3723 2337 3826 2377 su-

2149 2418 2320 2489 perat
2349 2413 2762 2485 posteriorem,
2796 2412 2885 2468 vel
2913 2411 3205 2485 posterior
3237 2414 3555 2484 superatur
3583 2427 3619 2467 a
3658 2411 3825 2484 prio-

2149 2518 2230 2558 re.
2261 2504 2360 2557 Hic
2387 2507 2565 2558 tonus
2596 2492 2886 2572 contingit
2914 2517 2987 2556 cx
3017 2501 3267 2573 (sesqui)
3299 2505 3514 2555 octava
3546 2516 3811 2574 propor-

2151 2591 2331 2659 tione,
2361 2591 2463 2647 ubi
2486 2592 2681 2662 major
2706 2608 3014 2659 numerus,
3044 2595 3109 2646 ut
3128 2590 3258 2661 jam
3288 2589 3516 2646 dictum
3547 2594 3653 2656 est,
3707 2589 3825 2646 mi-

2150 2697 2361 2737 norem
2390 2685 2579 2737 totum
2606 2680 2666 2735 in
2692 2696 2753 2736 se
2776 2680 3056 2748 continet,
3085 2684 3141 2735 et
3170 2679 3299 2749 ejus
3355 2669 3629 2735 octavam
3680 2694 3823 2751 par-

2153 2774 2291 2837 tem,
2320 2773 2384 2825 ut
2412 2768 2789 2825 octonarium
2820 2766 3203 2824 novenarius.

2221 2858 2461 2915 Talibus
2542 2857 3053 2931 speculationibus
3138 2860 3463 2929 praesenter
3543 2856 3813 2927 omissis,

2151 2949 2330 3005 etiam
2363 2947 2711 3004 nominibus
2739 2944 3072 3019 appellatis,
3104 2944 3323 3000 scilicet
3350 2944 3820 3017 proslambano-

2151 3054 2383 3107 menos,
2410 3038 2634 3111 hypate
2661 3036 2952 3107 hypaton,
2985 3034 3127 3091 item
3156 3034 3415 3108 positiva
3457 3033 3819 3091 declaratio-

2150 3142 2248 3196 ne,
2277 3130 2455 3198 prout
2509 3123 2836 3180 necessitas
2893 3122 3157 3195 requirit,
3208 3127 3563 3195 tantumque
3595 3122 3818 3179 missa-

2148 3230 2282 3269 rum
2316 3212 2791 3270 solemnitatibus
2830 3211 3229 3268 communiter
3253 3211 3601 3280 insistimus,
3627 3227 3818 3285 quem

2149 3301 2399 3357 Gradale
2432 3306 2639 3357 sancta
2666 3307 2857 3357 mater
2900 3300 3165 3374 appellat
3195 3301 3472 3367 Ecclesia,
3533 3317 3656 3357 non
3711 3301 3820 3358 ad-

2143 3395 2381 3447 vertens
2417 3390 2672 3446 multum
2730 3390 3068 3463 aliquarum
3124 3395 3404 3447 notarum
3455 3390 3816 3447 subtractio-

373 3500 552 3539 voces
583 3488 818 3540 motum
849 3482 1035 3539 animi
1069 3482 1160 3537 sui
1194 3482 1575 3555 sequentium
1604 3486 1758 3538 recte
1790 3499 2038 3556 compo-
2077 3507 2118 3560 ε
2147 3496 2286 3536 nem
2317 3480 2410 3535 vel
2440 3479 2833 3549 additionem,
2867 3478 2973 3534 sed
3004 3480 3305 3552 quosdam
3360 3484 3592 3550 cantus,
3641 3480 3816 3553 quod

374 3573 487 3629 sita
518 3578 872 3646 pervertere,
902 3587 1302 3645 perversaque
1344 3570 1406 3626 in
1436 3586 1620 3627 usum
1675 3571 2041 3642 incorrigibi—

371 3661 490 3717 lem
523 3660 903 3717 deduxerunt
933 3660 1108 3724 adeo,
1140 3666 1205 3715 ut
1230 3660 1359 3731 jam
1390 3660 1690 3732 pessimus
1735 3678 1880 3716 usus
1914 3679 2036 3717 ser-

370 3754 544 3805 vetur
573 3764 683 3821 pro
709 3748 1057 3805 auctoritate
1086 3754 1143 3803 et
1166 3753 1569 3805 conservetur.

447 3840 597 3894 Sunt
625 3837 804 3893 etiam
835 3837 1104 3910 plerique
1132 3837 1327 3893 clerici
1358 3837 1450 3893 vel
1475 3836 1780 3904 monachi,
1812 3837 1917 3910 qui
1946 3852 2038 3892 ar-

371 3930 492 3984 tem
539 3924 784 3981 musicae
830 3925 1285 3997 jucundissimaa
1335 3943 1531 3999 neque
1575 3926 1788 3995 sciunt,
1839 3943 2036 3999 neque

371 4014 522 4070 scire
550 4012 776 4084 volunt,
801 4019 858 4070 et
882 4014 1048 4087 quod
1080 4016 1324 4084 gravius
1357 4020 1464 4085 est,
1498 4015 1750 4071 scientes
1779 4015 2039 4071 refutant

370 4108 429 4161 et
456 4102 803 4173 abhorrent,
836 4108 893 4159 et
942 4104 1104 4176 quod
1159 4104 1211 4159 si
1266 4104 1482 4177 aliquis
1512 4104 1779 4159 musicus
1832 4120 1935 4160 eos
1961 4104 2037 4161 de

370 4197 572 4262 cantu,
603 4209 788 4265 quem
818 4192 912 4249 vel
937 4208 1060 4249 non
1090 4192 1197 4250 rite
1250 4193 1347 4249 vel
1394 4192 1790 4265 incomposite
1841 4194 2035 4266 profe-

368 4288 527 4350 runt,
562 4282 902 4355 compellat,
926 4282 1309 4355 impudenter
1333 4282 1467 4338 irati
1492 4282 1866 4355 obstrepunt,
1925 4299 2036 4340 nec

367 4372 594 4429 veritati
614 4370 1003 4444 adquiescere
1032 4372 1261 4437 volunt,
1295 4388 1593 4443 suumque
1629 4387 1892 4427 errorem
1922 4388 2035 4427 suo

367 4461 687 4518 conamine
762 4461 1112 4517 defendunt.
1189 4459 1419 4516 Talium
1462 4459 1641 4531 igitur
1694 4459 2031 4517 bestialitati

367 4568 505 4607 meo
531 4567 641 4624 pro
671 4566 847 4622 posse
880 4565 1224 4606 succurrere
1243 4549 1553 4622 proposui,
1585 4549 1795 4617 volens
1827 4565 2036 4622 quem-

364 4640 508 4697 libet
537 4645 782 4696 cantum
809 4656 918 4713 per
940 4656 1042 4695 eos
1074 4639 1475 4712 depravatum
1526 4638 1792 4695 terminis
1846 4639 2033 4696 musi-

2147 3569 2225 3625 ad
2253 3586 2394 3625 suos
2419 3585 2590 3625 veros
2621 3569 2833 3624 ﬁnalcs
2857 3585 2962 3624 seu
2992 3573 3198 3641 tropos
3223 3569 3550 3641 perducere
3578 3573 3810 3639 teneor,

2147 3658 2414 3715 titulabo.
2446 3661 2728 3716 Cantores
2762 3674 2900 3713 vero
2931 3663 2987 3712 et
3027 3657 3276 3713 lectores
3324 3657 3695 3729 hujusmodi,
3748 3663 3815 3714 ut

2144 3763 2268 3804 non
2299 3752 2703 3816 arrogantem,
2730 3747 2942 3816 rogito,
2967 3763 3063 3801 me
3097 3750 3327 3819 putent,
3368 3746 3475 3803 sed
3533 3761 3608 3802 ne
3661 3746 3813 3803 tanti

2146 3838 2403 3895 auctoris
2436 3838 2655 3910 positio
2698 3853 2805 3911 per
2834 3837 3261 3909 depravatores
3320 3837 3574 3893 totaliter
3601 3836 3815 3893 obfus-

2144 3932 2328 3994 cetur,
2358 3927 2515 3983 hanc
2542 3926 2971 3982 correctionem
3004 3931 3060 3981 et
3088 3925 3547 3998 productionem
3580 3923 3813 3999 aliqua-

2141 4015 2273 4072 liter
2298 4032 2749 4086 aggressurum.

2217 4106 2498 4163 Omnium
2529 4105 2777 4178 quidem
2809 4109 3095 4161 cantuum
3124 4104 3261 4161 libri
3306 4105 3573 4163 Gradalis
3626 4105 3809 4178 proli-

2143 4212 2290 4252 xum
2320 4199 2476 4251 esset
2498 4211 2760 4251 errorem
2788 4194 3056 4262 eradere,
3084 4211 3227 4251 nam
3271 4195 3523 4268 quidam
3552 4197 3615 4251 in
3671 4211 3811 4253 can-

2144 4288 2239 4340 tus
2268 4283 2627 4357 inceptione,
2661 4283 2755 4338 alii
2787 4284 2848 4339 in
2878 4283 3102 4354 medio,
3142 4283 3239 4340 alii
3293 4284 3352 4339 in
3419 4284 3559 4353 ﬁne,
3616 4284 3716 4341 alii
3748 4284 3809 4340 in

2142 4377 2455 4445 troporum
2476 4388 2579 4428 seu
2601 4372 2926 4428 modorum
2948 4373 3279 4430 clevatione
3300 4374 3808 4448 dcpressioneque

2142 4466 2351 4518 contra
2382 4461 2619 4531 regulas
2659 4460 3030 4517 musicorum
3057 4467 3476 4535 peccaverunt,
3509 4468 3574 4518 ut
3602 4462 3661 4519 in
3691 4464 3809 4519 hoc

2138 4550 2427 4607 introitu:
2460 4552 2732 4620 Populus
2780 4551 2947 4617 Sion,
2998 4568 3182 4624 quem
3235 4552 3502 4625 plerique
3557 4569 3593 4609 a
3640 4552 3809 4609 ﬁnali

2137 4640 2476 4714 inceptione
2503 4640 2563 4696 in
2585 4641 2864 4714 diapente
2884 4640 3136 4711 elevant,
3160 4642 3409 4714 quidam
3441 4642 3501 4697 in
3549 4659 3581 4698 c
3628 4646 3807 4699 acuto

258 4919 271 4930 '
362 4923 514 4964 cere.
543 4906 744 4964 Plures
769 4907 990 4964 etenim
1020 4911 1224 4979 tropos
1254 4904 1350 4961 vel
1372 4906 1587 4962 modos
1608 4911 1829 4963 vocant
1855 4912 2031 4965 tonos

364 4728 599 4785 calibus
631 4745 809 4784 suum
855 4729 932 4784 ad
985 4733 1247 4801 tropum,
1293 4744 1416 4782 non
1469 4727 1777 4783 vocabulis
1824 4729 2032 4799 graecis
2139 4734 2389 4786 sumunt
2431 4729 2816 4804 principium,
2876 4730 3127 4803 quidam
3174 4731 3235 4786 in
3287 4731 3379 4787 his
3420 4729 3803 4800 dictionibus,

363 4818 529 4875 velut
550 4817 978 4890 speculatione,
1028 4818 1131 4873 sed
1162 4816 1421 4915 positiva
1480 4816 1824 4873 recitatione
1853 4818 2029 4874 redu-
2069 4860 2112 4915 Β
2139 4818 2398 4875 scilicet:
2442 4825 2497 4875 et
2526 4820 2799 4876 auditam
2851 4820 3057 4889 faciet,
3117 4819 3368 4875 diversis
3416 4818 3806 4875 modulantur

2143 4908 2365 4978 modis,
2399 4924 2507 4981 per
2551 4924 2734 4981 quem
2780 4924 3043 4964 errorem
3084 4908 3146 4964 in
3198 4925 3489 4978 magnam
3537 4908 3805 4983 pervenit

361 5012 517 5070 quos
549 4996 867 5065 Gregorius
917 4995 980 5052 in
1039 5011 1148 5051 suo
1196 4993 1398 5051 libello
1431 4995 1680 5051 musicze
1726 4996 2034 5067 redarguit
2139 4996 2334 5053 dictus
2366 4997 2644 5053 introitus
2675 4997 2826 5070 tropi
2856 4996 3095 5070 septimi
3118 4996 3456 5053 falsitatem.
3507 4999 3683 5054 Juxta
3712 5014 3805 5053 re-

360 5084 606 5141 dicens:
665 5084 992 5142 abusivum
1056 5100 1185 5139 esse
1258 5085 1464 5156 tropos
1550 5088 1725 5140 tonos
1787 5101 2026 5159 vocare,
2138 5085 2311 5157 gulas
2341 5086 2713 5143 musicorum
2741 5085 2803 5141 in
2832 5084 3098 5159 practica
3138 5084 3569 5152 laborantium,
3626 5087 3809 5144 Theo-

360 5174 687 5228 ostendens
707 5173 886 5230 etiam
905 5177 1144 5246 tropum
1168 5171 1285 5227 dici
1316 5190 1352 5229 a
1372 5176 1573 5230 Greeco
1602 5176 1828 5247 tropos,
1860 5174 2028 5247 quod
2138 5175 2283 5245 geri,
2309 5179 2783 5247 cmterorumque
2803 5174 2965 5230 idem
2997 5173 3274 5229 Introitus
3312 5172 3694 5247 incipiendus
3718 5180 3809 5234 est

291 5276 305 5288 ·
360 5259 780 5331 interpretatur
829 5278 1156 5318 conversus
1211 5260 1320 5317 vel‘
1360 5261 1689 5331 conversio,
1744 5279 1815 5319 eo
1858 5263 2028 5336 quod
2134 5263 2197 5319 in
2229 5266 2271 5319 G
2296 5264 2483 5335 gravi,
2524 5263 2865 5320 transiliens
2896 5263 2955 5319 in
2982 5262 3381 5331 diatessaron,
3415 5263 3540 5320 scil.
3605 5282 3636 5321 c
3666 5282 3806 5323 acu-

360 5349 617 5419 quisque
648 5352 853 5420 tropus
896 5350 1182 5407 convertit
1236 5368 1295 5406 se
1349 5367 1386 5406 a
1440 5350 1666 5406 creteris
1717 5352 1899 5425 tropis
1947 5351 2025 5408 ad
2135 5356 2285 5417 tum,
2318 5356 2376 5407 et
2396 5351 2479 5406 sic
2509 5348 2571 5406 in
2594 5350 3006 5423 heptachordo
3036 5360 3213 5407 acuto
3260 5351 3639 5410 modulanda
3697 5354 3803 5412 rite

360 5451 503 5489 suas
534 5434 790 5502 regulas,
825 5442 881 5492 et
913 5438 989 5493 ad
1016 5438 1295 5511 proprias
1354 5439 1582 5509 ﬁguras
1635 5438 1728 5493 vel
1785 5440 2020 5495 modos.

361 5524 428 5577 Et
456 5526 671 5575 tonum
704 5523 963 5579 afﬁrmat
1011 5527 1127 5582 dici
1169 5544 1205 5583 a
1260 5527 1531 5584 tonando
1582 5533 1686 5583 aut
1724 5529 2020 5584 sonando.

360 5708 370 5717 ι
430 5640 543 5717 (In)
565 5639 738 5717 Quod
770 5639 937 5717 si,put
964 5658 1075 5699 ms.
1106 5646 1518 5717 przeseferunt.
1568 5652 1657 5702 est
1709 5648 2021 5717 Guidonis,

355 5709 786 5783 interpolatum
844 5714 1045 5768 tamen
1098 5709 1382 5786 produnt,
1437 5735 1573 5790 quae
1622 5718 1734 5774 col.
1785 5723 1887 5775 433
1948 5709 2023 5776 ei

2136 5445 2192 5494 et
2221 5438 2656 5494 rationabiliter
2681 5439 2741 5494 in
2771 5442 2882 5509 (35)
2913 5442 2950 5494 F
2976 5440 3141 5507 gravi
3174 5440 3381 5497 sedem
3432 5457 3608 5498 suam
3667 5459 3802 5516 per-

2134 5528 2299 5584 ducit
2325 5528 2403 5584 ad
2426 5528 2689 5584 ﬁnalem.

2134 5648 2440 5718 Theogero
2471 5653 2614 5704 sunt
2639 5649 2879 5705 inserta.

2209 5722 2322 5792 (35)
2353 5722 2424 5778 M
2442 5723 2504 5777 in
2530 5721 2580 5777 G
2602 5723 2799 5792 gravi.
