3958 6450
130 364 248 418 433

1327 362 1758 418 CORRECTOR.
1802 361 2102 416 MULTOR.
2147 364 2401 418 ERROB.

3475 370 3580 423 434

212 484 510 542 Graduale
557 486 672 552 Qui
696 485 877 541 sedes.
913 485 1016 539 Hic
1047 489 1256 542 cantus
1308 502 1343 541 a
1371 486 1570 541 multis
1597 484 1803 549 digno-
1841 488 1888 540 A
1919 490 2011 539 tur
2038 485 2264 540 ratione
2295 486 2605 559 praelibata
2630 505 2689 541 ρ’.
2709 494 2842 543 .iius
2877 489 3109 558 Tollite,
3145 493 3201 545 et
3229 493 3578 547 caeterorum

130 573 327 629 scitur
352 573 732 646 depravatus,
764 574 984 629 scilicet
1002 573 1062 628 in
1084 573 1376 648 principio
1407 580 1464 630 et
1493 575 1553 629 in
1582 575 1693 630 hac
1723 573 1808 628 di-

129 661 334 717 ctione
383 678 584 732 super,
613 679 750 735 quae
797 663 1028 718 tetardo
1070 664 1412 719 authentico
1462 663 1809 719 naturaliter

128 751 483 822 deputatur.
521 756 583 807 ln
616 756 652 807 F
678 753 846 820 gravi
872 757 928 807 et
958 752 1018 807 in
1051 769 1081 808 c
1108 757 1353 808 acutum
1385 753 1650 808 elevatus
1682 752 1806 806 sine

129 839 330 895 dubio
383 844 471 896 est
512 841 910 914 incipiendus,
951 846 1008 897 et
1048 842 1178 897 heec
1210 842 1443 914 syllaba
1471 858 1539 896 su
1571 857 1601 895 c
1632 843 1806 895 acuto

128 927 548 1001 deputabitur,
579 946 618 1000 g
655 935 898 986 acutum
943 931 1242 1000 gradatim
1284 931 1552 1001 visitans,
1585 935 1650 984 ut
1677 929 1806 983 haec

131 1018 382 1089 syllaba
418 1035 531 1088 per
560 1019 638 1075 ab
668 1036 699 1074 c
731 1026 906 1076 acuto
954 1037 990 1076 a
1039 1027 1284 1077 acutum
1316 1037 1496 1076 suum
1527 1021 1804 1092 diapente

125 1105 486 1164 immediate
515 1108 733 1176 visitat,
767 1114 823 1164 et
866 1110 1156 1166 artiﬁciali
1201 1127 1386 1165 cursu
1431 1112 1471 1164 G
1507 1125 1708 1177 grave,
1742 1111 1807 1162 ut
1847 1169 1850 1172 Α

127 1197 494 1252 authentum
523 1198 712 1267 decet,
742 1199 988 1271 requirit
1019 1205 1075 1256 et
1100 1200 1308 1272 recipit
1334 1216 1444 1273 pro
1471 1198 1655 1254 ﬁnali.

207 1285 507 1342 Graduale
542 1289 755 1344 Tollite
767 1296 995 1357 portas.
1027 1291 1214 1360 Hujus
1237 1294 1449 1345 cantus
1469 1287 1801 1343 modulatio

127 1375 210 1430 ab
243 1375 442 1431 idiotis
467 1376 786 1447 magniﬁce
817 1377 1183 1452 depravatus
1216 1377 1619 1446 cognoscitur.
1652 1381 1800 1432 Nam

126 1481 277 1520 cum
303 1464 409 1521 iste
439 1470 652 1522 cantus
695 1467 770 1523 sit
798 1468 951 1539 proli
995 1468 1270 1541 plagalis,
1303 1468 1483 1538 hujus
1513 1467 1798 1538 inceptio-

125 1569 276 1609 nem
327 1559 576 1611 sumunt
632 1555 692 1610 in
744 1559 784 1611 G
838 1558 1024 1624 gravi,
1079 1562 1142 1613 ut
1199 1572 1464 1629 praesens
1511 1556 1797 1625 graduale

130 1643 370 1710 Tollite,
403 1643 496 1698 vel
542 1642 602 1698 in
637 1646 676 1698 E
712 1645 898 1712 gravi,
938 1650 1002 1701 ut
1030 1646 1144 1701 hoc
1199 1645 1526 1715 graduale:
1575 1646 1646 1700 In
1676 1645 1800 1700 sole

119 1737 352 1805 posuit,
385 1751 524 1790 eum
554 1736 752 1807 potius
784 1736 844 1790 in
885 1743 928 1792 Α
961 1737 1128 1806 gravi
1166 1737 1261 1792 vel
1289 1740 1349 1792 in
1397 1739 1438 1792 Ι)
1479 1736 1644 1806 gravi
1695 1752 1795 1790 su-

127 1839 297 1879 mere
326 1823 622 1880 debeant:
652 1830 710 1880 et
734 1826 814 1881 sic
847 1827 1131 1882 eumdem
1159 1832 1402 1882 cantum
1427 1826 1644 1882 ﬁniunt
1672 1826 1731 1880 in
1762 1843 1797 1880 a

129 1919 333 1985 acuto,
366 1919 657 1987 ponentes
699 1916 903 1971 sedem
933 1917 1087 1988 proti
1131 1917 1385 1989 plagalis
1425 1917 1501 1972 ad
1531 1915 1801 1989 ipsorum

126 2003 596 2076 beneplacitum.
646 2004 925 2060 Nondum
977 2006 1137 2061 enim
1196 2005 1467 2076 legerunt
1517 2005 1800 2074 Theogeri

126 2091 317 2146 verba
343 2107 522 2164 super
537 2091 650 2148 hac
674 2092 1382 2149 modulatione-dicentis:
1415 2116 1440 2142 ‹‹
1468 2095 1588 2148 Hoc
1611 2093 1797 2148 modo

126 2197 572 2253 synemmenon
603 2181 664 2237 in
697 2182 979 2251 gravibus
1007 2183 1208 2238 minus
1241 2183 1645 2238 necessarium
1671 2183 1800 2254 qui-

124 2269 397 2325 busdam
428 2270 680 2341 videtur,
712 2275 768 2326 et
796 2271 1175 2328 contenditur
1213 2275 1278 2326 ut
1306 2272 1559 2327 videtur.
1593 2272 1708 2328 Sed
1738 2272 1797 2326 in

123 2363 340 2414 nostro
371 2363 570 2429 cantu,
605 2376 788 2432 quem
834 2361 1266 2429 Gregorianum
1314 2377 1428 2416 nos
1471 2361 1796 2430 jactamus,

123 2447 300 2503 vitari
326 2447 492 2503 nullo
519 2448 702 2504 modo
735 2454 948 2522 potest,
983 2455 1046 2504 ut
1089 2451 1149 2504 in
1180 2450 1294 2506 hoc
1322 2455 1502 2505 cantu
1530 2469 1542 2504 :
1576 2451 1648 2505 In
1677 2451 1800 2506 sole

118 2539 344 2606 posuit,
378 2542 434 2592 et
463 2537 524 2592 in
555 2536 702 2604 aliis,
728 2538 831 2610 qui
861 2539 1166 2608 ejusmodi
1193 2543 1492 2594 canuntur
1514 2538 1797 2610 sympho-

126 2627 250 2697 nia,
275 2628 410 2683 etin
439 2628 666 2684 caeteris
689 2629 1185 2702 quamplurimis;
1211 2629 1477 2702 alioquin
1493 2634 1705 2685 cantus
1724 2646 1797 2685 ex

127 2733 355 2787 magna
402 2723 569 2790 parte
618 2717 967 2786 mutabitur,
1001 2723 1104 2774 aut
1133 2735 1256 2774 non
1302 2719 1410 2774 rite
1440 2718 1696 2774 ﬁnietur.
1733 2722 1796 2774 Et

123 2806 270 2880 quia
294 2823 472 2862 voces
491 2807 552 2862 in
568 2807 881 2879 speciebus
895 2807 1186 2881 diapason
1203 2808 1416 2863 eadem
1441 2824 1569 2863 esse
1591 2807 1798 2862 dicun-

126 2901 240 2963 tur,
273 2895 409 2952 ideo
453 2897 739 2952 nimirum
768 2913 891 2952 non
923 2898 1032 2967 (36)
1065 2897 1362 2965 videmus,
1393 2897 1438 2952 si
1470 2897 1791 2952 tetrachor-

124 2984 274 3040 dum
307 3001 750 3057 synemmenon
781 2986 841 3041 in
872 2986 1062 3042 acutis
1087 2985 1242 3041 inter
1266 2985 1291 3041 f
1315 2991 1371 3042 et
1396 2986 1436 3040 d
1464 2986 1665 3041 locum
1692 2987 1794 3042 ha-

129 3075 281 3143 beat,
323 3075 572 3147 quando
601 3076 780 3132 etiam
831 3076 890 3130 in
937 3075 1244 3146 gravimus
1273 3075 1424 3131 inter
1454 3081 1489 3126 I‘
1520 3080 1576 3131 et
1608 3079 1648 3130 Ι)
1684 3077 1790 3131 ha-

124 3163 265 3219 bere
296 3164 487 3236 possit
507 3169 563 3219 et
583 3164 816 3220 debeat.
839 3189 866 3216 »
896 3165 1030 3220 Hiec
1062 3169 1200 3220 sunt
1226 3165 1304 3220 ad
1329 3164 1585 3220 litteram
1609 3165 1790 3222 verba
1828 3189 1867 3243 ί]

125 3251 427 3320 Theogeri.
460 3253 797 3309 Reducatur
825 3253 1002 3325 igitur
1051 3253 1382 3308 secundum
1416 3254 1544 3324 ejus
1574 3253 1787 3308 doctri-

126 3356 270 3396 nam
287 3341 636 3410 hujusmodi
651 3342 984 3398 modulatio
1002 3342 1080 3398 ad
1093 3359 1298 3398 veram
1321 3342 1579 3398 formam
1601 3361 1612 3397 :
1638 3343 1784 3398 dum

127 3429 285 3485 enim
316 3429 418 3494 sic,
451 3434 513 3491 ut
537 3430 766 3486 dictum
798 3435 904 3497 est,
937 3433 1091 3504 proti
1124 3431 1377 3504 plagalis
1409 3431 1785 3503 incipiendus

127 3523 212 3573 est
237 3519 298 3574 in
330 3521 373 3574 Β
401 3519 591 3588 gravi.
625 3525 688 3575 ut
723 3522 935 3576 Tollite
963 3521 1024 3576 in
1072 3526 1116 3575 Α
1156 3521 1342 3591 gravi,
1376 3527 1441 3576 ut
1479 3524 1524 3575 A
1557 3539 1783 3577 summo

127 3608 292 3673 coelo,
320 3612 376 3663 et
399 3607 458 3664 in
493 3611 550 3663 Ε.
585 3609 752 3678 gravi
792 3609 922 3680 ejus
955 3609 1096 3664 sede
1122 3609 1547 3665 rationabiliter
1578 3609 1785 3665 ﬁnien-

127 3697 275 3752 dus:
311 3697 600 3769 sequitur,
633 3699 798 3770 quod
825 3697 1161 3753 secundum
1192 3698 1542 3769 hujusmodi
1574 3715 1783 3754 eorum

127 3786 489 3859 inceptiones
519 3787 944 3860 prosequendo
974 3786 1158 3842 ambo
1201 3786 1262 3842 in
1301 3803 1511 3842 eorum
1541 3788 1785 3859 propria

128 3874 266 3930 sede
309 3875 496 3944 ﬁnali,
527 3892 663 3948 quae
694 3880 782 3931 est
825 3877 868 3929 D
895 3891 1096 3947 grave,
1128 3875 1312 3931 finem
1359 3875 1686 3930 habebunt.
1725 3879 1784 3930 In

125 3963 364 4036 quibus,
389 3963 540 4020 sicut
568 3964 628 4018 in
656 3964 938 4019 omnibus
961 3962 1184 4018 czeteris
1210 3962 1619 4033 gradualibus,
1646 3980 1782 4036 quae

124 4051 471 4122 hujusmodi
493 4051 755 4107 melodia
785 4055 1120 4108 eantantur.
1137 4053 1177 4105 Β
1205 4066 1384 4120 grave
1415 4067 1452 4107 a
1479 4067 1627 4106 sono
1649 4067 1783 4124 pro-

123 4140 255 4212 prio
301 4139 576 4213 liquescit
623 4140 1049 4198 descendendo
1100 4139 1161 4194 in
1208 4145 1441 4211 tonum,
1477 4141 1629 4197 sicut
1670 4142 1784 4197 hoc

123 4228 282 4284 idem
312 4229 491 4285 etiam
529 4229 591 4285 in
620 4229 749 4285 aliis
773 4228 917 4285 locis
947 4245 1388 4300 nonnunquam
1420 4229 1724 4300 contingit.
1755 4266 1762 4268 -

197 4319 488 4375 Graduale
516 4321 755 4376 ostende
767 4321 954 4375 nobis.
982 4323 1156 4375 Error
1179 4319 1361 4390 hujus
1383 4325 1594 4376 cantus
1615 4325 1703 4376 est
1721 4321 1783 4375 in

125 4409 237 4464 hoc
256 4406 389 4462 loco
412 4425 424 4462 :
453 4408 924 4464 misericordiam
948 4413 1135 4472 tuam,
1153 4411 1220 4462 ut
1240 4408 1574 4463 secundum
1593 4413 1784 4465 artem

1917 576 2267 646 hujusmodi
2299 577 2681 650 symphonia.

1989 665 2162 720 Grad.
2195 667 2445 722 Salvum
2473 667 2579 735 fac
2607 685 2704 721 ses
2733 683 2867 722 “tm.
2900 667 3157 733 Quidam
3186 669 3303 726 hoc
3334 671 3577 740 gradale

1916 753 1974 809 in
2027 758 2064 809 F
2094 755 2262 825 gravi
2305 755 2618 829 incipiunt,
2652 764 2700 811 ei
2744 757 3082 825 enormiter,
3114 773 3253 813 eum
3295 760 3451 832 proti
3505 760 3577 816 sit

1916 844 2205 910 authenti,
2237 845 2297 899 in
2348 862 2383 900 a
2439 850 2613 901 acuto
2662 845 2896 901 finiunt.
2932 846 3042 912 Qui
3086 846 3334 919 quidem
3381 848 3577 905 ﬁnalis

1915 940 2002 989 est
2051 940 2256 991 contra
2301 951 2512 990 omnes
2560 931 2860 1002 mli-€903;
2915 939 2972 992 et
3000 936 3229 1010 absque
3259 938 3576 995 formidine

1913 1025 2048 1080 dico
2080 1025 2344 1079 musicos
2371 1043 2382 1090 ;
2415 1040 2561 1079 nam
2586 1024 2801 1080 immiti
2824 1029 2982 1092 sunt,
3005 1025 3110 1097 qui
3137 1042 3198 1082 se
3225 1027 3578 1083 dicuntmu-

1914 1114 2087 1181 sicos,
2122 1118 2353 1168 tantum
2399 1113 2669 1183 scientes,
2711 1113 2806 1168 vel
2855 1113 2938 1170 ita
2980 1119 3258 1186 putantes
3308 1132 3369 1171 se
3424 1117 3574 1172 scire

1912 1219 2130 1258 vocum
2179 1202 2547 1271 discrimina,
2579 1207 2645 1257 ut
2690 1201 2790 1266 illi,
2824 1203 2928 1274 qui
2975 1203 3225 1260 vocibus
3254 1205 3576 1276 imponunt

1913 1293 2083 1355 signa.
2113 1292 2204 1347 vel
2237 1291 2500 1354 nomina.
2535 1291 2798 1347 dicentes
2833 1296 2914 1356 ut,
2958 1309 3041 1360 re,
3094 1293 3196 1359 mi,
3246 1293 3326 1362 fa,
3376 1310 3464 1359 so,
3492 1294 3570 1350 la.

1908 1381 2075 1436 Tales
2103 1381 2162 1435 in
2209 1380 2454 1435 musicte
2507 1379 2863 1435 falsitatibus
2901 1380 3198 1450 laborant,
3231 1385 3286 1438 et
3316 1382 3573 1451 glorian-

1909 1475 2020 1534 tur,
2055 1468 2197 1541 quia
2231 1468 2513 1523 omnibus
2561 1467 2686 1523 istis
2739 1468 2924 1536 signis
2963 1469 3332 1541 interemptis
3373 1468 3572 1525 adhuc

1907 1574 2128 1612 vocum
2173 1562 2454 1612 naturam
2503 1560 2786 1612 mactant.
2830 1559 2976 1612 Noto
3027 1557 3246 1612 etenim
3279 1557 3409 1612 illos
3439 1574 3571 1613 esse

1907 1648 2189 1712 musicos,
2227 1651 2287 1701 ut
2317 1646 2548 1701 Boetius
2579 1645 2838 1701 affirmat
2882 1646 3182 1701 musicum
3213 1647 3305 1702 his
3335 1647 3566 1702 verbis:

1909 1759 1935 1785 ‹‹
1960 1738 2013 1791 Is
2042 1753 2180 1792 vero
2205 1741 2295 1791 est
2327 1736 2612 1805 musicus,
2645 1735 2746 1807 qui
2773 1735 3001 1791 ratione
3029 1752 3327 1808 perpensa
3357 1753 3572 1793 canen-

1840 1836 1877 1888 Β
1907 1825 1965 1880 di
1999 1825 2306 1880 scientiam
2353 1840 2474 1879 non
2506 1824 2764 1892 servitio,
2797 1825 2902 1880 sed
2932 1824 3184 1897 imperio
3214 1826 3568 1897 speculatio-

1908 1915 2019 1982 nis,
2057 1913 2454 1986 assumpsit.»
2507 1912 2832 1968 Redeumlo
2882 1912 2960 1967 ad
3005 1914 3403 1986 propositum,
3435 1929 3572 1968 con-

1908 2009 1996 2060 tra
2028 2004 2172 2058 tales
2209 2002 2492 2067 musicos,
2524 2006 2612 2057 est
2640 2001 2741 2056 illa
2765 2001 2962 2056 ﬁnalis
2992 2019 3109 2057 vox
3137 2018 3246 2073 pro
3271 2002 3411 2058 sede
3437 2018 3572 2075 pro-

1908 2093 1966 2148 ti.
2003 2093 2083 2147 Illi
2133 2098 2332 2147 autem
2393 2096 2535 2146 sunt
2580 2096 2634 2145 et
2679 2090 2960 2145 dicuntur
3011 2091 3461 2164 vituperatores,
3506 2095 3571 2146 ut

1907 2181 2372 2237 contradictores
2427 2179 2666 2244 scilicet,
2712 2194 2853 2248 erga
2906 2195 2978 2234 ea
3031 2195 3153 2235 non
3199 2185 3337 2234 sunt
3378 2179 3565 2247 digni.

1907 2269 2282 2327 Conveniunt
2310 2268 2469 2322 enim
2501 2283 2713 2322 omnes
2744 2266 2977 2333 musici,
3009 2268 3069 2322 in
3100 2268 3216 2323 hoc
3253 2268 3415 2323 enim
3445 2284 3569 2322 om-

1905 2359 1997 2414 nis
2023 2363 2234 2414 eantus
2264 2362 2354 2412 est
2400 2355 2461 2411 in
2493 2361 2752 2429 quatuor
2789 2355 3038 2411 vocibus
3070 2355 3390 2422 ﬁniendus,
3422 2355 3570 2411 scili-

1905 2453 1995 2504 cet
2027 2451 2066 2502 D
2110 2449 2148 2501 E
2180 2447 2220 2498 F
2251 2448 2290 2501 G
2328 2444 2633 2515 gravibus.
2681 2444 2796 2499 Sed
2843 2444 2949 2499 iste
2991 2448 3202 2500 cantus
3233 2445 3569 2500 secundum

1903 2537 2326 2610 depravatores
2358 2534 2416 2588 in
2449 2538 2660 2589 neutra
2692 2534 2906 2589 harum
2937 2533 3193 2589 ﬁnietur.
3223 2538 3337 2590 Cur
3366 2538 3567 2590 autem

1903 2631 2135 2682 tantum
2181 2623 2240 2679 in
2285 2624 2376 2678 his
2425 2627 2686 2694 quatuor
2728 2623 2993 2694 ﬁniatur,
3032 2623 3334 2679 brevitatis
3381 2639 3568 2680 causa

1901 2714 2207 2770 omittitur.
2243 2711 2653 2783 Incipiendum
2684 2716 2772 2766 est
2801 2713 2913 2766 hoc
2941 2711 3185 2781 gradale
3212 2712 3272 2766 in
3305 2714 3342 2767 C
3375 2711 3561 2782 gravi,

1900 2808 1956 2858 et
1990 2801 2432 2857 modulandum
2461 2816 2565 2871 per
2595 2805 2804 2855 tonum
2836 2805 2891 2856 et
2917 2800 3346 2855 semiditonum
3391 2804 3447 2854 et
3478 2815 3563 2853 se-

1900 2893 2194 2948 mitonum
2222 2894 2278 2945 et
2308 2889 2733 2944 semiditonum
2761 2894 2818 2944 et
2837 2894 3044 2944 tonum
3067 2893 3124 2944 et
3152 2893 3362 2943 tonum
3393 2892 3450 2944 et
3475 2904 3563 2944 se-

1899 2982 2258 3037 miditonum
2289 2983 2345 3033 et
2375 2977 2799 3033 semiditonum
2845 2983 2902 3034 et
2931 2983 3140 3035 tonum
3174 2983 3232 3034 et
3259 2985 3470 3034 tonum
3505 2982 3562 3033 et

1900 3077 2129 3135 tonum,
2162 3068 2382 3124 scilicet
2409 3067 2522 3123 ista
2550 3067 2672 3122 duo
2702 3068 2920 3123 verba:
2962 3070 3197 3124 salvum
3223 3070 3326 3137 fac
3369 3070 3427 3122 et
3475 3066 3559 3122 sic

1898 3158 2276 3216 artiﬁcialiter
2309 3155 2659 3229 producitur
2687 3156 2764 3211 ad
2793 3155 3056 3212 ﬁnalem.

1969 3249 2244 3304 lntroitus
2277 3248 2429 3302 Deus
2461 3247 2522 3300 in
2549 3246 2940 3315 adjutorium.
2987 3249 3139 3301 Raro
3161 3245 3256 3301 hic
3283 3244 3556 3300 introitus

1894 3340 2002 3395 rite
2025 3337 2276 3405 canitur,
2291 3339 2348 3390 et
2367 3336 2481 3390 hoc
2500 3340 2742 3406 propter
2757 3334 3054 3391 diversam
3075 3333 3522 3390 inchoationem
3543 3353 3555 3402 ;

1895 3445 2039 3485 nam
2063 3426 2315 3500 quidam
2346 3424 2405 3479 in
2439 3427 2479 3479 G
2515 3424 2684 3493 gravi
2713 3424 3020 3492 inchoant,
3054 3429 3110 3480 et
3149 3424 3344 3480 statim
3375 3423 3437 3478 in
3466 3423 3558 3478 his

1895 3516 2281 3580 dictionibus,
2299 3514 2518 3569 scilicet
2538 3515 2786 3570 Domine
2811 3530 2950 3568 cum
2973 3513 3359 3586 sequentibus
3381 3528 3556 3568 enor-

1895 3607 2068 3662 miter
2119 3609 2337 3669 errant,
2371 3609 2428 3657 et
2476 3602 2728 3658 ﬁnaliter
2779 3602 3134 3673 perveniunt
3167 3602 3227 3656 in
3279 3603 3320 3656 D
3351 3617 3554 3672 grave,

1894 3695 2060 3769 quod
2110 3709 2233 3748 non
2264 3696 2352 3747 est
2382 3692 2554 3747 sedes
2600 3691 2840 3747 tetrardi
2879 3690 3166 3758 authenti,
3199 3691 3371 3760 cujus
3403 3689 3556 3762 tropi

1894 3788 1984 3842 est
2027 3783 2218 3838 dictus
2249 3779 2542 3836 introitus.
2588 3779 2778 3836 Etiam
2807 3779 3056 3851 quidam
3104 3780 3391 3834 inchoant
3430 3778 3492 3833 in
3524 3796 3554 3834 c

1894 3878 2091 3941 acuto,
2125 3875 2182 3926 et
2228 3869 2309 3925 sic
2360 3873 2827 3941 prosequuntur,
2873 3873 2929 3924 et
2968 3873 3107 3924 tunc
3153 3867 3369 3923 ﬁniunt
3405 3867 3465 3923 in
3511 3871 3554 3925 G

1895 3962 2082 4034 gravi,
2143 3959 2246 4015 sed
2297 3974 2573 4031 perverse
2625 3957 2932 4030 incipiunt.
2985 3961 3162 4013 Utens
3207 3957 3554 4014 auctoritate

1891 4051 2136 4108 Joannis
2163 4049 2394 4121 Anglici
2419 4048 2701 4104 dicentis:
2733 4071 2758 4096 ‹‹
2780 4051 2923 4104 Tota
2951 4047 3037 4104 vis
3064 4052 3276 4105 cantus
3307 4048 3386 4104 ad
3412 4047 3556 4104 ﬁna-

1893 4143 1978 4198 les
2007 4139 2266 4214 respicit,
2297 4143 2353 4194 et
2381 4154 2746 4212 quocunque
2784 4138 2969 4194 modo
2997 4137 3282 4208 variatur,
3316 4153 3556 4211 semper

1894 4231 1946 4288 ei
1972 4229 2193 4287 modus
2224 4228 2668 4299 adjudieandus
2701 4227 2883 4297 est,in
2905 4229 3077 4299 cujus
3101 4227 3267 4284 ﬁnali
3290 4244 3556 4283 cessave-

1893 4320 2002 4376 rit:
2027 4343 2054 4370 ››
2085 4319 2246 4375 unde
2277 4319 2456 4385 idem,
2487 4318 3036 4390 quomodocunque
3067 4321 3279 4373 cantus
3303 4316 3376 4371 sit
3400 4315 3556 4372 falsi-

1894 4410 2108 4466 ﬁcatus
2138 4408 2230 4464 vel
2259 4407 2754 4480 qualitercunque
2796 4406 3084 4471 variatus,
3116 4407 3194 4462 ad
3223 4421 3402 4461 suum
3432 4409 3551 4460 tro-

126 4491 376 4559 dicatur,
409 4495 457 4547 si
486 4492 613 4547 haec
655 4491 834 4548 dictio
879 4498 1040 4548 tuam
1083 4507 1290 4548 vocem
1321 4492 1566 4548 ﬁnalem
1596 4493 1778 4564 hujus
1821 4537 1863 4590 Β
1893 4514 2043 4571 pum
2069 4496 2490 4553 convenienter
2518 4495 2873 4562 reducatur;
2919 4494 3074 4550 dico‘
3095 4494 3324 4550 dictum
3351 4491 3552 4548 introi-

127 4581 397 4636 dictionis
409 4581 878 4636 misericordiam
902 4580 1196 4653 repetierit
1217 4581 1624 4649 ascendendo,
1644 4581 1781 4636 irre-

128 4671 404 4741 gulariter
437 4670 808 4737 terminatur,
839 4671 984 4742 quia
1012 4671 1070 4726 in
1095 4674 1134 4728 C
1162 4672 1326 4740 gravi
1347 4671 1580 4744 primus
1613 4673 1785 4728 semi-

129 4760 355 4817 tonium
379 4758 742 4828 terminaret,
760 4759 926 4830 quod
952 4775 1074 4815 non
1102 4764 1188 4815 est
1211 4761 1380 4815 sedes
1406 4761 1560 4832 proti
1580 4760 1785 4832 plaga-

127 4848 218 4918 lis,
250 4865 388 4904 cum
421 4852 620 4903 tamen
666 4847 760 4903 hic
809 4853 1021 4903 cantus
1060 4848 1132 4904 sit
1184 4848 1433 4904 secundi
1478 4849 1663 4904 modi.
1716 4852 1782 4906 Ut

131 4941 320 4994 autem
364 4936 742 4994 artiﬁcialiter
768 4937 1092 4992 reducatur
1117 4936 1196 4993 ad
1241 4937 1464 5006 sedem,
1499 4939 1784 5011 incipien-

129 5026 238 5081 dus
269 5027 441 5082 estin
475 5029 516 5081 (ἓ
551 5026 738 5096 gravi,
779 5029 834 5081 et
875 5025 1073 5081 ﬁnalis
1110 5042 1229 5081 vox
1279 5027 1458 5097 hujus
1507 5027 1782 5083 dictionis

129 5118 591 5174 misericordiam
651 5117 760 5172 erit
809 5119 850 5172 Ι)
900 5131 1101 5186 grave,
1153 5121 1208 5172 et
1265 5132 1522 5189 sequens
1579 5117 1780 5187 dictio,

131 5205 362 5273 scilicet,
410 5213 596 5277 tuam,
626 5206 970 5280 incipienda
1021 5208 1128 5261 erit
1178 5205 1239 5260 in
1285 5209 1326 5261 Ι)
1374 5207 1561 5276 gravi,
1603 5212 1657 5263 et
1701 5207 1782 5265 ita

129 5294 545 5368 prosequendo
575 5295 889 5368 plagaliter
917 5295 977 5350 in
1022 5297 1060 5350 E
1093 5295 1260 5364 gravi
1297 5295 1554 5361 ﬁnietur,
1586 5295 1781 5352 ﬁnalis

127 5398 394 5441 verovox
404 5384 620 5440 harum
640 5384 972 5441 dictionum
993 5402 1005 5439 :
1032 5391 1197 5440 tuum
1217 5390 1270 5441 et
1297 5387 1569 5442 avertisti
1587 5385 1780 5457 fungi-

202 5814 311 5887 (36)
349 5817 478 5872 Non
505 5813 665 5870 deest
689 5815 751 5873 in
781 5817 904 5876 Mel.

1893 4592 2023 4644 tum
2053 4587 2243 4644 taliter
2290 4584 2526 4641 reduci:
2577 4584 2899 4656 Incipiatur
2935 4584 2996 4638 in
3043 4586 3083 4639 G
3117 4581 3305 4652 gravi,
3339 4585 3395 4636 et
3422 4581 3550 4636 haec

1892 4676 2070 4732 dictio
2100 4676 2350 4731 Domine
2373 4674 2690 4746 incipiatur
2719 4673 2780 4728 in
2811 4675 2854 4728 G
2877 4671 3062 4741 gravi,
3087 4676 3144 4727 et
3171 4673 3441 4726 cantetur
3459 4668 3550 4724 in-

1892 4765 2108 4821 tentive
2155 4781 2261 4838 per
2305 4769 2514 4819 tonum
2546 4767 2603 4818 et
2637 4767 2869 4832 tonum,
2906 4764 2963 4816 et
2994 4759 3357 4815 semitonum
3383 4762 3440 4814 et
3463 4774 3550 4813 se-

1891 4853 2209 4914 mitonum,
2240 4855 2297 4906 et
2327 4852 2455 4906 haec
2485 4850 2666 4905 dictio
2714 4849 2794 4905 ad
2843 4848 3157 4903 inchoetur
3187 4847 3247 4902 in
3279 4846 3317 4901 d
3349 4850 3547 4916 acuto,

1891 4946 1948 4997 et
1975 4941 2104 4996 haec
2124 4940 2301 4996 dictio
2329 4939 2744 5009 adjuvandum
2774 4937 3086 4994 inchoetur
3115 4935 3175 4990 in
3202 4935 3243 4990 d
3273 4939 3468 5002 acuto,
3492 4937 3550 4990 et

1890 5029 2233 5085 moduletur
2278 5045 2384 5100 per
2413 5033 2623 5083 tonum
2677 5031 2734 5082 et
2778 5031 3012 5090 tonum,
3045 5029 3102 5080 et
3137 5029 3348 5080 tonum
3378 5027 3435 5079 et
3465 5040 3551 5080 se-

1891 5117 2209 5186 mitonum,
2233 5123 2288 5172 et
2311 5116 2740 5172 semiditonum
2765 5119 2821 5170 et
2850 5118 3060 5170 tonum
3088 5131 3101 5180 ;
3132 5117 3188 5168 et
3211 5113 3340 5168 hzec
3369 5111 3548 5168 dictio

1888 5222 1982 5262 me
2010 5206 2179 5261 ﬁniat
2206 5223 2237 5261 c
2267 5210 2511 5261 acutum
2546 5204 2845 5260 visitando
2872 5203 2896 5257 f
2920 5206 3185 5269 acutum,
3217 5206 3275 5258 et
3303 5201 3386 5257 sic
3416 5217 3550 5274 pro-

1890 5295 2202 5368 sequendo
2219 5295 2637 5350 convenienter
2658 5292 2962 5349 reducitur
2986 5291 3063 5347 ad
3080 5308 3258 5347 suum
3281 5295 3546 5364 tropum,

1890 5385 2112 5442 scilicet
2137 5385 2463 5443 tetrardum
2493 5385 2867 5441 authentum.
