3958 6456
361 325 468 380 435

1769 303 2101 362 GUlDONlS
2140 302 2424 360 ARETINI

433 443 793 503 Communio
823 443 1041 498 Passer
1063 439 1308 496 invenit.
1352 435 1668 492 Rarissime
1707 433 1836 488 haec
1864 445 2025 486 com-
2063 432 2110 485 A
2137 425 2488 500 praedictam
2510 424 3092 494 dictionem,sci1icet
3119 427 3400 496 pretioso,
3432 439 3540 496 per
3561 427 3604 481 G
3631 429 3674 483 D
3721 430 3770 483 F
3799 430 3850 482 E

364 534 574 593 munio
599 533 758 605 juste
785 531 1035 587 canitur.
1086 530 1294 583 Errant
1320 525 1381 580 in
1410 525 1548 594 hoc,
1581 521 1748 596 quod
1778 536 1914 594 eam
1947 519 2034 574 in-

365 623 594 698 cipiunt
629 622 692 678 in
737 621 780 677 G
811 617 994 689 gravi,
1022 620 1080 673 et
1123 615 1464 690 perducunt
1498 613 1560 668 in
1610 628 1643 667 c
1668 614 1914 666 acutum
1939 607 2032 664 vel

363 713 428 770 in
457 712 498 768 (1
523 714 788 777 acutum,
817 712 875 764 et
900 707 962 762 in
1001 705 1202 762 medio
1237 704 1420 774 hujus
1457 705 1668 759 cantus
1696 698 2030 772 proprieta-

365 806 485 858 tem
515 799 669 874 proti
697 799 1046 872 pervertunt
1086 794 1150 850 in
1193 791 1618 866 proprietatem
1667 788 1820 856 triti;
1872 791 1930 842 et
1957 802 2032 842 ex

364 906 489 964 quo
514 889 661 945 tanti
687 888 762 944 sit
789 885 1006 943 erroris
1029 885 1109 941 ad
1127 882 1552 957 proprietatem
1577 879 1732 953 proti
1763 875 2032 933 authenti

363 979 559 1037 taliter
584 977 928 1034 reducatur.
963 973 1286 1046 lncipiatur
1323 971 1456 1042 jam
1494 969 1652 1025 dicta
1681 964 2029 1024 communio

363 1067 428 1124 in
481 1069 526 1123 D
572 1065 760 1136 gravi,
819 1067 876 1120 et
926 1061 1290 1137 perducatur
1347 1059 1543 1132 prima
1595 1055 1830 1129 syllaba
1875 1054 1937 1109 in
1987 1055 2028 1108 G

367 1171 570 1228 grave,
627 1159 685 1211 et
730 1153 898 1210 ﬁnita
928 1153 1043 1208 hac
1071 1149 1328 1207 dictione
1377 1150 1616 1205 domum
1647 1146 1708 1201 in
1755 1147 1794 1200 (ἶ
1837 1142 2029 1213 gravi,

367 1257 627 1316 sequens
656 1240 836 1298 dictio
867 1245 925 1298 et
964 1239 1212 1314 recipiat
1255 1241 1299 1294 G
1339 1253 1538 1308 grave,
1570 1239 1628 1292 et
1657 1250 1916 1307 sequens
1945 1233 2035 1287 di-

367 1334 504 1400 ctio,
539 1331 665 1388 scil.
713 1337 922 1388 turtur
963 1334 1236 1386 cantetur
1277 1344 1386 1402 per
1424 1329 1466 1381 F
1510 1331 1567 1382 et
1609 1327 1651 1380 G
1680 1340 1911 1394 graves.
1951 1323 2033 1380 Si-

366 1421 583 1479 militer
603 1425 659 1477 et
685 1437 946 1493 sequens
965 1420 1146 1476 dictio
1177 1419 1299 1475 scil.
1326 1419 1536 1474 nidum
1566 1433 1706 1472 cum
1738 1413 2035 1486 sequenti-

364 1509 482 1566 bus
510 1508 874 1566 dictionibus
904 1507 1292 1564 modulentur
1336 1505 1396 1562 in
1430 1505 1710 1573 unisono,
1741 1507 1798 1558 et
1825 1517 2036 1558 secun-

365 1598 513 1656 dam
544 1599 844 1672 syllabam
871 1599 1056 1670 hujus
1086 1596 1366 1652 dictionis
1395 1594 1518 1650 scil.
1546 1598 1819 1663 reponat,
1841 1591 2036 1647 visitet

365 1687 409 1745 b
436 1687 769 1744 rotundum
793 1692 1064 1757 acutum,
1095 1689 1154 1742 et
1181 1685 1310 1740 haec
1339 1683 1520 1739 dictio
1543 1683 1750 1752 pullos
1779 1696 1887 1753 per
1907 1683 1951 1736 G
1980 1685 2036 1737 et

2143 513 3308 585 FDEDDgraves,etabaacutoG
3358 517 3399 570 E
3443 515 3488 568 G
3533 517 3576 570 F
3619 518 3748 572 ΕΙ)
3794 519 3846 572 Ε

2139 605 2180 657 F
2214 607 2256 660 D
2289 607 2354 661 Ι).
2389 609 2446 660 et
2475 604 2556 660 sic
2584 603 2932 673 regulariter
2956 603 3215 660 ﬁnietur.

2215 701 2537 774 Sequentia
2568 704 2682 758 Eia
2706 703 3060 758 recolamus.
3089 702 3273 772 llujus
3297 702 3622 774 sequentiae
3645 704 3853 760 sedes

2141 795 2227 846 est
2269 793 2314 844 G
2345 807 2546 860 grave,
2598 796 2654 848 et
2702 791 2871 847 ﬁnito
2921 792 3034 846 hoc
3083 808 3282 858 versu,
3335 792 3457 847 scil.
3510 795 3671 850 Deus
3725 795 3854 865 qui

2140 883 2366 937 creavit
2393 880 2454 935 in
2487 881 2548 938 d.
2580 886 2775 950 acuto,
2801 897 3060 954 sequens
3080 898 3311 950 versus,
3339 882 3463 938 scil.
3488 883 3845 953 mirabilis,

2139 985 2262 1026 non
2301 969 2619 1042 incipiatur
2664 970 2724 1025 in
2756 987 2795 1040 g
2820 976 3015 1040 acuto,
3047 971 3208 1026 velut
3241 971 3478 1028 usuales
3509 973 3847 1046 deprava-

2138 1063 2370 1135 verunt,
2404 1059 2510 1114 sed
2539 1059 2600 1114 in
2630 1059 2670 1114 d
2698 1063 2893 1126 acuto,
2929 1064 2985 1116 et
3014 1059 3143 1115 hch
3173 1060 3353 1116 dictio
3377 1062 3687 1119 mirabilis
3719 1077 3849 1135 per

2141 1148 2180 1203 d
2212 1165 2242 1203 c
2281 1128 2339 1230 lq
2368 1165 2399 1203 c
2430 1153 2487 1204 et
2517 1149 2940 1223 prosequenda
2970 1155 3078 1218 est,
3111 1151 3443 1206 secundum
3491 1151 3658 1224 quod
3692 1128 3847 1206 haec

2141 1239 2452 1309 sequentia
2481 1239 2542 1293 in
2569 1239 2684 1295 hoc
2715 1239 2868 1294 libro
2896 1240 3008 1311 (38)
3047 1241 3398 1296 demoratur
3432 1245 3490 1296 et
3516 1241 3738 1297 ﬁnitur
3769 1241 3842 1296 in

2141 1326 2204 1378 G.
2241 1327 2407 1395 gravi
2437 1329 2551 1400 (39)
2577 1332 2633 1384 et
2663 1329 2794 1398 ejus
2825 1329 3140 1384 tetrardus.

2217 1429 2535 1500 Sequentia
2555 1431 2771 1486 Sancti
2782 1432 3096 1500 Baptistae.
3120 1435 3250 1487 Haec
3277 1431 3588 1504 sequentia
3604 1431 3846 1502 digno-

2143 1517 2323 1572 scitur
2351 1519 2680 1591 depravata
2715 1519 2775 1576 in
2808 1521 2921 1577 hoc
2952 1537 3160 1576 versu:
3211 1523 3512 1592 placatus,
3547 1525 3606 1578 et
3634 1522 3839 1578 etiam

2143 1605 2203 1660 in
2234 1606 2348 1661 hoc
2380 1623 2584 1662 versu:
2618 1614 2672 1663 et
2703 1611 2888 1679 agni;
2922 1625 3066 1664 nam
3094 1609 3345 1682 quidam
3378 1611 3540 1666 hunc
3571 1626 3835 1666 versum

2139 1698 2422 1766 placatus
2448 1697 2850 1755 diversitnode
2867 1699 3172 1767 inchoant,
3197 1705 3252 1756 et
3268 1701 3638 1757 contendunt
3673 1717 3842 1772 quo-

365 1773 647 1848 Fgraves
695 1779 984 1834 οθιῐηθῑιπ·
1027 1777 1161 1831 “me
1209 1772 1388 1828 ἀίοῐίο
1435 1787 1584 1859 ⁸αοεῄ
1617 1774 1888 1859 θεξηίθίιιν
1914 1785 2035 1859 Per
2073 1785 2114 1839 B
2143 1786 2326 1841 modo
2353 1787 2686 1858 inchoetur,
2720 1789 2873 1844 sicut
2914 1793 2970 1843 et
3017 1789 3091 1844 de
3143 1790 3257 1844 hoc
3287 1805 3507 1846 versu:
3549 1795 3607 1846 et
3651 1790 3833 1859 agni.

367 1867 409 1922 F
438 1867 481 1922 G
509 1868 552 1921 D
585 1879 817 1935 graves,
849 1868 906 1920 et
934 1863 1063 1919 haec
1093 1861 1274 1918 dictio
1304 1861 1532 1917 altaria
1570 1857 1883 1914 inchoetur
1909 1856 1971 1912 in
1997 1860 2035 1913 F

367 1953 558 2027 gravi,
588 1958 648 2010 et
673 1957 945 2010 cantetur
973 1949 1360 2008 ascendendo
1390 1965 1498 2022 per
1526 1952 1740 2004 tonum
1770 1950 1826 2002 et
1856 1946 2034 2002 semi-

366 2043 665 2111 ditonum,
692 2046 750 2099 et
779 2041 862 2098 sic
913 2043 1314 2114 prosequatur
1359 2038 1439 2094 ad
1492 2037 1697 2104 ﬁnem,
1730 2040 1788 2092 et
1824 2035 2036 2108 procul

367 2131 558 2189 dubio
585 2131 648 2187 in
677 2134 721 2187 D
753 2130 922 2201 gravi
942 2130 1052 2201 (37)
1085 2145 1229 2186 raro
1249 2127 1648 2198 permanebit.

439 2234 638 2304 Aufer
659 2248 698 2289 a
719 2248 830 2289 me.
847 2231 1349 2290 Communionem
1371 2231 1526 2287 hanc
1551 2228 1722 2285 multi
1744 2228 2037 2301 incipiunt

369 2323 434 2380 in
475 2338 507 2379 c
537 2325 736 2394 acuto,
786 2326 843 2378 et
888 2321 950 2378 in
1001 2337 1039 2378 a
1089 2325 1266 2377 acuto
1313 2320 1545 2388 ﬁniunt,
1577 2335 1840 2392 quorum
1893 2335 2038 2374 neu-

368 2417 530 2470 trum
559 2416 761 2470 tamen
781 2415 873 2468 est
901 2411 1156 2484 alicujus
1183 2410 1370 2477 modi,
1399 2410 1567 2483 quod
1593 2408 2037 2466 evidentissima

369 2502 655 2561 omnibus
670 2501 857 2576 liquet
883 2501 1152 2558 musicis.
1179 2500 1360 2572 Igitur
1370 2499 1836 2557 falsiﬁcaverunt
1857 2516 2040 2555 usua-

370 2592 458 2650 les
481 2593 612 2665 jam
642 2592 868 2649 dictum
901 2595 1132 2660 tonum,
1163 2595 1219 2646 et
1244 2589 1392 2646 alios
1440 2589 1726 2649 inﬁnitos.
1753 2587 2037 2658 ignoran-

370 2683 452 2742 tia
487 2682 623 2758 ipsa
653 2683 782 2740 haec
821 2685 1126 2739 causante.
1185 2680 1289 2736 Hic
1334 2684 1566 2747 cantus,
1599 2696 1739 2736 cum
1770 2679 1844 2734 sit
1872 2679 2039 2735 modi

369 2772 632 2840 tetrardi,
664 2770 1044 2846 incipiendus
1072 2773 1164 2826 est
1190 2769 1252 2826 in
1275 2771 1316 2825 G
1341 2768 1526 2842 gravi,
1559 2774 1616 2825 et
1635 2767 1798 2825 idem
1823 2772 2036 2824 cantus

369 2862 433 2920 in
458 2860 752 2936 principio
781 2859 1126 2918 immediate
1157 2859 1198 2915 d
1236 2862 1483 2916 acutum
1530 2875 1712 2940 suum
1756 2857 2037 2930 diapente

369 2951 618 3009 visitans
648 2949 858 3008 transit
891 2964 1084 3022 usque
1117 2963 1196 3004 an
1231 2946 1480 3004 ﬁnalem
1508 2946 1854 3016 dictionem,
1889 2945 2042 3001 scili-

375 3043 468 3097 cet
495 3043 600 3106 est,
631 3055 770 3112 qua;
799 3037 1149 3094 modulatur
1175 3053 1282 3110 per
1326 3053 1362 3092 a
1407 3039 1653 3092 acutum
1699 3038 1756 3090 et
1780 3037 1823 3091 G
1857 3050 2038 3106 grave

374 3132 632 3196 tantum,
659 3131 716 3184 et
740 3126 824 3183 sic
854 3126 1022 3183 modi
1053 3126 1293 3183 tetrardi
1322 3124 1718 3199 permanebit.

447 3223 742 3288 Graduale
768 3229 1020 3286 Domine
1040 3229 1405 3299 praevenisti.
1435 3227 1625 3283 Etiam
1655 3227 1768 3284 hoc
1796 3227 2040 3298 gradale

375 3319 612 3394 absque
641 3317 1068 3392 depravatione
1120 3317 1390 3390 nequivit
1417 3332 1790 3390 permanere.
1836 3317 2042 3373 Simili-

375 3412 464 3466 ter
487 3413 542 3466 et
567 3407 732 3465 aliud
751 3407 1015 3479 gradale,
1046 3407 1264 3464 scilicet
1286 3407 1611 3463 Benedicta
1638 3412 1692 3463 et
1721 3409 2042 3463 vemerabi-

377 3498 472 3571 lis,
505 3497 779 3571 ejusdem
808 3497 1104 3566 melodiae,
1122 3497 1257 3552 licet
1285 3496 1656 3570 frequentius
1685 3496 1746 3552 in
1777 3496 2040 3552 ecclesiis

375 3588 743 3646 decantetur.
805 3585 1158 3662 Depravatio
1206 3585 1560 3657 hujusmodi
1608 3590 1772 3659 patet
1817 3585 1878 3640 in
1925 3585 2039 3641 hac

376 3677 633 3734 dictione
657 3677 936 3746 pretioso,
968 3691 1106 3749 qua:
1134 3673 1291 3730 ﬁniri
1321 3674 1500 3730 debet
1527 3674 1588 3730 in
1620 3678 1660 3731 G
1687 3675 1875 3745 gravi,
1898 3674 2040 3748 quia

377 3765 510 3824 talis
540 3764 801 3822 melodia
831 3769 916 3822 est
937 3764 1092 3838 proti
1120 3762 1308 3831 modi,
1344 3763 1448 3819 sed
1478 3763 1686 3819 inﬁniti
1721 3763 1937 3819 ﬁniunt
1979 3763 2041 3818 in

381 3857 422 3912 (ξ
447 3855 630 3926 gravi.
653 3854 861 3912 Statim
883 3870 1092 3910 versus
1114 3853 1378 3926 gradalis
1401 3853 1514 3909 hoc
1537 3870 1671 3910 esse
1695 3854 1914 3909 falsum
1936 3853 2042 3910 de-

378 3947 692 4012 monstrat,
723 3944 866 4018 quia
913 3943 1118 4000 ﬁnitur
1162 3943 1225 4000 in
1274 3947 1316 4000 D
1367 3945 1549 4014 gravi.
1603 3945 1793 4001 Etiam
1831 3961 2043 4001 omnes

379 4034 770 4109 proprietates
791 4033 944 4108 proti
965 4039 1321 4092 concurrent
1340 4034 1398 4091 in
1421 4035 1634 4090 eadem
1654 4035 2040 4108 symphonia,

380 4137 492 4196 per
516 4138 670 4196 quas
699 4130 901 4196 aperte
930 4123 1310 4194 cognoscitur
1338 4123 1510 4180 dictae
1533 4123 1808 4179 melodite
1831 4124 2044 4196 depra-

381 4212 561 4272 vatio.
581 4214 770 4272 Canta
793 4211 990 4284 igitur,
1014 4216 1080 4269 ut
1110 4212 1189 4270 ad
1219 4217 1459 4286 protuin
1490 4213 1689 4286 possis
1709 4213 2043 4288 pervenire,

477 4356 570 4501 37}
605 4355 732 4412 Mel.
751 4371 862 4413 sua
875 4355 1132 4426 propria
1155 4356 1292 4414 sede
1313 4357 1681 4428 regulanter
1700 4355 2041 4428 requiescet.

476 4431 545 4487 38
606 4430 791 4496 Forte,
823 4429 1168 4486 denotatur.

606 4430 791 4496 Forte,
823 4429 1168 4486 denotatur.

2148 1876 2422 1947 Sedquia
2438 1892 2703 1949 praesens
2735 1878 3044 1950 sequentia
3073 1883 3161 1933 est
3190 1877 3343 1949 proti
3375 1879 3672 1948 authenti,
3701 1894 3839 1933 me-

2146 1963 2254 2020 rito
2288 1965 2382 2021 hic
2412 1982 2640 2037 versus,
2677 1966 2798 2022 sci].
2829 1969 3130 2036 placatus,
3167 1966 3485 2021 inchoatur
3514 1967 3573 2022 in
3615 1983 3654 2022 a
3689 1983 3844 2023 acu-

2144 2057 2224 2120 to,
2259 2058 2314 2109 et
2345 2058 2485 2109 tunc
2537 2055 2747 2110 ultima
2787 2055 2966 2110 dictio
2999 2055 3269 2124 ejusdem
3314 2071 3518 2109 versus
3549 2055 3648 2110 vel
3692 2057 3837 2126 ejus

2145 2143 2436 2198 consortis
2465 2149 2667 2198 manet
2695 2143 2756 2198 in
2787 2143 2825 2197 d
2871 2148 3067 2212 acuto,
3105 2149 3160 2198 et
3188 2143 3269 2198 sic
3300 2143 3652 2210 regulariter
3683 2160 3836 2218 per-

2145 2230 2382 2286 ducitur
2410 2231 2489 2286 ad
2519 2248 2697 2286 suum
2728 2231 2931 2301 ﬁnale,
2960 2232 3179 2287 scilicet
3211 2235 3252 2286 D
3287 2246 3488 2302 grave.

2219 2329 2538 2400 Sequentia
2566 2331 2729 2386 Laus
2762 2330 2870 2384 tibi
2899 2331 3152 2386 Christe.
3209 2333 3610 2386 Peccaverunt
3636 2347 3834 2388 usua-

2143 2416 2228 2472 les
2259 2417 2319 2472 in
2352 2418 2466 2473 hac
2511 2419 2841 2490 sequentia,
2873 2423 2929 2473 et
2975 2418 3308 2490 specialiter
3337 2419 3399 2473 in
3447 2419 3562 2474 hoc
3603 2436 3828 2476 versu:

2143 2507 2513 2578 Aphorisco;
2541 2525 2724 2580 quem
2769 2508 3061 2580 incipiunt
3086 2508 3146 2562 in
3179 2525 3210 2563 c
3241 2512 3438 2575 acuto,
3471 2513 3528 2564 et
3566 2509 3649 2564 sic
3678 2526 3834 2582 pro-

2147 2597 2456 2668 sequendo
2504 2597 2721 2653 ﬁniunt
2765 2598 2941 2653 etiam
2988 2598 3044 2652 in
3079 2615 3109 2652 c
3141 2603 3336 2654 acuto.
3373 2602 3648 2654 Attamen
3683 2615 3832 2655 eam

2147 2685 2208 2741 in
2239 2690 2275 2742 F
2306 2687 2474 2754 gravi
2505 2687 2824 2742 terminare
2878 2687 3249 2754 debuissent,
3287 2704 3360 2744 ex
3405 2704 3528 2760 quo
3578 2688 3698 2744 triti
3751 2689 3832 2745 sit

2147 2775 2434 2830 authenti.
2487 2775 2718 2831 Dimitte
2749 2776 3023 2832 usualem
3055 2777 3353 2833 ululatum
3379 2777 3440 2832 in
3470 2777 3586 2833 hoc
3614 2793 3824 2846 versu,

2147 2868 2203 2919 et
2229 2880 2367 2918 eum
2416 2863 2610 2936 incipe
2658 2864 2718 2920 in
2781 2867 2818 2920 F
2848 2865 3033 2935 gravi,
3066 2870 3122 2922 et
3163 2866 3243 2921 ita
3273 2865 3702 2939 prosequendo
3735 2883 3830 2923 se-

2147 2953 2457 3024 quentiam
2513 2953 2575 3008 in
2628 2956 2666 3008 F
2722 2954 2890 3022 gravi
2956 2954 3386 3010 rationabiliter
3440 2955 3820 3011 terminabis.

2149 3042 2312 3096 Idem
2335 3041 2632 3112 judicium
2661 3042 2770 3098 erit
2812 3042 2886 3097 de
2925 3044 3037 3098 hac
3070 3047 3416 3116 sequentia:
3449 3046 3706 3101 Psallite
3735 3059 3828 3101 re-

2082 3138 2122 3193 Γ
2153 3133 2232 3202 gi,
2265 3131 2410 3204 quia
2439 3131 2715 3202 ejusdem
2745 3135 2837 3188 est
2867 3133 3266 3204 symphonite.

2220 3231 2379 3286 Laus
2403 3230 2512 3285 tibi
2533 3231 2770 3286 Christe
2789 3231 3012 3286 Patris.
3043 3230 3229 3286 Etiam
3251 3231 3379 3286 haec
3398 3231 3709 3304 sequentia
3731 3235 3826 3288 est

2149 3317 2478 3390 depravata
2502 3317 2559 3372 in
2581 3319 2692 3373 hoc
2711 3335 2914 3374 versu:
2947 3321 3018 3374 Ut
3037 3321 3232 3388 liccat,
3247 3336 3390 3374 nam
3409 3320 3659 3392 quidam
3672 3336 3824 3393 prte-

2149 3405 2375 3461 dictum
2391 3423 2629 3461 versum
2648 3407 3003 3462 inchoantin
3033 3424 3068 3462 a
3093 3413 3289 3474 acuto,
3307 3413 3662 3464 cumtamen
3685 3409 3821 3481 ipsa

2148 3495 2209 3551 in
2240 3499 2280 3550 ι)
2313 3496 2480 3560 gravi
2505 3496 2657 3550 ﬁniri
2690 3496 2951 3565 deberet,
2977 3513 3047 3551 eo
3077 3498 3243 3568 quod
3275 3497 3346 3552 sit
3377 3497 3509 3569 ipsa
3538 3497 3692 3571 proﬁ
3713 3514 3824 3553 au-

2150 3585 2353 3642 thenti.
2377 3589 2444 3640 Ut
2473 3585 2649 3649 igitur
2669 3585 2828 3641 dicta
2857 3586 3170 3658 sequentia
3200 3587 3520 3642 reducatur
3543 3587 3621 3643 ad
3639 3603 3816 3643 suum

2151 3674 2419 3743 ﬁnalem,
2448 3675 2615 3730 ﬁnito
2645 3691 2819 3729 versu
2853 3676 3021 3730 nobis
3053 3681 3314 3742 terrena,
3346 3675 3406 3730 in
3439 3691 3475 3730 a
3502 3681 3698 3747 acuto,
3731 3692 3819 3730 se-

2150 3781 2344 3837 quens
2369 3781 2595 3828 versus,
2630 3764 2852 3820 scilicet
2882 3771 2945 3818 ut
2973 3765 3167 3828 liccat,
3194 3765 3513 3837 incipiatur
3537 3765 3598 3821 in
3622 3768 3664 3819 D
3687 3781 3819 3832 gra-

2150 3854 2224 3918 vi,
2259 3860 2316 3910 et
2341 3854 2683 3909 moduletur
2714 3855 2838 3910 sic:
2877 3857 2919 3908 D
2953 3856 2998 3906 (ἃ
3031 3857 3120 3908 Fc
3151 3857 3193 3906 G
3228 3871 3263 3910 a
3296 3857 3535 3910 FGFE
3569 3858 3608 3910 E
3641 3859 3677 3910 E
3712 3857 3816 3911 FG

2153 3944 2197 3997 G
2229 3946 2267 3998 F
2298 3947 2337 3998 E
2363 3943 2402 3998 d
2437 3946 2474 3996 E
2509 3946 2550 3998 D
2579 3947 2621 3998 Ι)
2656 3945 2697 3996 F
2730 3946 2768 3998 E
2801 3947 2839 3998 Ε
2870 3946 2910 3997 Ι)
2944 3945 3010 4007 Ι),
3042 3943 3205 4014 quod
3241 3959 3413 3998 versu
3434 3949 3490 3999 et
3519 3945 3648 4014 ejus
3681 3961 3816 4000 con-

2153 4037 2307 4088 sorte
2332 4032 2514 4087 ﬁnitis
2541 4032 2785 4087 ultimus
2816 4048 3020 4088 versus
3042 4031 3124 4088 ita
3155 4032 3497 4089 moduletur
3521 4051 3534 4089 :
3571 4037 3612 4089 D
3638 4036 3676 4089 E
3709 4037 3746 4090 F
3765 4035 3811 4088 G

2155 4121 3811 4191 FFEEGaGFEDFECEFDD,etsicadsuum

2152 4208 2500 4282 regulariter
2531 4210 2878 4282 perducitur
2907 4210 3173 4267 ﬁnalem.

2085 4392 2130 4446 ι)
2229 4354 2344 4426 (39)
2383 4355 2687 4423 Legerem,
2719 4359 2772 4410 et
2803 4359 2884 4410 est
2917 4356 3244 4412 tetrardus.

599 4802 1208 4930 QUOMODO
1286 4803 1444 4916 DE
1523 4799 2377 4916 ARITHMETICA
2455 4798 3070 4914 PROCEDIT
3135 4799 3594 4914 MUSICA

454 5039 721 5114 Sequens
749 5037 1103 5109 opusculum
1133 5037 1197 5094 in
1227 5035 1358 5094 cod.
1389 5050 1497 5092 ms.
1527 5034 1590 5092 ις.
1614 5033 1985 5114 Emmerami
2013 5033 2282 5114 habetur
2291 5041 2425 5114 post
2455 5036 2856 5106 Micrologum
2889 5034 3198 5091 Guidonis.
3230 5035 3326 5090 An
3360 5033 3639 5104 ejusdem,
3663 5049 3735 5090 an

1639 5106 1891 5162 alterius
1933 5107 2196 5162 auctoris
2226 5109 2302 5162 sit
2333 5108 2566 5178 ignoro.

462 5416 738 5489 Quinque
753 5418 964 5475 suntin
977 5417 1362 5474 Arithmetica
1373 5415 1796 5490 inaaqualitatis
1811 5431 2052 5487 genera.

393 5504 480 5557 Ex
506 5503 727 5574 quibus
755 5506 865 5562 tria
885 5512 1193 5579 postrema
1212 5523 1507 5580 respuens
1530 5506 1761 5562 musica
1790 5506 2056 5578 primum

393 5593 629 5647 tantum
658 5597 714 5648 et
743 5596 1076 5654 secundum
1124 5597 1398 5664 admittit,
1433 5597 1494 5652 id
1541 5601 1630 5652 est
1661 5596 1970 5669 multiplex
2000 5600 2058 5651 et

397 5680 954 5750 superparticulare.
1013 5688 1108 5742 Est
1151 5703 1288 5743 vero
1341 5687 1672 5760 multiplex,
1720 5686 1824 5741 ubi
1863 5687 2057 5756 major

398 5781 688 5830 numerus
707 5767 1004 5831 minorem
1027 5789 1350 5838 numerum
1374 5777 1557 5836 habet
1575 5776 1637 5835 in
1662 5791 1725 5833 se
1751 5779 1941 5834 totum
1961 5774 2058 5832 vel

2165 5415 2259 5472 bis
2281 5416 2378 5472 vel
2407 5419 2493 5473 ter
2512 5416 2601 5472 vel
2627 5421 2840 5489 quater
2866 5433 2934 5472 ac
2961 5415 3271 5488 deinceps,
3294 5413 3562 5487 nihilque
3585 5412 3732 5470 deest
3751 5419 3800 5470 et

2166 5505 2311 5561 nihil
2328 5505 2634 5560 exuberat.
2654 5509 2734 5560 Ex
2751 5506 2931 5575 hujus
2956 5504 3186 5570 generis
3204 5503 3402 5559 radice
3425 5502 3610 5558 oritur
3626 5502 3797 5575 prima
3910 5502 3916 5575 ῖ

2166 5600 2222 5650 et
2239 5594 2667 5667 perfectissima
2681 5595 3206 5666 symphonia,qu
3225 5591 3798 5662 diciturdiapason,et

2167 5691 2253 5739 est
2284 5686 2340 5738 in
2373 5683 2558 5755 dupla
2583 5684 2986 5755 proportione,
3011 5689 3066 5737 et
3084 5683 3173 5737 bis
3201 5683 3496 5754 diapason
3524 5698 3651 5753 qua:
3671 5697 3798 5752 qua-

2166 5772 2384 5846 drupla
2393 5772 2776 5847 proportione
2791 5771 2922 5830 colli
2930 5772 3104 5844 gitur.
3123 5769 3665 5846 Superparticulare
3673 5784 3796 5830 vero

3721 306 3859 361 436

3908 5549 3916 5772 Ι

3908 5785 3914 5824 l

3900 6216 3908 6345 ἶ
