3958 6456
103 363 218 416 437

102 579 334 642 totum,
367 577 423 628 et
455 587 642 626 unam
673 572 802 642 ejus
833 572 1100 643 aliquam
1131 575 1383 643 partem,
1416 587 1671 642 eamque
1693 568 1787 624 vel

103 662 459 731 dimidiam,
495 666 558 716 ut
587 660 697 716 tria
727 661 804 715 ad
844 660 966 714 duo
998 664 1054 715 et
1089 664 1338 715 vocatur
1378 659 1782 731 sesquialtera,

101 752 208 807 vel
242 749 546 822 sescupla,
568 749 662 804 vel
693 748 932 804 emiolia
958 749 1285 820 proportio.
1320 748 1417 803 Vel
1442 748 1699 814 tertiam,
1723 751 1788 802 ut

103 846 382 914 quatuor
406 839 484 896 ad
511 839 622 894 tria
648 845 705 894 et
733 843 982 894 vocatur
1011 837 1385 910 sesquitertia
1422 838 1512 893 vel
1556 837 1787 910 epitrita

103 929 431 1003 proportio
473 932 530 983 et
578 928 881 1000 deinceps.
946 931 1024 982 Ex
1077 928 1261 997 hujus
1313 927 1544 996 generis
1589 927 1787 982 radice

105 1021 394 1076 oriuntur
423 1019 557 1073 duae
591 1018 969 1089 symphoniae
1000 1017 1279 1089 diapente
1307 1021 1363 1071 et
1389 1016 1784 1072 diatessaron.

107 1114 179 1165 Et
207 1110 492 1181 diapente
524 1107 934 1179 sesquialtera,
963 1107 1333 1162 diatessaron
1364 1122 1506 1160 vero
1558 1105 1787 1176 sesqui-

108 1199 293 1254 tertia
326 1203 588 1253 vocatur.
637 1201 834 1251 Tonus
888 1212 1132 1268 quoque
1189 1211 1260 1249 ex
1313 1195 1527 1250 eodem
1573 1209 1788 1263 genere

106 1287 454 1359 procedens
485 1287 902 1358 sesquioctava
931 1286 1316 1357 proportione
1345 1284 1656 1353 colligitur.
1689 1286 1789 1339 Re-

105 1377 287 1448 liqua
325 1381 526 1431 autem
557 1375 976 1448 inaaqualitatis
1007 1389 1227 1444 genera
1254 1374 1620 1444 rejiciuntur,
1645 1371 1789 1435 quia

107 1465 269 1520 dum
301 1465 498 1535 major
525 1480 814 1519 numerus
847 1464 1149 1518 minorum
1179 1477 1301 1517 non
1327 1466 1493 1534 parte
1525 1461 1629 1516 sed
1655 1475 1789 1532 par-

108 1555 279 1610 tibus
312 1559 572 1626 superat,
588 1554 779 1608 evenit
809 1558 874 1608 ut
899 1569 1074 1608 voces
1107 1553 1286 1608 etiam
1310 1552 1401 1606 his
1429 1555 1788 1606 mensuratae

110 1646 387 1700 confusae
418 1649 474 1699 et
504 1643 750 1699 absonis
784 1644 948 1698 tiant.
987 1646 1259 1698 Versatur
1295 1643 1474 1711 igitur
1502 1641 1563 1695 in
1594 1639 1790 1694 multi-

109 1733 256 1805 plici
291 1748 504 1801 genere
525 1731 732 1804 dupla,
767 1730 1428 1804 tripla,(p1adrup1aque
1460 1727 1785 1801 porportio.

113 1826 182 1877 Et
208 1822 400 1894 dupla
430 1821 570 1876 facit
597 1822 914 1894 diapason,
945 1827 1007 1875 ut
1034 1825 1171 1875 sunt
1203 1823 1266 1875 IV
1298 1820 1376 1875 ad
1407 1822 1540 1874 VIII.
1593 1817 1789 1889 Tripla
1821 1840 1859 1891 Β

113 1927 263 1967 vero
297 1912 425 1983 (40),
457 1916 521 1966 ut
553 1916 690 1966 sunt
723 1915 763 1965 II
795 1911 872 1966 ad
930 1914 1013 1966 VI.
1074 1909 1421 1980 Quadrupla
1478 1909 1680 1977 etiam,
1727 1913 1792 1963 ut

115 2003 185 2056 IV
213 2001 295 2056 ad
324 2003 433 2056 XVI
464 2000 556 2054 bis
590 1999 886 2071 diapason
910 1999 1230 2054 constituit.

188 2093 471 2145 Versatur
497 2105 639 2144 vero
667 2089 727 2144 in
757 2088 1285 2161 supcrparticulari
1317 2102 1531 2156 genere
1559 2086 1791 2159 sesqui-

117 2179 310 2235 altera
338 2178 432 2234 vel
462 2177 836 2250 sesquitertia
883 2183 940 2233 et
992 2177 1406 2249 sesquioctava
1460 2175 1787 2249 proportio.

117 2271 189 2323 Et
267 2267 685 2339 sesquialtera,
749 2272 810 2322 ut
870 2269 1102 2321 suntVI
1155 2266 1232 2321 ad
1288 2270 1350 2320 IX
1397 2265 1492 2320 vel
1544 2268 1658 2320 VIII
1715 2263 1795 2320 ad

116 2361 210 2412 XII
241 2356 540 2428 diapente.
579 2356 960 2427 Sesquitertia
986 2360 1186 2411 autem
1235 2359 1298 2410 ut
1325 2357 1389 2408 VI
1417 2354 1496 2409 ad
1545 2356 1659 2409 VIII
1700 2354 1794 2409 vel

118 2450 185 2502 IX
219 2446 297 2502 ad
323 2450 412 2501 XII
443 2445 836 2502 diatessaron.
899 2445 1060 2501 Mista
1111 2461 1249 2500 vero
1308 2444 1700 2516 sesquialtera
1739 2449 1795 2500 et

117 2535 496 2608 sesquitertia
524 2535 749 2589 faciunt
777 2534 1092 2606 diapason.

487 2679 1403 2752 dia——pa———son.

302 2841 390 2898 VI.
505 2839 785 2913 diapente
825 2842 988 2897 VIIII.
1032 2840 1409 2897 diatessaron
1483 2841 1592 2894 XII.

200 2930 627 3002 Sesquioctava
655 2936 898 3000 vero,ut
927 2934 1064 2986 sunt
1095 2933 1210 2986 VIII
1241 2927 1321 2986 ad
1344 2933 1404 2985 IX
1431 2933 1644 2984 tonum
1671 2925 1792 2982 eiii-

125 3020 222 3076 cit.
254 3020 551 3093 Multiplex
589 3036 732 3090 ergo
786 3021 1206 3094 inrequalitatis
1258 3036 1446 3090 genus
1495 3019 1793 3090 diapason

125 3127 235 3184 per
258 3110 515 3183 duplum
545 3114 658 3166 utl
702 3110 779 3165 ad
817 3116 860 3167 II
908 3111 1206 3183 diapason
1264 3116 1320 3165 et
1364 3110 1642 3182 diapente
1688 3123 1794 3180 per

191 2728 257 2780 ut

127 3199 368 3274 triplam
391 3203 454 3255 ut
483 3206 499 3255 1
530 3200 606 3256 ad
634 3205 699 3257 III
745 3200 836 3256 bis
878 3201 1177 3266 diapason
1228 3216 1336 3272 per
1387 3197 1794 3271 quadruplam
1833 3203 1872 3257 C

130 3293 194 3344 ut
225 3292 244 3343 Ι
275 3289 352 3343 ad
377 3291 442 3344 IV
475 3295 718 3359 generat
742 3290 1213 3363 proportionem.
1247 3285 1794 3361 Superparticulare

132 3382 330 3434 autem
361 3379 782 3452 inzequalitatis
816 3397 1004 3450 genus
1045 3379 1322 3452 diapente
1365 3395 1472 3452 per
1504 3375 1793 3450 sesquial-

133 3473 319 3523 teram
351 3463 720 3525 diatessaron
767 3487 874 3542 per
929 3469 1384 3542 scsquitertiam,
1431 3472 1641 3525 tonum
1687 3481 1796 3539 per

132 3557 612 3632 sesquioctavam
637 3565 798 3615 creat
826 3559 1296 3632 proportionem.

678 3651 766 3704 De
815 3649 1059 3704 Vocibus
1111 3649 1235 3704 VII.

203 3739 439 3809 Septem
467 3743 604 3794 sunt
633 3738 883 3794 diversae
928 3755 1124 3805 voces,
1184 3753 1319 3810 qua:
1375 3737 1588 3792 iterum
1641 3736 1795 3792 sicut

132 3828 476 3900 septimanae
503 3828 629 3884 dies
662 3829 920 3901 repetitae
951 3828 1073 3883 duo
1117 3827 1412 3900 diapason
1465 3825 1787 3898 complent.

132 3917 294 3974 Ultra
320 3918 444 3973 haec
467 3917 589 3973 duo
617 3918 914 3990 diapason
936 3916 1420 3972 monochordum
1462 3932 1584 3971 non
1614 3915 1794 3971 debet

131 4007 385 4078 extendi,
440 4008 583 4079 quia
632 4007 828 4062 omnis
878 4007 1104 4063 chorda
1159 4006 1448 4076 gravioris
1496 4005 1792 4077 diapason

128 4097 377 4153 alteram
419 4098 481 4152 in
511 4104 685 4154 acuto
717 4098 1014 4170 diapason
1068 4098 1177 4153 sibi
1230 4097 1645 4153 concinentem
1690 4097 1794 4152 ha-

126 4189 244 4245 bet.
281 4189 416 4244 Ideo
444 4190 623 4245 etiam
650 4189 801 4244 infra
832 4189 1273 4261 sesquitcrtium
1313 4188 1474 4243 idem
1505 4186 1790 4244 diatessa-

126 4294 237 4334 ron
266 4295 383 4334 non
412 4283 605 4351 potest
626 4279 910 4352 coaptari,
945 4280 1087 4351 quia
1123 4295 1262 4334 cum
1291 4279 1587 4350 diapason
1632 4281 1671 4332 V
1702 4283 1786 4334 t0-

128 4385 342 4424 norum
372 4373 428 4424 et
453 4369 713 4425 duorum
745 4369 1222 4437 semitoniorum,
1263 4368 1540 4440 diapente
1585 4368 1785 4434 trium,

126 4463 404 4514 tonorum
435 4464 491 4514 et
525 4458 700 4514 unius
753 4458 1048 4513 semitonii
1104 4458 1474 4513 diatessaron
1525 4458 1783 4514 duorum

1009 356 1354 419 QUOMODO
1395 357 1484 410 DE
1529 353 1999 411 ARITHMETICA
2037 356 2382 413 PROCEDIT
2417 358 2694 415 MUSICA.

104 489 222 553 est,
259 483 512 555 quando
533 482 728 552 major
757 497 1045 536 numerus
1073 481 1367 535 minorem
1397 479 1578 536 habet
1619 480 1679 534 in
1720 496 1782 533 se
1813 482 1858 534 Α
1896 480 2238 535 Secundum
2292 482 2688 537 monochordi
2737 497 2878 538 vero
2916 483 3279 556 positionem
3309 484 3394 539 sic
3425 489 3562 540 sunt

3455 363 3560 416 438

1894 570 2087 624 vocati
2116 589 2127 625 :
2153 573 2380 635 Protus,
2413 571 2715 638 deuterus,
2749 572 2937 638 tritus,
2989 573 3300 641 tetrard'us,
3352 587 3563 628 secun-

1893 658 2041 714 dum
2069 659 2395 716 litterarum
2428 666 2627 716 autem
2658 660 2867 716 ordine
2891 662 2975 717 sic
3005 675 3017 717 ε

1900 759 2042 899 1“”ι
2129 759 2346 911 l—I
2435 757 2618 892 l—l
2705 759 2938 902 l-l.

1893 912 2044 966 ΑΒΕ
2123 912 2360 966 DEFG
2419 926 2455 966 a
2497 915 2554 1018 bl
2611 927 2641 966 c
2699 912 3312 981 defga.Protushac
3335 915 3560 970 ratione

1894 1019 2127 1070 constat
2157 1015 2236 1070 ab
2261 1022 2307 1070 Α
2335 1015 2395 1070 in
2423 1016 2482 1071 d.
2514 1015 2796 1072 Deuterus
2828 1035 2864 1074 a
2896 1022 2934 1074 Β
2963 1020 3024 1075 in
3055 1022 3116 1076 Ε.
3149 1017 3338 1076 Tritus
3378 1036 3413 1076 a
3438 1036 3468 1076 c
3499 1020 3559 1075 in

1847 1174 1850 1178 .
1895 1103 1934 1158 f.
1964 1105 2338 1161 Tetrardusa
2368 1106 2504 1160 Din
2545 1110 2606 1162 G.
2659 1109 2771 1163 Sed
2822 1124 2961 1164 cum
3009 1125 3264 1166 acumen
3306 1110 3560 1179 gravita-

1896 1196 2034 1260 tem,
2061 1195 2316 1264 gravitas
2345 1211 2600 1251 acumen
2633 1198 3046 1269 confunderet,
3081 1199 3403 1256 concilitrm
3433 1200 3559 1268 fuit,

1895 1288 1962 1338 ut
1989 1283 2245 1356 quisque
2279 1289 2482 1356 tropus
2531 1286 2849 1358 partiretur
2900 1288 2960 1343 in
3005 1289 3178 1355 duos,
3236 1294 3301 1344 ut
3354 1289 3563 1359 gravia

1897 1373 2200 1441 gravibus,
2234 1373 2409 1429 acuta
2441 1375 2828 1431 convenirent
2881 1377 3088 1432 acutis.
3142 1381 3207 1432 Et
3245 1378 3399 1433 acuti
3453 1394 3559 1432 au-

1898 1461 2138 1516 thentici
2171 1479 2184 1517 :
2220 1479 2435 1533 graves
2456 1480 2598 1519 vero
2626 1467 2821 1520 Graece
2853 1465 3067 1539 plagae,
3103 1467 3302 1522 Latine
3351 1457 3560 1537 subju-

1899 1551 2063 1621 gales
2094 1552 2184 1607 vel
2212 1552 2486 1609 laterales
2518 1559 2889 1610 vocarentur.
2939 1556 3162 1611 Horum
3197 1557 3426 1629 primus
3457 1556 3563 1628 hy-

1897 1641 2186 1713 podorlus
2217 1646 2490 1719 cantatur
2521 1643 2598 1698 ab
2622 1648 2667 1698 Α
2700 1644 2758 1698 in
2788 1661 2841 1698 a.
2880 1645 3186 1700 Secundus
3216 1641 3562 1719 hypophry-

1900 1730 2030 1823 gius
2090 1746 2144 1823 a_
2184 1732 2307 1823 Bin
2334 1717 2392 1823 η
2413 1733 2612 1788 tertius
2635 1733 2983 1806 hypolidius
3011 1752 3045 1791 a
3069 1737 3107 1791 C
3139 1735 3198 1790 in
3225 1751 3275 1791 c.
3302 1717 3561 1801 Quartus

1898 1820 2408 1892 hypomixolidius
2440 1839 2474 1877 a
2496 1825 2538 1877 1)
2567 1823 2628 1878 in
2655 1824 2712 1878 d.
2747 1824 2955 1879 Dorius
3005 1823 3148 1880 item
3180 1825 3558 1881 authenticus
3669 1855 3679 1864 -

1899 1925 1936 1964 a
1966 1913 2007 1964 D
2035 1909 2094 1964 in
2126 1909 2184 1965 d.
2210 1910 2470 1982 Phygius
2503 1911 2580 1966 ab
2609 1911 2647 1965 E
2680 1912 2739 1966 in
2769 1929 2820 1968 e.
2856 1912 3053 1967 Lidius
3076 1913 3153 1969 ab
3200 1914 3239 1965 F
3285 1913 3346 1969 in
3395 1909 3433 1968 f.
3468 1907 3563 1970 Mi-

1898 1997 2159 2053 xolidius
2189 2015 2224 2053 a
2253 2002 2294 2054 G
2325 1999 2385 2054 in
2414 2015 2468 2068 g.
2505 2001 2772 2065 Quatuor
2801 2001 2862 2056 hi
2904 2001 3067 2057 modi
3109 2002 3190 2057 ita
3220 1998 3564 2058 naturaliter

1901 2092 2039 2144 sunt
2067 2088 2175 2158 disj
2187 2089 2368 2156 uncti,
2398 2094 2463 2145 ut
2484 2089 2630 2146 alter
2658 2090 2826 2146 alteri
2842 2091 2903 2146 in
2925 2107 3036 2147 sua
3061 2091 3201 2146 sede
3216 2092 3420 2148 locum
3439 2107 3564 2148 non

1901 2177 2141 2246 tribuat,
2176 2177 2322 2232 alter
2349 2177 2594 2234 alterius
2621 2195 2907 2236 neumam
2937 2185 3042 2237 aut
3069 2197 3386 2252 nunquam
3414 2180 3563 2237 reci-

1902 2265 2044 2337 piat,
2073 2270 2176 2321 aut
2206 2266 2604 2322 transformet.
2665 2270 2733 2322 Ut
2786 2273 2927 2323 sunt
2975 2269 3103 2324 heec
3129 2271 3189 2322 in
3228 2267 3561 2326 offertoriis.

1899 2355 2186 2410 Jubilate.
2221 2355 2351 2424 Ipse
2375 2361 2456 2411 est
2481 2357 2658 2425 Deus,
2692 2360 2799 2412 etc.
2829 2357 2950 2413 Deo
2993 2364 3214 2414 nostra.
3269 2359 3447 2414 Filiw
3477 2374 3565 2415 re—

1899 2460 2063 2515 gum.
2110 2447 2427 2501 Varietate.
2460 2446 2722 2501 J‘ustitiae
2756 2447 3014 2504 Domini.
3055 2440 3279 2505 Factus
3309 2454 3412 2517 est,
3453 2453 3562 2505 etc.

1901 2534 1973 2588 In
2004 2549 2074 2589 ea
2103 2536 2418 2604 sancti/ia,
2447 2540 2555 2590 etc.
2585 2536 2901 2604 Filiorum,
2937 2541 3044 2592 etc.

1976 2622 2180 2678 Omnis
2212 2639 2354 2692 ergo
2385 2623 2756 2680 diatessaron
2781 2624 2876 2679 vel
2905 2624 3184 2699 diapente
3230 2615 3324 2682 vel
3360 2625 3566 2699 diapa-

1903 2727 2014 2767 son
2044 2712 2271 2784 species
2304 2729 2339 2767 a
2367 2713 2583 2784 quovis
2613 2716 2807 2786 tropo,
2837 2714 3009 2786 cujus
3036 2711 3142 2786 est,
3166 2713 3390 2788 incipit,
3424 2720 3479 2771 et
3502 2715 3566 2771 in

1901 2801 2185 2856 eumdem
2211 2800 2443 2856 desinit.
2478 2803 2850 2874 Quapropter
2876 2789 2988 2857 illae
3019 2803 3266 2876 species,
3316 2820 3453 2877 quae
3485 2804 3565 2860 ab

1905 2907 2024 2946 uno
2050 2890 2341 2964 incipiunt
2383 2896 2438 2947 et
2485 2890 2544 2945 in
2591 2889 2772 2946 alium
2822 2889 3124 2964 desinunt,
3155 2892 3288 2949 licet
3315 2891 3565 2965 quidem

1900 2980 2240 3048 regularem
2292 2984 2570 3036 tonorum
2621 2983 2676 3036 et
2719 2969 3015 3036 semitonii
3061 2979 3420 3053 positionem
3462 2979 3567 3038 ha-

1902 3068 2102 3130 beant,
2131 3073 2332 3124 tamen
2363 3086 2484 3124 non
2513 3073 2650 3124 sunt
2675 3069 2921 3124 omnino
2960 3067 3283 3140 naturales,
3326 3073 3389 3126 ut
3419 3061 3460 3125 D
3510 3075 3567 3127 et

1905 3160 1944 3212 G
1973 3161 2011 3212 E
2044 3163 2100 3213 et
2129 3175 2183 3214 a.
2212 3157 2351 3213 Aliae
2379 3174 2621 3230 quoque
2651 3174 2806 3231 quae,
2839 3158 2900 3214 in
2935 3175 3057 3231 quo
3087 3158 3396 3231 incipiunt,
3441 3175 3566 3216 non

1902 3247 2192 3304 finiuntur
2245 3252 2440 3322 tropo,
2489 3264 2599 3303 nec
2645 3252 2994 3304 consuetam
3046 3247 3418 3305 diatessaron
3457 3250 3564 3305 ha-

1902 3337 2047 3392 bent
2076 3337 2455 3409 positionem,
2487 3337 2546 3391 id
2577 3343 2686 3408 est,
2711 3339 2864 3394 duos
2896 3344 3068 3394 tonos
3098 3342 3154 3394 et
3183 3339 3567 3398 semitonium

1903 3427 1968 3482 ut
1996 3408 2133 3482 esti
2154 3408 2280 3506 θῖῇ
2311 3429 2559 3482 omnino
2587 3427 2938 3497 abjiciendae
2989 3429 3145 3483 sunt.
3193 3423 3466 3484 Similiter
3511 3429 3568 3484 et

1902 3515 2180 3588 diapente
2209 3517 2251 3567 B
2278 3517 2333 3572 et
2363 3517 2388 3571 f
2411 3534 2545 3590 quae
2574 3534 2695 3572 non
2725 3518 2951 3574 habent
2984 3513 3050 3573 Ill
3083 3523 3358 3573 tonorum
3393 3522 3449 3574 et
3480 3534 3567 3575 se-

1900 3603 2132 3658 mitonii
2186 3605 2568 3676 positionem,
2624 3621 2747 3660 non
2797 3611 2934 3661 sunt
2980 3606 3354 3678 recipiendas.
3399 3605 3564 3663 Unde

1901 3708 2113 3748 omnes
2145 3693 2448 3762 regulares
2480 3693 2852 3750 diatessaron
2906 3694 3131 3767 species
3181 3711 3216 3749 a
3247 3693 3558 3767 gravibus,

1899 3781 2176 3854 diapente
2206 3799 2347 3838 vero
2379 3799 2413 3838 a
2441 3783 2720 3838 ﬁnalibus
2751 3784 3040 3838 oriuntur.

1970 3872 2366 3928 Tetrachorda
2387 3873 2446 3928 in
2469 3872 2884 3929 monochordo
2912 3872 3194 3929 bifariam
3233 3873 3402 3945 fiunt,
3453 3874 3561 3930 sci-

1898 3962 2032 4018 licet
2060 3963 2395 4018 secundum
2425 3980 2773 4019 mensuram
2805 3968 2862 4020 et
2891 3953 3223 4020 secundum
3249 3969 3558 4037 troporum

1898 4052 2348 4108 institutionem.
2407 4056 2547 4120 Quae
2589 4057 2789 4110 autem
2835 4041 3166 4110 secundum
3213 4071 3562 4111 mensuram

1899 4148 2347 4216 construuntur,
2377 4144 2603 4200 habent
2632 4161 2658 4198 s
2689 4145 2749 4200 in
2773 4144 2999 4202 ultimo.
3035 4147 3186 4201 Nam
3228 4143 3308 4203 ita
3355 4162 3562 4203 nume-

1895 4229 2154 4326 ranturt
2192 4228 2291 4326 ts.
2319 4270 2546 4326 habent
2587 4287 2830 4344 quoque
2863 4271 3348 4342 conjunctionem
3390 4275 3558 4326 tetra-

1898 4360 2144 4430 chorda,
2175 4361 2340 4433 quod
2371 4364 2566 4417 GI‘tBCB
2593 4360 2808 4417 dicitur
2837 4362 3110 4434 synaphe
3134 4361 3195 4416 in
3230 4364 3289 4417 Ε.
3323 4360 3558 4431 Disjun-

1898 4453 2022 4504 ctos
2053 4464 2194 4504 vero
2227 4454 2420 4518 tonos,
2454 4449 2620 4521 quod
2653 4466 2842 4518 grmce
2869 4449 3083 4504 dicitur
3112 4449 3422 4518 diezeusis,
3472 4447 3559 4503 in-

129 4551 403 4602 tonorum
435 4551 489 4601 et.
521 4546 696 4601 unius
728 4547 1023 4602 semitonii
1053 4563 1245 4618 capax
1289 4550 1394 4614 est,
1436 4546 1498 4601 in
1544 4546 1785 4602 duobus
1821 4567 1866 4622 ι)
1898 4542 1983 4594 tel‘
2008 4543 2053 4593 Λ
2084 4543 2141 4593 et
2167 4541 2223 4594 Β.
2268 4541 2408 4603 Quae
2436 4555 2578 4593 VBI‘O
2605 4539 2938 4594 secundum
2965 4543 3275 4611 troporum
3322 4537 3558 4593 institu-

127 4636 418 4708 diapason
447 4640 708 4707 quatuor
739 4641 1047 4709 troporum
1079 4641 1372 4708 quaterna
1393 4635 1607 4708 positio
1630 4636 1788 4692 inve-

129 4723 404 4780 nitur.Sie
431 4725 559 4778 haec
580 4724 797 4795 partim
821 4725 1107 4798 speciales
1129 4729 1285 4791 sunt,
1311 4729 1372 4780 ut
1399 4741 1611 4794 graves
1642 4725 1784 4781 sub-

124 4812 450 4885 jugalibus,
497 4812 849 4868 excellentes
918 4814 1315 4883 authenticis;
1357 4814 1576 4887 partim
1628 4831 1787 4871 com-

129 4919 336 4959 munes
364 4907 485 4958 tam
519 4901 939 4973 subjugalibus
986 4919 1173 4974 quam
1205 4903 1579 4971 authenticis,
1632 4908 1696 4960 ut
1723 4904 1789 4959 ﬁ-

130 4993 290 5048 nales
324 4997 380 5048 et
410 4992 768 5065 superiores,
797 4992 856 5047 in
879 4991 1099 5063 quibus
1133 4993 1265 5064 subj
1278 4993 1479 5063 ugales
1506 5010 1644 5049 cum
1660 5010 1787 5050 ma-

131 5082 317 5150 gistris
344 5083 477 5154 (41),
513 5084 576 5138 id
606 5088 689 5137 est
717 5081 1016 5154 diapente,
1046 5082 1121 5137 ad
1153 5083 1268 5138 hoc
1307 5083 1486 5139 etiam
1529 5083 1788 5140 Sero-uio-

130 5187 258 5227 rum
285 5187 453 5232 amen
481 5171 760 5246 quamvis
792 5188 914 5227 non
946 5172 1170 5228 eisdem
1194 5173 1450 5241 chordis,
1471 5173 1531 5228 in
1558 5173 1784 5233 eisdem

132 5263 327 5315 tamen
361 5261 752 5318 tetrachordis
803 5260 954 5317 fines
1011 5278 1255 5334 quoque
1304 5278 1459 5336 quos
1485 5267 1540 5320 et
1567 5265 1787 5335 magis-

130 5348 198 5404 tri
232 5349 572 5406 sortiuntur.

605 5442 691 5497 De
722 5442 932 5510 Tropis
957 5442 1076 5497 sive
1117 5444 1288 5499 tonis.

1896 4626 2121 4682 tionem
2151 4631 2594 4694 construuntur,
2621 4625 2849 4683 habent
2879 4645 2925 4682 s.
2957 4627 3019 4682 in
3048 4627 3266 4683 medio.
3301 4630 3451 4682 Nam
3478 4626 3558 4682 ita

2339 4711 2363 4736 0

1895 4756 2307 4806 numerantur.
2337 4711 2363 4806 ἓ
2391 4769 2417 4805 s
2445 4711 2471 4806 ἵ
2496 4750 2724 4805 Habent
2745 4767 2989 4823 quoque
3017 4751 3290 4822 synaphe
3316 4750 3376 4805 in
3425 4753 3468 4806 D
3501 4754 3558 4807 et

1894 4841 1934 4896 d
1965 4839 2266 4896 diezeusin
2292 4857 2431 4896 vero
2463 4841 2525 4896 in
2555 4844 2600 4894 A
2625 4844 2682 4895 et
2712 4843 2752 4894 ϐ
2776 4843 2833 4895 et
2872 4840 3021 4894 inter
3070 4853 3105 4894 a
3149 4843 3205 4894 et
3236 4854 3291 4907 g.
3348 4843 3412 4894 In
3441 4840 3555 4896 hac

1893 4929 2409 4985 tetrachordorum
2438 4929 2801 4985 institutione
2847 4929 3139 5000 cujusque
3197 4928 3555 4984 tetrachordi

1891 5018 2089 5091 prima
2116 5017 2305 5074 littera
2332 5018 2485 5090 proti
2510 5021 2618 5086 est,
2652 5017 2918 5073 secunda
2945 5016 3193 5085 deuteri,
3227 5017 3394 5072 tertia
3415 5017 3550 5083 triti,

1891 5112 2107 5180 quarta
2144 5107 2485 5163 communis
2515 5111 2690 5180 proto
2719 5113 2776 5163 et
2805 5107 3084 5173 tetrardo,
3133 5110 3198 5162 ut
3234 5108 3275 5161 I)
3306 5109 3363 5161 et
3391 5107 3430 5161 d
3460 5105 3553 5161 vel

1894 5197 2169 5270 specialis
2196 5197 2458 5258 tetrardi.
2493 5201 2556 5252 ut
2581 5200 2621 5253 G
2643 5201 2700 5253 et
2726 5213 2780 5266 g.
2815 5201 3022 5270 Protus
3053 5195 3235 5251 habet
3263 5195 3552 5253 diatessa-

1891 5267 2002 5343 ron
2019 5290 2064 5341 Α
2086 5291 2127 5343 1)
2151 5304 2186 5343 a
2202 5287 2244 5343 d
2263 5287 2545 5343 deuterus
2567 5302 2709 5342 vero
2738 5289 2778 5341 Β
2795 5290 2835 5342 Ε
2855 5267 2912 5361 δη
2937 5301 2967 5340 e
3008 5285 3178 5341 tritus
3220 5291 3462 5358 quoque
3511 5289 3551 5343 C

1890 5374 1931 5426 F
1962 5391 1993 5430 c
2023 5375 2048 5431 f
2068 5376 2326 5432 tetrardo
2358 5377 2533 5432 servit
2558 5378 2602 5430 D
2627 5378 2670 5432 G
2701 5381 2758 5432 et
2785 5376 2826 5431 d
2857 5392 2912 5447 g.

1964 5465 2172 5521 Dorius
2212 5469 2300 5522 est
2339 5466 2739 5536 authenticus,
2781 5465 3157 5538 hypodorlus
3189 5465 3548 5540 subjugalis,

197 5529 552 5631 ΤξὈΡιιίΙηο8
580 5528 829 5631 abusive
875 5531 1784 5631 ἴουοδῌΠΟῙΠῙΠαΠΙξιεὶίίυᾶξυοΓ
1887 5555 2180 5627 phrygius
2227 5554 2623 5623 authenticus,
2672 5554 3133 5629 hypophrygius
3187 5527 3546 5627 subjugalis:

132 5618 497 5719 δυξλίηᾶξξιιξόξ
546 5619 878 5719 ξθοξωάωξι
939 5623 1784 5719 géntllll‘lljocabllla-h$9M
1886 5645 2064 5701 lidius
2095 5647 2490 5712 authenticus,
2525 5646 2872 5719 hypolidius
2913 5649 3269 5718 subjugalis,
3313 5649 3546 5704 r'nixoli-

131 5707 322 5760 autem
353 5703 490 5760 dicti
533 5705 755 5775 dorius,
801 5710 1111 5782 phrygius,
1164 5711 1361 5781 lidius,
1412 5714 1775 5773 mixolidius.

198 5841 308 5914 (40)
343 5839 649 5914 Diapaso‘n
677 5845 735 5898 et
757 5841 1056 5916 diapente.

1884 5735 2020 5790 dius
2030 5734 2244 5791 dicitur
2262 5735 3546 5817 authenticus,hypomixolidiussubjugalir.

1953 5851 2064 5926 (41)
2107 5851 2258 5924 Lege
2291 5869 2304 5909 :
2336 5853 2491 5910 idem
2521 5851 2758 5916 habent.
