3958 6422
401 254 508 309 439

1794 253 2124 309 GUlDONIS
2162 255 2465 312 ARETlNl.

3749 265 3873 319 440

477 373 651 441 Quod
676 372 875 446 itaque
930 373 1083 446 tropi
1134 379 1422 431 vocantur
1473 380 1702 449 protus,
1763 376 2063 443 deuterus,
2095 379 2142 432 A
2182 381 2295 445 tur,
2324 379 2386 436 in
2417 381 2841 438 excellentibus
2870 382 3225 454 exaltantur,
3251 383 3600 454 subjugales
3632 386 3695 442 in
3721 404 3871 458 gra-

400 463 594 535 tritus,
628 462 944 532 tetrardus,
972 462 1033 517 id
1064 467 1151 518 est
1180 463 1433 534 primus,
1468 466 1788 531 secundus,
1842 466 2063 533 tertius,

402 556 676 625 quartus,
708 551 822 607 hoc
852 551 919 606 ﬁt
956 550 1250 623 positione
1302 554 1717 621 monochordi,
1780 571 1900 611 non
1957 571 2067 628 pro

401 639 706 712 dignitate.
739 639 999 711 Quisque
1030 638 1191 694 enim
1228 640 1469 696 illorum
1514 659 1621 715 per
1669 660 1730 698 se
1780 644 2071 700 authenti-

403 747 510 786 cus
540 733 647 801 est,
670 728 731 785 id
762 732 849 783 est
878 727 1198 784 auctoralis
1227 730 1350 786 sive
1380 732 1685 803 magister.
1802 726 1807 733 ’

474 818 560 874 ΑΙ)
591 823 637 873 Α
668 833 857 890 usque
887 820 929 873 D
962 833 1175 874 omnes
1223 819 1595 878 diatessaron
1648 824 1875 895 species
1927 841 2068 881 con-

402 909 711 963 struuntur
738 905 1106 975 naturaliter,
1140 907 1282 979 quia
1323 908 1381 964 in
1411 916 1626 982 quarto
1678 914 1868 984 spatio
1894 914 2067 970 totius

398 995 798 1053 monochordi
827 995 1204 1052 diatessaron
1259 1000 1567 1071 reperitur.
1630 1002 1825 1059 Prima
1867 1008 2070 1061 autem

400 1086 777 1142 diatessaron
811 1084 1039 1158 species
1066 1091 1155 1142 est
1183 1088 1357 1160 proti,
1405 1089 1483 1145 ab
1514 1095 1559 1145 A
1589 1091 1649 1146 in
1695 1095 1738 1148 l)
1785 1099 2069 1149 constans

400 1171 426 1266 ἴ
462 1227 489 1265 s
607 1210 883 1267 Secunda
914 1214 1002 1267 est
1027 1210 1257 1267 deuteri
1281 1229 1317 1268 a
1349 1214 1393 1266 B
1423 1213 1485 1269 in
1520 1216 1558 1269 E
1586 1220 1868 1272 constans
1900 1234 1927 1272 s
1960 1178 1987 1273 ἶ

438 1312 441 1317 .
1496 1299 1520 1325 0
1553 1299 1577 1326 0

399 1334 589 1391 Tertia
619 1339 705 1390 est
730 1334 847 1391 triti
869 1350 905 1390 a
932 1337 971 1392 C
1002 1334 1063 1390 in
1092 1336 1134 1389 F
1167 1340 1451 1393 constans
1492 1343 1514 1394 t
1542 1343 1563 1394 t
1588 1356 1635 1394 s.
1707 1342 1926 1406 Quarta
1983 1347 2071 1398 est

398 1422 741 1479 communis
773 1427 947 1496 proto
979 1428 1036 1479 et
1067 1425 1326 1481 tetrardo
1376 1432 1659 1483 constans
1702 1428 1918 1486 eadem
1958 1430 2073 1485 for-

399 1527 504 1568 ma
533 1528 657 1585 qua
685 1512 904 1585 prima,
956 1517 1086 1569 uta
1116 1516 1160 1568 D
1206 1514 1268 1570 in
1301 1516 1363 1571 G.
1425 1515 1481 1571 Si
1512 1532 1583 1572 ea
1638 1523 1847 1590 protus
1893 1519 2073 1575 utitur

400 1601 788 1658 ascendendo
818 1606 883 1658 ut
911 1606 1003 1657 est
1056 1604 1228 1660 :Fac
1276 1620 1523 1662 mecum.
1572 1608 1887 1663 Tetrardus
1929 1625 2072 1665 vero

399 1690 844 1759 descendendo,
873 1696 938 1748 ut
966 1696 1054 1748 est
1084 1709 1097 1746 :
1131 1693 1300 1749 Dabo
1330 1695 1395 1750 in
1440 1696 1587 1751 Sion
1625 1697 1839 1753 Judaea
1888 1704 1941 1754 et
1980 1700 2073 1755 Je-

400 1781 683 1836 rusalem.
718 1780 774 1837 Si
803 1797 989 1853 quam
1017 1780 1199 1837 aliam
1225 1782 1598 1840 diatessaron
1629 1787 1892 1858 speciem
1912 1788 2076 1844 inve-

399 1869 582 1938 neris,
610 1868 755 1944 quia
782 1869 845 1925 in
876 1870 989 1926 hac
1016 1870 1276 1940 regulari
1305 1872 1675 1931 institutione
1706 1875 1907 1933 locum
1948 1893 2074 1934 non

399 1992 601 2063 habet,
620 1994 999 2066 repudianda
1020 1999 1198 2062 est,ut
1222 2000 1310 2052 est
1324 1997 1402 2052 ab
1432 2001 1469 2053 l“
1487 1998 1547 2053 in
1563 1986 1621 2091 ᾗ
1639 2006 1923 2056 constans
1943 1963 1967 2058 (ί
1988 1961 2012 2057 ἴ

574 2104 849 2170 Qualiter
871 2103 1167 2173 diapason
1196 2107 1415 2173 species
1442 2113 1899 2164 construuntur.

473 2211 695 2267 Omnes
719 2209 1019 2283 diapason
1051 2212 1277 2284 species
1306 2213 1388 2270 ita
1440 2220 1886 2287 construuntur,
1934 2225 1998 2274 ut
2038 2235 2075 2275 a

400 2297 585 2373 priori
632 2298 935 2370 diapason
982 2299 1289 2373 incipiant,
1346 2307 1403 2359 et
1451 2304 1514 2359 in
1544 2306 1855 2377 posteriori
1921 2308 2075 2364 desi-

400 2391 582 2455 nant;
613 2388 759 2461 quia
787 2388 849 2444 in
899 2389 1165 2446 secundo
1207 2391 1385 2448 totius
1438 2395 1835 2451 monochordi
1879 2398 2075 2470 spatio

404 2480 707 2553 diapason
736 2482 1374 2553 reperitur.Sciendum
1406 2487 1688 2560 est,quod
1718 2490 1915 2544 omnis
1933 2506 2074 2546 can—

401 2568 597 2625 tilenae
621 2568 830 2639 legalis
856 2586 1144 2628 ascensus
1177 2577 1232 2628 et
1261 2573 1590 2631 descensus
1635 2592 1743 2649 per
1775 2577 2075 2651 diapason

402 2658 784 2715 construitur.
819 2660 1015 2717 Prima
1041 2666 1246 2718 autem
1268 2662 1563 2737 diapason
1586 2667 1813 2738 species
1831 2672 1921 2723 est
1939 2668 2078 2724 sub-

397 2747 620 2820 jugalis
640 2747 797 2822 proti
829 2748 908 2805 ab
939 2754 986 2806 A
1011 2750 1073 2806 in
1103 2768 1140 2807 a
1164 2752 1365 2809 media
1414 2755 1454 2806 D
1505 2756 1771 2813 secunda
1814 2762 1905 2813 est
1931 2758 2073 2814 sub-

397 2837 622 2909 jugalis
653 2837 882 2894 deuteri
931 2856 967 2895 a
994 2842 1033 2895 Β
1063 2839 1123 2895 in
1153 2837 1228 2909 η,
1260 2843 1463 2900 media
1490 2847 1548 2899 E.
1577 2846 1765 2902 Tertia
1805 2852 1895 2903 est
1927 2848 2072 2904 sub-

398 2925 623 2997 jugalis
648 2926 766 2982 triti
794 2942 831 2982 a
861 2930 901 2984 C
930 2928 992 2983 in
1025 2945 1055 2985 c
1078 2925 1281 2986 media
1309 2934 1366 2986 F.
1384 2933 1607 2998 Quarta
1627 2940 1715 2991 est
1732 2937 2072 2992 communis

403 3014 561 3088 proti
589 3018 647 3071 et
667 3016 913 3072 tetrardi
942 3017 1279 3090 subjugalis
1311 3037 1347 3077 a
1371 3024 1412 3076 D
1438 3022 1500 3078 in
1531 3023 1570 3079 (1
1602 3024 1802 3081 media
1849 3028 1912 3082 G.
1963 3027 2069 3082 Hic

405 3106 495 3159 est
529 3102 829 3174 legitimus
859 3104 1272 3177 subjugalium
1302 3126 1589 3167 ascensus
1627 3118 1683 3168 et
1721 3114 2068 3172 descensus.
2114 3093 2153 3147 (ἶ

475 3195 621 3247 Item
650 3192 728 3248 ad
761 3208 1080 3252 ascensum
1110 3203 1165 3254 et
1187 3198 1548 3257 descensum
1589 3204 2071 3263 authenticorum

403 3285 665 3354 quatuor
693 3281 991 3355 diapason
1022 3287 1251 3358 species
1283 3296 1697 3348 numerantur.
1751 3294 1807 3351 Si
1846 3294 1919 3350 de
1950 3296 2071 3368 pri-

402 3387 506 3427 ma
531 3370 757 3427 dictum
783 3377 889 3442 est,
925 3375 1089 3447 quod
1118 3382 1333 3449 quarta
1365 3380 1457 3451 sit,
1489 3386 1790 3454 quantum
1820 3385 1899 3441 ad
1929 3387 2072 3443 sub-

400 3459 671 3532 jugalem
718 3463 982 3532 tetrardi,
1043 3466 1242 3537 prima
1311 3474 1607 3542 quantum
1667 3472 1744 3528 ad
1830 3480 2072 3547 protum

404 3549 815 3607 authenticum
856 3552 986 3609 haec
1015 3559 1103 3611 est
1132 3573 1168 3611 a
1202 3560 1243 3612 D
1274 3557 1335 3613 in
1362 3558 1403 3613 d
1428 3560 1628 3617 media
1684 3577 1738 3618 a.
1800 3565 2075 3623 Secunda

402 3640 842 3746 estndeu‘terim
870 3644 1195 3746 authentici
1275 3647 1355 3703 ab
1393 3651 1504 3746 .15-
1550 3649 1606 3705 in
1676 3668 1708 3707 e
1786 3655 1985 3710 media
2020 3658 2078 3746 η

403 3729 594 3786 Tertia
613 3733 701 3786 est
730 3730 845 3787 triti
876 3733 1221 3799 authentici,
1253 3752 1289 3792 a
1313 3739 1351 3793 F
1388 3737 1449 3793 in
1476 3738 1504 3793 f
1528 3740 1728 3797 media
1752 3758 1804 3797 c.
1852 3729 2075 3808 Quarta

405 3823 495 3875 est
519 3819 762 3874 tetrardi
792 3822 1117 3879 authentici
1147 3841 1183 3881 a
1214 3828 1254 3881 G
1287 3828 1349 3883 in
1389 3843 1428 3899 g
1475 3830 1674 3886 media
1726 3832 1786 3887 d.
1845 3835 1944 3889 Hic
1988 3840 2076 3891 est

404 3906 707 3977 legitimus
746 3910 1227 3972 authenticorum
1283 3933 1568 3974 ascensus
1625 3925 1681 3976 et
1726 3922 2073 3982 descensus.

405 3993 880 4083 Reliquarumin
906 4002 1196 4058 utramvis
1240 4011 1475 4077 partem
1518 4024 1738 4065 vocum
1790 4012 2074 4083 adjectio-

405 4094 515 4140 nes
540 4082 779 4143 licentia
805 4087 898 4142 vel
924 4091 1275 4149 auctoritate
1302 4093 1472 4151 ﬁunt.

480 4190 608 4244 Duo
638 4194 776 4247 sunt
806 4190 1123 4267 diapason.
1178 4197 1241 4254 in
1298 4204 1551 4275 utroque
1604 4203 1824 4261 horum
1876 4207 2075 4263 omnis

406 4280 615 4350 tropus
646 4278 800 4336 duas
826 4282 1010 4341 habet
1032 4285 1273 4344 litteras.
1326 4292 1534 4347 Protus
1582 4292 1644 4349 in
1683 4295 1865 4366 priori
1894 4294 2077 4354 habet

405 4370 453 4421 A
482 4368 527 4422 D
553 4367 615 4424 in
646 4372 913 4454 secundo
944 4390 980 4430 a
1005 4375 1065 4430 d.
1101 4379 1388 4435 Deuterus
1426 4380 1489 4436 in
1519 4381 1703 4454 priori
1745 4383 1930 4442 habet
1964 4389 2003 4442 Β
2033 4390 2077 4443 E

406 4454 467 4510 in
526 4458 793 4515 secundo

407 4546 608 4603 eundo
639 4564 670 4603 c
699 4547 726 4603 f
744 4546 1039 4608 tetrardus
1086 4553 1149 4610 in
1195 4556 1380 4629 priori
1413 4558 1598 4617 habet
1641 4563 1685 4615 D
1716 4568 1771 4618 et
1801 4568 1842 4620 G
1897 4564 1957 4620 in
1987 4582 2075 4621 se-

405 4636 606 4692 cundo
634 4636 675 4692 d
704 4643 761 4694 et
785 4655 842 4711 g.

478 4732 836 4806 Subjugales
866 4737 928 4794 in
958 4740 1247 4810 gravibus
1277 4745 1709 4820 principantur,
1761 4752 1840 4808 ab
1877 4756 2070 4812 excel-

400 4818 663 4879 lentibus
693 4825 1112 4914 excluduntur,
1143 4831 1203 4886 in
1229 4818 1511 4893 ﬁnalibus
1554 4842 1610 4894 et
1664 4842 2071 4914 superioribus

402 4912 875 4972 communicant.
928 4919 1148 4974 Graves
1178 4926 1234 4976 et
1274 4925 1610 4996 superiores
1660 4912 2072 5002 subjugalium

399 4998 614 5058 ﬁnales
646 5006 704 5059 et
727 5004 1081 5063 excellentes
1108 5008 1327 5067 limites
1377 5020 1516 5071 sunt
1564 4998 2066 5079 authenticorum.

400 5091 871 5151 Tetrachordum
900 5096 1177 5166 gravium
1208 5104 1296 5156 est
1324 5104 1718 5173 gravissimus
1760 5111 2070 5169 cantilenae

400 5177 753 5239 descensus.
812 5186 1280 5246 Tetrachordum
1336 5193 1612 5253 ﬁnalium
1659 5204 1748 5255 est
1794 5201 2070 5259 melodiaa

402 5266 613 5325 exitus.
646 5273 1113 5334 Tetrachordum
1146 5282 1523 5353 superiorum
1552 5285 1658 5343 dat
1683 5287 1852 5347 initia
1900 5291 2070 5348 diffe—

401 5355 750 5451 rentiarum,
782 5362 845 5418 id
874 5369 963 5421 est
980 5370 1341 5429 saeculorum
1374 5389 1570 5446 amen,
1616 5379 1906 5451 excipitur
1958 5397 2068 5439 sce-

404 5441 676 5540 culorum
706 5464 878 5540 amen
910 5457 1159 5512 secundi
1193 5460 1332 5518 toni.
1367 5441 1834 5524 Tetrachordum
1876 5471 2069 5527 excel-

844 4448 920 4549 ﬁ,
944 4478 994 4518 e.
1028 4464 1218 4521 'l‘ritus
1249 4466 1310 4523 in
1340 4448 1731 4542 priori-habet
1761 4476 1799 4531 (ἶ
1832 4477 1869 4529 P
1897 4475 1957 4530 in
1990 4493 2076 4533 se-
2105 4451 2150 4506 Β

2181 467 2357 523 vibus
2383 470 2788 543 deponuntur,
2822 471 2882 526 in
2932 470 3216 527 ﬁnalibus
3260 474 3618 543 mediantur,
3649 474 3727 532 et'
3750 482 3869 533 ter-

2180 557 2505 627 minantur,
2530 560 2590 616 in
2620 560 3030 634 superioribus
3057 561 3414 620 exaltantur.

2250 648 2462 704 Protus
2486 648 2549 705 in
2579 650 2922 707 authentica
2948 651 3179 708 ratione
3211 656 3495 709 constans
3542 670 3578 710 a
3627 657 3673 710 D
3719 654 3790 710 in
3823 654 3866 709 d

2178 736 2359 793 habet
2384 739 2646 795 mediam
2678 755 2733 796 a.
2779 743 3062 797 Deuterus
3115 742 3175 798 in
3234 743 3577 800 authentica
3620 745 3867 801 ratione

2178 834 2460 885 constans
2485 830 2563 886 ab
2592 834 2630 886 E
2660 830 2722 886 in
2753 847 2784 887 e
2824 832 3008 888 habet
3034 833 3298 889 mediam
3435 834 3624 889 'l‘ritus
3655 835 3719 890 in
3753 850 3867 888 au-

2177 917 2439 974 thentica
2462 918 2688 974 ratione
2715 924 2998 975 constans
3035 920 3115 975 ab
3143 920 3269 976 Fin
3300 923 3326 977 f
3350 917 3533 978 habet
3577 923 3865 979 mediam

2180 1009 2238 1063 C.
2272 1008 2589 1063 Tetrardus
2617 1008 2679 1064 in
2705 1009 3047 1065 authentica
3068 1010 3296 1066 ratione
3322 1018 3605 1067 constans
3639 1028 3677 1067 a
3718 1014 3763 1067 G
3799 1013 3865 1068 in

2180 1111 2218 1165 g
2246 1096 2431 1152 habet
2463 1097 2729 1153 mediam
2754 1097 2813 1153 d.
2852 1102 2914 1153 In
2946 1098 3368 1169 subjugalibus
3397 1100 3751 1157 medietates
3807 1104 3869 1156 et

2180 1184 2332 1241 ﬁnes
2359 1201 2551 1242 unum
2579 1191 2736 1243 sunt.

2250 1278 2313 1330 In
2365 1274 2723 1332 authenticis
2766 1275 3115 1332 medietates
3165 1282 3221 1333 et
3262 1281 3620 1335 swculorum
3675 1294 3867 1335 amen

2176 1362 2338 1417 idem
2368 1367 2523 1419 sumt.
2555 1365 2767 1419 Protus
2801 1363 3205 1420 indifferenter
3247 1372 3531 1423 constans
3573 1367 3651 1423 ab
3686 1371 3735 1421 Α
3794 1366 3867 1421 in

2178 1451 2219 1507 d
2238 1451 2421 1507 habet
2449 1452 2604 1508 duas
2633 1452 2866 1509 medias
2895 1454 2933 1509 d
2966 1458 3023 1509 et
3043 1470 3098 1509 a.
3126 1457 3419 1511 Deuturus
3445 1455 3868 1512 indif'erenter

2179 1543 2463 1594 constans
2479 1556 2513 1596 a
2533 1542 2571 1595 Β
2585 1540 2647 1596 in
2669 1556 2700 1596 e
2721 1540 2904 1597 habet
2921 1541 3074 1597 duas
3093 1543 3325 1599 medias
3346 1547 3383 1599 Ε
3398 1527 3535 1624 eth.
3555 1545 3749 1600 Tritus
3772 1544 3869 1599 in-

2179 1626 2518 1685 differenter
2547 1635 2833 1686 constans
2864 1648 2899 1688 a
2932 1632 2972 1685 C
3003 1632 3062 1687 in
3096 1636 3132 1688 Ρ
3184 1633 3365 1689 habet
3415 1634 3568 1690 duas
3619 1634 3864 1689 medias

2114 1735 2152 1788 Β
2182 1718 2221 1771 F
2251 1720 2307 1771 et
2336 1733 2385 1771 c.
2415 1718 2729 1773 Tetrardus
2759 1718 3165 1775 indifferenter
3191 1726 3474 1776 constans
3531 1738 3568 1778 a
3615 1725 3656 1777 υ
3708 1722 3773 1777 in
3824 1737 3865 1790 g

2180 1805 2364 1861 habet
2386 1806 2540 1863 duas
2566 1807 2796 1863 medias
2828 1810 2871 1863 G
2893 1813 2949 1864 et
2979 1809 3037 1865 d.
3075 1810 3430 1879 Subjugales
3481 1826 3517 1865 a
3562 1811 3862 1880 gravibus

2180 1910 2289 1968 per
2317 1895 2528 1952 ﬁnales
2559 1896 2621 1952 in
2644 1897 2979 1969 superiores
3029 1898 3379 1953 ascendunt.
3437 1899 3783 1955 Authentici
3826 1916 3865 1954 a

2181 1983 2463 2040 ﬁnalibus
2494 2000 2600 2056 per
2630 1985 2967 2057 superiores
3014 1985 3075 2041 in
3125 1985 3478 2042 excellentes
3527 1988 3861 2044 scandunt.

2186 2073 2541 2145 Subjugales
2569 2074 2945 2130 diatessaron
2972 2074 3149 2145 infra,
3181 2075 3459 2148 diapente
3490 2092 3695 2149 supra,
3746 2094 3865 2134 au-

2180 2162 2423 2218 thentici
2450 2167 2651 2219 autem
2681 2162 2959 2234 diapente
2991 2163 3164 2233 infra,
3203 2163 3577 2221 diatessaron
3625 2166 3865 2223 habent

2183 2266 2385 2323 supra.

2466 2341 2554 2396 De
2588 2342 2897 2411 agnitione
2934 2347 3195 2414 quatuor
3231 2344 3562 2399 modorum.

2257 2426 2484 2484 Primus
2508 2429 2727 2485 modus
2758 2447 2973 2486 vocum
3004 2432 3089 2500 tit,
3141 2431 3487 2505 ubicunque
3538 2450 3655 2489 vox
3708 2440 3858 2491 tono

2183 2516 2399 2589 poterit
2426 2517 2663 2590 remitti,
2696 2522 2752 2574 et
2788 2519 2987 2592 prima
3038 2519 3235 2591 specie
3277 2520 3554 2593 diapente
3600 2523 3857 2592 intendi,

2185 2611 2249 2661 ut
2268 2605 2330 2661 in
2360 2611 2406 2661 A
2428 2612 2485 2663 et
2516 2610 2578 2675 ι),
2613 2624 2648 2663 a
2673 2612 2731 2663 et
2759 2608 2799 2663 d
2824 2608 3256 2681 principalibus
3284 2611 3522 2666 chordis
3548 2612 3703 2685 proti
3743 2629 3858 2668 va-

2183 2695 2262 2752 let
2291 2697 2559 2767 agnosci,
2610 2701 2674 2753 ut
2702 2698 2831 2753 haec
2880 2698 3099 2771 probat
3152 2699 3484 2772 antiphona
3532 2702 3861 2771 Propheta?

2178 2786 2684 2855 pi'wdicaverunt.
2721 2787 3065 2844 Secundum
3097 2787 3349 2843 modum
3380 2805 3496 2844 vox
3527 2788 3736 2846 ditono
3760 2808 3859 2847 re-

2182 2874 2391 2942 missa,
2420 2879 2477 2931 et
2502 2875 2767 2931 secunda
2811 2876 3006 2954 specie
3036 2877 3409 2933 diatessaron
3439 2878 3674 2936 intensa
3704 2897 3861 2954 pan-

2183 2963 2483 3055 dit,quiﬁt
2504 2964 2564 3020 in
2592 2968 2629 3021 Β
2651 2969 2708 3021 et
2732 2968 2793 3033 E,
2826 2951 2883 3055 η
2911 2971 2967 3021 et
3024 2982 3055 3021 e
3111 2967 3543 3040 principalibus
3608 2951 3857 3026 chordis

2183 3053 2431 3121 deuteri,
2492 3055 2653 3111 hunc
2708 3053 3019 3128 plagaliter
3074 3057 3203 3112 haec
3256 3058 3468 3130 pandit
3520 3060 3860 3133 antiphona

2186 3144 2397 3199 Gloria
2424 3145 2548 3201 haec
2578 3151 2682 3201 est.
2716 3146 2939 3202 Tertius
2971 3145 3189 3201 modus
3216 3147 3386 3203 tertia
3418 3149 3611 3220 specie
3643 3150 3862 3207 diates-

2182 3247 2362 3289 saron
2386 3233 2720 3303 remittitur,
2756 3239 2813 3291 et
2858 3235 3065 3291 ditono
3123 3236 3469 3303 intenditur,
3533 3238 3683 3294 sicut
3734 3241 3857 3296 triti

2183 3322 2473 3394 speciales
2502 3323 2742 3380 chordae
2774 3326 2814 3382 C
2841 3327 2879 3380 F
2906 3341 2937 3379 c
2962 3330 3018 3380 et
3047 3325 3073 3380 f
3094 3325 3420 3382 declarant.
3467 3328 3651 3399 Hujus
3684 3330 3859 3387 modi

2181 3411 2467 3468 indicium
2502 3416 2588 3469 est
2610 3413 2672 3469 in
2701 3414 2815 3470 hac
2845 3413 3073 3486 plagali
3102 3414 3433 3487 antiphona
3485 3433 3497 3471 :
3548 3417 3856 3475 Modicum

2181 3509 2238 3559 et
2262 3520 2379 3559 non
2414 3505 2702 3561 videbitis.
2739 3507 3031 3571 Quartum
3060 3506 3312 3562 modum
3341 3522 3558 3563 vocum
3585 3513 3729 3565 tono
3754 3510 3852 3566 in-

2183 3596 2444 3660 tensum,
2472 3596 2530 3648 et
2556 3598 2774 3667 quarta
2819 3597 3014 3667 specie
3063 3595 3343 3668 diapente
3400 3597 3718 3653 remissum
3771 3603 3853 3653 te-

2182 3678 2383 3735 trardo
2409 3686 2688 3753 aptamus
2718 3699 2731 3738 :
2763 3682 2907 3755 quia
2960 3683 3147 3756 ipsius
3192 3684 3551 3758 principales
3608 3686 3853 3743 chordae

2184 3770 2226 3823 D
2250 3772 2308 3824 et
2336 3772 2375 3825 G
2408 3769 2449 3825 d
2475 3775 2531 3826 et
2561 3787 2598 3841 g
2626 3771 2795 3828 illum
2825 3772 3170 3844 conﬁciunt,
3222 3773 3327 3847 qui
3375 3775 3594 3831 modus
3645 3780 3702 3831 et
3743 3792 3854 3832 au-

2181 3857 2437 3915 thentice
2466 3864 2522 3916 et
2563 3860 2877 3933 plagaliter
2927 3861 3300 3931 dignoscitur
3352 3863 3414 3918 in
3461 3864 3804 3937 Antiphona
3838 3883 3851 3921 :

2180 3945 2247 4001 Si
2274 3960 2409 4004 vere
2434 3949 2681 4019 fratres.
2709 3951 2889 4006 Multi
2916 3951 3543 4008 veniunt.Notandum
3569 3954 3854 4027 est,quod

2183 4051 2320 4091 cum
2344 4036 2599 4110 quisque
2631 4044 2942 4114 troporum
2972 4040 3031 4097 in
3059 4041 3304 4114 propria
3335 4041 3564 4099 chorda
3600 4045 3853 4099 saeculo-

2182 4140 2317 4180 rum
2344 4141 2517 4182 amen
2546 4126 2790 4199 habeat,
2839 4133 3043 4202 utpote
3098 4133 3308 4202 protus
3338 4129 3398 4185 in
3428 4147 3464 4186 a
3511 4129 3680 4187 tritus
3727 4131 3787 4187 in
3820 4149 3852 4188 c

2181 4215 2477 4271 tetrardus
2528 4215 2588 4271 in
2647 4216 2688 4272 d
2746 4216 2909 4273 solus
2961 4218 3242 4275 deuterus
3290 4221 3645 4276 saeculorum
3675 4236 3848 4278 amen

2181 4309 2426 4378 propter
2440 4306 2953 4380 imperfectionem
2972 4309 3269 4365 semitonii
3286 4325 3322 4365 a
3351 4291 3410 4393 ἥ
3425 4309 3698 4366 transfert
3718 4310 3777 4366 in
3796 4328 3844 4367 c.

2181 4394 2386 4451 Nullus
2416 4400 2617 4452 autem
2649 4397 2983 4468 subjugalis
3015 4415 3155 4454 cum
3186 4416 3296 4455 suo
3341 4400 3628 4469 magistro
3658 4399 3718 4456 in
3747 4416 3846 4456 ea-

2180 4483 2321 4540 dem
2351 4483 2543 4542 littera
2569 4488 2921 4544 swculorum
2954 4502 3126 4545 amen
3151 4488 3424 4549 collocat.
3465 4489 3569 4544 sed
3615 4505 3849 4562 semper

2179 4574 2449 4648 inferius,
2477 4580 2541 4631 ut
2569 4580 2707 4649 pote
2733 4582 2944 4650 protus
2975 4578 3037 4633 in
3067 4594 3105 4635 a
3135 4578 3263 4635 sola
3306 4579 3437 4650 ejus
3487 4578 3669 4651 plaga
3718 4578 3778 4634 in
3827 4579 3853 4635 f

2179 4664 2460 4721 deuterus
2484 4664 2545 4721 in
2572 4682 2601 4722 c
2633 4666 2815 4738 plaga
2844 4667 2893 4739 ej
2906 4684 2973 4723 us
3002 4667 3063 4723 in
3094 4684 3129 4724 a
3152 4668 3324 4724 tritus
3356 4669 3416 4724 in
3443 4685 3474 4724 c
3497 4668 3679 4741 plaga
3713 4669 3843 4740 ejus

2177 4753 2239 4810 in
2269 4771 2305 4810 a
2334 4755 2629 4811 tetrardus
2661 4756 2823 4813 solus
2848 4756 2888 4812 d
2917 4756 3099 4829 plaga
3129 4758 3261 4829 ejus
3293 4758 3352 4813 in
3385 4774 3436 4814 c.

2251 4843 2544 4909 Quaeritur
2572 4843 2647 4899 de
2678 4844 2874 4916 specie
2905 4845 3223 4918 diapason,
3274 4862 3409 4918 quae
3456 4850 3544 4902 est
3577 4861 3615 4902 a
3643 4848 3684 4902 D
3710 4846 3769 4902 in
3805 4847 3842 4902 d

2180 4948 2319 4988 cum
2349 4933 2422 4989 sit
2450 4937 2573 4990 tam
2591 4939 2783 5007 proto,
2799 4951 2986 5008 quam
3009 4935 3269 4991 tetrardo
3289 4935 3842 5008 communisquare

2177 5037 2299 5079 non
2325 5038 2534 5091 unum,
2568 5023 2671 5080 sed
2701 5023 2856 5080 duos
2877 5024 3094 5080 modos
3111 5024 3345 5081 efﬁciat.
3381 5025 3553 5091 Quod
3575 5025 3654 5081 ita
3676 5024 3845 5081 solvi-

2178 5115 2294 5180 tur,
2308 5117 2518 5185 protus
2539 5112 2721 5169 habet
2746 5111 2930 5169 ﬁnem
2954 5114 3015 5170 in
3047 5117 3091 5170 Ι)
3116 5108 3382 5170 mediam
3404 5112 3843 5171 distinctionem

2178 5203 2241 5259 in
2257 5220 2293 5260 a
2316 5204 2555 5262 tetrardi
2575 5203 2923 5276 subjugales
2959 5205 3139 5262 habet
3160 5209 3284 5262 tam
3307 5205 3491 5262 ﬁnem
3513 5220 3697 5278 quam
3719 5222 3841 5263 me-

2179 5292 2344 5349 diam
2398 5293 2840 5350 distinctionem
2898 5294 2957 5350 in
3009 5297 3050 5351 G
3097 5301 3306 5368 protus
3336 5312 3478 5352 vero
3509 5311 3754 5351 versans
3783 5296 3842 5351 in

2181 5381 3140 5457 subdistinotionibus,mediisque
3153 5382 3842 5454 distinctionibus,etﬁne

2179 5470 2336 5527 circa
2368 5487 2403 5525 a
2432 5470 2527 5527 vel
2554 5473 2597 5526 Ι)
2629 5473 2939 5545 propriam
2968 5490 3214 5546 quoque
3244 5474 3620 5530 diatessaron
3642 5478 3698 5529 et
3725 5473 3843 5530 dia-

2178 5565 2354 5633 pente
2373 5560 2633 5632 speciem
2652 5559 3015 5635 frequentat;
3033 5562 3368 5635 subjugalis
3387 5568 3588 5620 autem
3607 5562 3842 5619 tetrardi

2043 5681 2068 5690 -
2178 5650 2300 5706 suis
2316 5666 2559 5724 quoque
2578 5651 2893 5725 speciebus
2910 5653 3172 5711 intentus
3191 5670 3298 5727 per
3315 5654 3530 5724 cola,et
3545 5659 3839 5710 commata

1944 5739 2066 5796 ian-
2176 5739 2440 5798 maxime
2467 5742 2625 5799 circa
2651 5744 2694 5800 G
2716 5758 2980 5813 versans,
3033 5744 3305 5803 diversos
3349 5744 3601 5806 omnino
3630 5744 3841 5803 modo:
