3958 6414
76 292 187 345 441

976 285 1318 349 QUOMODO
1360 285 1448 340 DE
1488 284 1963 339 ΑΒῘἸῊΜΙΠῚΟΑ
2005 284 2355 340 PROCEDIT
2396 282 2673 339 MUSICA.

3438 283 3544 337 442

76 412 384 477 efﬁciunt,
404 412 613 482 protus
646 408 866 481 srepius
893 408 1282 473 intendendo,
1310 409 1605 465 tetrardus
1630 426 1767 464 vero
1808 414 1852 465 A
1880 426 1944 464 se
1981 409 2375 464 semiditonus
2425 413 2534 479 est,
2586 411 2689 463 aut
2729 406 2993 463 ditonus.
3056 406 3262 462 Omnis
3294 422 3407 461 vox
3467 408 3545 461 ad

82 501 319 574 saepius
351 498 726 555 remittendo.

166 590 315 647 Sol‘a
353 588 546 643 littera
602 590 643 642 Ι)
701 586 761 641 in
823 587 1239 643 monochordo
1293 587 1385 643 bis
1426 588 1770 660 principalis

84 684 205 749 est,
237 683 329 733 est
357 677 517 732 enim
545 675 695 748 proti
726 675 941 731 eadem
974 676 1339 748 principalis.
1401 678 1585 749 Ipsius
1612 678 1771 731 enim

84 769 477 824 diatessaron
518 782 552 820 a
608 769 661 820 et
706 764 743 820 d
776 764 1305 821 circumscribitur.
1356 769 1451 821 Est
1480 767 1657 822 etiam
1681 783 1772 821 ea-

86 858 241 913 dem
302 859 345 911 D
398 855 672 926 ejusdem
726 854 880 926 proti
932 854 1241 909 cantilenae
1296 854 1509 911 finalis.
1565 856 1775 911 Littera

86 946 233 1019 ipsa
264 944 344 1000 ad
378 942 722 1016 principalis
752 949 838 998 est
868 943 1125 999 tetrardi.
1170 947 1275 999 Per
1304 944 1499 1015 ipsam
1529 945 1686 1000 enim
1720 949 1777 1000 et

88 1052 206 1107 per
240 1033 563 1106 specialem
614 1048 788 1087 suam
838 1049 877 1102 g
926 1032 1055 1102 ejus
1108 1033 1476 1089 diatesseron
1526 1036 1777 1089 circum-

88 1122 401 1178 scribitur.
438 1120 601 1177 Unde
632 1121 845 1176 eadem
894 1126 1109 1193 quarta
1141 1122 1515 1178 diatessaron
1548 1124 1774 1195 species

88 1212 255 1284 proti
289 1216 378 1266 est
406 1215 639 1266 tantum
670 1210 729 1265 in
763 1210 976 1279 forma,
1010 1211 1253 1283 propria
1284 1220 1482 1268 autem
1510 1213 1770 1279 tetrardi,

89 1302 247 1375 quia
276 1302 407 1371 ejus
450 1300 881 1373 principalibus
939 1301 1176 1355 chordis
1226 1302 1263 1356 d
1294 1307 1349 1357 et
1394 1320 1431 1369 g
1458 1304 1771 1360 clauditur.

94 1395 200 1446 Est
233 1390 577 1446 communis
620 1390 831 1445 eadem
868 1394 929 1455 Ι),
964 1390 1107 1462 quia
1129 1397 1215 1445 est
1262 1392 1470 1447 ultima
1503 1394 1774 1463 gravium

90 1486 155 1536 et
180 1480 382 1553 prima
412 1479 704 1535 ﬁnalium.
768 1482 863 1533 Est
901 1484 957 1534 et
1004 1480 1139 1534 linis
1170 1481 1343 1552 proti,
1387 1487 1442 1536 et
1496 1482 1775 1551 gravissi-

92 1585 240 1623 mus
274 1568 514 1623 tetrardi
548 1571 588 1623 Ι)
619 1584 725 1639 per
753 1567 1126 1623 diatessaron
1177 1568 1525 1625 descensus.
1567 1572 1777 1626 Littera

95 1657 388 1731 superius
419 1656 459 1711 d
487 1657 815 1711 altissimus
845 1662 935 1712 est
974 1657 1125 1728 proti
1158 1674 1445 1713 ascensus
1476 1676 1545 1714 ac
1573 1663 1775 1714 tetrar-

1878 505 2158 572 quartam
2214 516 2249 555 a
2296 516 2376 569 se,
2438 499 2810 575 diatessaron
2857 501 2963 565 est,
3019 497 3280 568 exceptis
3321 498 3442 550 Fet
3486 486 3546 585 η

1877 586 2195 658 quadrato.
2256 587 2460 642 Omnis
2523 603 2638 641 vox
2692 586 2766 641 ad
2800 586 3135 657 quintama
3166 602 3225 641 se
3266 585 3545 659 diapente

1879 681 1984 741 est,
2014 677 2274 749 exceptis
2300 679 2340 729 Β
2373 680 2428 731 et
2458 678 2499 729 F
2523 675 2564 731 b
2598 681 2655 730 et
2684 676 2721 731 t‘.

1952 766 2157 821 Omnis
2190 770 2399 821 cantus
2427 782 2547 820 una
2572 765 2663 819 vel
2692 764 2930 819 duabus
2950 764 3199 819 vocibus
3226 764 3380 819 infra
3401 765 3548 820 ﬁna-

1880 855 1997 910 lem
2029 856 2400 911 descendens
2431 862 2485 911 et
2513 871 2693 926 super
2716 854 2993 926 diapente
3014 854 3280 926 aliquam
3312 855 3405 909 vel
3422 872 3545 910 om-

1881 962 1986 1000 nes
2010 963 2151 1001 suas
2174 962 2350 1001 voces
2405 946 2451 999 si
2501 945 2773 1014 attigerit,
2825 944 3147 999 authentici
3179 944 3305 999 erit.
3340 944 3546 1000 Omnis

1881 1041 2113 1099 cantus,
2145 1036 2248 1106 qui
2281 1053 2357 1090 ιν.
2388 1036 2510 1089 sive
2548 1052 2585 1088 v
2616 1033 2866 1088 vocibus
2910 1032 3064 1087 infra
3111 1032 3353 1089 ﬁnalem
3410 1034 3545 1089 des-

1882 1123 2164 1192 cenderit,
2192 1130 2247 1178 et
2278 1123 2424 1179 nihil
2454 1139 2633 1195 super
2658 1123 2936 1193 diapente
2963 1122 3229 1189 tetigerit,
3256 1122 3545 1192 subjuga-

1880 1212 1952 1267 lis
1994 1213 2116 1267 erit.
2151 1213 2354 1268 Omnis
2395 1218 2624 1276 cantus,
2658 1212 2763 1283 qui
2818 1211 2991 1282 plene
3020 1211 3323 1283 plagalem
3358 1212 3545 1284 depo-

1883 1303 2157 1358 sitionem
2192 1302 2484 1367 habuerit,
2546 1302 2593 1356 si
2645 1318 2826 1372 super
2878 1300 3157 1370 diapente
3207 1317 3393 1355 unam
3452 1301 3545 1356 vel

1882 1392 2034 1446 duas
2052 1408 2224 1445 voces
2251 1390 2518 1460 tetigerit.
2554 1389 2886 1459 subjugalis
2923 1389 3045 1443 erit.
3096 1388 3301 1445 Omnis
3335 1394 3545 1444 cantus

1882 1480 2034 1534 infra
2064 1480 2304 1535 ﬁnalem
2340 1496 2527 1534 unum
2557 1495 2763 1533 vocem
2818 1478 3067 1541 habens,
3125 1482 3181 1531 et
3210 1494 3392 1548 supra
3421 1477 3546 1533 dia-

1882 1573 2056 1641 pente
2088 1585 2210 1623 non
2242 1569 2490 1632 vadens,
2525 1567 2859 1638 subjugalis
2917 1566 3044 1621 erit.
3105 1565 3310 1622 Omnis
3336 1570 3547 1621 cantus

1883 1659 1939 1712 in
1974 1676 2009 1712 v
2042 1659 2292 1713 vocibus
2324 1663 2553 1712 tantum
2580 1674 2639 1710 sc
2671 1656 2981 1711 continens
3004 1660 3195 1727 potest
3224 1672 3351 1709 esse
3380 1671 3545 1710 com-

95 1746 163 1801 di
197 1748 555 1802 saeculorum
588 1761 782 1815 amen,
817 1751 871 1800 et
902 1746 1113 1802 ultima
1140 1754 1226 1802 est
1287 1748 1684 1820 superiorum,
1720 1755 1776 1804 et
1811 1781 1853 1832 Β
1886 1748 2106 1815 munis,
2138 1748 2237 1801 sed
2273 1748 2322 1801 ei
2356 1746 2667 1809 tribuatur,
2714 1745 2887 1815 cujus
2940 1744 3303 1815 frequentior
3359 1744 3544 1799 habe-

97 1836 311 1907 prima
342 1834 775 1891 excellentium.

177 1924 388 1981 Omnis
416 1940 534 1979 vox
557 1923 635 1979 ad
675 1924 786 1978 sibi
817 1923 1073 1980 vicinam
1114 1931 1170 1981 et
1195 1927 1400 1996 jusum
1434 1928 1526 1982 vel
1567 1944 1773 1982 susum

104 2012 493 2069 semitonium
528 2017 619 2067 est
648 2018 753 2068 aut
778 2017 980 2082 tonus,
1004 2014 1201 2068 omnis
1233 2031 1346 2069 vox
1380 2016 1454 2069 ad
1488 2015 1720 2070 tertiam
1742 2031 1779 2071 a

1888 1842 2003 1892 tus.
2030 1837 2233 1893 Omnis
2259 1841 2472 1891 cantus
2504 1835 2579 1890 ad
2616 1852 2649 1888 v
2698 1850 2872 1889 voces
2902 1849 3024 1888 non
3064 1833 3405 1905 pertingens
3434 1849 3545 1905 pro

1888 1925 1978 1981 sui
2008 1925 2452 1997 imperfectione
2483 1922 2816 1993 subjugalis
2848 1922 2973 1976 erit.

1398 2195 1484 2248 De
1506 2195 1847 2249 inventione
1874 2208 2256 2263 synemenon.

968 2305 1101 2361 Vult
1128 2306 1209 2361 ita
1242 2323 1619 2379 synemenon
1653 2324 1871 2363 vocum
1912 2307 2169 2379 gravitas
2192 2312 2255 2362 ut
2285 2322 2561 2373 acumen,

971 2394 1118 2449 Illud
1150 2396 1228 2451 ab
1260 2413 1329 2452 ac
1361 2397 1584 2470 duplici
1618 2397 1832 2470 poterit
1860 2397 2087 2452 ratione
2121 2396 2383 2469 probari.

972 2485 1225 2557 Respicit
1245 2491 1526 2541 octavum
1557 2488 1699 2559 quia
1726 2486 1955 2559 quaevis
1985 2486 2200 2541 vocula
2227 2502 2481 2540 nervum

968 2574 1101 2627 Vult
1128 2591 1371 2647 quoque
1406 2592 1779 2647 synemenon
1801 2591 2084 2630 resonare
2119 2592 2298 2629 suum
2332 2574 2626 2645 diapason

972 2665 1035 2716 Et
1063 2664 1307 2735 propria
1330 2664 1524 2735 specie
1560 2668 1673 2719 stat
1704 2664 1961 2737 quisque
1994 2669 2201 2735 tropus
2229 2662 2507 2734 diapente

970 2751 1302 2806 Authentus
1331 2769 1532 2825 supra,
1566 2752 1823 2808 lateralis
1857 2752 2037 2807 habet
2068 2769 2211 2805 suus
2242 2751 2415 2805 infra.

970 2839 1101 2894 Vult
1121 2845 1327 2911 protus
1358 2857 1429 2896 ex
1456 2842 1671 2913 prima,
1700 2842 1946 2897 deutrus
1968 2846 2244 2896 constare
2274 2839 2559 2908 secunda,

970 2930 1193 2984 Tertius
1221 2946 1291 2985 ex
1322 2931 1454 2986 trita
1487 2932 1705 3003 specie,
1734 2936 1986 3003 quartus
2020 2946 2262 3002 quoque
2292 2934 2525 3002 quarta.

972 3020 1116 3072 Ecce
1148 3019 1302 3090 proti
1334 3020 1526 3076 deutri
1549 3020 1806 3077 lateralis
1836 3021 1971 3075 item
2005 3036 2248 3092 quoque
2270 3019 2405 3074 triti.

970 3109 1121 3162 More
1149 3125 1257 3163 suo
1283 3110 1411 3179 jam
1437 3126 1560 3165 non
1591 3111 1757 3166 fieret
1796 3110 1908 3165 nisi
1940 3126 2045 3182 per
2074 3124 2469 3180 synemenon.

971 3196 1034 3251 ld
1060 3202 1272 3252 cantus
1298 3198 1464 3254 multi
1492 3199 1838 3255 solidabunt
1867 3198 2229 3267 Gregoriani.

973 3286 1269 3358 lmperitat
1296 3288 1533 3343 chordis
1561 3289 1768 3360 primis
1800 3294 2007 3360 protus
2029 3289 2087 3343 in
2120 3286 2511 3343 tetrachordis

973 3375 1200 3431 Scilicet
1230 3381 1273 3430 Α
1307 3380 1346 3432 D
1380 3381 1421 3431 (ἰ
1456 3394 1587 3449 quae
1620 3378 2012 3445 designantur
2038 3382 2093 3433 et
2123 3394 2159 3432 a
2188 3378 2247 3431 d.

973 3466 1144 3520 Stans
1183 3466 1379 3537 prima
1402 3468 1596 3538 specie
1628 3467 2006 3523 diatessaron
2039 3466 2414 3537 etdiapente.

972 3553 1063 3609 Sic
1096 3554 1611 3611 tetrachordorum
1639 3572 1817 3611 voces
1852 3556 2033 3611 habet
2063 3556 2212 3609 ordo
2243 3559 2554 3625 tr0porum

974 3643 1096 3697 Stat
1124 3643 1347 3698 deutris
1370 3644 1639 3709 deutrus,
1670 3645 1813 3716 quia
1843 3643 2096 3699 vocibus
2130 3647 2194 3697 ut
2225 3640 2539 3712 speciebus

976 3730 1134 3786 Sicut
1163 3732 1379 3804 cuique
1405 3733 1581 3788 datur
1605 3734 1785 3788 series
1819 3749 1947 3799 sua,
1983 3732 2065 3786 sic
2096 3730 2376 3785 variatur.

1400 3842 1483 3895 De
1513 3840 1811 3907 speciebus
1859 3841 2252 3894 diatessaron.

973 3927 1043 3981 Se
1064 3926 1342 4000 diapente
1372 3935 1585 4001 quater
1610 3930 1815 3994 variat,
1859 3930 2232 3984 diatessaron
2264 3931 2327 3981 ut
2355 3931 2461 3998 ter,

977 4019 1099 4073 Stat
1129 4021 1344 4072 natura
1375 4018 1563 4073 tribus
1585 4018 1954 4074 diatessaron
1985 4019 2043 4073 in
2072 4016 2406 4089 speciebus.

1050 4108 1335 4163 Ltmmate
1366 4108 1561 4180 prima
1592 4112 1733 4163 tono
1765 4114 1999 4164 constat
2020 4107 2298 4179 utrinque
2325 4106 2467 4160 dato

970 4193 1199 4249 Limma
1234 4196 1501 4252 secunda
1530 4198 1705 4265 tonis,
1732 4197 2043 4269 postponit
2071 4194 2311 4251 formuli
2342 4193 2522 4249 binis.

1040 4283 1229 4339 Tertia
1260 4283 1468 4339 limma
1496 4290 1668 4341 tonos
1693 4285 1945 4341 collocat
1974 4290 2109 4341 ante
2137 4284 2313 4339 duos.

2685 4105 2805 4158 AD

2697 4194 2733 4246 Β
2766 4193 2805 4245 Ε
2838 4188 2859 4246 ς
2898 4188 3294 4245 diatessaron.

2692 4278 2803 4330 ΓΟ

1416 4394 1503 4447 De
1532 4393 1833 4462 speciebus
1860 4394 2159 4461 diapente.

973 4498 1118 4552 Sunt
1148 4498 1228 4552 ita
1262 4499 1551 4555 distincta:
1577 4502 1805 4573 species
1835 4516 1990 4571 quas
2023 4500 2131 4553 fert
2158 4498 2437 4568 diapente

1043 4586 1235 4641 Prima
1268 4587 1332 4643 ﬁt
1357 4605 1429 4643 ex
1456 4589 1683 4656 ditono,
1718 4590 1987 4644 limmate
2010 4588 2083 4642 de
2117 4602 2238 4658 quo
2274 4590 2414 4639 tono
2453 4614 2473 4622 -
2516 4587 2635 4635 uta
2662 4578 2793 4633 Fad
2818 4580 2885 4632 D.

973 4713 1053 4764 Ex
1074 4711 1291 4767 tritono
1324 4712 1535 4768 deutra
1555 4730 1694 4768 cum
1722 4714 1991 4769 limmate
2020 4714 2060 4781 -:-
2092 4710 2261 4766 tertia
2286 4711 2515 4762 contra.

1039 4844 1283 4901 Constat
1309 4853 1523 4919 quarta
1556 4853 1714 4917 tono,
1747 4849 2013 4904 limmate
2043 4862 2182 4902 cum
2213 4844 2439 4899 ditono.
2472 4840 2514 4860 “

2624 4694 2664 4762 -ι-
2692 4696 2757 4746 ut
2785 4690 2863 4745 ab
2890 4691 2931 4742 F
2963 4689 3041 4744 ad
3064 4705 3115 4744 c.
3139 4675 3197 4777 η
3226 4686 3546 4749 mediante,

2625 4796 2852 4853 'utab
2894 4778 3129 4881 Εἱλάῆ

2626 4906 2670 4925 “
2702 4908 2767 4959 ut
2795 4903 2873 4958 ab
2903 4908 2949 4958 Α
2976 4902 3048 4958 ad
3084 4906 3125 4958 E
3145 4917 3349 4973 grave.

1358 5047 1445 5101 De
1475 5046 1944 5114 proprietatibus
1979 5051 2308 5113 troporum.

978 5150 1261 5207 Nobilitas
1292 5152 1469 5223 primi
1496 5154 1669 5222 juvat
1698 5153 2126 5223 anfractusque
2160 5148 2407 5204 secundi

979 5242 1183 5308 Quarti
1214 5242 1529 5309 garrulitas
1562 5242 1776 5314 placet,
1805 5248 1862 5297 et
1886 5248 1985 5298 tua
2014 5242 2142 5298 trite
2170 5239 2447 5314 voluptas

1322 5350 1433 5405 Ubi
1460 5349 1910 5404 (etrachordum
1941 5355 1995 5405 et
2022 5350 2341 5405 diezeuxzs.

980 5460 1060 5511 Ex
1083 5458 1175 5512 his
1209 5461 1249 5513 Ι]
1280 5460 1320 5514 G
1347 5458 1387 5513 d
1420 5456 1793 5513 tetrachorda
1828 5462 2113 5513 notantur
2134 5455 2412 5527 utrinque

981 5551 1136 5603 Inter
1168 5552 1207 5605 G
1243 5548 1419 5604 simul
1452 5553 1497 5602 Α
1526 5547 1813 5603 diezeuzis
1844 5547 1937 5602 bis
1968 5550 2129 5619 patet
2159 5560 2300 5600 una.

1513 5658 1601 5712 De
1651 5657 1731 5711 VI
1765 5654 2156 5726 symphoniis.

985 5767 1372 5840 Symphoniae
1396 5765 1627 5839 simplae
1641 5768 1780 5821 sunt
1801 5761 2189 5834 tres,totidem
2214 5775 2458 5833 quoque
2474 5760 2699 5831 juncta:
