3958 6412
1268 266 1528 323 ANNAL.
1570 266 2012 324 HILDESHEIM.
2055 266 2429 332 QUEDLINB.
2472 266 2864 327 WEISSEMB.

3712 271 3837 325 444

1247 392 1545 464 Diapason
1578 392 1829 465 simplae,
1855 392 2249 461 diatessaron,
2284 398 2338 448 et
2370 394 2648 468 diapente

1242 482 1528 538 Dicuntur
1549 481 1791 551 junctae,
1817 482 2117 554 diapason
2140 499 2279 537 cum
2302 483 2581 556 diapente

1241 574 1389 627 Cum
1420 570 1699 642 diapente
1732 576 1927 637 tonus,
1962 571 2337 628 diatessaron
2363 572 2441 628 ad
2466 574 2783 647 diapason.

1578 661 1662 715 De
1686 662 2039 729 cognatione
2063 663 2231 730 preti
2253 669 2305 717 et
2329 664 2601 718 (etrardi.

1242 749 1385 804 Hinc
1416 752 1520 804 aut
1548 748 1687 804 inde
1718 754 1947 818 tonum,
1976 750 2020 803 si
2042 750 2311 820 junxeris
2333 752 2411 806 ad
2438 752 2882 809 tetrachordum

1242 838 1341 894 Vel
1370 838 1567 910 prima
1594 838 1808 912 specie,
1842 843 2128 913 quartave
2159 840 2337 895 datur
2364 841 2642 913 diapente

1242 928 1384 983 Inde
1415 927 1714 1000 prioratus
1745 928 1923 1000 primi
1952 932 2117 1001 patet
2148 932 2326 1001 atque
2354 929 2611 986 tetrardi.

402 1106 2529 1135 m

2542 1104 3825 1137 Μ

1765 1256 1921 1295 CIRCA
1964 1257 2148 1296 ANNL’M
2190 1258 2427 1296 BITMDEM.

1034 1416 1703 1538 ANNALES
1784 1415 3174 1540 HILDESHEIMENSES

662 1686 2063 1848 QUEDLINBURGENSES,

2159 1684 3571 1824 WEISSEMBURGENSES

1496 2107 1600 2242 L
1648 2112 1765 2245 A
1804 2107 1934 2245 Μ
1986 2107 2251 2242 ΒΕ
2292 2106 2404 2241 li
2445 2108 2564 2242 Τ
2618 2109 2713 2243 1.,

1814 2365 2041 2434 PARS
2096 2365 2390 2435 PRIOR.

879 2565 1075 2638 (Apud
1100 2568 1163 2621 D.
1198 2568 1375 2632 Pertz,
1410 2566 1795 2622 Monumenta
1819 2566 2157 2622 Germanice
2180 2566 2490 2634 historica,
2520 2564 2711 2634 Scrip.
2744 2568 2888 2620 tom.
2937 2566 3028 2633 111,
3056 2579 3196 2635 pag.
3235 2565 3344 2634 18.)

1506 2855 2133 2946 Α1)ΜΟΝΙΤΙΟ
2246 2858 2731 2947 ΡΒλΕῊΑ.

458 3086 876 3142 Monasterium
900 3086 1446 3159 Herolfesfeldense,
1481 3088 1690 3162 primis
1723 3091 1913 3146 Caroli
1939 3093 2049 3147 ΜΒ,-
2089 3098 2132 3149 Α
2162 3092 2346 3165 partis
2376 3092 2787 3147 auctoritatem
2814 3106 2887 3146 ex
2940 3089 3202 3146 fontibus
3263 3090 3392 3161 ejus
3438 3094 3623 3146 totam
3682 3107 3830 3164 pen-

389 3175 490 3247 gni
519 3176 690 3231 annis
719 3192 755 3232 a
789 3177 950 3233 Lullo
976 3178 1430 3251 archiepiscopo
1464 3179 1781 3236 fundatum
1809 3181 2056 3253 opibus-

390 3280 509 3336 que
547 3265 821 3337 plurimis
850 3267 1126 3335 ditatum,
1183 3268 1483 3325 Ludovico
1516 3273 1532 3324 1
1565 3269 1897 3342 imperante
1944 3277 2057 3325 An-

390 3353 632 3409 nalibus
663 3355 954 3426 originem
981 3356 1162 3422 dedit,
1199 3357 1299 3429 qui
1322 3362 1517 3431 prima
1546 3360 1635 3413 sui
1666 3364 1833 3431 parte
1866 3376 2056 3432 usque

391 3445 469 3501 ad
492 3462 545 3501 a.
572 3450 673 3501 829
702 3447 997 3503 chronicis
1026 3448 1234 3503 lsidori
1257 3452 1333 3521 (1)
1365 3456 1419 3504 et
1441 3452 1609 3506 Bedm
1634 3454 1706 3522 ('2)
1727 3452 2056 3507 Annalibus

389 3531 875 3591 Murbacensibus
904 3538 1115 3608 quales
1150 3539 1450 3612 hodieque
1477 3540 1535 3594 in
1589 3541 2058 3595 Laureshamen-

392 3618 558 3675 sibus
586 3626 661 3689 (3)
689 3628 745 3678 et
801 3625 1140 3682 Nazarianis
1191 3629 1268 3697 (4)
1324 3633 1663 3700 supersunt,
1722 3628 2053 3683 Annalibus

391 3710 881 3768 Laurissensibus
957 3715 1295 3772 minoribus
1345 3720 1421 3787 (ὅ)
1472 3724 1650 3790 atque
1723 3718 2056 3773 Annalibus

393 3797 874 3856 Laurissensibus
901 3803 975 3874 (6)
999 3809 1056 3858 et
1082 3804 1359 3859 Einhardi
1391 3807 1464 3875 (7)
1492 3806 1898 3878 superstructi,
1916 3806 2055 3862 inde

392 3884 471 3940 ab
497 3901 658 3941 anno
688 3892 791 3943 830
819 3907 1010 3963 usque
1037 3892 1116 3947 ad
1140 3909 1194 3948 a.
1247 3895 1353 3949 973
1380 3899 1434 3949 et
1460 3899 1563 3950 983i
1594 3895 1671 3950 ab
1711 3896 2054 3951 auctoribus

392 3987 500 4044 per
530 3975 747 4032 saecula
769 3994 996 4035 nonum
1025 3986 1079 4036 et
1109 3982 1413 4038 decimum
1457 3984 1566 4039 sibi
1599 3985 2055 4041 succedentibus

393 4066 533 4118 sunt
556 4066 850 4135 producti.
880 4070 1059 4126 Priori
1089 4072 1244 4145 parti
1265 4073 1502 4129 notitias
1528 4074 1760 4146 aliquas
1787 4091 1859 4130 ex
1881 4075 2054 4129 Beda:

394 4151 646 4209 Historia
714 4157 1116 4217 ecclesiastica
1173 4160 1525 4234 desumptas
1581 4166 1650 4232 (8)
1699 4163 1877 4217 inseri
1925 4164 2054 4233 jam

394 4242 884 4315 Lappenbergius
931 4248 990 4304 in
1051 4250 1385 4307 Annalibus
1438 4252 1653 4307 nostris
1684 4257 1758 4323 (9)
1786 4254 2054 4321 monuit;

392 4345 603 4402 paucae
634 4338 866 4392 tantum
895 4338 1283 4395 offenduntur
1315 4357 1387 4396 ex
1443 4341 1628 4395 nostis
1664 4342 2055 4397 Fuldensibus

391 4420 753 4495 desumptze,
804 4444 911 4482 nec
972 4429 1086 4483 nisi
1137 4447 1254 4485 una
1308 4431 1381 4486 ad
1438 4431 1846 4487 Hersfeldense
1930 4449 2057 4487 mo-

390 4515 719 4570 nasterium
772 4518 1099 4589 pertinens,
1151 4536 1342 4593 eaque
1396 4520 1557 4576 haud
1626 4537 1698 4576 ex
1757 4520 1914 4575 fonte
1943 4536 2050 4576 an-

389 4599 556 4672 tiquo
585 4604 685 4659 sed
718 4622 789 4660 ex
818 4606 950 4663 loco
1000 4608 1158 4664 male
1215 4608 1509 4666 intellecto
1562 4606 1621 4664 in
1674 4609 1801 4665 Vita
1833 4611 2052 4666 Sturmi

390 4688 629 4746 abbatis
694 4693 1001 4752 Fuldensis
1059 4698 1321 4754 delibata
1390 4704 1524 4767 (10).
1574 4702 1778 4771 Itaque
1841 4699 2052 4771 prioris

524 4818 542 5030 ἒ

472 4818 542 4890 (1)
577 4818 774 4889 Origg.
807 4820 908 4877 lib.
942 4838 999 4888 v,
1034 4824 1122 4878 39.

461 4892 539 4966 (2)
564 4892 766 4966 [utine
796 4892 1089 4948 librorum
1123 4897 1201 4949 De
1262 4893 1633 4966 temporibus
1665 4898 1720 4949 et
1767 4895 1839 4949 de
1873 4901 1911 4949 t.
1938 4900 2048 4950 rat.

462 4962 540 5037 (3)
568 4962 649 5017 Cf.
684 4978 735 5017 e.
771 4979 827 5033 g.
860 4980 1055 5019 annos
1081 4970 1207 5033 717,
1250 4962 1529 5032 748,“781,
1580 4970 1682 5020 786
1730 4981 1922 5037 usque
1948 4971 2042 5021 79l

389 5040 448 5091 et
485 5036 607 5088 795.

483 5105 533 5179 4)
568 5103 650 5179 cf.
684 5119 735 5161 e.
760 5118 817 5173 ε.
852 5120 1045 5161 annos
1076 5110 1198 5173 709,
1233 5112 1358 5172 710,
1399 5112 1665 5179 725,752,

484 5176 722 5245 5)Cf.a.
751 5180 875 5245 738,
908 5181 1033 5249 746,
1076 5182 1200 5247 750,
1255 5184 1380 5248 753,
1414 5176 1538 5247 754,
1581 5183 1706 5244 755,
1740 5183 1865 5249 758,
1923 5184 2050 5246 705,

392 5250 521 5371 383,
712 5251 837 5319 773,
882 5252 1008 5320 774,
1050 5254 1174 5311 787,
1229 5255 1352 5316 795,
1410 5254 1534 5316 801,
1590 5251 1714 5316 802,
1767 5252 1891 5319 806,
1925 5254 2051 5320 807,

508 5357 522 5382 ,
555 5357 678 5371 νη..

466 5384 662 5463 (ϐλρίη
688 5401 738 5441 e.
784 5402 840 5455 ε.
874 5392 1000 5463 774,
1048 5393 1172 5457 776,
1227 5395 1350 5450 778.
1385 5395 1509 5459 782,
1538 5396 1640 5447 799
1673 5409 1684 5456 ;
1718 5395 1773 5446 et
1804 5390 1863 5446 in
1895 5392 2049 5446 Ann.

393 5454 1051 5532 Quedlinburgensibus
1110 5454 1167 5517 a.
1217 5454 1520 5525 775-780,
1568 5454 1870 5527 782έ-78ι1,
1928 5466 2051 5532 788,

391 5529 517 5589 789,
541 5529 664 5588 793,
693 5532 817 5592 794,
841 5533 1144 5595 798—800,
1176 5536 1297 5587 805.

465 5594 538 5662 (7)
570 5596 651 5678 cf.
682 5601 924 5678 a_.‘792,_
936 5602 1064 5678 805,
1088 5594 1244 5678 813,
1284 5608 1385 5678 818
1419 5621 1549 5678 sqq.
1609 5620 1795 5676 usque
1841 5608 1967 5676 8'29,
2001 5611 2055 5659 et

393 5678 534 5719 ann.
568 5663 774 5729 Quedl.
809 5680 863 5719 a.
896 5672 1020 5729 79th
1046 5663 1169 5729 793$.
1193 5663 1248 5728 et
1272 5674 1441 5729 alios.

466 5710 541 5807 (8)
561 5710 778 5805 ιῖΪῇἷᾷ
810 5710 886 5792 Si
907 5710 1498 5816 "dedsﬁﬁﬂfig,
1529 5762 1584 5804 a.
1614 5751 1741 5818 727,
1772 5750 2045 5816 729,732,

2165 3182 2303 3236 dere
2360 3182 2527 3237 facile
2588 3180 2978 3249 intelligitur;
3017 3179 3200 3236 altera
3247 3179 3509 3247 genuina
3566 3197 3671 3253 per
3701 3198 3831 3237 ma-

2162 3270 2357 3341 jorem
2407 3270 2606 3325 saeculi
2680 3270 2825 3324 noni
2881 3268 3219 3341 decimique
3284 3284 3515 3340 partem
3571 3269 3835 3325 decurrit

2170 3364 2300 3431 (11).
2338 3360 2595 3414 Priorem
2622 3359 2681 3414 in
2708 3358 3039 3413 Annalibus
3074 3358 3463 3413 Fuldensibus
3522 3358 3581 3414 in
3614 3358 3829 3415 biblio-

2168 3451 2337 3505 theca
2394 3451 2748 3505 Batavorum
2826 3448 3206 3516 Lugdunensi
3291 3464 3326 3503 a
3391 3464 3487 3503 me
3554 3448 3828 3519 evolutis,

2167 3544 2291 3595 tum
2348 3539 2405 3593 in
2462 3539 2875 3601 Lobiensibus,
2960 3537 3517 3594 Monasteriensibus
3596 3538 3828 3595 Alsatiaa

2164 3628 2265 3699 qui
2294 3645 2365 3682 ex
2400 3627 3092 3695 Weisscmburgensibus
3153 3627 3471 3692 ﬂuxerunt,
3505 3630 3562 3682 et
3604 3626 3663 3682 in
3712 3630 3828 3683 Ma-

2166 3717 2335 3771 riano
2365 3718 2537 3771 Scoto
2567 3716 2878 3787 repetitam
2910 3714 2999 3770 vel
3041 3714 3240 3787 potius
3300 3719 3663 3787 excerptam,
3696 3733 3825 3772 mo-

2166 3808 2295 3863 nuit
2320 3808 2603 3863 Waitzius
2636 3808 2744 3877 (12)
2782 3826 2794 3873 ;
2832 3811 3018 3861 totum
3080 3822 3221 3860 vero
3278 3811 3478 3877 optus,
3513 3811 3665 3861 certe
3696 3820 3828 3877 par-

2165 3902 2281 3953 tem
2316 3898 2364 3967 ej
2378 3914 2444 3951 us
2474 3913 2609 3969 quae
2642 3896 2888 3952 maximi
2928 3895 3203 3951 facienda
3250 3900 3357 3957 est,
3389 3896 3828 3966 exscripscrunt

2165 3987 2461 4043 annalista
2491 3985 3002 4041 Halberstadensis
3030 3990 3085 4039 et
3135 3984 3734 4055 Weissemburgensis.
3762 3987 3825 4039 Et

2166 4077 2346 4146 hujus
2390 4076 2636 4147 quidem
2696 4091 2872 4147 opus,
2924 4080 3100 4130 antea
3166 4074 3403 4129 nonnisi
3462 4072 3751 4146 excerptis
3787 4089 3823 4128 a

2164 4165 2588 4220 Wurdtwcinio
2616 4163 2936 4236 propositis
2979 4168 3089 4232 (13)
3144 4169 3374 4229 notum,
3408 4164 3702 4232 integrum
3763 4161 3821 4217 in

2167 4255 2369 4310 codice
2412 4253 2555 4309 olim
2608 4252 3215 4321 \Veissemburgensi,
3264 4269 3319 4307 a.
3372 4256 3505 4307 1560
3536 4252 3613 4307 ab
3654 4255 3819 4307 Joan.

2164 4344 2389 4407 [Euclio
2427 4360 2461 4399 a
2521 4342 2891 4411 Knorringen
2952 4343 3323 4397 bibliothecae
3376 4341 3821 4411 Ingolstadiensi

2096 4457 2134 4509 Β
2164 4433 2343 4499 illato,
2379 4438 2435 4487 et
2466 4448 2585 4486 una
2615 4448 2753 4485 eum
2781 4432 2996 4502 eajam
3025 4432 3084 4486 in
3132 4432 3493 4487 bibliotheca
3541 4430 3822 4485 universi-

2160 4522 2294 4577 tatis
2325 4521 2499 4587 regite
2550 4520 2914 4576 Monacensis
2959 4521 3218 4585 condito,
3274 4520 3474 4576 inveni
3528 4526 3705 4592 atque
3760 4520 3820 4575 in

2160 4627 2305 4665 usus
2334 4616 2568 4665 nostros
2602 4608 2792 4664 retuli.
2852 4608 3077 4681 Excipit
3131 4609 3209 4664 ibi
3252 4609 3436 4664 libros
3478 4608 3711 4664 Eusebii
3765 4613 3821 4664 et

2162 4700 2452 4771 Prosperi,
2486 4703 2664 4770 atque
2696 4697 2957 4768 margini
2988 4699 3293 4770 cyclorum
3327 4698 3818 4754 deeennovenna-

2161 4829 2286 4887 733$,
2318 4840 2389 4878 ex
2420 4823 2518 4878 ub.
2549 4840 2605 4888 v,
2641 4840 2691 4878 c.
2725 4827 2838 4895 74.,
2872 4828 2940 4879 21
2970 4827 3025 4878 et
3051 4840 3192 4897 app.

2235 4900 2309 4967 (0)
2342 4898 2400 4950 'r.
2434 4898 2519 4963 Vl,
2555 4911 2614 4967 p.
2649 4899 2771 4949 638.

2234 4965 2347 5037 (10)
2377 4972 2417 5020 Α
2474 4965 2575 5020 736
2610 4982 2681 5020 ex
2710 4967 2833 5020 Vita
2858 4967 2912 5021 S.
2950 4965 3166 5021 Sturmi
3199 4980 3329 5037 cap.
3363 4970 3414 5037 5,
3449 4970 3500 5020 6.

2234 5042 2343 5103 (11)
2375 5044 2514 5102 Quae
2544 5038 2602 5091 in
2634 5037 2814 5091 aliam
2837 5037 3187 5091 sententiam
3218 5036 3326 5089 viri
3348 5036 3504 5089 docti
3556 5036 3818 5108 disputa-

2162 5115 2319 5173 runt,
2351 5126 2421 5163 ea
2465 5108 2611 5163 mihi
2660 5124 2784 5163 non
2837 5109 3137 5169 arrident;
3183 5122 3325 5159 nam
3356 5122 3465 5159 nec
3505 5108 3816 5171 Reginonis

2163 5180 2639 5234 continuatorem
2671 5195 2779 5233 nec
2810 5178 3057 5234 annales
3087 5176 3470 5231 Corbeienses
3502 5177 3653 5232 inter
3690 5180 3814 5234 fon-

2164 5255 2250 5322 tes
2286 5249 2786 5322 Hersi‘eldensium
2840 5264 3124 5322 agnosco,
3180 5251 3236 5322 et
3263 5251 3325 5302 ut
3372 5248 3631 5322 rationes
3683 5266 3853 5322 pro»

2164 5321 2377 5376 ductas
2411 5320 2591 5375 verbo
2632 5319 2942 5387 attingam,
2975 5318 3271 5373 dedicatio
3325 5319 3586 5374 ecclesiae
3634 5318 3815 5377 Trevi-

2162 5392 2351 5447 rensis
2382 5408 2486 5462 per
2512 5395 2697 5445 totam
2730 5396 2883 5445 certe
2906 5391 3288 5445 Germaniam
3318 5391 3585 5456 celebris,
3638 5397 3693 5447 et
3716 5393 3811 5448 ad-

2164 5461 2783 5542 ventus’Ungat-orum
2812 5475 3000 5542 usque
3029 5461 3104 5516 ad
3154 5462 3411 5542 ‘li‘uld‘am
3454 5463 3810 5542 llersfelden-

2166 5534 2331 5588 sibus
2356 5533 2601 5586 maximi
2630 5533 2917 5586 momenti
2947 5538 3123 5603 atque
3154 5534 3320 5589 haud
3372 5534 3554 5588 dubie
3586 5534 3807 5591 notissi-

2165 5621 2302 5661 mus
2328 5607 2470 5658 erat.

2237 5676 2349 5747 (12)
2383 5674 2475 5747 (11.⁸
2497 5672 2755 5747 Annales
2784 5678 3042 5747 nostros,
3063 5678 3099 5729 t.
3133 5678 3223 5732 Vl.

2238 5745 2348 5819 (13)
2380 5745 2659 5803 Subsidia
2685 5745 2830 5821 dipl.
2863 5750 2974 5816 Xll,
3009 5750 3105 5803 134
3136 5763 3269 5821 sqq.
