3958 6458
376 357 481 411 447

1304 358 1560 414 ANNAL.
1601 354 2043 413 HILDESHEIM.
2085 352 2457 417 QUEDLINB.
2500 355 2881 413 WEISSEMB.

3711 355 3823 410 448

379 482 560 552 atque
584 479 640 550 2)
689 478 991 536 adiversis
1015 479 1374 537 saeculorum
1403 498 1499 536 xvr
1555 486 1612 538 et
1634 497 1755 537 xvn
1809 478 2021 535 scribis
2060 480 2106 533 A
2137 476 2198 533 ni
2234 482 2390 549 1533,
2421 478 2589 552 in-8°,
2623 497 2659 536 a
2693 478 2994 536 Ludovico
3019 477 3375 546 Schradino,
3409 481 3476 533 ut
3504 477 3631 551 ipse
3674 493 3822 551 pro-

380 573 644 625 correcto
668 574 729 625 et
746 569 966 625 notulis
1019 574 1196 625 aucto
1247 571 1611 644 superstites,
1672 588 1708 627 a
1758 568 2044 626 Leibnitio

380 660 648 733 primum
676 660 738 715 in
772 661 867 717 SS.
896 663 1188 729 Brunsw.,
1218 665 1258 717 t.
1297 666 1358 729 ll,
1384 666 1489 717 272
1521 679 1681 736 sqq.,
1710 661 1823 717 sub
1876 658 2044 716 titulo

384 747 658 806 Chronici
687 750 993 805 Saxonum
1027 749 1601 821 Quedlinburgensis
1644 749 1804 816 editi,
1852 753 1978 804 tum
2010 762 2047 804 a

382 837 725 895 Menckenio
782 838 842 893 in
892 840 989 896 SS.
1044 841 1289 907 Saxon.,
1348 845 1391 896 t.
1425 844 1515 907 111,
1576 844 1677 896 170
1714 855 1873 912 sqq.,
1906 854 2045 894 cum

384 927 857 1001 Chronographo
888 930 1120 985 Saxone
1152 929 1368 997 collati,
1406 930 1536 1001 jam
1584 946 1726 985 vero
1774 928 1835 984 in
1901 943 2047 983 usus

381 1021 619 1073 nostros
648 1033 685 1073 a
713 1020 776 1074 V.
813 1018 892 1075 Cl.
928 1019 1193 1075 Mauritio
1227 1020 1421 1092 Haupt
1438 1019 1891 1089 diligentissime
1909 1032 2045 1073 evo-

382 1104 490 1162 luti
522 1110 682 1162 sunt.
710 1106 873 1163 Prior
903 1107 1101 1180 operis
1127 1123 1269 1180 pars
1290 1124 1481 1181 usque
1506 1125 1560 1166 a.
1596 1113 1697 1165 993
1727 1112 1784 1164 et
1829 1107 2046 1163 fortas-

385 1209 448 1250 se
479 1210 533 1250 a.
584 1199 722 1251 1000
766 1197 881 1267 (23)
934 1213 1007 1252 ex
1056 1197 1376 1253 annalibus
1426 1196 2046 1261 Halberstadensibus,

385 1283 550 1340 Beda
583 1286 663 1340 De
691 1302 795 1340 sex
818 1285 1115 1355 aetatibus,
1166 1286 1352 1343 Gestis
1402 1302 1613 1357 regum
1661 1289 2046 1355 Francorum,

395 1371 652 1445 aliisque
677 1373 944 1430 fontibus
964 1375 1280 1445 incognitis
1307 1375 1880 1444 manavit,adhibitis
1908 1390 2048 1448 pas-

388 1478 502 1517 Slm
554 1462 835 1519 Einhardi
894 1464 1021 1520 Vita
1077 1464 1291 1531 Caroli,
1326 1468 1503 1521 Poeta
1535 1467 1769 1522 Saxone
1800 1465 1934 1535 (24),
1995 1467 2053 1519 et

384 1550 717 1607 Annalibus
748 1552 1157 1609 Alamannicis
1189 1554 1303 1625 (25)
1355 1558 1411 1609 et
1469 1552 1869 1623 Augiensibus
1920 1552 2048 1624 (26),

384 1638 618 1694 insertis
640 1655 886 1713 quoque
902 1641 1123 1697 notitiis
1146 1640 1420 1711 genuinis
1441 1640 1728 1697 familiam
1750 1639 2051 1714 praecipue

386 1729 670 1785 Ottonum
700 1731 1218 1799 concernentibus,
1248 1747 1404 1803 quas
1436 1736 1742 1786 auctorem
1760 1746 1796 1785 a
1825 1728 2051 1786 Matliil-

2149 566 2368 636 ﬁtetur,
2392 568 2600 625 eedem
2633 586 2705 624 ex
2737 567 2943 624 codice
2973 565 3362 623 emendatam
3398 583 3411 633 ;
3440 566 3489 638 c)
3552 565 3820 623 Simonis

2154 656 2422 714 Schardii
2452 674 2507 714 a.
2544 663 2678 714 1566
2706 658 2805 714 fol.
2862 658 3015 713 inter
3068 656 3561 713 Germanicarum
3611 671 3821 713 rerum

2151 750 2411 818 quatuor
2433 747 2927 821 chronographos
2953 751 3012 803 et
3041 762 3096 804 a.
3133 749 3288 819 1574,
3350 750 3390 802 t.
3449 750 3488 814 Ι,
3549 745 3821 802 historici

2151 836 2351 908 operis
2383 837 2483 910 ;d)
2512 837 2639 893 Joh.
2670 837 2898 893 Pistorii
2936 836 2997 892 in
3039 838 3136 893 SS.
3176 838 3371 892 Germ.
3405 851 3461 891 a.
3498 839 3655 903 1583,
3710 834 3818 891 fol.

2153 945 2180 973 «
2214 940 2286 980 ex
2312 925 2465 981 libro
2490 925 2899 982 vetustissimo
2930 925 3132 982 multis
3160 924 3308 981 locis
3333 923 3723 981 emendatam
3750 942 3764 990 ;
3790 946 3820 973 »

2153 1014 2207 1085 e)
2235 1019 2798 1084 Argentoratensem
2829 1015 2973 1071 anni
3007 1019 3143 1071 1609
3190 1013 3316 1084 fol.,
3349 1018 3405 1070 et
3433 1014 3476 1081 f)
3534 1013 3826 1069 Burcardi

2154 1104 2345 1159 Gotth.
2374 1104 2589 1161 Struvii
2618 1120 2672 1160 a.
2714 1108 2869 1175 1726,
2898 1103 3023 1174 fol.,
3049 1103 3110 1158 in
3139 1104 3236 1160 SS.
3265 1105 3459 1159 Germ.
3487 1101 3721 1158 Pistorii
3782 1106 3823 1157 t.

2155 1196 2218 1260 ll,
2251 1226 2320 1234 —
2344 1194 2437 1250 his
2465 1194 2754 1251 subsidiis
2779 1193 2971 1266 adjuti
3004 1211 3017 1249 :

2229 1287 2278 1347 1)
2312 1286 2373 1341 C.
2394 1284 2457 1340 in
2487 1283 2785 1341 tabulario
2805 1283 2972 1353 regio
2999 1282 3314 1339 Dresdensi
3346 1282 3610 1355 primum
3643 1297 3681 1338 a
3724 1294 3829 1337 me

2155 1373 2394 1430 evoluto
2424 1378 2555 1430 tum
2576 1390 2721 1430 vero
2742 1390 2779 1430 a
2807 1376 2870 1429 V.
2905 1373 2977 1430 cl.
3014 1371 3315 1429 Ludovico
3345 1372 3549 1442 Hesse,
3581 1370 3827 1428 tabula-

2155 1462 2243 1518 rio
2299 1462 2661 1519 screnissimi
2712 1462 3001 1536 principis
3074 1460 3687 1530 Schwarzburgensis,
3760 1459 3830 1514 in

2157 1570 2303 1609 usus
2330 1558 2565 1610 nostros
2591 1552 2907 1626 exscripto,
2943 1553 3260 1609 chartaceo
3290 1550 3492 1607 saeculi
3505 1568 3581 1605 xv
3596 1564 3833 1605 exeun-

2158 1643 2231 1700 tis
2259 1643 2350 1700 vel
2391 1660 2491 1699 xvi
2550 1641 2836 1710 ineuntis,
2890 1642 2995 1715 qui
3048 1659 3186 1698 cum
3240 1640 3499 1697 editione
3548 1638 3829 1713 principe

2158 1750 2347 1807 quam
2371 1733 2702 1806 plurimum
2732 1731 3030 1788 convenit.

385 1817 466 1873 da
495 1818 817 1876 Adelheide
843 1820 1164 1876 abbatissis
1197 1819 1860 1891 Quedlinburgensibus
1887 1834 2053 1875 acce-
2092 1837 2130 1890 Β
2229 1824 2286 1893 2)
2318 1822 2585 1878 Editione
2615 1820 2884 1895 principe
2915 1837 2951 1877 a
2975 1820 3047 1876 c1.
3086 1823 3262 1875 Hesse
3285 1818 3602 1890 exscripta.

385 1906 567 1981 pisse,
595 1907 724 1978 jam
747 1908 1240 1981 Lappenbergius
1262 1908 1455 1965 innuit
1485 1909 1595 1980 (27)
1630 1910 1772 1974 Quae
1802 1907 2050 1980 quidem

387 2012 511 2053 una
541 2013 679 2052 cum
707 1997 950 2071 reliquis
981 2015 1173 2071 usque
1198 1999 1278 2054 ad
1308 2016 1361 2065 a,
1428 2003 1584 2067 1025,
1638 1998 1791 2054 inter
1848 1997 2052 2071 praeci-

386 2100 542 2157 puos
566 2085 827 2143 historias
857 2087 990 2158 ejus
1014 2087 1302 2160 temporis
1323 2086 1515 2143 fontes
1545 2086 1846 2143 censenda
1891 2088 2048 2153 sunt,

389 2178 633 2230 auctore
688 2192 913 2245 coaevo,
968 2180 1281 2249 praesente,
1341 2180 1399 2233 et
1447 2175 1747 2233 scribendi
1807 2174 2048 2231 callido.

390 2262 554 2333 Opus
585 2262 738 2319 ultra
756 2279 811 2319 a.
849 2268 983 2319 1025
1010 2265 1373 2337 productum
1402 2263 1607 2333 fuisse,
1648 2280 1721 2320 ea
1772 2280 1909 2336 qua:
1969 2261 2052 2319 ibi

389 2350 464 2406 de
513 2351 776 2409 adventu
827 2354 1101 2410 Beatricis
1158 2359 1214 2410 et
1257 2354 1332 2411 de
1359 2354 1727 2427 profectibus
1756 2355 1888 2425 ejus
1944 2368 2053 2427 per

392 2440 632 2511 singula
684 2447 926 2499 aetatum
981 2443 1353 2501 incrementa
1433 2448 1870 2513 memorantur,
1918 2458 2055 2516 pro-

387 2528 538 2585 bant
572 2548 584 2597 ;
617 2534 674 2586 et
701 2547 854 2603 opus
884 2532 1085 2588 media
1101 2533 1168 2587 in
1198 2532 1491 2589 sententia
1510 2531 1736 2597 desinit
1764 2550 1777 2600 ;
1811 2531 1916 2586 sed
1940 2546 2052 2586 nec

389 2619 855 2677 continuationis
886 2623 1015 2692 ejus
1042 2638 1151 2678 nec
1194 2622 1407 2695 prioris
1452 2621 1639 2695 partis
1694 2620 1945 2691 vestigia
1989 2620 2052 2677 in

390 2707 692 2765 Chronicis
720 2710 1382 2782 Quedlinburgensibus
1414 2710 1572 2767 Halaa
1629 2713 1941 2767 Saxonum
1997 2713 2056 2766 et

386 2795 449 2851 in
470 2796 836 2855 bibliotheca
867 2800 1047 2869 Regia
1077 2799 1399 2856 asservatis
1428 2799 1673 2870 reperiri
1704 2799 1915 2854 datum
1943 2802 2048 2853 est.

389 2885 579 2942 Editio
606 2888 797 2944 codici
828 2888 1149 2944 Dresdensi
1179 2888 1405 2955 innixa,
1434 2904 1549 2961 ope
1575 2891 1890 2943 auctorum
1948 2885 2052 2959 qui

390 2978 448 3030 et
471 2976 722 3032 annales
752 2977 1281 3033 Halberstadenses
1330 2982 1387 3033 et
1437 2982 1672 3035 nostros
1720 2976 2051 3049 exscripse-

390 3068 550 3133 runt,
584 3066 923 3137 Thietmari,
954 3066 1237 3122 Analistae
1276 3071 1334 3123 et
1363 3067 1820 3140 Chronographi
1875 3068 2055 3124 Saxo-

393 3151 507 3220 nis,
539 3154 862 3210 emendata
890 3159 997 3210 est.

348 3298 372 3313 ,
463 3241 715 3299 Pertinet
769 3242 865 3299 hic
919 3243 1097 3300 etiam
1152 3244 1317 3318 prior
1353 3260 1497 3318 pars
1526 3245 1848 3301 Annalium
1879 3248 2052 3302 Lam—

391 3330 543 3386 berti
572 3331 1215 3404 Aschafnaburgensis,
1234 3350 1307 3390 ex
1333 3334 1665 3391 Annalibus
1690 3334 2054 3391 Hersfelden-

394 3416 580 3488 sibus,
616 3419 1224 3478 Hildesheimensibus
1255 3423 1360 3496 (28)
1385 3422 1640 3497 aliisque
1667 3423 1728 3479 in
1761 3423 2053 3495 Bajoaria,

394 3504 648 3563 fortasse
679 3509 903 3566 Patavii
932 3510 1028 3566 vel
1060 3511 1346 3583 Frisingaa
1410 3512 1645 3585 scriptis
1678 3514 1811 3584 (29),
1834 3529 1971 3586 qua:
2001 3517 2059 3569 et

392 3595 455 3651 in
490 3596 794 3654 Staindelii
817 3599 1109 3656 Chronico
1139 3606 1197 3656 et
1225 3601 1390 3674 apud
1441 3601 1802 3657 Aventinum
1854 3617 2058 3658 occur-

391 3690 552 3754 runt,
574 3686 854 3745 conﬂata.
885 3690 1280 3762 Proponimus
1305 3706 1439 3746 eam
1472 3696 1607 3764 post
1636 3691 1925 3747 editiones
1956 3707 2059 3747 an-

392 3775 637 3832 teriores
666 3810 735 3818 —
766 3778 985 3836 scilicet
1014 3782 1069 3851 a)
1101 3780 1436 3853 principem
1471 3797 1544 3836 ex
1574 3780 1777 3837 codice
1802 3784 1904 3836 PP.
1938 3786 2057 3836 Au-

394 3867 833 3936 gustinensium
861 3868 1149 3939 Tubingae
1170 3886 1207 3926 a
1236 3873 1503 3943 Casparo
1543 3872 1796 3928 Churrer
1842 3870 2059 3927 Tubin-

395 3969 485 4024 gaa
512 3971 567 4011 a.
601 3960 735 4012 1525
772 3957 921 4013 iri-8°
951 3958 1278 4028 vulgatam,
1307 3965 1487 4032 atque
1541 3960 1793 4033 Philippi
1840 3959 2057 4016 Melan-

395 4043 672 4111 chthonis
694 4046 1043 4118 praefatione
1069 4053 1375 4116 ornatam;
1404 4049 1464 4121 b)
1488 4050 1933 4120 Tubingensem
1949 4066 2058 4106 an-

2230 1912 2280 1983 3)
2314 1910 2529 1969 Codice
2550 1909 2926 1966 bibliothecae
2955 1907 3188 1963 ducalis
3217 1907 3522 1963 Gothanae.
3556 1902 3825 1960 membr.

2157 1999 2347 2055 in-fol.
2372 2015 2507 2055 saec.
2532 2015 2632 2066 xu,
2667 1998 2823 2053 circa
2854 2012 3084 2053 annum
3120 1998 3250 2050 H37
3280 1998 3547 2059 exarato,
3576 1993 3687 2064 qui
3720 1991 3835 2047 Ek-

2157 2088 2408 2145 kehardi
2442 2085 2826 2157 Uraugiensis
2851 2083 3177 2140 chronicon
3204 2098 3277 2137 ex
3308 2080 3606 2137 Lamberti
3636 2095 3833 2135 anna-

2155 2178 2315 2234 libus
2339 2177 2665 2233 adauctum
2696 2173 2952 2229 exhibet.
2982 2171 3244 2245 Scriptus
3286 2175 3377 2227 est
3406 2172 3469 2235 in
3520 2173 3829 2225 monaste-

2156 2268 2246 2324 rio
2273 2269 2328 2324 S.
2362 2264 2513 2322 Petri
2551 2261 2923 2326 Erfurtensis,
2981 2265 3163 2334 atque
3211 2275 3332 2316 una
3379 2274 3519 2314 cum
3572 2257 3827 2331 reliquis

2158 2355 2466 2412 codicibus
2494 2369 2569 2409 ex
2598 2352 2813 2409 eodem
2839 2349 3205 2406 monasterio
3248 2346 3559 2421 prognatis
3584 2346 3827 2403 addita-

2157 2450 2361 2502 menta
2388 2442 2669 2517 quaedam
2698 2441 2937 2497 exhibet
2968 2457 3004 2496 a
3026 2439 3291 2510 genuino
3318 2437 3614 2494 Lamberti
3656 2441 3829 2493 textu

2159 2531 2375 2599 aliena,
2409 2530 2515 2587 sed
2536 2547 2672 2603 quae
2712 2544 3191 2585 commemorare
3223 2543 3294 2583 eo
3324 2526 3521 2597 magis
3572 2540 3829 2581 necesse

2159 2624 2305 2689 erat,
2334 2620 2499 2693 quod
2524 2619 2674 2676 liber
2711 2619 2875 2675 haud
2925 2619 3080 2674 ultra
3135 2615 3577 2690 quinquaginta
3625 2629 3828 2670 annos

2158 2726 2196 2766 a
2264 2708 2559 2765 Lamberti
2634 2725 2764 2764 aevo
2841 2707 3079 2764 recedit.
3158 2704 3569 2761 Evolvendum
3651 2703 3825 2759 codi-

2160 2815 2289 2855 cem
2307 2797 2599 2868 ﬂagitanti
2624 2798 2770 2853 mihi
2797 2797 3055 2871 praebuit
3084 2795 3433 2851 liberalitate
3455 2799 3511 2849 et
3534 2791 3826 2849 humani-

2161 2894 2276 2944 tate
2306 2903 2430 2961 qna
2459 2886 2640 2943 claret
2664 2890 2726 2942 V.
2754 2886 2836 2953 ill,
2863 2885 3193 2943 Fridericus
3220 2883 3455 2940 Jacobs.
3488 2883 3579 2939 Ad
3634 2898 3824 2955 quem

2158 2992 2348 3051 prope
2378 2975 2692 3032 accedunt.

2231 3069 2287 3132 4)
2318 3067 2377 3122 C.
2404 3063 2550 3120 bibl.
2594 3062 2995 3120 universitatis
3022 3060 3439 3132 Gottingensis,
3462 3059 3605 3116 olim
3634 3057 3823 3115 Andr.

2092 3190 2132 3246 ο
2162 3156 2391 3246 Erasmi
2442 3170 2478 3211 a
2510 3153 2745 3246 Seidell,
2792 3157 3015 3246 postea.
3053 3150 3391 3246 Salomonis
3435 3149 3702 3246 Semleri,
3749 3148 3827 3205 de

2162 3244 2412 3300 historia
2438 3242 2633 3316 patria
2656 3240 3041 3308 meritissimi,
3075 3240 3424 3297 chartaceus
3451 3237 3649 3294 in-fol.
3684 3254 3826 3295 saec.

2161 3352 2239 3391 xv
2263 3334 2551 3390 exeuntis.
2584 3335 2646 3388 V.
2681 3333 2754 3388 cl.
2787 3335 2849 3388 V.
2875 3330 3126 3401 Beneke,
3154 3329 3528 3386 bibliothecae
3575 3327 3831 3401 amplis-

2165 3423 2330 3479 simae
2358 3422 2643 3496 praefecti,
2675 3421 3028 3477 liberalitate
3060 3419 3208 3475 mihi
3237 3418 3497 3475 oblatus.

2237 3513 2290 3584 5)
2318 3515 2377 3569 C.
2411 3511 2556 3568 bibl.
2592 3510 2994 3567 universitatis
3055 3505 3541 3578 Wirzburgensis,
3586 3506 3829 3562 charta-

2164 3617 2307 3657 ceus
2336 3600 2531 3656 in-fol.
2559 3616 2696 3655 saec.
2729 3616 2809 3654 xv
2830 3598 3100 3655 exeuntis
3156 3597 3251 3654 vel
3304 3613 3401 3652 xvi
3458 3611 3599 3652 cum
3650 3594 3830 3652 editis

2166 3690 2419 3747 collatus
2447 3707 2483 3747 a
2512 3690 2583 3745 cl.
2620 3689 2825 3759 Hesse,
2852 3687 2957 3761 qui
2987 3692 3045 3744 et

2237 3782 2293 3853 6)
2326 3779 2609 3836 Editionis
2639 3778 2984 3836 Pistorianaa
3017 3776 3159 3834 anni
3193 3778 3327 3832 1583
3357 3773 3642 3830 lectiones
3689 3787 3837 3828 eno-

2167 3868 2333 3926 tavit.

2237 3958 2436 4016 Altera
2466 3958 2763 4015 Lamberti
2789 3973 2931 4031 pars
2961 3957 3114 4013 inter
3155 3954 3473 4028 scriptores
3526 3950 3734 4007 saeculi
3774 3968 3834 4006 xi

2168 4048 2438 4105 sistenda
2465 4049 2593 4105 erit.

1599 4282 1923 4338 ANNALES
1962 4244 2627 4338 HILDESHEIMENSES.

466 4456 688 4525 Incipit
720 4456 870 4512 liber
894 4456 966 4512 de
993 4458 1205 4514 ordine
1235 4462 1587 4528 temporum.
1625 4462 1870 4514 Brevem
1910 4462 2059 4514 tem-

390 4559 613 4617 porum
644 4561 751 4619 per
777 4546 1190 4616 generationes
1220 4553 1277 4603 et
1305 4563 1494 4618 regna
1534 4548 1768 4622 primus
1823 4563 1896 4603 ex
1947 4564 2057 4605 no-

394 4634 501 4690 stri
529 4634 716 4691 Julius
748 4636 1081 4701 Africanus,
1115 4640 1319 4692 etc.....
1355 4654 1425 4693 ac
1455 4637 1637 4694 latere
1674 4637 1898 4693 lineam
1949 4653 2058 4694 an-

2242 4458 2713 4515 Anastasius.....
2744 4456 2992 4513 Boecius
3024 4452 3355 4512 consolaris
3383 4451 3615 4508 claruit.

2241 4547 2510 4604 Tiberius
2540 4562 2733 4603 annos
2762 4550 2814 4601 6.
2862 4543 3240 4615 Langobardi
3297 4540 3487 4615 pulsis
3546 4540 3837 4596 Romanis

2169 4637 2401 4694 Italiam
2433 4637 2676 4693 adeunt.
2712 4635 2882 4693 Gothi
2911 4635 2973 4691 in
3007 4633 3229 4708 Spania
3247 4630 3456 4688 bifarie
3482 4628 3678 4695 divisi,
3704 4645 3837 4685 mu-

392 4739 633 4781 norum.
665 4726 847 4796 Cujus
877 4724 1101 4782 indicio
1133 4742 1377 4782 summa
1433 4732 1863 4799 praeteritorum
1907 4730 2057 4782 tem—
2097 4755 2141 4809 ι)
2173 4732 2276 4784 tua
2335 4726 2480 4783 cede
2535 4729 2861 4782 vastantur.
2934 4721 3379 4780 BENNOPOLIM
3432 4719 3837 4788 FUNDATUR,

392 4829 614 4886 porum
641 4819 1060 4885 cognoscatur.

469 4905 582 4959 Sex
611 4902 825 4958 diebus
854 4918 1059 4958 rerum
1080 4902 1357 4958 omnium
1377 4906 1720 4959 creaturum
1746 4906 1901 4959 Deus
1938 4901 2059 4958 for-

393 4992 583 5048 mavit
610 5011 623 5060 ;
647 4992 845 5066 primo
876 4991 994 5061 die,
1021 4997 1131 5047 etc.

466 5082 803 5139 Antoninus
834 5080 1208 5138 Caracalla...
1242 5081 1516 5153 Neapolis
1544 5081 1851 5139 fundatur.

467 5172 837 5230 Theodosius
868 5185 1010 5227 cum
1035 5169 1334 5226 Archadio
1381 5175 1439 5227 et
1490 5170 1754 5228 Honorio
1805 5171 2057 5228 ﬁliis.....

396 5262 764 5331 Augustinus
787 5260 1019 5319 claruit.

472 5401 585 5472 (23)
617 5402 700 5483 lbi
721 5402 1519 5485 annales‘Halbers‘tad‘enses
1545 5420 1582 5460 a
1608 5404 1909 5485 monacho
1934 5405 2065 5485 Sas-

402 5475 657 5553 savyensi
677 5475 940 5553 excerpti
956 5475 1240 5553 desinunt
1263 5493 1275 5542 ;
1301 5479 1358 5553 et
1371 5475 1529 5553 hanc
1542 5475 1858 5553 annalium
1871 5475 2063 5553 Quad-

402 5539 880 5666 linburlgensiuni
899 5551 1134 5617 partem
1154 5539 1321 5602 haud
1350 5551 1488 5602 ante
1511 5560 1743 5627 annum
1766 5539 1907 5601 1002
1925 5546 2066 5602 scri-

403 5614 571 5681 ptam
622 5628 803 5681 uisse,
836 5613 918 5669 Cl.
940 5617 1336 5681 Lappenberg
1353 5632 1428 5672 ex
1455 5616 1653 5674 verbis
1677 5632 1789 5674 rex
1814 5618 2065 5681 futurus

622 5613 803 5694 uisse,
820 5613 925 5694 ⁸(ΣΙζ
940 5617 1336 5694 Lappenberg
1353 5632 1428 5672 ex
1455 5616 1653 5694 verbis
1677 5632 1789 5674 rex
1814 5618 2065 5687 futurus

406 5680 462 5733 a.
494 5682 596 5735 995
625 5680 701 5736 de
735 5681 1003 5739 Heinrico
1023 5680 1087 5740 ll'
1102 5680 1332 5743 usitatis
1353 5687 1651 5760 probavit.

478 5751 589 5821 (24)
618 5755 685 5808 Α.
718 5755 846 5814 802,
875 5755 1000 5809 803.

478 5817 591 5889 (25')
623 5821 706 5879 Cf.
734 5836 791 5879 ει.
824 5823 1104 5894 829,860,
1135 5828 1260 5880 9n.

2172 4817 2693 4874 HlLDENESHElM
2719 4815 3006 4871 CIVITAS.

2240 4905 2668 4963 Mauricius.....
2712 4902 3028 4972 Gregorius
3057 4900 3331 4956 moritur.

2243 4993 2568 5052 Eraclodus
2598 5008 2740 5049 cum
2764 4995 2954 5049 matre
2972 5005 3083 5046 sua
3107 4988 3467 5047 Martina.....
3504 4984 3839 5044 Cenobium

2173 5085 2542 5143 Floriacense
2565 5081 2872 5139 fundatur.

2244 5171 2673 5233 Constantinus
2697 5169 2854 5226 filius
2881 5166 3092 5224 Eraclii
3121 5165 3396 5237 regnavit
3419 5178 3661 5219 menses
3694 5167 3748 5218 6.

2243 5261 2667 5319 Constantinus
2695 5256 3067 5316 Constantini
3091 5255 3251 5311 ﬁlius
3280 5251 3550 5325 regnavit
3577 5266 3722 5307 ann.
3744 5255 3838 5308 27.

2244 5405 2358 5475 (26)
2387 5405 2450 5460 E.
2475 5418 2532 5473 g.
2562 5418 2617 5459 a.
2653 5403 2778 5469 829,
2811 5402 2936 5468 860,
2966 5401 3093 5469 872,
3124 5400 3249 5453 910.
3279 5396 3362 5454 Cf.
3414 5393 3678 5451 Annales
3732 5408 3840 5451 no-

2173 5481 2325 5532 stros
2354 5478 2443 5543 VI,
2476 5490 2536 5546 p.
2567 5477 2690 5546 642.

2267 5550 2361 5612 27)
2390 5539 2454 5601 ν.
2477 5539 2741 5599 Annales
2771 5545 3032 5607 nostros,
3050 5544 3102 5612 At.
3136 5541 3226 5609 Vl,
3258 5554 3319 5612 p.
3350 5541 3475 5606 643,
3506 5539 3634 5592 644.

2269 5609 2360 5688 28)
2391 5617 2553 5681 Quos
2583 5619 2641 5669 et
2668 5612 2773 5669 ubi
2804 5609 3468 5688 Hersfeldensesianma
3495 5609 3711 5688 et._9_8_4
3754 5623 3843 5664 re-

2174 5678 2785 5760 linquit,'constanter
2811 5699 3003 5756 usque
3042 5682 3122 5740 ad
3143 5696 3199 5739 a.
3233 5685 3368 5738 1039
3390 5678 3697 5738 exscribit.

2248 5758 2365 5830 (ΞΘ)
2404 5761 2513 5814 An.
2542 5758 2805 5813 974-983.
