3958 6452
116 335 230 390 449

1053 341 1137 394 ΕΤ
1176 341 1520 396 LAMBERTI
1559 343 2139 404 ASGHAFNABURG.
2183 352 2359 411 PARS
2400 357 2626 413 PRIOR.

3454 371 3565 423 450

118 459 426 557 Bugenius
457 475 617 532 papa
663 458 805 516 ﬂore
836 463 1016 534 coepit
1047 479 1208 520 anno
1236 464 1608 522 Constantini
1649 471 1700 534 6,
1734 471 1792 523 et
1829 476 1876 524 Α
1904 487 2228 530 manorum
2251 478 2595 553 principum
2623 487 2790 550 gesta
2822 488 2879 540 et
2899 486 3255 557 pontiﬁcum
3282 492 3565 548 Romanae

114 546 251 618 ipse
275 547 425 602 sedit
457 565 597 604 ann.
653 555 706 606 2.
741 567 822 606 m.
869 557 922 621 9,
956 551 1015 607 d.
1046 556 1134 608 24.
1194 554 1534 620 Vitalianus,
1582 561 1692 610 etc.
1726 588 1793 595 —

118 637 366 707 Serguis
395 638 546 694 sedit
574 654 716 694 ann.
755 644 839 709 13,
869 657 950 696 m.
1006 647 1058 698 8.
1091 642 1150 698 d.
1198 647 1282 710 14,
1319 646 1632 718 Hucusque
1687 647 1796 700 Ro-

398 747 719 802 ANNAHES
777 747 1516 813 QUEDIJNBURGENSES.

194 852 310 920 (30)
334 851 530 907 Prima
560 858 705 908 tetas
746 854 824 909 ab
848 855 1040 910 Adam
1091 873 1282 928 usque
1311 858 1388 913 ad
1441 862 1578 917 Noe.
1614 859 1798 914 conti-

113 955 273 995 nens
306 942 721 1010 generationes
755 948 840 1009 10,
877 960 1069 1000 annos
1102 963 1242 1001 vero
1291 951 1444 1002 1656.
1499 950 1640 1013 Quae
1672 954 1795 1004 tota

112 1028 296 1100 periit
333 1029 582 1102 diluvio,
612 1031 764 1086 sicut
798 1032 1112 1089 infantiam
1171 1051 1438 1104 mergere
1469 1036 1616 1092 solet
1642 1037 1793 1093 obli-

115 1133 238 1173 V10.

188 1208 468 1263 Secunda
517 1225 553 1264 a
611 1212 729 1265 Noe
788 1227 981 1284 usque
1031 1212 1108 1268 ad
1163 1213 1488 1281 Abraham,
1520 1213 1790 1270 similiter

110 1297 435 1368 complexa
475 1299 890 1368 generationes
926 1306 1011 1370 10,
1068 1318 1264 1358 annos
1317 1307 1517 1359 autem
1544 1308 1667 1360 292.
1727 1309 1790 1360 In

108 1401 238 1457 qua
268 1391 440 1442 (etate
469 1387 677 1459 lingua
703 1394 792 1445 est
823 1389 1072 1446 Hebraea
1124 1391 1388 1448 inventa.
1457 1398 1500 1447 A
1525 1393 1789 1464 puericia

108 1489 381 1546 namque
407 1476 592 1532 homo
630 1477 836 1550 incipit
864 1477 1031 1551 loqui
1052 1494 1232 1534 nosse
1263 1484 1403 1552 post
1447 1480 1784 1549 infantiam,

107 1579 249 1634 quae
277 1563 415 1620 inde
448 1581 670 1622 nomen
702 1567 949 1640 accepit,
975 1568 1119 1641 quia
1169 1569 1298 1635 fari,
1354 1569 1416 1624 id
1464 1574 1552 1626 est
1595 1570 1784 1643 loqui,

107 1667 236 1708 non
267 1657 478 1723 potest.

183 1741 374 1829 Tertia
405 1748 548 1829 aetas
581 1743 660 1799 ab
685 1744 1207 1829 Abrahamﬁnsque
1257 1747 1335 1802 ad
1365 1747 1570 1829 David,
1605 1764 1786 1829 gene-

1902 561 2163 619 aabclesie
2195 569 2623 625 enarravimus.
2657 571 2942 644 Pippinus
2967 575 3113 645 dux,
3143 576 3301 633 ﬁlius
3326 581 3570 636 Anschi-

1902 648 1970 717 si,
1999 657 2109 707 etc.

2371 805 2713 860 LAMBERTI
2753 809 3094 864 ANNALES.

1974 923 2082 992 (30)
2111 925 2305 982 Prima
2358 933 2503 984 aetas
2531 929 2610 985 ab
2658 931 2849 987 Adam
2886 949 3078 1006 usque
3105 935 3179 990 ad
3214 940 3353 1005 Noe,
3378 939 3565 994 conti-

1898 1028 2048 1067 nens
2079 1017 2492 1082 generationes
2528 1023 2611 1088 10,
2647 1036 2841 1076 annos
2875 1039 3016 1078 vero
3075 1029 3228 1080 1656.
3261 1028 3403 1092 Quae
3444 1033 3566 1085 tota

1840 1170 1843 1171 ν
1898 1102 2070 1172 periit
2115 1104 2525 1173 diluvio,sicut
2569 1108 2884 1166 infantiam
2933 1128 3201 1182 mergere
3233 1114 3382 1170 solet
3420 1115 3564 1172 obli-

1897 1207 2014 1247 V10.

1971 1281 2244 1338 Secunda
2277 1298 2312 1338 a
2346 1287 2462 1340 Noe
2490 1301 2680 1358 usque
2729 1287 2805 1342 ad
2838 1288 3166 1358 Abraham,
3229 1292 3562 1360 generatio-

1895 1382 2001 1422 nes
2033 1369 2300 1426 similiter
2324 1373 2640 1445 complexa
2695 1380 2778 1443 10,
2831 1394 3026 1434 annos
3060 1384 3261 1436 autem
3319 1385 3444 1436 292.
3497 1386 3560 1437 In

1893 1471 2017 1528 qua
2055 1456 2400 1529 linguarum
2435 1461 2590 1518 facta
2636 1469 2726 1518 est
2764 1464 2996 1522 divisio.
3032 1473 3078 1520 A
3108 1467 3361 1539 pueritia
3390 1485 3561 1525 nam-

1894 1561 2011 1616 que
2040 1547 2223 1603 homo
2254 1549 2460 1622 incipit
2485 1551 2647 1624 loqui
2683 1569 2856 1625 posse
2890 1561 3026 1627 post
3056 1556 3388 1625 infantiam,
3422 1575 3558 1631 quae

1896 1639 1952 1689 et
1975 1635 2113 1691 inde
2144 1653 2368 1694 nomen
2400 1643 2648 1713 accepit,
2671 1642 2814 1714 quia
2841 1642 2970 1713 fari,
2999 1644 3057 1700 id
3091 1651 3176 1701 est
3217 1645 3381 1719 loqui
3422 1649 3555 1718 (36),

1894 1740 2015 1780 non
2039 1731 2250 1798 potest.

107 1812 373 1897 rationes
410 1817 493 1897 14,
527 1831 892 1897 annpsvero
918 1821 1021 1873 942
1052 1812 1382 1874 cdntinens.
1438 1821 1504 1874 Et
1520 1812 1676 1897 quia
1703 1819 1782 1876 ab
1814 1822 1854 1876 Β
1965 1815 2153 1872 Tertia
2178 1817 2254 1872 ad
2281 1817 2584 1876 Abraham
2611 1839 2806 1895 usque
2849 1823 2927 1879 ad
2978 1825 3185 1892 David,
3217 1825 3550 1897 generatio-

107 1883 516 1961 adolescentia
547 1886 752 1959 incipit
780 1888 964 1961 homo
991 1904 1168 1961 posse
1209 1883 1783 1959 generare,Matheus

109 1955 191 2033 ab
208 1955 529 2033 ‘Abraham
560 1955 1016 2033 generationum
1040 1955 1298 2033 sumpsit
1327 1961 1784 2028 exordium.Qui

109 2027 223 2096 (31)
251 2027 431 2102 etiam
463 2033 632 2100 pater
648 2030 976 2086 multarum
1004 2027 1274 2102 gentium
1303 2033 1658 2088 constitutus
1672 2027 1780 2101 est,

107 2099 403 2168 quoniam
434 2099 732 2156 mutatum
759 2117 984 2158 nomen
1009 2099 1258 2176 accepit.

183 2189 406 2253 Quarta
428 2191 542 2259 (32)
573 2193 717 2246 aetas
748 2207 785 2246 a
819 2192 1004 2247 David
1035 2209 1226 2264 usque
1259 2193 1337 2248 ad
1393 2194 1782 2263 transmigra-

107 2276 333 2332 tionem
377 2279 700 2346 Babilonis,
735 2281 1224 2348 generationibus
1251 2300 1421 2355 aeque
1444 2284 1617 2354 juxta
1641 2287 1782 2340 Mat-

107 2366 315 2421 theum
352 2370 437 2436 14,
471 2368 645 2424 annis
669 2375 867 2425 autem
901 2373 1005 2426 484
1036 2376 1332 2443 porrecta,
1361 2389 1397 2428 a
1421 2388 1536 2443 qua
1568 2389 1780 2441 regum

107 2459 384 2528 tempora
407 2464 708 2529 ceperunt.
742 2463 899 2515 :Etas
956 2461 1115 2516 enim
1141 2462 1425 2532 juvenilis
1483 2480 1669 2532 regno
1697 2468 1785 2519 est

108 2544 346 2601 habilis.

183 2708 397 2774 Quinta
422 2709 639 2765 deinde
673 2728 864 2783 usque
896 2712 971 2767 ad
1014 2712 1340 2770 adventum
1369 2715 1690 2771 Salvatoris
1719 2716 1778 2771 in

113 2813 312 2864 carne,
376 2804 431 2853 et
461 2798 598 2870 ipsa
627 2801 1112 2868 generationibus
1151 2807 1210 2856 14
1265 2810 1558 2874 porrecta,
1602 2805 1777 2860 annis

111 2892 312 2942 autem
343 2892 445 2943 586
478 2893 734 2956 extenta,
765 2889 825 2944 in
857 2907 998 2962 qua,
1031 2896 1092 2945 ut
1123 2898 1421 2948 senectute
1453 2894 1620 2964 gravi
1667 2896 1778 2949 fes-

109 2993 194 3041 sa,
226 2976 399 3032 malis
431 2977 829 3033 crebrioribus
855 2979 1026 3050 plebs
1048 2981 1295 3036 Hebraea
1322 2988 1666 3053 quassatur.

183 3069 376 3134 Sexta,
416 3083 551 3139 quze
579 3083 739 3123 nunc
761 3069 978 3137 agitur,
1010 3070 1175 3126 nulla
1209 3073 1664 3140 generationum
1687 3070 1780 3128 vel

109 3159 450 3226 temporum
477 3155 624 3210 serie
655 3161 834 3225 certa,
870 3157 973 3211 sed
1007 3163 1070 3213 ut
1098 3163 1243 3213 tetas
1301 3159 1602 3232 decrepita
1646 3161 1778 3234 ipsa
1809 3181 1847 3231 (ς

106 3242 286 3299 totius
317 3243 497 3298 seculi
529 3250 717 3300 morte
752 3246 1038 3302 ﬁnienda.
1099 3246 1308 3302 Secula
1343 3251 1476 3319 (33),
1506 3250 1671 3321 quod
1714 3268 1776 3304 se

107 3335 457 3402 sequantur.
509 3333 881 3389 Abeuntibus
912 3334 1072 3389 enim
1119 3334 1250 3390 aliis
1279 3335 1396 3390 alia
1427 3335 1776 3403 succedunt,

105 3436 367 3494 quorum
396 3421 685 3478 decursus
728 3439 836 3496 per
890 3425 1305 3493 generationes
1359 3429 1416 3480 et
1471 3441 1658 3493 regna
1696 3425 1777 3482 ita

108 3508 472 3565 inscribitur.

182 3595 376 3651 Prima
405 3602 546 3652 aetas
574 3597 634 3652 in
662 3599 910 3655 exordio
941 3601 1030 3655 sui
1089 3601 1354 3656 continet
1407 3601 1773 3657 creationem

108 3685 341 3740 mundi.
372 3687 568 3742 Primo
599 3689 757 3742 enim
785 3689 880 3744 die
912 3691 1066 3744 Deus
1097 3689 1156 3744 in
1184 3689 1333 3744 lucis
1365 3691 1607 3744 nomine
1639 3707 1778 3744 con-

109 3773 259 3829 didit
296 3776 564 3844 angelos.
597 3777 872 3833 Secundo
897 3779 957 3832 in
980 3777 1343 3833 ﬁrmamenti
1374 3777 1774 3850 appellatione

110 3863 328 3919 creavit
357 3865 558 3920 caelos.
603 3865 790 3921 Tertio
816 3867 877 3921 in
903 3866 1278 3921 discretionis
1318 3866 1614 3922 vocabulo
1646 3884 1775 3938 spe-

109 3953 258 4008 ciem
302 3970 600 4026 aquarum
651 3961 708 4011 et
759 3962 945 4011 terrae.
1002 3958 1223 4020 Quarto
1275 3955 1598 4011 luminaria
1619 3957 1768 4012 coeli.

109 4041 324 4105 Quinto
351 4041 684 4098 animantia
736 4059 807 4098 ex
865 4043 1058 4115 aquis.
1096 4046 1270 4100 Sexto
1322 4043 1654 4101 animantia
1700 4061 1772 4100 ex

107 4137 261 4188 terra
290 4137 346 4188 et
373 4134 704 4202 hominem,
732 4151 916 4207 quem
937 4134 1235 4207 apellavit.
1267 4134 1484 4191 Adam.

178 4222 369 4278 Adam
401 4225 513 4294 (34)
545 4240 706 4280 anno
751 4229 850 4280 130
899 4224 1107 4294 genuit
1139 4225 1297 4294 Seth,
1330 4225 1435 4293 qui
1464 4231 1601 4297 post
1629 4225 1774 4281 Abel

105 4317 283 4367 natus
333 4319 439 4382 est,
475 4329 510 4369 a
570 4330 692 4386 quo
742 4313 846 4369 ﬁlii
911 4313 1032 4369 Dei.
1086 4315 1221 4371 Seth
1255 4331 1416 4370 anno
1451 4320 1547 4370 105
1571 4317 1775 4385 genuit

105 4406 284 4464 Enos,
317 4403 422 4474 qui
468 4404 647 4475 cmpit
702 4404 982 4459 invocare
1029 4419 1251 4460 nomen
1301 4403 1554 4460 Domini.
1615 4409 1770 4460 Enos

103 4507 265 4548 anno
294 4492 363 4545 90
413 4492 617 4560 genuit
674 4493 918 4548 Cainan.
981 4492 1207 4549 Cainan
1259 4509 1421 4584 anno
1452 4500 1529 4584 70_
1569 4495 1773 4584 genuit
1802 4531 1844 4584 Β

103 4579 428 4645 Malalehel,
458 4579 559 4652 qui
588 4581 1010 4652 interpretatur
1038 4581 1328 4653 plantatio
1369 4582 1619 4638 Domini.
1655 4587 1771 4639 Ma-

101 4667 317 4724 lalehel
343 4683 504 4722 anno
536 4674 601 4722 62
625 4669 830 4737 genuit
855 4671 1072 4724 Jareth.
1123 4671 1322 4725 Jareth
1355 4685 1516 4725 anno
1553 4676 1649 4725 162
1678 4688 1774 4742 ge-

103 4757 235 4813 nuit
291 4756 510 4811 Enoch.
574 4759 738 4813 Hunc
789 4760 898 4830 (35)
961 4759 1162 4814 Enoch
1221 4757 1514 4814 nonnulla
1569 4757 1775 4813 divina

103 4845 410 4917 scripsisse
435 4845 589 4901 Juda
647 4847 920 4918 apostolo
981 4852 1294 4903 attestante
1346 4847 1768 4919 comperimus.

105 4935 305 4992 Enoch
337 4951 498 4991 anno
524 4941 588 4992 65
621 4937 827 5008 genuit
856 4937 1201 4993 Matusalem
1232 4955 1245 5005 ;
1281 4941 1416 5009 post
1460 4937 1632 5007 cujus
1682 4951 1773 4992 or

105 5031 232 5082 tum
291 5025 611 5082 translatus
643 5032 734 5082 est
791 5043 828 5083 a
897 5027 1169 5083 Domino.
1214 5026 1560 5083 Matusalem
1613 5042 1775 5082 anno

108 5120 203 5170 187
238 5115 441 5185 genuit
473 5118 748 5173 Lamech.
807 5116 1085 5187 Gigantes
1111 5115 1234 5172 nati
1266 5121 1423 5183 sunt,
1471 5120 1529 5171 et
1556 5131 1772 5170 concu-

103 5203 340 5276 piscunt
389 5204 492 5261 ﬁlii
547 5206 649 5262 Dei
707 5206 857 5264 tilias
913 5205 1248 5263 hominum.
1307 5206 1562 5262 Lamech
1611 5221 1771 5262 anno

177 5379 285 5475 (00)
320 5380 918 5439 Prima—exordium
961 5399 1034 5438 ex
1061 5381 1220 5438 Beda
1266 5381 1341 5437 de
1399 5381 1770 5454 temporibus

108 5466 161 5503 θ’
307 5520 732 5598 ‘Quifaccepit
759 5541 842 5598 ex
861 5525 1019 5580 Beda
1061 5524 1135 5579 de
1170 5530 1507 5598 temporum
1538 5523 1766 5580 ratione

118 5606 167 5645 c.
191 5593 267 5668 ﬁt
299 5591 391 5668 (de
418 5593 485 5644 Vl
511 5597 604 5647 aet.
637 5591 889 5668 mundi.)

201 5665 286 5741 82)
322 5662 888 5741 Quarta—ﬁnienda
914 5684 1004 5741 ex
1024 5667 1177 5741 Beda
1203 5668 1278 5722 de
1310 5672 1490 5741 temp.

111 5733 292 5861 38(3339)
320 5733 538 5789 Secuta
555 5738 943 5804 —appellavit
969 5739 1167 5795 Adam
1197 5755 1271 5794 ex
1306 5733 1531 5796 Isidoro
1555 5755 1667 5794 orr.
1700 5740 1762 5794 V.

1893 1920 1999 1960 nes
2032 1910 2116 1977 14,
2145 1924 2337 1964 annos
2381 1927 2624 1984 quoque
2681 1917 2784 1970 942
2815 1915 3148 1971 continens.
3199 1919 3264 1972 Et
3303 1917 3448 1990 quia
3478 1917 3555 1973 ab

1892 1994 2298 2054 adolescentia
2319 1999 2524 2072 incipit
2555 2001 2738 2058 homo
2771 2019 2946 2076 posse
2965 2022 3273 2077 generare,
3293 2007 3555 2063 Matheus

1891 2083 1970 2138 ab
1994 2085 2302 2143 Abraham
2329 2091 2782 2159 generationum
2808 2094 2916 2164 (37)
2943 2095 3199 2168 sumpsit
3217 2095 3551 2152 exordium.

1961 2263 2074 2333 (32)
2106 2266 2325 2329 Quarta
2353 2283 2389 2321 a
2418 2267 2604 2323 David
2637 2285 2826 2341 usque
2853 2270 2929 2325 ad
2960 2271 3553 2341 transmigrationem

1890 2352 2234 2424 Babylonis,
2293 2357 2776 2424 generationibus
2815 2375 2986 2432 teque
3033 2360 3206 2428 juxta
3236 2362 3551 2425 Matheum,

1892 2440 1976 2502 14,
2006 2438 2179 2493 annis
2211 2445 2412 2495 autem
2443 2445 2544 2496 485
2573 2450 2863 2514 porrecta.
2918 2446 2996 2500 De
3029 2445 3138 2516 (38)
3196 2463 3320 2518 qua
3344 2463 3555 2515 regum

1890 2530 2162 2600 tempora
2201 2536 2530 2602 cmperunt,
2570 2531 2715 2604 quia
2745 2533 3007 2604 dignitas
3055 2536 3340 2605 juvenilis
3365 2552 3553 2606 regno

1888 2622 1976 2672 est
2005 2617 2238 2674 habilis.

1961 2707 2175 2772 Quinta
2200 2708 2414 2764 deinde
2439 2727 2626 2783 usque
2659 2712 2737 2767 ad
2770 2713 3093 2769 adventum
3143 2714 3465 2770 Salvatoris
3490 2715 3551 2770 in

1888 2811 2089 2856 carne.
2137 2799 2624 2865 generationibus
2651 2805 2708 2856 et
2737 2801 2868 2873 ipsa
2904 2806 2986 2868 14,
3020 2819 3200 2874 porro
3251 2805 3424 2858 annis
3448 2807 3552 2860 588

1887 2890 2141 2941 extenta.
2179 2891 2242 2942 In
2262 2905 2404 2959 qua,
2426 2895 2488 2943 ut
2519 2890 2680 2959 gravi
2711 2897 3010 2947 senectute
3043 2892 3218 2960 fessa,
3243 2893 3414 2949 malis
3433 2910 3556 2950 cre-

1887 2973 2186 3030 brioribus
2209 2976 2378 3048 plebs
2414 2977 2656 3034 Hebraea
2686 2985 3026 3051 quassatur.

1961 3065 2156 3132 Sexta,
2188 3080 2324 3136 quze
2350 3082 2511 3120 nunc
2545 3067 2759 3135 agitur,
2791 3068 2958 3123 nulla
2990 3069 3440 3137 generationum
3459 3069 3553 3124 vel

1889 3155 2228 3224 temporum
2259 3155 2406 3209 serie
2439 3161 2618 3225 certa,
2649 3157 2753 3211 sed
2786 3162 2849 3212 ut
2901 3163 3040 3213 aetas
3081 3158 3382 3231 decrepita
3421 3159 3554 3231 ipsa

1889 3237 2064 3292 totius
2088 3239 2269 3293 seculi
2300 3245 2488 3295 morte
2522 3241 2806 3298 finienda.
2834 3242 3045 3298 Secula
3077 3244 3188 3314 (35')
3218 3243 3548 3312 generatio-

1885 3325 2064 3381 nibus
2095 3332 2390 3384 constant.
2430 3329 2569 3384 lnde
2596 3329 2877 3386 dicuntur
2934 3331 3156 3398 secula,
3182 3333 3348 3404 quod
3377 3349 3437 3387 se
3470 3349 3555 3388 se-

1886 3422 2168 3488 quantur.
2231 3417 2605 3474 Abeuntibus
2649 3420 2809 3476 enim
2860 3421 2990 3477 aliis
3033 3421 3150 3476 alia
3201 3423 3550 3489 succedunt,

1886 3520 2148 3576 quorum
2197 3507 2488 3563 decursus
2531 3525 2636 3580 per
2694 3510 3106 3577 generationes
3154 3515 3210 3564 et
3259 3527 3444 3581 regna
3472 3512 3553 3567 ita

1885 3594 2178 3649 scribitur.

1957 3682 2150 3738 Prima
2171 3688 2313 3738 tetas
2349 3685 2610 3740 continet
2665 3689 3025 3742 creationem
3087 3687 3318 3742 mundi.
3356 3688 3550 3744 Primo

1885 3771 2045 3826 enim
2068 3770 2162 3824 die
2186 3772 2339 3826 Deus
2386 3772 2445 3826 in
2491 3772 2639 3827 lucis
2697 3773 2940 3829 nomine
2989 3774 3256 3830 condidit
3281 3775 3548 3843 angelos.

1885 3860 2158 3916 Secundo
2182 3860 2241 3914 in
2275 3861 2637 3917 tirmamenti
2670 3863 3068 3936 appellatione
3101 3863 3322 3919 creavit
3344 3863 3546 3920 caelos.

1882 3950 2070 4004 Tertio
2097 3950 2157 4004 in
2188 3950 2560 4006 discretionis
2593 3953 2889 4008 vocabulo
2936 3953 3195 4026 speciem
3249 3969 3549 4026 aquarum

1881 4043 1938 4094 et
1964 4044 2150 4094 terrae.
2178 4041 2398 4104 Quarto
2428 4039 2749 4096 luminaria
2782 4041 2933 4097 coeli.
2970 4043 3187 4108 Quinto
3220 4042 3553 4098 animantia

1881 4145 1953 4184 ex
1975 4146 2155 4202 aqua.
2183 4132 2356 4186 Sexto
2383 4130 2712 4187 animantia
2744 4148 2815 4187 ex
2849 4137 3023 4204 terra,
3063 4138 3119 4189 et
3143 4133 3408 4206 primum
3447 4133 3551 4189 ho-

1879 4217 2106 4273 minem
2134 4218 2346 4274 Adam.

1954 4307 2147 4363 Adam
2177 4313 2273 4364 130
2294 4325 2455 4364 anno
2487 4309 2691 4378 genuit
2719 4311 2878 4380 Seth,
2910 4327 2946 4365 a
2975 4325 3099 4382 quo
3129 4310 3231 4365 ﬁlii
3264 4311 3383 4366 Dei.
3413 4311 3548 4366 Seth

1882 4413 2044 4452 anno
2075 4403 2168 4452 105
2197 4399 2400 4467 genuit
2433 4401 2609 4465 Enos,
2638 4399 2743 4471 qui
2800 4399 2978 4470 ccepit
3019 4399 3300 4454 invocare
3327 4415 3548 4454 nomen

1884 4487 2138 4542 Domini.
2173 4490 2324 4541 Enos
2345 4504 2507 4543 anno
2534 4491 2601 4542 90
2629 4488 2831 4557 genuit
2862 4489 3107 4544 Cainan.
3140 4489 3365 4544 Cainan
3386 4504 3547 4544 anno

1883 4576 1950 4626 70
1982 4571 2185 4640 genuit
2207 4571 2529 4634 Malalehel,
2553 4572 2656 4643 qui
2690 4577 3111 4643 interpretatur
3131 4572 3419 4644 plantatio
3438 4575 3546 4627 D0-

1881 4660 2048 4715 mini.
2082 4659 2384 4716 Malalehel
2406 4676 2565 4716 anno
2579 4665 2645 4714 72
2670 4661 2873 4729 genuit
2901 4663 3119 4715 Jareth.
3151 4661 3346 4716 Jareth
3383 4677 3544 4718 anno

1888 4753 1984 4804 162
2009 4749 2212 4818 genuit
2246 4748 2461 4803 Enoch.
2502 4749 2669 4803 Hunc
2704 4750 2812 4817 (35)
2854 4748 3145 4804 nonnulla
3175 4748 3371 4804 divine
3401 4749 3545 4804 scri-

1880 4839 2071 4910 psisse
2097 4838 2249 4892 Juda
2279 4836 2551 4910 apostolo
2583 4842 2830 4893 testante
2864 4838 3290 4910 comperimus.
3344 4839 3546 4894 Enoch

1883 4945 2044 4984 anno
2104 4933 2168 4983 65
2229 4927 2433 4997 genuit
2486 4927 2877 4996 Matusalam;
2931 4934 3067 4999 post
3115 4929 3288 4998 cujus
3346 4934 3544 4984 ortum

1882 5019 2205 5075 translatus
2231 5023 2318 5074 est
2357 5034 2392 5072 a
2430 5018 2570 5072 Deo.
2615 5018 2962 5074 Matusalam
2989 5033 3148 5072 anno
3202 5021 3297 5072 187
3342 5018 3547 5087 genuit

1882 5109 2158 5165 Lamech.
2194 5107 2470 5178 Gigantes
2509 5106 2628 5164 nati
2658 5112 2815 5162 sunt.
2869 5111 2934 5162 Et
2975 5107 3408 5179 concupierunt
3443 5107 3545 5163 ﬁlii

1882 5200 1980 5256 Dei
2036 5199 2099 5254 id
2148 5204 2237 5253 est
2281 5197 2436 5265 Seth,
2488 5196 2642 5252 ﬁlias
2670 5197 3008 5262 hominum,
3040 5195 3101 5251 id
3129 5201 3217 5252 est
3245 5196 3408 5253 Cain.
3442 5200 3544 5254 La-

1952 5376 2425 5458 (3.1)Qureapud
2455 5381 2777 5458 utrumque
2795 5380 3127 5458 sequuntur
3159 5393 3232 5432 ex
3264 5377 3421 5434 Beda
3466 5377 3542 5434 de

1878 5455 2132 5522 tempor.
2159 5454 2215 5522 et
2245 5449 2469 5504 Isidoro
2499 5449 2714 5522 hausta
2741 5453 2896 5503 sunt.

1950 5517 2062 5592 (33)
2118 5521 2763 5592 Hunc—comperimus
2811 5535 2883 5574 ex
2941 5517 3102 5592 Beda
3153 5518 3228 5576 de
3257 5523 3320 5575 Vl
3359 5524 3540 5587 astat"

1877 5590 2060 5666 quem
2083 5593 2262 5666 etiam
2286 5591 2345 5646 in
2377 5590 2768 5663 sequentibus
2789 5590 3108 5666 consuluit.

1951 5667 2059 5756 £292
2081 5664 2338 5756 edatur
2363 5679 2403 5756 ἐξ
2435 5679 2630 5756 nam.
2648 5663 2968 5756 taciti???
2996 5666 3126 5756 1-]:-

1950 5734 2060 5807 {37}
2094 5738 2156 5790 G.
2192 5734 2402 5790 Christi
2432 5735 2750 5789 recentiori
2774 5734 3128 5807 manupdd.
3160 5735 3215 5789 4.

1952 5804 2065 5880 ίῖ38)
2095 5809 2158 5862 In
2183 5821 2308 5879 qua
2331 5820 2544 5876 regum
2575 5809 2927 5880 tempestate
2942 5805 3107 5878 dign.
3141 5810 3190 5861 1.
