3958 6394
92 265 200 319 L53

376 389 465 440 AN
477 386 697 441 NALES
738 388 1467 451 QUEDLINBURCENSES.

93 481 252 532 tores
282 474 552 549 instituit.
576 476 967 547 Temporibus
1007 481 1121 549 (44)
1172 480 1402 534 Romuli
1462 481 1759 535 acciderat

94 548 240 602 solis
274 547 545 614 defectio,
578 563 765 617 quam
798 553 955 603 certa
988 550 1077 604 sui
1107 547 1319 605 Cursus
1352 552 1577 606 ratione
1617 554 1756 606 etle-

92 626 256 691 ctam
280 618 557 691 imperita
587 620 858 691 nesciens
890 620 1230 691 multitudo,
1270 624 1493 679 meritis
1526 623 1758 681 Romuli

94 688 413 769 tribuebat,
447 689 620 770 quasi
652 705 815 770 vero,
850 691 922 770 ‘si
971 690 1165 770 luctus
1199 688 1293 770 ille
1346 694 1486 770 solis
1536 694 1755 761 fuisset,

91 778 218 837 non
244 760 437 829 magis
466 758 604 837 ideo
632 758 809 837 credi
831 761 1097 837 deberet
1120 765 1376 837 occisus,
1414 758 1758 837 ipsumque

93 832 290 887 scelus
325 831 633 905 aversione
683 832 861 887 etiam
905 834 1100 889 diurni
1134 835 1374 890 luminis
1408 831 1756 905 indicatum,

92 904 247 959 sicut
271 919 480 957 revera
510 902 734 959 factum
762 909 868 973 est,
915 921 1053 959 cum
1106 908 1394 961 Dominus
1437 902 1758 963 crucifixus

91 974 565 1051 est_cru_delitate_
584 979 761 1045 atque
808 975 1110 1047 impietate
1161 978 1525 1051 Judaeorum,
1572 996 1761 1051 quam

92 1047 236 1102 solis
270 1045 751 1101 obscurationem
776 1045 912 1105 noni
925 1064 996 1102 ex
1028 1048 1319 1105 canonico
1346 1045 1612 1107 sideruni
1634 1066 1763 1107 cur-
1795 1083 1798 1087 ι

92 1134 169 1194 su
190 1115 681 1194 _accidisse,_psatis
712 1116 971 1194 ostendit
997 1119 1163 1194 quod
1198 1123 1335 1194 tunc
1357 1126 1518 1194 esset,
1534 1122 1762 1194 pascha

89 1188 460 1269 Judteorum.
496 1187 853 1269 Nam‘ple‘na
880 1187 1036 1269 luna'
1066 1190 1388 1269 solenniter
1428 1187 1641 1260 agitur,
1674 1208 1760 1269 re-

91 1259 319 1328 gularis
350 1264 549 1314 autem
585 1259 723 1313 solis
750 1260 1001 1316 defectio
1031 1278 1151 1317 non
1179 1262 1295 1317 nisi
1340 1259 1498 1318 lunae
1529 1264 1760 1318 contin-

90 1332 175 1405 git
206 1330 473 1389 exordio.
506 1333 669 1405 Patet
700 1333 986 1402 profecto,
1038 1340 1101 1388 ut
1145 1334 1243 1390 alii
1298 1335 1614 1405 scriptores
1653 1334 1761 1392 ad-

87 1400 261 1476 dunt,
291 1418 398 1475 per
430 1400 1139 1476 subitam'tempestatem
1171 1410 1351 1476 atque
1381 1400 1520 1460 solis
1550 1406 1762 1460 obscu-

88 1472 385 1528 rationem
414 1472 590 1547 caedis
618 1476 674 1527 et
702 1472 992 1547 facinoris
1023 1476 1171 1547 ejus
1202 1472 1495 1531 secretum
1534 1477 1762 1547 justum

86 1545 522 1619 commeruisse
546 1544 865 1619 interitum.
886 1550 946 1619 lin
970 1546 1178 1601 Christi
1198 1563 1337 1602 vero
1368 1544 1555 1603 morte
1578 1548 1765 1619 ipsius

86 1616 233 1671 solis
262 1617 562 1690 defectum
594 1616 806 1690 claruit
846 1618 1138 1690 elementi
1165 1635 1310 1690 esse
1360 1616 1619 1686 luctum;
1642 1635 1766 1690 quo

86 1704 200 1743 suo
231 1687 485 1743 creatori
513 1688 724 1742 merito
747 1688 991 1756 .habuit,
1022 1689 1360 1747 condolere.

1031 264 1118 321 ET
1158 266 1503 322 LAMBERTI
1542 267 2123 326 ASCHAFNABURG.
2166 272 2342 327 PARS
2380 270 2611 328 PRIOR.

3421 278 3526 335 454

2336 396 2677 452 LAMBERTI
2721 400 3063 455 ANNALES.

1870 488 1978 538 tur.
2010 483 2286 539 Joatham
2312 485 2486 540 annis
2517 490 2601 541 16.
2638 487 2856 553 Ezaias,
2893 490 3041 545 Osec
3087 494 3143 546 et
3178 490 3345 546 Johel
3388 507 3528 563 pro-

1868 573 2280 643 phetaverunt,
2309 579 2365 629 et
2389 575 2674 630 Romulus
2707 577 2990 634 nascitur.
3028 580 3220 636 Achaz
3241 581 3416 636 annis
3440 587 3521 638 16.

1868 664 2057 717 Roma
2109 661 2405 728 conditur,
2467 668 2523 719 et
2572 666 2748 720 Israel
2794 666 2855 721 in
2912 668 3108 724 Medos
3154 670 3525 726 transfertur.

1870 749 2144 805 Ezechias
2176 750 2349 806 annis
2379 757 2467 808 29.
2502 753 2791 809 Romulus
2824 758 2923 810 100
2972 761 3276 813 senatores
3308 759 3527 815 consti-

1869 840 1995 896 tuit.

158 1780 458 1835 Manasses
484 1777 658 1835 annis
688 1783 775 1835 55.
805 1782 998 1835 Numa
1042 1779 1197 1835 duos
1248 1796 1490 1835 menses
1520 1778 1755 1850 adjecit,
1797 1764 1837 1817 Β
1937 1780 2238 1837 Manasses
2266 1777 2441 1835 annis
2586 1781 2780 1834 Numa
2810 1779 2964 1839 duos
3016 1795 3257 1839 menses
3288 1781 3524 1854 adjecit,

82 1870 143 1923 et
171 1866 418 1939 Sybylla
445 1866 673 1922 claruit.
708 1872 898 1923 Amon
931 1870 1104 1924 annis
1132 1875 1183 1924 2.
1213 1869 1433 1927 Tullius
1460 1870 1521 1926 iu
1549 1885 1612 1926 re
1644 1886 1756 1941 pu-

83 1957 246 2012 blica
275 1973 523 2017 censum
555 1957 767 2025 exegit.
803 1958 993 2014 JOsias
1026 1960 1200 2015 annis
1230 1965 1289 2016 31
1352 1960 1483 2031 (45).
1544 1959 1755 2019 Thales

84 2045 379 2117 physicus
412 2045 640 2107 claruit.
681 2048 951 2104 Joachim
1002 2048 1177 2104 annis
1220 2054 1303 2103 11.
1365 2050 1546 2118 llujus
1594 2064 1755 2103 anno

85 2141 139 2192 3.
193 2135 730 2203 Nabuchdouosor,
783 2138 888 2210 qui
945 2138 1056 2209 (46)
1110 2146 1138 2194 7
1201 2138 1374 2195 annis
1422 2138 1573 2195 inter
1603 2138 1757 2194 feras

84 2240 300 2279 amens
327 2224 637 2294 habitavit,
667 2227 839 2296 erepit
876 2227 1166 2281 Judaeum.
1219 2227 1536 2283 Sedcchias
1579 2227 1753 2285 annis

88 2319 177 2369 11.
210 2314 522 2386 Templum
550 2314 936 2387 Jerosolymis
964 2317 1281 2372 incensum
1310 2323 1413 2373 est.

162 2405 310 2460 Sunt
333 2408 535 2459 autem
567 2403 645 2458 ab
674 2403 902 2473 origine
952 2406 1165 2461 mundi
1217 2423 1407 2479 usque
1452 2406 1532 2463 ad
1558 2405 1753 2462 termi-

84 2509 236 2547 num
262 2492 429 2561 regni
458 2492 701 2547 Judacei
734 2493 907 2547 annis
939 2498 1096 2550 3363.

161 2580 377 2646 Quinta
403 2586 546 2636 {etas
569 2582 830 2638 continet
861 2599 1052 2639 annos
1085 2588 1207 2639 589.
1245 2584 1632 2639 Hebrzeorum
1664 2601 1756 2639 ca-

81 2669 325 2742 ptivitas
357 2669 534 2729 annis
564 2674 649 2724 70.
681 2670 883 2730 Judith
908 2670 1157 2729 historia
1202 2671 1594 2728 conscribitur
1642 2671 1754 2726 sub

82 2759 198 2830 (47)
254 2758 521 2814 secundo
578 2759 1113 2827 Nabuchdonosor,
1176 2761 1280 2831 qui
1330 2760 1446 2819 alio
1511 2760 1755 2817 nomine

85 2847 400 2906 Cambises
430 2851 697 2903 vocatur.
734 2853 860 2904 Non
889 2853 1047 2905 enim
1080 2850 1187 2905 fuit
1216 2850 1309 2905 ille
1342 2867 1601 2920 magnus
1648 2854 1756 2905 Na-

81 2937 542 3004 buchdonosor,
601 2939 705 3010 qui
750 2938 1191 3011 Jerosolymam
1241 2940 1394 3012 cepit
1450 2940 1593 3013 quia
1620 2943 1758 3012 post

82 3042 363 3082 eversam
390 3026 719 3087 Jerusalem
750 3043 873 3083 non
903 3029 1162 3102 amplius
1214 3046 1402 3102 quam
1447 3034 1511 3084 25
1563 3045 1756 3087 annos

1866 1871 1923 1922 et
1952 1866 2153 1922 Sibilla
2186 1867 2385 1922 Samia
2415 1867 2642 1923 claruit.
2694 1874 2953 1925 Ammon
3002 1870 3177 1931 anuis
3218 1876 3272 1927 2.
3326 1871 3527 1933 Tullus

1866 1956 1927 2013 in
1957 1972 2020 2010 re
2047 1955 2285 2027 publica
2317 1972 2565 2013 censum
2604 1957 2816 2027 exegit.
2848 1958 3038 2016 Josias
3069 1959 3243 2015 annis
3273 1961 3529 2023 3LTha-

1864 2044 1949 2099 les
1980 2044 2245 2116 phisicus
2271 2044 2499 2101 claruit.
2526 2046 2795 2105 Joacbim
2833 2048 3009 2107 annis
3046 2052 3126 2107 tt.
3184 2049 3374 2120 Hujus
3412 2054 3528 2106 ter-

1866 2133 1946 2192 tio
1976 2150 2135 2191 anno
2192 2133 2748 2191 Nabuchodonosor
2788 2136 3060 2195 Judaaam
3121 2138 3293 2209 cepit.
3350 2138 3530 2197 Sede.

1867 2223 2033 2279 chias
2060 2222 2234 2277 annis
2271 2227 2355 2279 11.
2412 2223 2725 2295 Templum
2776 2224 3178 2285 Hierosolimis
3216 2225 3531 2286 incensum

1866 2315 1972 2365 est.
2029 2314 2284 2366 Fuerunt
2325 2316 2529 2369 autem
2574 2312 2651 2367 ab
2700 2312 2929 2382 origine
2985 2313 3198 2375 mundi
3231 2331 3425 2389 usque
3452 2316 3532 2377 ad

1866 2400 2189 2457 terminum
2217 2401 2447 2458 Judaici
2480 2400 2648 2472 regni
2677 2402 2821 2459 anni
2850 2407 3010 2460 3363.

1939 2579 2154 2645 Quinta
2206 2584 2352 2637 aetas
2409 2580 2671 2637 continet
2715 2596 2912 2638 annos
2964 2585 3088 2639 588.
3146 2582 3530 2647 Hebraeorum

1865 2669 2175 2741 captivitas
2203 2670 2377 2725 annis
2430 2674 2519 2725 70.
2578 2670 2777 2727 Judith
2829 2669 3075 2729 historia
3112 2671 3524 2735 conscribitur.

1869 2759 2075 2817 Darius
2124 2758 2298 2816 annis
2353 2762 2441 2814 36.
2497 2759 2683 2830 Hujus
2731 2759 2998 2815 secundo
3049 2776 3212 2817 anno
3237 2761 3530 2834 templum

1867 2847 2272 2905 Hierosolimis
2301 2847 2684 2916 construitur,
2712 2846 2892 2906 ﬁnitis
2940 2853 3011 2906 70
3049 2849 3222 2911 annis
3266 2849 3531 2908 Judaicee

1866 2936 2241 3009 captivitatis.
2276 2940 2480 2993 Xerses
2510 2936 2685 2997 annis
2737 2941 2826 3007 21,
2874 2938 3205 2995 Herodotus
3251 2938 3529 2999 11181οτ10-

1867 3027 2133 3098 graphus
2164 3025 2529 3093 agnoscitur.
2571 3030 2912 3082 Artaxerses
2955 3026 3135 3085 annis
3174 3030 3263 3085 40.
3315 3028 3531 3086 Ezdras

84 3115 252 3177 vixit.
304 3115 514 3175 Darius
543 3115 702 3173 ﬁlius
744 3117 1037 3189 Histaspis
1065 3117 1238 3173 annis
1297 3124 1383 3175 36.
1449 3121 1632 3189 Hujus
1674 3135 1760 3173 sc-
1800 3119 1839 3173 C
1865 3117 2061 3187 legem
2092 3116 2403 3173 incensam
2434 3115 2758 3173 renovavit.
2784 3119 3139 3173 EtNeemias
3163 3118 3531 3181 Hierusalem

84 3205 292 3263 eundo
360 3220 522 3260 anno
590 3206 879 3278 templam
965 3207 1391 3281 Hierosolymis
1469 3207 1759 3265 construi-

83 3300 205 3361 tur,
264 3294 446 3349 tinitis
506 3299 574 3349 70
632 3296 806 3351 annis
872 3297 1139 3353 Judaicae
1210 3298 1585 3371 captivitatis.
1666 3300 1760 3353 Se-

83 3383 292 3441 cundo
353 3385 463 3455 (48)
512 3400 679 3445 anno
738 3386 894 3445 Darii
962 3387 1126 3458 apud
1202 3391 1511 3445 Romanos
1591 3386 1762 3458 septi-

80 3490 229 3535 mus
285 3489 325 3537 ει
376 3473 628 3535 Romulo
702 3476 1058 3547 Tarquinius
1116 3476 1416 3547 superbus
1469 3475 1767 3545 regnabat

85 3570 154 3620 27
209 3578 423 3627 annos.
454 3579 524 3621 ac
554 3564 772 3620 deinde
803 3564 1244 3638 rempublicam
1282 3581 1390 3638 per
1434 3582 1627 3626 annos
1656 3568 1760 3619 464

89 3669 283 3725 usque
352 3651 430 3707 ad
497 3652 717 3708 Julium
781 3657 1078 3709 Caesarem
1152 3653 1429 3709 consules
1510 3652 1763 3709 admini-

1867 3206 2237 3265 restauravit.
2273 3205 2500 3273 Darius,
2531 3204 2635 3277 qui
2664 3209 2721 3261 et
2749 3206 2993 3273 Nothus,
3039 3207 3218 3262 annis
3264 3212 3353 3267 19..
3396 3210 3532 3266 Haec

1869 3301 2015 3353 tetas
2041 3293 2606 3357 liabuitPlatonem.
2632 3297 3031 3360 Artarxerses,
3058 3294 3165 3367 qui
3210 3299 3266 3357 et
3313 3296 3533 3364 Ochus,

1870 3384 2044 3439 annis
2092 3388 2180 3438 26.
2238 3386 2617 3441 Demostenes
2665 3386 2721 3438 et
2756 3381 3079 3439 Aristotiles
3107 3383 3533 3455 praedicantur.

1870 3477 2093 3543 Xerses,
2150 3471 2295 3529 Ochi
2341 3470 2521 3541 ﬁlius,
2572 3470 2751 3527 annis
2794 3474 2849 3527 4.
2898 3474 3251 3531 Xenocrates
3298 3472 3533 3535 claruit.

1871 3561 2081 3622 Darius
2110 3559 2284 3617 annis
2309 3563 2363 3621 6.

87 3745 446 3803 straverunt.
474 3745 691 3799 Xerxes
722 3742 898 3797 annis
920 3747 1008 3799 21.
1047 3742 1375 3799 Herodotus
1406 3739 1922 3811 historiographus
1953 3736 2317 3807 agnoscitur.
2340 3740 2697 3793 Artaxerxes
2724 3736 2899 3795 annis
2920 3740 3013 3793 40.
3066 3740 3240 3795 Esras
3263 3738 3460 3810 legem

87 3832 404 3889 incensam
434 3831 762 3899 renovavit,
795 3836 851 3888 et
883 3832 1197 3891 Nehemias
1225 3831 1555 3887 Jerusalem
1584 3828 1957 3885 restauravit.
1982 3825 2213 3893 Darius,
2247 3826 2353 3897 qui
2376 3830 2434 3882 et
2464 3826 2707 3894 Nothus,
2763 3827 2942 3883 annis
2988 3831 3071 3883 19.
3130 3830 3262 3884 11ωο
3314 3834 3461 3886 aetas

86 3920 304 3977 habuit
334 3921 664 3977 Platonem.
690 3924 1064 3989 Artaxerxes,
1088 3921 1193 3992 qui
1223 3926 1280 3975 et
1308 3920 1525 3990 Ochus,
1545 3919 1723 3975 anuis
1748 3923 1836 3974 26.
1875 3916 2304 3973 Demosthenes
2335 3920 2392 3971 et
2412 3915 2749 3971 Aristoteles
2778 3916 3199 3988 praedicantur.
3225 3920 3459 3983 Xerxes,

90 4010 239 4068 Ochi
258 4010 437 4078 ﬁlius,
470 4010 643 4066 annis
674 4013 725 4065 4.
760 4013 1112 4066 Xenocrates
1143 4009 1372 4066 claruit.
1410 4009 1619 4066 Darius
1671 4007 1845 4064 annis
1896 4010 1947 4061 6.
2002 4005 2337 4061 Alexander
2383 4004 2825 4078 Jerosolymam
2870 4005 3051 4078 cepit,
3096 4005 3224 4064 Huc
3269 4022 3463 4085 usque

88 4114 349 4169 regnum
382 4100 727 4169 Persarum,
759 4099 976 4157 dehinc
1001 4101 1361 4161 Grzeeorum.

161 4188 499 4245 Alexander
524 4187 775 4262 Philippi
807 4188 1048 4245 Macedo
1082 4189 1257 4245 annis
1292 4194 1355 4244 12
1408 4187 1613 4244 Asiam
1659 4188 1763 4245 ob-

89 4278 289 4343 tinuit.
328 4278 690 4351 Ptolomeus,
724 4278 865 4351 Lagi
886 4278 1065 4346 ﬁlius,
1096 4279 1270 4339 annis
1299 4282 1388 4337 40.
1421 4279 1763 4337 Machabeo-

88 4386 231 4426 rum
259 4368 410 4425 liber
434 4368 667 4442 primus
698 4368 961 4436 inchoat,
1013 4368 1437 4447 Philadelphus
1467 4369 1640 4426 annis
1672 4372 1758 4425 38.

92 4462 223 4516 LXX
252 4458 602 4530 interpretes
644 4457 986 4517 claruerunt
1029 4460 1160 4532 (49).
1208 4502 1220 4515 .
1267 4502 1279 4515 .
1327 4503 1339 4516 .
1385 4504 1397 4516 .
1450 4463 1764 4531 Evergetes

91 4548 272 4606 annis
296 4552 385 4604 29.
434 4550 651 4607 Brutus
683 4530 1043 4621 Hispaniam
1074 4530 1329 4620 subegit.
1378 4551 1542 4606 Soter
1588 4548 1762 4606 annis
1801 4530 1844 4584 ί)

95 4644 184 4694 17.
219 4637 474 4692 Thraces
502 4636 788 4692 Romanis
816 4636 1232 4708 subjiciuntur.
1264 4640 1444 4696 Varro
1480 4643 1537 4693 et
1567 4637 1767 4697 Cicero

91 4728 453 4783 nascuntur.
476 4724 812 4782 Alexander
842 4727 1016 4782 annis
1044 4732 1128 4783 10.
1152 4726 1299 4785 Siria
1319 4744 1426 4800 per
1448 4726 1767 4783 Gabinium

94 4813 412 4886 subjicitur
454 4814 761 4872 Romanis.
812 4815 1172 4887 Ptolomeus,
1219 4816 1545 4890 Cleopatrae
1587 4815 1763 4879 ﬁlius,

96 4904 274 4961 annis
301 4906 356 4960 S.
393 4903 686 4961 Salustius
741 4903 1263 4979 historiographus
1309 4905 1593 4961 nascitur.
1641 4905 1770 4962 Dio-

94 4994 287 5051 nisius
318 4994 492 5050 annis
525 4999 611 5051 30.
646 4994 972 5067 Pompeius
1000 4996 1271 5050 Judmam
1310 4995 1481 5068 cepit.
1527 4994 1769 5067 Cleopa-

98 5088 191 5139 tra
218 5084 392 5140 annis
421 5088 475 5141 2.
508 5088 798 5158 zEgyptus
824 5085 1107 5140 Romanis
1132 5084 1425 5140 subditur.
1451 5087 1768 5155 Hucusque

97 5189 357 5247 regnum
387 5176 757 5242 Graacorum,
788 5190 949 5235 nunc
982 5177 1410 5233 Romanorum.

178 5533 308 5607 (44)-
336 5536 717 5604 Temporibus
748 5566 816 5579 ——
848 5539 1056 5596 habuit
1088 5540 1402 5599 condotere
1433 5541 1498 5607 εὶς.
1529 5556 1605 5598 ex
1651 5539 1767 5596 alio

104 5603 271 5665 fonte
297 5603 512 5665 hausta
533 5607 795 5668 inseruit.

179 5676 285 5749 (45)
327 5677 484 5749 Add.
509 5692 530 5733 .·
557 5678 928 5749 ΗὶαἰιιΙιΠὶηο
958 5681 1193 5740 interiit.

179 5748 290 5833 ea
333 5748 448 5833 ρας
474 5779 543 5788 -
572 5748 866 5833 ζιέιδίίαυίε
898 5754 963 5833 9-
992 5752 1249 5833 secus.

176 5819 294 5891 (47)
330 5820 455 5878 Sub
491 5851 547 5866 --
571 5823 641 5877 25
660 5835 852 5879 annos
873 5819 1027 5880 vixit
1058 5826 1124 5890 Ο.
1150 5822 1381 5884 addidit
1407 5840 1482 5882 ex
1505 5824 1665 5884 Beda
1691 5823 1767 5883 de

1944 4184 2279 4243 Alexander
2304 4183 2545 4243 Macedo
2594 4182 2769 4259 annis
2801 4188 2893 4256 12ἃ
2927 4184 3033 4259 qui
3080 4184 3538 4259 Hierosolimam

1873 4260 2045 4331 cepit.
2082 4260 2204 4331 Huc
2233 4273 2424 4331 usque
2453 4270 2710 4326 regnum
2748 4256 3084 4331 Persarum,
3116 4257 3331 4331 dehinc
3351 4329 3365 4331 ῃ
3385 4256 3535 4331 Grai-

1872 4327 2104 4385 corum.
2138 4327 2473 4383 Alexander
2501 4342 2663 4384 anno
2689 4332 2749 4381 5°
2780 4327 2983 4384 Asiam
3022 4328 3297 4384 obtinuit.
3351 4328 3537 4383 Ptolo-

1871 4416 2065 4467 meus,
2098 4399 2239 4468 Lagi
2267 4398 2449 4466 tilias,
2507 4398 2681 4454 annis
2734 4398 2827 4455 40.
2878 4398 3341 4456 Machabeorum
3387 4398 3539 4455 liber

1872 4471 2105 4545 primus
2134 4469 2455 4545 inchoavit.
2484 4468 2907 4545 Philadelphus
2938 4469 3235 4545 annis38.
3272 4471 3405 4545 LXX
3449 4469 3538 4531 in-

1878 4538 2159 4616 terpretes
2206 4540 2577 4616 claruerunt.
2633 4538 3168 4616 Eve‘rgetesnannis
3220 4544 3308 4595 26.
3367 4541 3536 4616 _Jesus

1877 4608 2182 4686 sapientiae
2204 4608 2819 4686 li'brurr_i__comp0suit1
2858 4608 3200 4686 Philopater
3239 4609 3532 4686 armis”.

1876 4680 2355 4763 Mdchabazorum
2402 4681 2550 4736 liber
2584 4680 2900 4761 secundus
2927 4680 3246 4762 inchoavit.
3283 4681 3538 4810 Epigﬁa;

1876 4772 1985 4810 nes
2018 4770 2193 4810 annis
2223 4757 2310 4809 24.
2346 4757 2597 4810 Romam
2626 4754 2867 4809 Graecos
2902 4752 3306 4810 obtinuerunt.
3350 4757 3385 4810 P

1874 4772 1985 4811 nes
2018 4754 2193 4811 annis
2223 4757 2310 4809 24.
2346 4752 2597 4811 Romani
2626 4754 2867 4809 Graecos
2902 4752 3306 4811 obtinuerunt.
3328 4752 3444 4811 ‘Phi

1878 4832 2069 4883 metor
2089 4825 2263 4881 annis
2321 4829 2408 4897 35.
2472 4827 2667 4897 Hunc_
2694 4823 3018 4897 Antiochus
3074 4839 3387 4897 superans,
3435 4826 3535 4883 ,ιιι-

1877 4899 2040 4976 dzeos
2083 4895 2414 4976 oppressit;
2454 4898 2520 4976 Et
2581 4894 2775 4976 scipio
2833 4894 3112 4976 Africam‘
3147 4894 3535 4976 ~vic_it.hEver-

1878 4974 2038 5039 getes
2060 4965 2236 5024 antiis
2266 4973 2353 5023 29.
2380 4969 2590 5022 Brutus
2636 4965 3276 5039 Hispaniamsubegit.
3329 4965 3539 5022 Sother

1878 5037 2053 5095 annis
2115 5044 2199 5094 17.
2259 5041 2470 5094 Traces
2518 5038 2801 5093 Romanis
2852 5037 3271 5107 subjiciuntur.
3352 5040 3541 5093 Varro

1878 5118 1934 5166 et
1960 5112 2158 5167 Cicero
2184 5114 2530 5165 nascuntur.
2566 5107 2899 5163 Alexander
2928 5109 3102 5165 annis
3128 5110 3213 5167 10.
3253 5108 3403 5169 Silia.

1880 5182 2196 5240 Gabinium
2258 5180 2540 5238 Romanis
2584 5178 2914 5249 subjicitur.
2970 5180 3328 5249 Ptolomeus,
3379 5178 3539 5238 Cleo-

1876 5258 2060 5326 patrae
2115 5252 2292 5326 ﬁlius,
2342 5251 2517 5326 annis
2569 5253 2620 5306 8.
2681 5249 2968 5326 Salustius
3014 5250 3537 5326 historiographus

1878 5321 2194 5397 hascitur._
2223 5322 2520 5378 Dionisius
2576 5321 2751 5397 annis
2798 5326 2885 5397 30.
2919 5323 3237 5397 Pompeius
3265 5321 3539 5382 Iudaeam

1879 5396 2076 5468 coepit.
2137 5394 2449 5467 Cleopatra
2495 5393 2671 5449 annis
2726 5395 2780 5448 2.
2826 5393 3095 5467 Egiptus

1876 5541 1945 5595 Vl
1976 5543 2096 5609 aet”
2124 5542 2189 5595 ut
2212 5537 2467 5603 videtur,
2496 5537 2736 5593 hausta.

1950 5610 2061 5682 (48)
2101 5609 2375 5667 Secundo
2406 5640 2474 5682 _—
2499 5609 3079 5682 administraverant
3136 5613 3202 5680 Ο.
3260 5628 3334 5671 ex
3382 5610 3542 5668 Beda

1877 5680 1965 5737 de
1984 5686 2047 5737 Vl
2075 5687 2165 5751 eet,
2194 5680 2523 5753 sumpsisse
2552 5680 2807 5753 videtur.

1950 5755 2065 5826 (49)
2103 5754 2220 5810 Hic
2243 5752 2433 5824 plura
2462 5752 2750 5810 excidisse
2772 5767 2848 5811 ex
2870 5755 3188 5815 Lamberto
3215 5760 3402 5827 patet.
