3874 6382
410 258 515 311 455

684 378 1002 434 ANNALES
1059 376 1239 440 QUED
1250 375 1787 431 LINBUBGENSES.

482 626 667 683 Julius
696 628 891 680 Caesar
913 623 1085 679 annis
1136 628 1186 677 5.
1236 622 1336 678 Hic
1378 621 1608 695 primus
1642 621 2057 679 monarchiam

1322 254 1576 309 ANNAL.
1628 252 2066 309 HILDESHEIM.
2111 248 2479 312 QUEDLINB.
2522 249 2901 307 WEISSEMB.
3741 254 3844 307 450

2631 373 2974 429 LAMBERTI
3013 369 3359 427 ANNALES.

2166 460 2448 516 Romanis
2480 460 2770 517 subditur.
2804 462 2930 516 Huc
2960 474 3151 532 usque
3177 474 3434 529 regnum
3460 462 3842 529 Graecorum,

2166 547 2326 587 nunc
2363 535 2788 587 Romanorum.

2234 620 2423 675 Julius
2445 624 2640 677 Caesar
2665 620 2837 676 annis
2868 624 2919 675 5.
2982 618 3083 674 Hic
3131 618 3364 690 primus
3406 622 3844 680 monarchiam

412 715 616 783 tenuit,
648 719 705 769 et
729 713 807 769 ab
836 712 949 767 hoc
980 728 1231 768 ctesares
1270 711 1549 784 appellati
1582 717 1737 768 sunt.
1784 712 1872 768 Ab
1916 710 2059 767 orbe
2168 710 2371 777 tenuit,
2404 715 2461 765 et
2488 710 2567 765 ab
2591 709 2703 765 hoc
2732 725 2983 766 cassares
3015 706 3298 781 appellati
3326 713 3486 765 sunt.

412 804 648 860 condito
680 818 867 875 usque
897 801 975 858 ad
1005 802 1218 857 urbem
1247 801 1572 868 conditam,
1605 802 1665 857 id
1692 807 1779 857 est
1811 805 2060 857 Romam

412 898 548 947 sunt
574 892 714 948 anni
744 895 903 948 4484.
936 889 1025 947 Ab
1057 890 1201 946 urbe
1234 895 1434 947 autem
1462 890 1698 947 condita
1731 907 1919 962 usque
1946 889 2024 945 ad
2054 888 2422 944 nativitatem
2461 886 2670 944 Christi
2700 892 2838 943 sunt
2867 885 3011 942 anni
3040 891 3165 955 715,
3198 900 3463 959 quorum
3518 903 3782 946 summa

409 981 675 1055 quinque
705 981 869 1036 milia
902 984 1021 1037 199.

482 1070 859 1126 Octaviamus
883 1074 1185 1139 Augustus
1216 1068 1388 1124 annis
1418 1073 1504 1124 56.
1548 1068 1735 1138 Hujus
1774 1084 1934 1123 anno
1965 1071 2057 1123 42ο

2237 1065 2612 1121 Octaviamus
2639 1064 2812 1120 annis
2844 1068 2930 1120 56.
2967 1064 3151 1134 Hujus
3183 1078 3345 1120 anno
3395 1066 3485 1133 42,
3539 1066 3840 1124 Dominus

408 1159 695 1215 Dominus
724 1160 1009 1228 nascitur,
1038 1157 1347 1231 completis
1378 1158 1455 1213 ab
1484 1158 1675 1213 Adam
1714 1158 1886 1213 annis
1919 1162 2057 1213 4952
2164 1160 2363 1209 noster
2391 1156 2558 1209 Jesus
2588 1154 2851 1210 Christus
2884 1152 3169 1220 nascitur,
3198 1153 3618 1225 completisab
3650 1156 3842 1213 Adam

410 1252 466 1303 et
489 1248 660 1319 juxta
681 1247 828 1303 alios
859 1253 1016 1303 5199.

480 1335 741 1391 Tiberius
767 1339 940 1391 annis
961 1340 1048 1391 23.
1084 1335 1268 1406 Hujus
1309 1351 1469 1391 anno
1500 1339 1583 1390 17⁰
1608 1336 1894 1391 Dominus
1925 1352 2056 1391 cru-

410 1424 681 1493 cifigitur.

480 1513 650 1569 Caius
680 1513 852 1569 annis
872 1516 923 1568 4.
958 1512 1219 1568 Matheus
1251 1511 1627 1580 evangelium
1656 1511 1909 1585 scripsit.

479 1601 759 1657 Claudius
812 1601 984 1657 annis
1034 1604 1117 1655 14.
1176 1601 1381 1655 Petrus
1435 1605 1491 1656 et
1537 1600 1751 1656 Paulus
1786 1604 2055 1667 Romam,

409 1692 634 1746 Marcus
666 1688 1085 1745 Alexandriam
1114 1688 1274 1760 petit.

479 1782 625 1835 Nero
656 1779 829 1835 annis
853 1782 916 1833 14
937 1793 1128 1851 paane.
1157 1780 1356 1833 Petrus
1389 1783 1445 1834 et
1474 1778 1694 1833 Paulus
1745 1778 1904 1834 cruci
1936 1778 2056 1848 gla-

407 1866 625 1939 dioque
648 1868 979 1923 traduntur.

477 1956 879 2029 Vespasianus
910 1956 1083 2012 annis
1116 1961 1200 2011 10.
1235 1956 1423 2027 Hujus
1451 1971 1610 2011 anno
1656 1956 1919 2012 secundo
1966 1956 2055 2011 Ti-

405 2049 501 2101 tus
528 2045 964 2117 Jerosolymam
997 2044 1301 2112 subvertit,
1329 2044 1619 2117 templum
1652 2044 1777 2100 solo
1802 2050 2057 2118 prostra-

405 2134 507 2203 vit,
535 2139 670 2206 post
696 2150 888 2189 annos
920 2134 1127 2205 prima;
1153 2133 1561 2189 aediﬁcationis
1588 2138 1743 2199 1089,
1794 2134 2054 2189 Domini-

407 2239 490 2279 (ιω
522 2228 722 2279 autem
751 2221 1175 2278 incarnationis
1204 2227 1317 2277 71°.
1360 2222 1635 2278 Colossus
1693 2224 1803 2292 (50)
1857 2226 2055 2278 Romae

405 2310 667 2380 erigitur,
696 2310 929 2367 habens
961 2309 1297 2365 altitudines
1327 2309 1510 2382 pedes
1546 2313 1663 2364 107.

476 2399 633 2455 Titus
688 2400 860 2456 annis
912 2402 965 2454 2.
1027 2399 1126 2454 Hic
1174 2398 1470 2454 facundus
1530 2404 1587 2454 et
1639 2399 1772 2471 pius
1822 2399 1946 2466 fuit,
2001 2404 2057 2455 et

405 2487 788 2544 viromnium
844 2489 1124 2544 virtutum
1178 2503 1392 2558 genere
1446 2488 1750 2549 mirabilis.
1811 2488 1962 2544 adeo
1994 2493 2057 2545 ut

404 2593 573 2633 amor
597 2582 653 2633 et
676 2576 900 2633 delicias
924 2576 1172 2632 humani
1206 2576 1437 2645 generis
1468 2576 1778 2632 diceretur.

471 2666 891 2733 Domiciamus,
908 2665 1116 2721 fratrer
1144 2665 1267 2731 Titi,
1292 2665 1466 2720 annis
1500 2670 1582 2721 16.
1601 2666 1697 2721 Hic
1722 2666 2052 2721 Johannem

401 2756 793 2825 evangelistas
823 2755 883 2810 in
913 2755 1146 2811 fervens
1176 2754 1376 2810 oleum
1408 2755 1585 2822 misit,
1617 2772 1801 2827 quem
1847 2761 2055 2827 postea

399 2844 459 2901 in
475 2845 752 2901 Pathmos
773 2844 1033 2899 insulam
1051 2843 1224 2899 exilio
1256 2843 1664 2912 relegavit,ubi
1682 2844 2053 2916 apocalipsin

2159 1243 2331 1314 juxta
2358 1242 2759 1298 Hieronimum
2788 1243 2960 1298 annis
2991 1247 3150 1299 5199.

2234 1332 2498 1388 Tiberius
2523 1336 2828 1401 Augustus
2856 1331 3029 1387 annis
3051 1334 3139 1387 23.
3171 1332 3359 1402 Hujus
3392 1347 3560 1389 anno
3601 1338 3699 1404 18,
3736 1336 3845 1390 Do-

2166 1421 2365 1477 minus
2393 1426 2593 1476 noster
2620 1424 2787 1476 Jesus
2821 1420 3087 1477 Christus
3116 1420 3436 1477 crucifixus
3466 1426 3579 1479 est.

2238 1511 2414 1566 Gaius
2445 1510 2618 1567 annis
2644 1514 2696 1566 4.
2731 1512 2992 1567 Matheus
3013 1510 3394 1580 evangelium
3425 1512 3701 1586 scripsit.

2239 1600 2518 1656 Claudius
2549 1600 2721 1656 annis
2755 1604 2838 1656 14.
2896 1603 3097 1655 Petrus
3154 1602 3429 1671 Romam,
3485 1606 3544 1657 et
3603 1605 3842 1659 Marcus

2090 1709 2128 1762 Β
2167 1688 2588 1745 Alexandriam
2619 1690 2930 1762 petierunt.

2238 1781 2384 1834 Nero
2416 1778 2588 1834 annis
2623 1782 2735 1833 14⁸.
2764 1781 2964 1834 Petrus
2996 1782 3052 1833 et
3080 1777 3299 1834 Paulus
3316 1778 3475 1835 cruci
3500 1778 3844 1853 gladioque

2166 1868 2362 1923 traditi
2392 1872 2531 1922 sunt
2553 1868 2681 1939 (51).
2974 1940 2989 1953 Ι

2238 1956 2635 2028 Vespasianus
2668 1956 2840 2011 annis
2872 1961 2953 2012 10.
2976 1956 3161 2027 Hujus
3186 1971 3341 2012 anno
3362 1955 3637 2011 secundo
3674 1957 3847 2013 Titus

2165 2046 2618 2101 Hierosolimam
2636 2045 2940 2111 subvertit,
2974 2044 3268 2118 templum
3290 2043 3417 2101 solo
3440 2044 3685 2115 stravit,
3708 2051 3847 2118 post

2165 2150 2356 2189 annos
2386 2134 2593 2206 primas
2622 2133 3029 2190 aadiﬁcationis
3058 2136 3217 2203 1189,
3268 2131 3601 2189 οοωίηὶοω
3633 2140 3844 2191 autem

2164 2223 2591 2279 incarnationis
2618 2229 2704 2279 71.

2234 2444 2393 2501 Titus
2421 2444 2595 2500 annis
2621 2448 2674 2499 2.
2708 2444 2807 2499 Hic
2838 2442 3136 2499 facundus
3169 2447 3226 2500 et
3245 2442 3380 2516 pius
3406 2440 3541 2499 fuit.

2235 2668 2615 2724 Domicianus
2643 2667 2816 2723 annis
2850 2672 2934 2723 16.
2965 2670 3224 2723 Joannes
3271 2664 3590 2739 apostolus
3642 2666 3710 2723 in
3744 2669 3846 2722 Pa-

2166 2757 2363 2812 thmos
2390 2756 2704 2826 relegatur.

402 2936 518 2989 Deo
545 2934 842 2989 revelante
868 2932 1164 3001 cognovit.
1186 2933 1348 2987 Idem
1364 2932 1743 2988 Domicianus
1762 2933 2051 3005 templum
2078 2934 2379 2989 Pantheon
2428 2937 2625 2989 Romae
2672 2932 2948 3001 aedificat,
2991 2931 3158 3005 quod
3203 2930 3544 2990 Bonifacius
3591 2948 3775 3005 papa

400 3027 607 3095 postea
634 3022 692 3077 in
725 3022 951 3076 honore
983 3026 1204 3075 sanctae
1236 3021 1424 3077 Mariae
1457 3038 1693 3093 semper
1720 3022 1961 3091 virginis
1991 3022 2384 3094 omniumque
2412 3028 2672 3077 matrum
2697 3021 2905 3079 Christi
2935 3022 3325 3077 consecravit.

473 3114 661 3167 Nerva
686 3126 915 3165 annum
951 3115 1000 3175 1,
1050 3125 1289 3165 menses
1335 3113 1389 3181 4,
1421 3109 1547 3164 dies
1604 3114 1654 3166 8.
1706 3110 1807 3165 Hic
1863 3111 2057 3184 primo

2238 3115 2424 3167 Nerva
2480 3128 2639 3167 anno
2693 3127 2834 3167 uno.
2887 3112 3151 3167 Joonnes
3205 3110 3507 3182 Ephesum
3554 3109 3753 3166 rediit
3800 3112 3849 3165 et

400 3199 590 3256 edicto
617 3215 726 3253 suo
765 3203 1010 3254 cunctos
1059 3198 1260 3254 exules
1306 3199 1619 3264 revocavit,
1667 3203 1724 3254 et
1763 3200 2059 3272 quidquid
2166 3200 2542 3270 evangelium
2570 3199 2823 3273 scripsit.

399 3286 781 3342 Domicianus
811 3289 978 3351 Nero,
1030 3286 1131 3359 qui
1160 3292 1294 3341 ante
1338 3303 1476 3342 eum
1527 3293 1898 3355 regnaverat,
1952 3304 2060 3361 per

399 3375 805 3430 crudelitatem
836 3381 891 3430 et
916 3375 1326 3447 petulantiam,
1350 3391 1471 3448 qua
1498 3375 1752 3430 nimium
1779 3377 2015 3443 exarsit,
2051 3380 2351 3442 statuerat,
2383 3376 2558 3431 totius
2588 3375 2795 3450 populi
2827 3380 3043 3446 rogatu
3089 3380 3147 3431 et
3195 3372 3444 3431 consilio
3472 3372 3778 3449 disrupit.

399 3464 561 3520 Unde
590 3468 644 3519 et
672 3464 930 3520 Joannes
957 3464 1262 3537 apostolus
1300 3465 1414 3520 hac
1443 3464 1702 3536 generali
1727 3464 2096 3535 indulgentia
2124 3465 2429 3533 liberatus,
2464 3466 2763 3537 Ephesum
2792 3465 2982 3533 rediit,
3033 3469 3091 3521 et
3116 3463 3262 3538 quia
3282 3479 3667 3521 concussam
3714 3482 3782 3521 se

396 3552 639 3609 absente
692 3569 798 3625 per
854 3553 1162 3609 haareticos
1194 3552 1339 3609 vidit
1366 3554 1624 3609 ecclesia
1656 3553 1858 3626 ﬁdem,
1892 3554 2205 3611 confestim
2254 3555 2366 3610 hac
2422 3554 2783 3627 descriptam
2832 3554 2892 3610 in
2930 3552 3242 3624 evangelio
3288 3569 3397 3608 suo
3430 3552 3603 3609 verbi
3667 3554 3782 3611 Dei

394 3643 712 3700 aeternitate
745 3643 1042 3699 stabilivit.

463 3734 748 3807 Trajanus
773 3734 947 3789 annis
982 3738 1063 3807 19.
1091 3733 1389 3807 Johannes
1420 3734 1727 3807 apostolus
1759 3739 1824 3791 68
1855 3752 2045 3791 annos

2226 3736 2513 3806 Trajanus
2544 3735 2718 3791 annis
2750 3739 2833 3791 19.
2868 3734 3108 3792 Simeon
3141 3732 3695 3791 Hierosolimorum
3727 3734 3846 3808 epi’

394 3805 916 3929 ἓὲῗθεςεξιξξρθω
980 3806 1233 3885 Domini:
1281 3805 1477 3887 flemus:
1523 3812 1722 3861 autem
1779 3824 1901 3861 sua?
1954 3811 2043 3878 98»
2157 3805 2376 3897 scopus
2407 3824 2789 3894 crucifigitur,
2820 3828 2877 3881 et
2917 3827 3176 3880 Joannes
3218 3821 3533 3896 apostolus
3584 3805 3839 3898 nequie-

770 3875 871 3929 lda
895 3880 1082 3929 morte
1108 3882 1349 3929 aulevxt.
1409 3878 1612 3929 Simon
1660 3877 1933 3929 Cleonhaa
1977 3877 2048 3929 ﬁ-
2088 3897 2125 3929 ρ
2228 3913 2259 3929 .,

391 3943 507 3999 lius
566 3943 1478 4025 Hierosolymorum'episcopus
1530 3952 1628 4004 126
1681 3943 1870 4003 aetatis
1922 3964 2047 4003 suae

395 4029 556 4070 anno
581 4016 963 4085 cruciﬁgitur.

463 4101 759 4159 Adrianus
785 4103 958 4159 annis
984 4109 1072 4161 20.
1104 4105 1203 4162 Hic
1230 4107 1470 4163 Judaeos
1501 4106 1711 4163 ultima
1740 4105 1900 4161 caede
1921 4121 2051 4178 per-

391 4190 641 4258 domuit,
674 4196 731 4248 et
757 4193 1189 4267 Jerosolymam
1221 4196 1487 4252 funditus
1530 4210 1802 4250 eversam
1833 4198 2042 4249 aratris

441 3874 1625 3970 ἓΡθῖξεὲἓέἓῖίξέΕἳῗΡΞίίίέἘῩῖἓ-ἔξωρῇ
1660 3874 2048 3970 esse}:
2088 3897 2127 3952 c
2158 3874 2284 3970 ἐξιῖιῗ

2226 4107 2523 4164 Adrianus
2548 4108 2723 4164 annis
2754 4113 2843 4171 21.
2875 4106 3089 4180 Aquila
3106 4106 3398 4180 interpres
3425 4105 3656 4165 oritur.

391 4279 810 4354 complanavit,
853 4287 917 4337 ut
945 4283 1287 4357 impleretur
1315 4284 1480 4357 quod
1510 4283 1797 4355 scriptum
1824 4287 1912 4338 est
1943 4301 1955 4337 :
1988 4284 2126 4340 Sion
2161 4288 2336 4357 quasi
2361 4302 2507 4357 ager
2530 4285 2812 4343 arabitur
2845 4303 2858 4353 ;
2908 4284 3013 4357 qui
3041 4288 3251 4357 postea
3273 4283 3335 4339 in
3364 4282 3504 4341 loco
3537 4286 3773 4344 Calva-

389 4372 511 4442 riaa,
533 4371 633 4428 ubi
661 4373 922 4429 Christus
952 4375 1269 4431 crucifixus
1299 4381 1405 4445 est,
1434 4375 1732 4431 civitatem
1763 4375 2109 4442 construxit,
2142 4393 2326 4449 quam
2352 4378 2552 4433 ablato
2578 4376 2961 4450 Jerosolymae
2986 4374 3232 4432 nomine
3276 4374 3508 4431 Heliam
3539 4376 3626 4434 de
3653 4395 3774 4435 suo

388 4463 631 4519 nomine
656 4464 859 4521 vocari
883 4466 1077 4537 jussit,
1109 4467 1253 4539 quia
1281 4466 1460 4523 Elius
1492 4464 1787 4521 Adrianus
1820 4466 2151 4523 vocabatur
2184 4485 2197 4536 ;
2240 4469 2343 4524 sed
2369 4469 2649 4542 antiquus
2679 4484 2823 4523 usus
2852 4466 3183 4541 praevaluit.

459 4553 793 4609 Antoninus
825 4554 961 4610 Pius
981 4573 1121 4611 cum
1150 4556 1307 4611 ﬁlius
1339 4556 1459 4611 suis
1490 4553 1724 4610 Aurelio
1775 4558 1832 4609 et
1866 4555 2040 4611 Lucio

386 4640 558 4696 annis
586 4646 674 4698 22.
706 4643 805 4698 Hic
833 4642 1131 4715 benignus
1169 4661 1312 4714 erga
1361 4642 1714 4700 christianos
1762 4643 1888 4700 fuit.
1940 4647 2042 4701 Va-

385 4728 644 4786 lentinus
676 4737 731 4787 et
752 4733 1004 4789 Marcion
1038 4738 1469 4803 agnoscuntur.

456 4821 523 4875 M.
556 4821 887 4877 Antoninus
926 4825 1108 4879 Verus
1163 4838 1301 4878 cum
1351 4820 1527 4877 fratre
1582 4821 1758 4877 Lucio
1806 4822 2040 4879 Aurelio

2219 4558 2507 4614 Antonius
2538 4558 2671 4613 Pius
2704 4556 2877 4613 annis
2925 4559 3015 4612 24.
3064 4554 3529 4612 Valentinianus
3580 4563 3647 4615 et
3691 4562 3839 4616 Mar-

2149 4647 2284 4703 cion
2314 4647 2553 4703 heretici
2577 4650 3006 4717 agnoscuntur.

2218 4823 2549 4879 Antoninus
2578 4822 2774 4879 minor
2803 4821 2977 4878 annis
3007 4822 3091 4878 19.
3135 4823 3450 4879 Montanus
3494 4823 3837 4897 Catafriga-

386 4909 714 4965 Commodo
744 4910 916 4966 annis
950 4916 1032 4966 16.
1066 4910 1132 4965 Hi
1174 4910 1441 4982 primum
1484 4911 1618 4981 jure
1659 4928 1828 4984 aequo
1858 4912 2042 4986 impe-
2145 4929 2281 4970 rum
2311 4919 2517 4969 auctor
2545 4912 2748 4969 oritur.

382 4994 540 5051 rium
568 4997 1155 5069 administraverunt,
1184 5014 1323 5053 cum
1348 5014 1539 5070 usque
1561 4999 1636 5055 ad
1658 4999 1772 5056 hoc
1804 5006 2038 5074 tempus

385 5082 602 5151 singuli
629 5086 865 5154 augusti
896 5085 1130 5140 fuerint.

453 5172 818 5229 Commodus
834 5172 1035 5243 junior
1051 5172 1224 5228 annis
1252 5174 1439 5231 l3.Hic
1456 5175 1673 5233 colossi
1690 5177 1881 5250 capite
1899 5178 2036 5233 sub-

446 5513 569 5590 .(50)
607 5514 1080 5593 Insequentibus
1108 5520 1172 5585 Ο.
1203 5520 1375 5593 plura
1403 5538 1475 5578 ex
1502 5523 1658 5579 Beda
1709 5524 1782 5579 de
1838 5526 1904 5578 VI
1935 5527 2025 5579 aet.

383 5579 644 5657 aliisque
660 5579 919 5639 fontibus
947 5579 1148 5657 addit‘;
1187 5579 1533 5649 liambertus
1580 5611 1719 5650 vero
1771 5594 2029 5650 Annales

385 5650 818 5710 Hersfeldenses
847 5664 1102 5729 repetere
1134 5650 1384 5720 videtur.

2073 5055 2120 5108 D

2214 5179 2579 5237 Commodus
2606 5178 2780 5233 annis
2816 5181 2896 5234 l3.
2951 5175 3321 5233 Theodotion
3366 5175 3696 5253 interpres
3746 5198 3839 5257 ap-

2141 5270 2359 5343 paruit.

2234 5525 2319 5594 51)
2358 5524 2565 5580 Addit.
2606 5540 2629 5581 .·
2669 5527 2941 5580 Lucanus
2995 5527 3066 5594 et
3095 5521 3399 5594 Josephus
3440 5525 3829 5589 claruerunt

2141 5593 2328 5649 Galba
2371 5600 2429 5650 et
2478 5595 2608 5650 Piso
2663 5601 2693 5649 7
2748 5610 3005 5650 menses.
3057 5593 3176 5649 Hos
3229 5593 3454 5651 occidit
3486 5599 3698 5660 Ottho
3730 5610 3831 5661 tres

2137 5680 2408 5739 menses;
2439 5666 2538 5739 hic
2570 5682 2631 5720 se
2658 5666 2859 5739 ipsum
2886 5664 3119 5722 occidit.
3162 5664 3427 5723 Vitellius
3455 5671 3490 5725 8
3524 5685 3796 5733 menses
3822 5694 3830 5737 ;

2135 5735 2298 5793 hunc
2325 5736 2541 5794 occidit
2573 5735 2988 5809 Vespasianus.
