3874 6424
1035 53 3741 81 m

24 364 25 369 η
71 317 173 371 457

354 442 670 494 ANNALES
718 442 1445 505 QUEDLINBURGENSES.

71 525 213 594 lato,
247 543 363 579 suae
394 526 673 596 imaginis
705 535 886 599 caput
916 529 967 583 ei
988 530 1166 599 jussit
1188 531 1437 603 imponi.
1456 527 1725 610 The-odo—

72 615 208 669 cion
233 614 521 687 interpres
547 615 819 671 habetur.

146 704 411 759 Elius...

264 794 531 849 Pertinax
561 794 734 849 annis
764 797 847 849 18.
880 797 1280 868 Symmachus
1311 797 1599 870 interpres
1623 796 1731 852 ha-

71 881 265 937 betur.

146 969 476 1025 Antoninus
503 970 805 1027 Caracalla
825 972 999 1027 annis
1026 980 1077 1027 7.
1114 973 1329 1039 Quinta
1361 972 1540 1029 editio
1569 976 1729 1029 Jeru-

72 1057 262 1113 salem
288 1057 601 1113 invenitur.

144 1146 431 1202 Macrinus
457 1163 615 1203 anno
647 1164 788 1203 uno.
813 1152 876 1204 M.
903 1149 1169 1204 Aurelius
1195 1149 1525 1205 Antoninus
1555 1148 1728 1204 annis

71 1239 127 1291 4.
166 1237 339 1291 Sexta
368 1235 547 1291 editio
573 1236 835 1309 Nicopoli
863 1238 1167 1310 reperitur,
1218 1242 1273 1294 et
1305 1238 1593 1295 Sabellius
1642 1237 1728 1292 in-

72 1325 211 1380 felix
243 1325 521 1381 exoritur.

144 1413 412 1468 Aurelius
442 1414 774 1470 Alexander
803 1416 1019 1470 annnis
1056 1421 1138 1472 13.
1171 1416 1455 1485 Origenes
1485 1415 1732 1472 Alexan-

72 1502 217 1557 driaa
247 1502 369 1558 imo
399 1507 520 1558 toto
551 1503 695 1559 orbe
726 1503 922 1559 clarus
950 1505 1221 1561 habetur.

145 1591 497 1648 Maximinus
542 1593 716 1647 annis
744 1598 795 1648 3.
843 1593 939 1648 Hic
966 1594 1340 1668 persequitur
1389 1595 1728 1651 chritianos.

145 1769 480 1826 Gordianus
513 1771 686 1827 annis
733 1775 785 1827 6.
833 1771 1132 1828 Fabianus
1185 1773 1502 1847 episcopus
1531 1777 1732 1829 Romae

69 1859 302 1915 claruit.

145 1949 452 2022 Philippus
483 1967 622 2006 cum
648 1952 922 2025 Philippo
955 1952 1076 2007 ﬁlio
1099 1953 1273 2008 annis
1300 1957 1351 2010 8.
1378 1952 1476 2010 Hic
1503 1952 1735 2026 primus

68 2038 428 2095 christianus
475 2039 800 2113 imperator
828 2041 954 2109 fuit,
987 2047 1044 2097 et
1090 2042 1249 2097 ﬁlius
1278 2042 1406 2113 ejus
1446 2041 1729 2097 similiter.

148 2127 353 2182 Decius
382 2127 556 2182 annis
604 2134 655 2185 3.
702 2128 801 2184 Hic
849 2146 986 2185 cum
1020 2130 1236 2186 ambos
1284 2130 1613 2203 Philippos,
1644 2145 1734 2184 se-

67 2216 303 2272 niorem
356 2218 577 2285 Romae,
628 2218 931 2288 juniorem
990 2220 1232 2275 Veronae
1282 2218 1613 2289 occidisset,
1656 2217 1735 2274 ob

66 2304 281 2362 odium
303 2321 512 2360 eorum
544 2307 1021 2378 persecutionem
1046 2307 1107 2363 in
1130 2307 1483 2364 christianos
1508 2310 1731 2364 movet.

67 2394 364 2449 Antonius
395 2396 734 2450 monachus
764 2396 825 2451 in
856 2400 1110 2469 Egypto
1150 2396 1377 2453 claruit.

148 2482 345 2538 Gallus
377 2487 434 2538 et
460 2483 814 2540 Volusianus
849 2485 1023 2542 annis
1050 2490 1103 2542 2.
1134 2490 1463 2543 Novatiana
1493 2485 1735 2542 haeresis

75 2571 285 2628 oritur.

146 2659 488 2716 Valerianus
514 2678 653 2717 cum
701 2662 967 2718 Galliano
1009 2662 1185 2718 annis
1220 2668 1303 2719 15.
1357 2664 1457 2718 Hic
1479 2662 1734 2719 Valeria-

66 2767 206 2815 nus,
254 2750 315 2805 in
344 2750 696 2806 christianos
726 2751 1140 2823 persecutione
1192 2755 1515 2819 commota,
1534 2750 1731 2806 statim

63 2857 105 2897 a
138 2841 359 2911 Sapore
392 2840 707 2894 Persarum
746 2854 881 2907 rege
931 2840 1200 2911 capitur:
1252 2839 1454 2912 ibique
1483 2839 1726 2895 lumini-

63 2928 186 2984 bus
215 2926 768 2996 orbatus,servitute
795 2926 1119 2983 miserabili
1149 2928 1728 2999 consenescit,quem

64 3017 249 3073 etiam
282 3032 486 3071 secum
527 3032 888 3088 quocunque
920 3016 1208 3088 pergebat
1256 3016 1505 3085 ducens,
1539 3016 1617 3072 ad
1636 3016 1728 3071 in-

56 3105 287 3178 juriam
314 3108 721 3161 Romanorum
746 3105 874 3161 solo
892 3110 1062 3161 tenus
1086 3105 1436 3161 inclinatum
1467 3105 1725 3178 pedibus

62 3173 329 3259 calcans,
403 3192 675 3249 ascendit
725 3193 787 3248 in
862 3210 1106 3267 equum.
1190 3194 1353 3251 Unde
1429 3173 1726 3250 Gallienus
1757 3173 1795 3228 C

64 3289 195 3341 tam
223 3281 297 3337 de
336 3281 499 3337 claro
532 3280 632 3337 Dei
658 3281 873 3352 juditio
920 3284 1172 3351 territus,
1200 3299 1414 3357 pacem
1446 3282 1724 3340 Christia-

58 3372 159 3430 nis
192 3369 404 3426 reddit.

136 3458 425 3515 Claudius
457 3474 649 3514 annos
677 3464 730 3515 2.
761 3459 875 3515 Iste
908 3461 1128 3517 Gothos
1148 3461 1276 3531 jam
1305 3476 1412 3533 per
1440 3476 1632 3517 annos
1661 3465 1723 3515 15

58 3548 347 3605 Illiricum
376 3547 906 3621 Macedoniamque
935 3554 1237 3606 vastantes
1281 3553 1523 3621 superat
1546 3553 1603 3605 et
1630 3565 1725 3605 ex-

56 3636 249 3713 pellit.

135 3724 490 3782 Aurelianus
512 3740 704 3781 annos
726 3730 777 3781 5.
829 3725 929 3782 Hic
960 3727 1139 3783 etiam
1167 3729 1544 3801 persequitur
1570 3726 1723 3784 chri-

57 3816 312 3873 stianos.

134 3903 371 3961 Tacitus
399 3918 637 3959 menses
668 3907 718 3958 6.
754 3905 882 3969 Quo
912 3903 1078 3977 apud
1108 3907 1362 3961 Pontum
1389 3904 1723 3967 occiso,ob-

54 3992 240 4052 tinuit
294 3992 598 4048 Florianus
622 3992 942 4066 imperium
973 3993 1186 4049 diebus
1218 3997 1305 4063 88,
1359 3999 1415 4050 et
1447 3994 1530 4050 sic
1561 3994 1727 4067 apud

48 4104 357 4159 Tharsum
382 4098 745 4155 interﬁcitur.

137 4188 367 4245 Probus
397 4188 571 4244 annis
596 4188 1096 4245 6.Manicheorum
1117 4189 1360 4246 haeresis
1393 4194 1598 4247 exorta
1618 4194 1723 4246 est.

132 4282 322 4337 Carus
363 4293 501 4332 cum
532 4276 666 4332 ﬁliis
698 4277 912 4335 Carino
952 4283 1009 4334 et
1055 4279 1416 4336 Numeriano
1438 4295 1632 4335 annos
1669 4283 1723 4336 2.

49 4374 176 4425 Iste
207 4365 283 4420 de
312 4365 501 4420 Persis
531 4364 940 4437 triumphavit.

131 4451 537 4511 Diocletianus
588 4470 727 4509 cum
775 4454 1062 4511 Herculeo
1116 4455 1494 4523 Maximiano,
1542 4471 1728 4527 quem

994 321 1078 374 ET
1117 317 1463 376 LAMBERTI
1503 313 2079 371 ASCHAFNABURG.
2114 316 2289 371 PARS
2330 316 2562 374 PRIOR.

3383 315 3489 367 458

2317 438 2657 497 LAMBERTI
2695 438 3015 492 ANNALES

1903 525 2082 581 [Elius
2113 528 2383 584 Pertinax
2409 545 2637 585 annum
2674 532 2719 582 1.
2755 526 2905 581 Nihil
2928 524 3191 580 historiae
3218 524 3416 580 habet.

1909 793 2157 848 Severus
2190 794 2462 849 Pertinax
2495 794 2670 851 annis
2706 797 2791 848 18.
2839 790 3152 847 Simachus
3201 790 3492 863 interpres

1835 881 2197 949 agnoscitur.

1905 977 2194 1041 Antonius
2225 978 2531 1035 Caracalla
2556 978 2730 1035 annis
2755 985 2807 1033 7.
2840 977 3055 1043 Quinta
3084 975 3262 1033 editio
3295 976 3493 1031 Hieru-

1837 1064 2027 1120 salem
2057 1066 2373 1123 invenitur.

1908 1156 2199 1211 Macrinus
2259 1172 2419 1213 anno
2446 1172 2566 1211 uno
2598 1156 2691 1212 vel
2749 1158 2973 1211 Marcus
3017 1154 3287 1210 Aurelius
3320 1159 3495 1210 Anto-

1836 1243 1971 1298 nius
1996 1244 2168 1300 annis
2193 1248 2245 1300 4.
2311 1248 2485 1301 Sexta
2541 1245 2718 1301 editio
2764 1244 3026 1315 Nicapoli
3083 1244 3394 1315 reperitur,
3439 1248 3495 1299 et

1837 1331 2128 1387 Sabellius
2154 1333 2354 1389 infelix
2379 1334 2582 1389 oritur.

1910 1422 2242 1479 Alexander
2302 1425 2476 1481 annis
2510 1428 2591 1479 13.
2650 1423 2928 1493 Origenes
2972 1421 3341 1478 Alexandria:
3375 1421 3495 1477 cla-

1839 1508 1974 1562 ruit.

1910 1596 2300 1652 Maximianus
2333 1596 2421 1652 vel
2466 1596 2756 1653 Maximus
2796 1593 2970 1650 annis
2992 1598 3045 1649 3.
3088 1592 3187 1648 Hic
3219 1607 3495 1665 persecu-

1840 1686 1934 1739 tus
1966 1688 2070 1751 est,
2105 1684 2437 1740 cristianos.

1914 1772 2244 1828 Gordianus
2294 1772 2469 1828 annis
2499 1779 2552 1827 7.
2603 1771 2899 1828 Fabianus
2944 1769 3261 1842 episcopus
3294 1771 3494 1823 Romae

1844 1861 2073 1917 claruit.

1909 1951 2170 2023 Philipus
2208 1950 2383 2007 annis
2412 1957 2463 2006 7.
2512 1951 2615 2006 Hic
2642 1950 2874 2023 primus
2913 1948 3239 2020 imperator
3278 1946 3498 2003 cristia-

1842 2056 1957 2096 nus
1984 2040 2111 2096 fuit.

1914 2129 2121 2186 Decius
2146 2144 2308 2185 anno
2343 2134 2390 2185 1.
2418 2128 2708 2185 Antonius
2740 2126 3078 2183 monachus
3111 2125 3317 2182 oritur.

1914 2236 2212 2293 Gallienus
2270 2240 2324 2292 et
2352 2235 2511 2292 ﬁlius
2544 2236 2674 2307 ejus
2723 2233 3078 2290 Volusianus
3107 2232 3282 2289 annis
3305 2236 3359 2301 2,
3389 2235 3500 2288 No-

1840 2326 2085 2382 vatiana
2113 2325 2340 2382 heresis
2366 2325 2569 2381 oritur.

1912 2414 2257 2470 Valerianus
2288 2430 2427 2469 cum
2483 2412 2747 2469 Gallieno
2777 2411 2952 2466 annis
3008 2415 3059 2466 5.
3102 2409 3412 2483 Ciprianus
3440 2413 3499 2466 et

1842 2503 2145 2560 Cornelius
2174 2503 2441 2560 martirio
2463 2506 2845 2559 coronantur.

1912 2609 2193 2666 Claudius
2249 2609 2423 2666 annis
2472 2613 2524 2664 2.
2579 2613 2689 2665 Iste
2743 2606 2961 2664 Gothos
3018 2606 3097 2662 ab
3151 2605 3359 2661 Illirico
3399 2621 3498 2661 ex-

1881 2697 2006 2754 ulit.

1839 2714 1879 2771 Ρ
1909 2784 2263 2841 Aurelianus
2301 2784 2475 2841 annis
2535 2789 2586 2840 5.
2638 2783 2739 2839 Hic
2784 2782 2965 2839 etiam
3017 2786 3367 2855 persecutus
3412 2788 3501 2839 est

1837 2874 2168 2930 cristianos.

1906 2963 2139 3021 Tacitus
2163 2978 2394 3019 annum
2426 2968 2476 3019 1.

1908 3053 2133 3109 Probus
2161 3052 2333 3108 annis
2358 3056 2410 3107 6.
2436 3050 2877 3109 Manicheorum
2902 3048 3124 3105 heresis
3156 3047 3359 3104 oritur.

1908 3146 2091 3199 Carus
2117 3141 2289 3198 annis
2313 3146 2366 3197 2.
2398 3144 2509 3196 Iste
2541 3140 2615 3196 de
2645 3138 2835 3195 Persis
2862 3138 3267 3211 triumphavit.

1903 3249 2302 3305 Diocletianus
2331 3252 2388 3305 et
2416 3246 2807 3305 Maximianus
2833 3245 3006 3301 annis
3036 3249 3125 3300 20.
3154 3243 3250 3300 Isti
3276 3242 3493 3299 divinis

1830 3338 1996 3393 libris
2054 3338 2295 3409 exustis,
2328 3338 2551 3393 vastari
2581 3335 2879 3401 ecclesias,
2931 3334 3114 3404 aﬂligi
3141 3338 3196 3389 et
3243 3333 3493 3389 interﬁci

1833 3428 2145 3484 cristianos
2167 3428 2492 3498 jusserunt.

1902 3534 2275 3600 Maximinus,
2294 3532 2450 3587 ﬁlius
2476 3530 2832 3598 Maximiani,
2853 3532 3119 3598 Severus,
3135 3532 3192 3584 et
3223 3527 3488 3585 Galerius

1829 3639 2059 3681 annum
2088 3627 2137 3676 1.

1902 3709 2322 3769 Constantinus
2380 3707 2554 3765 annis
2584 3710 2670 3763 31.
2729 3705 2909 3775 Cujus
2939 3709 3001 3759 16
3059 3719 3220 3759 anno
3270 3703 3490 3759 Nicena

1830 3799 2079 3856 sinodus
2111 3792 2848 3867 congregatur,dominicae
2870 3790 3294 3848 incarnationis
3326 3808 3487 3848 anno

1830 3893 1953 3946 318.

1903 3975 2280 4035 Constantius
2329 3978 2384 4031 et
2453 3975 2745 4030 Constans
2816 3970 2991 4027 annis
3040 3974 3129 4026 27.

1831 4067 2019 4125 sancti
2099 4064 2349 4120 Andreae
2436 4062 2746 4135 sanctique
2842 4063 3011 4116 Lucae
3107 4059 3487 4130 evangelistaa

1832 4152 2410 4226 Constantinopolim
2490 4150 2944 4219 transferuntur,
3030 4153 3086 4203 et
3159 4149 3487 4220 anthropo-

1832 4244 2268 4319 morphitarum
2318 4240 2543 4298 heresis
2601 4240 2803 4296 oritur.
2866 4238 2975 4294 Per
3037 4237 3197 4293 idem
3250 4240 3488 4307 tempus

1831 4332 2194 4391 Athanasius
2254 4335 2310 4387 et
2373 4329 2743 4396 Maximinus,
2808 4326 3196 4383 TreVerorum
3259 4324 3487 4381 archie-

1830 4423 2139 4496 piscopus,
2194 4424 2373 4492 atque
2415 4418 2668 4474 Hilarius
2721 4414 2991 4471 doctrina
3049 4418 3105 4468 et
3168 4413 3287 4468 ﬁde
3345 4410 3487 4467 clari

3206 3969 3487 4042 Reliquiae

47 4543 208 4602 olim
235 4540 349 4596 sibi
370 4541 843 4599 commilitonem
869 4549 1207 4600 consortem
1228 4544 1462 4617 imperii
1483 4511 1726 4617 fecerat,
1756 4522 1801 4576 D
1831 4511 2228 4568 habebantm‘

45 4645 259 4690 annos
289 4633 377 4685 20.
430 4629 525 4685 Isti
557 4629 774 4687 divinis
803 4630 969 4687 libris
1018 4632 1260 4698 exustis,
1288 4632 1513 4688 vastari
1539 4631 1727 4687 eccle-

45 4722 208 4785 sias,
259 4715 441 4789 afﬂigi
492 4723 547 4774 et
575 4719 826 4775 interﬁci
869 4720 1225 4776 christianos
1259 4721 1604 4791 jusserunt;
1658 4725 1728 4777 20

44 4814 269 4868 autem
324 4808 493 4878 regni
554 4808 645 4863 sui
702 4824 863 4864 anno
906 4809 1299 4866 Diocletianus
1346 4809 1728 4882 Nicomediae,

44 4894 458 4957 Maximianus
486 4895 797 4951 Mediolani
840 4912 1175 4969 purpuram
1207 4898 1637 4970 deposuerunt,
1669 4902 1729 4952 et

43 4987 367 5064 privatam
396 4983 582 5040 vitam
620 4984 944 5055 elegerunt.
1000 4990 1274 5043 Attamen
1321 4991 1512 5058 caepta
1546 4984 1731 5041 semel

41 5072 401 5151 persecutio
431 5088 619 5145 usque
651 5072 731 5129 ad
761 5073 1082 5146 septimum
1100 5074 1469 5132 Constantini
1501 5088 1730 5129 annum

38 5166 292 5222 fervere
318 5175 439 5217 non
472 5167 685 5218 cessat.
1474 5184 1483 5187 -

127 5249 518 5309 Constantius
561 5251 929 5307 Constantini
955 5256 1142 5323 pater,
1190 5256 1251 5307 17
1283 5250 1517 5324 imperii
1545 5265 1726 5317 anno,

37 5356 320 5403 summae
338 5340 817 5396 mansuetudinis
836 5348 893 5397 et
910 5340 1197 5397 civilitatis
1228 5340 1403 5407 vir,in
1431 5338 1731 5396 Britannia

33 5432 211 5494 obiit
238 5429 617 5485 Eboraci.Hic
636 5447 775 5486 cum
797 5430 1018 5487 multos
1038 5430 1284 5487 haberet
1303 5430 1363 5486 in
1381 5446 1490 5486 suo
1505 5428 1729 5504 palatio

36 5518 444 5582 christianos,
477 5517 685 5573 volens
719 5519 976 5590 probare
1007 5520 1055 5574 si
1085 5524 1283 5576 essent
1312 5520 1426 5575 deo
1453 5536 1562 5576 suo
1593 5534 1729 5574 vere

31 5608 294 5673 ﬁdeles,
346 5603 619 5675 promisit
643 5606 715 5661 iis
748 5608 795 5661 si
827 5624 863 5662 a
906 5606 1024 5663 ﬁde
1054 5606 1413 5681 exciderent,
1446 5609 1636 5666 multa
1667 5622 1730 5662 se

33 5702 230 5758 dona
255 5690 631 5761 largiturum,
677 5692 766 5748 sin
798 5697 1023 5763 autem,
1068 5712 1281 5769 poenas
1314 5713 1375 5753 se
1396 5696 1725 5755 illaturum.

33 5783 176 5855 Qui
237 5795 378 5838 cum
434 5777 660 5835 Viderat
705 5780 1007 5852 quosdam
1055 5800 1093 5840 a
1135 5786 1362 5844 Christo
1410 5784 1743 5851 defecisse,

356 5880 597 5935 PumL.
641 5880 813 5936 CXLI.

1901 4617 2172 4673 Julianus
2225 4613 2398 4670 annis
2450 4617 2503 4668 2.
2562 4610 2660 4666 Hic
2716 4625 2789 4665 ex
2856 4608 3156 4665 monacho
3209 4620 3487 4685 paganus

1831 4707 2041 4777 factus,
2074 4704 2389 4761 cristianos
2415 4704 2761 4774 persecutus
2791 4703 2899 4754 est.

1901 4814 2183 4870 Jovianus
2217 4825 2377 4867 anno
2408 4814 2455 4864 1.
2495 4812 2604 4864 Iste
2627 4822 2764 4862 cum
2792 4804 2956 4862 omni
2985 4803 3245 4859 exercitu
3272 4801 3493 4859 cristia-

1833 4921 1948 4960 nus
1975 4901 2245 4959 efﬁcitur.

1908 5008 2372 5067 Valentiniamus
2405 5004 2577 5063 annis
2607 5007 2691 5070 11,
2734 4971 2839 5075 qui
2864 5017 2900 5057 a
2928 4998 3165 5056 Juliano
3197 4998 3276 5055 ob
3306 4996 3493 5053 ﬁdem

1836 5099 2045 5157 Christi
2095 5095 2305 5152 militia
2356 5094 2548 5151 fuerat
2574 5091 2861 5165 privatus.
2896 5091 2963 5145 Et
3010 5086 3182 5143 Gothi
3231 5084 3494 5142 haeretici

1834 5188 1973 5245 facti
2001 5190 2157 5242 sunt.

1907 5292 2218 5351 Gratianus
2248 5307 2387 5346 cum
2414 5288 2591 5345 fratre
2612 5283 3029 5342 Valentiniano
3069 5283 3244 5340 annis
3276 5284 3328 5339 6.
3354 5284 3497 5339 Am-

1835 5381 2075 5439 brosius
2106 5383 2161 5435 et
2190 5378 2468 5437 Martinus
2497 5373 2763 5447 episcopi
2794 5372 3157 5429 claruerunt.

1905 5486 2351 5545 Valentinianus
2377 5499 2515 5540 cum
2544 5480 2874 5537 Theodosio
2925 5480 3101 5537 annis
3129 5486 3181 5538 9.
3231 5477 3502 5540 Hieroni-

1832 5596 1970 5637 mus
2001 5578 2061 5633 in
2082 5576 2380 5633 Bethleem
2413 5576 2531 5629 toto
2562 5570 2794 5628 mundo
2825 5569 3057 5629 claruit.

1901 5684 2268 5743 Theodosius
2297 5680 2468 5740 annis
2497 5683 2580 5735 11.
2639 5681 2889 5738 Sanctus
2932 5679 3197 5743 Joannes
3235 5676 3492 5738 anacho-

1836 5779 1953 5836 rita
1980 5775 2213 5833 claruit.

3145 5876 3214 5927 l5
