3958 6422
460 300 563 354 459

744 426 1066 483 ANNALES
1096 424 1831 487 QUEDLINBURGENSES.

1370 301 1628 357 ANNAL.
1662 297 2139 364 HILDESHEIM.,
2170 298 2565 365 QUEDLINB.,
2604 298 2981 358 WEISSEMB.

3790 294 3899 352 460

2701 426 3042 483 LAMBERTI
3081 421 3424 479 ANNALES.

454 531 755 603 quosdam
803 533 1146 589 immobiles
1207 537 1637 608 permansisse,
1689 537 2113 609 permanentes
2154 533 2201 584 A
2300 530 2635 588 Archadius
2695 551 2835 589 cum
2892 534 3071 589 fratre
3123 531 3382 588 Honorio
3429 528 3604 586 annis
3658 533 3719 585 13
3752 530 3887 601 (52).

451 622 805 679 muneribus
835 623 1086 681 donavit
1135 625 1371 698 sibique
1404 626 1632 683 amicos
1666 629 1723 681 et
1745 620 2116 681 consiliarios

448 710 621 768 fecit:
650 712 992 770 deﬁcientes
1016 730 1158 770 vero
1189 715 1620 771 contumeliose
1651 714 1725 770 de
1767 711 1992 787 palatio
2013 726 2113 766 ex-

446 800 615 873 pulit,
648 800 853 857 dicens
885 818 945 857 se
972 802 1085 858 illis
1108 819 1425 875 nunquam
1473 803 1840 859 crediturum
1866 800 1970 875 qui
1998 800 2113 856 deo

446 904 557 945 suo
581 888 852 945 inﬁdeles
901 895 1123 947 essent.
1185 892 1250 946 In
1278 892 1393 947 hac
1450 895 1799 964 tempestate
1845 886 2110 945 Galerius

441 976 834 1035 Maximianus
863 996 1003 1035 cum
1058 980 1402 1037 Constantio
1430 979 1756 1052 imperator
1787 983 1874 1035 est
1895 977 2105 1034 factus.

442 1067 667 1124 Mortuo
699 1084 838 1125 vero
897 1069 1265 1135 Constantio,
1312 1069 1662 1126 Maximinus
1692 1074 1749 1125 et
1794 1071 2041 1126 Severus
2072 1083 2109 1123 a

442 1155 671 1214 Galerio
702 1174 861 1214 anno
896 1163 916 1215 1
952 1175 1207 1215 caasares
1239 1164 1537 1216 creantur.
1591 1158 1681 1215 Ab
1712 1174 1873 1216 anno
1912 1174 2109 1231 perse-

440 1246 695 1303 cutionis
731 1250 765 1304 4
814 1249 1161 1317 Maxentius,
1222 1249 1487 1305 Herculei
1530 1248 1869 1307 Maximiani
1922 1247 2103 1316 ﬁlius,

438 1337 642 1392 Romae
685 1343 976 1409 angustus
1022 1338 1382 1412 appellatur.
1432 1336 1709 1405 Licinius,
1746 1336 2104 1394 Constantia:

438 1425 658 1482 sororis
687 1426 1057 1484 Constantini
1086 1427 1195 1499 vir,
1221 1428 1461 1485 Carnuti
1491 1428 1818 1501 imperator
1846 1432 2098 1485 creatur.

506 1641 928 1698 Constantinus
954 1658 1116 1709 vero,
1152 1641 1481 1697 Constantii
1512 1658 1585 1698 ex
1617 1642 1959 1698 concubina
1991 1645 2100 1697 He-

433 1731 570 1789 lena
599 1731 778 1803 ﬁlius,
806 1733 868 1788 in
902 1732 1202 1788 Britannia
1234 1732 1423 1788 factus
1450 1732 1796 1806 imperator,
1830 1732 2105 1803 regnavit

434 1820 609 1875 annis
640 1824 708 1877 30
739 1825 796 1876 et
837 1820 1149 1876 mensibus
1185 1825 1268 1875 to.
1319 1819 1428 1885 Qui
1482 1820 1681 1875 occiso
1730 1821 2019 1876 Maxentio
2045 1825 2102 1877 et

433 1910 641 1981 fugato
690 1910 933 1979 Licinio,
981 1910 1145 1966 solus
1174 1910 1590 1967 monarchiam
1638 1911 1842 1966 tenuit.
1894 1911 1994 1966 Hic
2027 1912 2101 1967 de

432 2005 813 2073 persecutore
851 2000 1209 2057 christianus
1240 2001 1416 2057 beato
1460 2001 1736 2058 Silvestro
1762 2001 2101 2074 baptisante

432 2089 698 2153 effectus,
758 2086 1072 2146 fabricavit
1119 2090 1179 2146 in
1239 2105 1349 2146 suo
1400 2090 1627 2163 palatio
1680 2093 1818 2146 Iesu
1872 2091 2100 2147 Christo

434 2183 763 2252 sanctoque
801 2178 1076 2252 baptistee
1105 2180 1361 2236 Iohanni
1402 2180 1737 2251 basilicam,
1777 2195 1967 2252 quam
1996 2196 2102 2253 ap-

431 2267 659 2340 pellant
686 2284 758 2324 ex
789 2284 902 2323 suo
943 2268 1187 2324 nomine
1230 2269 1811 2326 Constantinianam.
1839 2268 2097 2324 Alteram

430 2356 611 2413 beato
639 2359 808 2413 Petro
831 2362 891 2414 et
909 2357 1091 2413 Paulo
1119 2357 1182 2413 in
1213 2358 1439 2430 templo
1469 2357 1781 2430 Apollinis,
1801 2362 2100 2413 utrorum-

430 2462 549 2519 que
580 2462 834 2519 corpora
883 2446 1375 2503 circumfundens
1419 2462 1555 2503 aere
1602 2464 1790 2520 cypro
1827 2447 2097 2519 quinque

428 2534 615 2608 pedes
657 2551 890 2606 grosso.
946 2536 1155 2594 Multas
1212 2552 1457 2610 quoque
1514 2536 1663 2594 alias
1709 2540 1912 2593 Romae
1951 2552 2095 2593 con-

432 2627 671 2680 struens
713 2625 995 2681 ecclesias
1039 2630 1095 2681 et
1137 2625 1559 2699 baptisterium
1603 2626 1757 2682 miro
1807 2642 1990 2698 opere
2015 2626 2097 2683 fa-

429 2718 616 2782 ctum,
643 2713 887 2770 tradidit
933 2714 1128 2787 ipsem
1176 2720 1385 2771 sancto
1412 2717 1581 2772 Petro
1624 2715 1924 2772 civitatem
1955 2720 2094 2771 cum

426 2801 761 2858 innumeris
791 2802 1280 2874 possessionibus
1309 2802 1685 2875 aliis,jubens
1713 2818 1821 2875 per
1849 2819 2094 2859 omnem

425 2891 729 2948 mundum
758 2897 1006 2948 cunctos
1054 2892 1369 2965 episcopos
1398 2892 1480 2948 ita
1508 2908 1618 2965 pro
1648 2893 1841 2966 capite
1870 2892 2094 2948 habere

427 2981 766 3038 Romanum
811 2979 1181 3053 pontiﬁcem,
1214 2980 1364 3037 sicut
1414 2995 1585 3051 reges
1612 2985 1957 3053 caetereeque
1988 2996 2093 3052 po-

426 3071 665 3124 testates
696 3067 1144 3141 imperatorem.
1176 3072 1337 3125 Tunc
1363 3068 1425 3123 in
1451 3068 1741 3125 orientem
1770 3069 2089 3137 transiens,

427 3156 518 3213 sui
545 3156 808 3213 nominis
837 3157 1050 3213 urbem
1081 3158 1141 3213 in
1192 3158 1428 3214 Thratia
1467 3158 1709 3229 regione
1741 3159 2089 3227 construxit,

2226 619 2533 677 Iohannes
2564 621 2959 678 Crisostomus
2992 626 3049 677 et
3077 619 3447 690 Augustinus
3477 617 3746 692 episcopi
3776 614 3892 675 cla-

2224 714 2492 766 ruerunt.
3394 748 3401 755 -

2296 795 2593 865 Honorius
2624 816 2764 855 cum
2813 798 3145 855 Theodosio
3177 796 3409 853 minore
3452 790 3629 853 annis
3665 798 3750 853 15.
3780 797 3890 869 Cy-

2221 883 2386 941 rillus
2416 886 2791 945 Alexandriae
2821 889 3145 962 episcopus
3171 886 3404 944 claruit.

2291 974 2659 1032 Theodosius
2714 976 2933 1049 minor,
2991 975 3273 1033 Archadii
3333 973 3517 1046 ﬁlius,
3566 974 3741 1031 annis
3794 978 3886 1032 26.

2220 1062 2518 1134 Ephesina
2551 1065 2803 1122 sinodus
2861 1065 3198 1123 Nestorium
3224 1080 3363 1121 cum
3395 1062 3519 1119 suis
3550 1062 3890 1120 fautoribus

2216 1148 2548 1221 Pelagianis
2574 1153 2845 1223 damnat,
2877 1153 2990 1210 sub
3024 1152 3313 1210 Celestino
3341 1168 3523 1226 papa.

2286 1240 2619 1298 Marcianus
2651 1244 2827 1299 annis
2856 1249 2908 1299 7.
2939 1243 3385 1301 Calcedonense
3416 1238 3738 1299 consilium
3770 1236 3889 1297 sub

2216 1330 2408 1386 Leone
2433 1346 2596 1404 papa
2621 1336 2725 1390 630
2752 1337 2994 1407 patrum
3021 1332 3234 1403 agitur.

2287 1422 2399 1475 Leo
2428 1422 2626 1493 major
2651 1439 2791 1479 cum
2821 1426 3013 1480 Leone
3044 1422 3262 1479 mirore
3287 1422 3463 1479 anuis
3499 1426 3586 1479 i7.
3610 1419 3888 1495 Egiptus

2211 1506 2290 1563 ab
2321 1524 2518 1565 errore
2551 1510 2812 1568 Dioscori
2840 1511 3143 1569 liberatur.

2280 1599 2479 1653 Zenon
2502 1599 2677 1655 annis
2720 1604 2803 1656 17.
2840 1604 3067 1675 Corpus
3114 1598 3403 1656 Barnabas
3430 1597 3688 1671 apostoli
3708 1613 3885 1671 repe-

2208 1685 2375 1759 ritur,
2403 1691 2459 1744 et
2488 1688 2913 1762 azephalorum
2938 1690 3162 1747 heresis
3189 1689 3393 1747 oritur.

2277 1795 2629 1852 Anastasius
2654 1802 2723 1853 26
2766 1797 2961 1854 annis.
3016 1796 3357 1867 Fulgentius
3400 1795 3727 1868 episcopus
3758 1793 3883 1851 cla-

2142 1882 2181 1935 B
2210 1882 2350 1939 ruit.

2278 1971 2547 2030 Justinus
2602 1977 2799 2047 major
2826 1980 2999 2033 annis
3052 1981 3105 2032 9.
3167 1972 3607 2047 Azephaiorum
3645 1973 3887 2030 heresis

2212 2060 2553 2120 abdicatur.

2278 2165 2650 2222 Iustinianus
2694 2166 2869 2223 annis
2898 2170 2985 2223 39.
3038 2165 3228 2237 Hujus
3255 2168 3423 2220 sexto
3450 2177 3612 2219 anno
3643 2162 3882 2236 primus

2208 2252 2416 2325 cyclus
2448 2254 2691 2312 Dionisii
2718 2255 3042 2323 inchoavit,
3086 2253 3403 2310 dominicae
3447 2252 3880 2309 incarnationis

2210 2358 2372 2397 anno
2402 2348 2526 2399 532.

2277 2444 2548 2499 Justinus
2586 2458 2786 2503 minor
2833 2447 3008 2502 annis
3052 2446 3115 2502 lI.
3153 2442 3416 2501 Armenii
3444 2440 3628 2499 ﬁdem
3658 2441 3881 2505 Christi

2207 2539 2621 2605 susceperunt.

2275 2628 2546 2685 Tiberius
2606 2630 2782 2687 annis
2838 2636 2890 2687 6.
2932 2629 3363 2701 Erminigildus
3410 2642 3514 2687 rex
3543 2626 3881 2686 Gothorum

2203 2718 2474 2773 martirio
2504 2723 2844 2775 coronatur.

2275 2817 2589 2876 Mauricius
2619 2819 2793 2876 annis
2823 2823 2911 2877 2t.
2940 2819 3258 2892 Gregorius
3278 2834 3441 2894 papa
3467 2814 3876 2891 Augustinum

2202 2906 2726 2982 archiepiscopum
2772 2926 2911 2966 cum
2941 2908 3257 2966 monachis
3293 2907 3659 2966 Britanniam
3689 2904 3877 2976 misit,

2202 3001 2267 3053 ut
2292 2998 2452 3068 genti
2482 2998 2816 3069 Anglorum
2839 2999 3091 3056 verbum
3116 3000 3215 3056 Dei
3242 2996 3741 3070 evangelizarent,
3770 2994 3882 3055 do—

2202 3086 2438 3142 minicze
2467 3087 2895 3144 incarnationis
2926 3102 3089 3143 anno
3121 3089 3244 3144 596.

2274 3177 2457 3232 Focas
2484 3176 2657 3232 annis
2715 3180 2768 3233 8.
2797 3175 3269 3247 Angli-Saxones
3320 3173 3506 3233 ﬁdem
3536 3173 3747 3232 Christi
3779 3189 3882 3231 su-

425 3261 560 3302 eam
616 3245 869 3302 Romani
927 3245 1132 3302 sedem
1188 3246 1423 3321 imperii
1480 3247 1780 3321 totiusque
1840 3245 2091 3304 Orientis
2131 3237 2174 3294 C
2204 3280 2268 3319 sc

2279 3268 2545 3337 cperunt.

424 3337 607 3406 caput
658 3351 787 3391 esse
837 3334 1157 3403 constituit,
1218 3336 1389 3407 cujus
1438 3336 1618 3392 etiam
1675 3336 1970 3393 industria
1994 3336 2093 3408 {si-

425 3423 619 3479 nodus
651 3424 871 3479 Nicena
913 3424 1149 3480 decimo
1180 3424 1419 3481 Calend.
1455 3425 1566 3481 Jul.
1618 3423 1714 3481 die
1747 3424 2093 3482 collectione

423 3516 527 3570 318
554 3517 795 3586 patrum
842 3512 1195 3583 celebratur,
1242 3530 1407 3571 anno
1454 3514 1774 3572 dominicae
1812 3515 2092 3573 incarna-

421 3601 599 3658 tionis
623 3606 746 3660 3t8.

494 3801 719 3856 Mortuo
749 3798 1157 3873 Constantino,
1189 3803 1307 3856 tres
1332 3797 1439 3856 ﬁlii
1466 3799 1578 3869 sui,
1639 3799 2092 3870 Constantinus,

423 3890 720 3945 Constans
765 3894 821 3945 et
871 3889 1269 3962 Constantius,
1333 3889 1726 3964 imperatores
1774 3894 2089 3960 creantur;

422 3975 718 4032 defunctis
748 3993 887 4033 vero
918 3977 1180 4047 duobus,
1232 3977 1395 4033 solus
1427 3978 1810 4035 Constantius
1842 3994 2089 4035 monar-

423 4065 624 4123 chiam
671 4066 929 4123 obtinuit
966 4066 1148 4139 impie
1195 4068 1480 4123 Arrianus
1521 4067 1787 4137 effectus,
1833 4068 2094 4125 Maximi-

422 4171 541 4211 nus
568 4155 924 4212 Trevirensis
953 4155 1275 4229 episcopus
1322 4155 1518 4212 clarus
1556 4156 1833 4212 habetur.
1874 4158 2091 4213 Antho-

422 4244 562 4301 nius
612 4245 950 4300 monachus
985 4249 1107 4301 105.
1154 4245 1341 4301 aetatis
1391 4262 1510 4301 suae
1538 4261 1698 4302 anno
1744 4244 1807 4302 in
1845 4245 2091 4303 heremo

422 4335 697 4390 moritur.

494 4528 765 4586 Julianus
812 4529 987 4585 annis
1036 4534 1066 4584 2
1110 4534 1168 4586 et
1218 4531 1534 4587 mensibus
1583 4536 1636 4588 8.
1682 4530 1780 4587 Hic
1830 4548 1903 4588 ex
1943 4532 2094 4588 chri-

426 4617 623 4674 stiano
675 4634 951 4691 paganus
1024 4617 1287 4691 effectus,
1344 4619 1721 4694 persequitur
1776 4618 2093 4676 crudeliter

426 4706 801 4763 christianos.

496 4901 849 4958 Iovinianus
904 4917 1067 4958 anno
1118 4901 1237 4958 fere
1277 4918 1401 4958 uno
1443 4903 1734 4974 regnavit.
1780 4902 1895 4962 Iste
1949 4921 2091 4963 cum

427 4990 596 5050 omni
626 4990 887 5047 exercitu
912 4989 1270 5047 christianus
1291 4991 1562 5061 efﬁcitur,
1582 4992 1687 5049 sed
1716 4994 1846 5066 ejus
1874 4995 1976 5069 pia
1999 4994 2092 5052 Iae-

428 5084 611 5154 taque
640 5079 937 5153 principia
968 5096 1135 5138 mors
1159 5079 1484 5139 immatura
1508 5083 1788 5157 corrupit.

2277 3366 2540 3422 Eraclius
2601 3367 2776 3425 annis
2807 3372 2894 3425 36.
2941 3367 3132 3424 Judaei
3182 3368 3247 3424 in
3291 3366 3579 3442 Hispania
3605 3362 3882 3426 cristiani

2202 3454 2341 3512 facti
2373 3460 2533 3513 sunt.

2274 3551 2594 3610 Eraclonas
2635 3570 2775 3611 cum
2806 3560 2997 3612 matre
3040 3570 3151 3612 sua
3190 3554 3435 3613 Martina
3463 3553 3638 3611 annis
3666 3557 3727 3610 2.
3754 3553 3880 3611 Pir-

2198 3656 2302 3695 rus
2326 3642 2507 3713 regia;
2537 3644 2701 3701 urbis
2749 3644 3073 3719 episcopus
3105 3661 3143 3702 a
3170 3644 3481 3702 Theodoro
3510 3659 3673 3718 papa
3694 3638 3878 3702 dam-

2198 3732 2396 3785 natur.

2275 3820 2715 3890 Constantinus,
2768 3822 2977 3879 Eraclii
3018 3821 3199 3891 ﬁlius,
3250 3837 3489 3879 menses
3537 3824 3591 3879 6.
3626 3820 3875 3893 Paulus,

2200 3905 2342 3963 Pirri
2370 3924 2702 3978 successor,
2756 3910 2835 3967 ob
2888 3909 3145 3968 eandem
3196 3926 3486 3968 vesanam
3529 3907 3880 3968 doctrinam

2200 3995 2525 4054 damnatus
2547 4003 2654 4055 est.

2274 4105 2718 4177 Constantinus,
2777 4107 3149 4165 Constantini
3200 4102 3360 4163 ﬁlius
3410 4105 3585 4164 annis
3636 4110 3723 4162 17.
3771 4102 3878 4162 Hic

2202 4198 2432 4250 sextam
2467 4195 2751 4252 sinodum
2804 4194 3214 4269 congregavit.
3266 4190 3448 4269 Cujus
3477 4199 3693 4268 rogatu
3720 4199 3880 4266 Aga-

2200 4282 2303 4339 tho
2333 4299 2497 4356 papa
2525 4284 2688 4342 misit
2714 4283 2777 4341 in
2828 4285 3062 4356 regiam
3091 4282 3307 4343 urbem
3347 4285 3578 4357 legatos
3608 4299 3781 4352 suos,
3809 4283 3879 4341 in

2198 4372 2421 4446 quibus
2450 4373 2556 4429 fuit
2582 4375 2905 4444 Iohannes,
2954 4379 3238 4433 Romanae
3268 4374 3536 4433 ecclesiae
3575 4378 3720 4431 tunc
3745 4373 3876 4430 dia-

2201 4478 2409 4531 conus,
2443 4478 2565 4519 non
2594 4462 2774 4533 longe
2803 4468 2941 4539 post
2968 4466 3318 4539 episcopus,
3362 4480 3472 4539 pro
3502 4463 3878 4522 adunatione

2205 4548 2484 4608 facienda
2511 4558 2732 4609 sanctae
2763 4553 3043 4611 ecclesiae.
3083 4555 3220 4611 Hme
3246 4558 3413 4611 sexta
3442 4552 3694 4610 sinodus
3724 4554 3880 4610 Con-

2207 4640 2655 4715 stantinopolim
2687 4647 2822 4701 acta
2846 4649 2951 4701 est.
2988 4643 3097 4702 Ubi
3123 4644 3425 4702 affuerunt
3452 4641 3721 4715 episcopi
3746 4646 3881 4713 150,

2201 4730 2557 4803 praesidente
2574 4732 2822 4804 Georgio
2839 4734 3182 4806 patriarcha
3192 4732 3359 4789 urbis
3370 4731 3632 4802 regiae,et
3642 4730 3881 4788 Macha-

2202 4818 2290 4876 rio
2347 4819 2513 4877 urbis
2551 4820 2899 4891 Antiochiae,
2947 4827 3003 4880 et
3037 4821 3295 4879 convicti
3330 4825 3497 4892 sunt,
3538 4819 3646 4894 qui
3681 4834 3881 4877 unam

2200 4908 2569 4966 voluntatem
2627 4914 2685 4967 et
2735 4911 3151 4984 operationem
3205 4908 3559 4968 astruebant
3597 4907 3665 4965 in
3704 4907 3876 4966 Chri-

2204 5001 2314 5066 sto,
2363 4997 2612 5055 falsasse
2652 5005 2895 5074 patrum
2941 5001 3378 5059 catholicorum
3424 4998 3585 5056 dicta
3625 4996 3877 5072 perplu-

2199 5101 2373 5143 rima.

2274 5177 2641 5247 Tagobertus
2667 5194 2771 5236 rex
2802 5182 3168 5237 Francorum
3195 5177 3635 5237 monasterium
3660 5176 3727 5233 in
3750 5175 3878 5233 Wi-

2200 5263 2506 5322 zenburck
2561 5268 2891 5325 construxit
2938 5285 3100 5328 anno
3145 5267 3385 5327 Domini
3411 5270 3541 5337 623,
3581 5264 3880 5339 regnisui

2204 5356 2295 5412 23.
2328 5352 2456 5412 Huc
2480 5370 2677 5429 usque
2706 5357 2888 5417 Beda.

2553 5529 3107 5603 (Continuatiouem
3133 5550 3192 5594 υ.
3223 5536 3343 5595 cel.
3369 5533 3521 5607 466).

520 5768 631 5839 (52)
659 5766 848 5822 Addit
873 5782 886 5820 :
917 5768 1018 5824 Hic
1046 5788 1217 5832 sacra
1242 5792 1387 5833 ossa
1417 5778 1709 5835 Samuelis
1738 5780 2029 5854 propheta
2058 5783 2138 5844 de
2161 5780 2370 5846 Iudaea
2394 5781 2695 5844 transtulit
2716 5782 2778 5843 in
2801 5785 3093 5846 Traciam.
