3874 6390
38 293 137 346 461
963 297 1048 352 ΕΤ
1085 293 1432 354 LAMBERTI
1471 292 2048 352 ASCHAFNABURG.
2090 299 2267 354 PARS
2304 298 2533 355 PRIOR.
3349 295 3454 350 £62

1202 421 1524 477 ANNALES
1565 420 2298 484 QUEDLINBURGENSES.

113 538 560 595 Valentinianus
590 557 729 596 cum
757 541 934 598 fratre
961 544 1199 601 Valente
1229 562 1421 601 annos
1451 548 1514 599 ll.
1546 543 1954 600 Valentiniano
1984 562 2124 615 ergo
2155 547 2213 602 in
2241 547 2358 603 ﬁde
2404 546 2696 603 catholica
2741 544 2994 601 ﬁdeliter
3047 545 3459 616 permanente,

39 628 224 683 frater
254 645 396 683 suus
427 628 634 684 Valens
657 631 736 685 ab
768 632 1032 688 Eudoxio
1063 634 1312 689 Arriano
1342 633 1624 704 episcopo
1649 633 2068 704 rebaptisatus,
2106 635 2458 690 christianos
2489 632 2884 706 persequitur,
2903 632 2964 687 in
2984 634 3216 687 tantum
3245 636 3310 686 ut
3336 646 3462 685 sua:

40 718 352 788 potestatis
378 717 612 773 decreto
641 722 972 775 monachos
997 722 1273 790 militare,
1291 723 1678 792 nolentesque
1697 720 1951 776 fustibus
1964 724 2197 793 juberet
2222 724 2489 779 interﬁci.
2522 726 2639 778 Hoc
2661 726 2928 793 tempore
2951 735 3097 788 gens
3129 723 3461 789 Hunorum,

39 806 151 860 diu
180 805 499 861 inaccessis
532 807 764 862 seclusa
793 810 1122 876 montibus,
1155 811 1464 882 repentina
1493 810 1658 864 rabie
1693 811 1913 880 percita
1936 813 2154 868 exarsit
2181 813 2242 867 in
2265 813 2506 878 Gothos,
2527 826 2747 882 eosque
2766 809 3022 881 sparsim
3053 807 3460 876 conturbatos,

39 895 124 950 ab
156 895 416 966 antiquis
448 895 688 951 sedibus
721 898 871 953 ultra
901 899 1240 954 Danubium
1271 898 1513 970 expulit.
1549 897 1656 962 Qui
1685 914 1721 953 a
1751 899 1989 954 Valente
2037 901 2395 973 imperatore
2424 901 2549 956 sine
2580 915 2886 955 armorum
2938 897 3308 970 depositione
3340 911 3465 950 sus-

40 984 221 1056 cepti,
276 1000 417 1038 mox
471 983 628 1040 fame
653 1001 759 1057 per
789 987 1103 1042 avaritiam
1128 987 1282 1041 illius
1325 986 1401 1041 ad
1435 985 1848 1041 rebellandum
1901 989 2086 1044 ccacti
2120 994 2274 1056 sunt,
2310 989 2587 1060 victoque
2640 985 3016 1058 imperatoris
3047 985 3324 1051 exercitu,
3358 999 3466 1056 per

38 1072 360 1127 Thraciam
385 1072 801 1145 discurrentes,
825 1076 1030 1130 omnia
1060 1075 1343 1143 caedibus,
1368 1073 1679 1141 incendiis,
1707 1075 2055 1147 rapinisque
2076 1082 2405 1132 vastarunt.
2431 1076 2779 1131 Ambrosius
2804 1079 2860 1130 et
2893 1075 3172 1130 Martinus
3201 1071 3467 1146 episcopi

39 1161 410 1226 claruerunt,
444 1166 498 1216 et
529 1162 698 1216 Gothi
727 1162 982 1218 haeretici
1014 1162 1149 1218 facti
1180 1167 1334 1217 sunt.
1364 1165 1442 1215 Eo
1477 1164 1586 1230 (:53)
1621 1166 1885 1233 tempore
1919 1179 2066 1230 gens
2098 1165 2572 1220 Alamannorum
2602 1178 2791 1235 prava
2819 1179 2888 1217 ac
2919 1162 3182 1233 pessima
3207 1160 3461 1217 rebella-

39 1253 263 1305 verunt
319 1255 526 1305 contra
569 1250 1044 1306 Valentinianum
1098 1251 1537 1322 imperatorem.
1590 1249 1699 1314 Qui
1742 1250 1877 1306 victi
1913 1252 1990 1306 ab
2040 1268 2130 1320 eo,
2181 1269 2360 1325 super
2411 1251 2747 1308 Danubium
2794 1250 3047 1304 ﬂuvium
3078 1250 3379 1319 fugerunt,
3411 1252 3468 1304 et

41 1340 419 1394 intraverunt
448 1339 726 1394 Meotidas
755 1339 1026 1411 paludes.
1065 1340 1212 1395 Dixit
1236 1346 1435 1394 autem
1468 1339 1792 1410 imperator
1827 1357 1838 1393 :
1876 1341 2221 1412 Quicunque
2245 1342 2512 1412 potuerit
2542 1341 2792 1395 introire
2827 1340 2890 1393 in
2916 1339 3170 1407 paludes
3192 1340 3357 1406 istas,
3408 1343 3462 1393 et

42 1434 280 1498 gentem
304 1429 476 1482 istam
499 1444 754 1496 pravam
786 1431 1040 1496 ejecerz't,
1075 1429 1391 1484 concedam
1425 1430 1503 1482 eis
1537 1428 1763 1483 tributa
1796 1429 2052 1484 donaria
2075 1431 2249 1484 annis
2284 1435 2367 1484 10.
2403 1429 2573 1495 Quod
2599 1428 2906 1484 audientes
2932 1426 3189 1496 Trojani,
3223 1425 3329 1497 qui
3375 1441 3464 1480 re-

42 1516 248 1588 liquias
279 1521 448 1571 erant
472 1517 761 1572 exercitus
790 1519 1099 1572 Antenoris
1129 1516 1407 1586 fugientis
1445 1517 1517 1570 dc
1549 1517 1746 1586 Troja,
1782 1522 1837 1571 et
1866 1534 2004 1572 eum
2035 1519 2201 1589 sequi
2229 1533 2352 1573 non
2372 1518 2655 1583 valentes,
2691 1522 2751 1571 t2
2784 1515 2948 1570 milia
3001 1514 3250 1585 ingressi
3281 1513 3470 1570 Meoti-

43 1605 160 1658 das
192 1604 464 1675 paludes,
490 1605 661 1673 juxta
691 1605 972 1659 terminos
1005 1605 1325 1659 Pannonias
1370 1603 1816 1658 aediﬁcaverunt
1861 1605 2157 1660 civitatem
2186 1605 2426 1660 nomine
2462 1605 2874 1672 Sicambriam,
2930 1602 3471 1674 habitaveruntque

43 1694 166 1748 illic
196 1692 396 1747 multis
428 1693 619 1758 annis,
655 1694 846 1748 donec
881 1698 1188 1748 creverunt
1213 1693 1271 1746 in
1295 1697 1530 1761 gentem
1564 1708 1870 1761 magnam.
1924 1694 2178 1762 lngressi
2230 1701 2474 1766 propter
2502 1692 2914 1748 remissionem
2966 1687 3324 1745 decennium
3373 1691 3473 1745 tri-

42 1783 337 1836 butorum
366 1787 502 1853 post
533 1781 881 1848 Almannos,
925 1781 1341 1838 interfecerunt
1402 1798 1526 1837 eos.
1587 1785 1745 1836 Tunc
1778 1782 2099 1854 appellavit
2146 1783 2277 1837 illos
2304 1783 2598 1852 Trojanos
2650 1779 3096 1836 Valentinianus
3151 1778 3476 1850 imperator

45 1870 238 1926 Attica
264 1865 468 1938 lingua
495 1872 774 1930 Francos.
802 1872 915 1925 hoc
946 1875 1032 1925 est
1058 1871 1232 1941 feros,
1265 1885 1300 1925 a
1331 1869 1547 1925 duritia
1573 1871 1666 1924 vel
1699 1870 1954 1926 audacia
1981 1871 2176 1926 cordis
2235 1887 2464 1926 eorum.
2505 1873 2713 1925 Postea
2765 1868 2991 1938 egressi
3030 1884 3065 1923 a
3123 1867 3472 1937 Sicambria,

45 1965 343 2015 Venerunt
369 1959 429 2012 in
461 1959 840 2014 Germaniam
865 1961 1032 2030 juxta
1051 1960 1321 2013 Rhenum
1352 1960 1623 2026 fluvium,
1657 1960 1946 2015 habentes
1977 1976 2154 2032 super
2183 1977 2245 2015 se
2277 1960 2429 2015 duos
2461 1959 2778 2031 principes,
2809 1958 3111 2013 Priamum
3141 1961 3198 2012 et
3224 1961 3478 2013 Anteno-

45 2064 200 2103 rem.
232 2047 341 2112 Qui
367 2047 722 2103 rebellantes
756 2053 964 2103 contra
996 2052 1294 2103 Romanos
1324 2048 1458 2102 victi
1484 2054 1639 2113 sunt,
1665 2049 1742 2103 ab
1769 2050 2105 2104 Aristarcho
2129 2049 2395 2121 principe
2418 2048 2638 2103 militize
2666 2052 2722 2102 et
2745 2046 2966 2102 tributo
2988 2043 3477 2115 subjecti,occisis

45 2137 319 2207 utrisque
351 2136 643 2208 praedictis
675 2137 1064 2209 principibus.
1094 2140 1317 2193 Mortuo
1345 2141 1545 2191 autem
1580 2139 1860 2193 Sunnone
1895 2140 2002 2208 (ξεί-ι)
2037 2139 2155 2194 ﬁlio
2187 2137 2518 2202 Antenoris,
2551 2140 2608 2192 et
2653 2134 3038 2192 Marchomire
3067 2134 3190 2190 ﬁlio
3243 2133 3476 2202 Priami,

47 2225 158 2298 qui
191 2239 370 2296 super
402 2227 659 2279 Francos
686 2226 977 2280 defunctis
1008 2225 1278 2297 patribus
1303 2231 1720 2293 regnaverunt,
1750 2227 2057 2296 elegerunt
2086 2225 2538 2283 Faramundum
2568 2223 2932 2280 Marco:..iris
2960 2222 3168 2289 ﬁlium,
3202 2227 3261 2279 et
3284 2222 3478 2279 eleva-

49 2318 269 2368 verunt
300 2329 437 2367 eum
467 2329 645 2384 super
673 2330 735 2369 se
756 2330 959 2381 regem
978 2313 1273 2368 crinitum.
1305 2314 1524 2368 Exhinc
1554 2314 1758 2369 Franci
1781 2315 2022 2370 crinitos
2051 2332 2218 2385 reges
2235 2315 2456 2370 habere
2478 2315 2785 2385 coeperunt
2805 2328 2996 2384 usque
3017 2310 3095 2368 ad
3124 2310 3480 2368 Hildericum

48 2417 279 2470 regem,
314 2402 485 2472 cujus
517 2402 823 2474 Pippinus,
858 2402 1060 2471 magni
1094 2402 1304 2469 Caroli,
1334 2403 1435 2473 qui
1468 2403 1663 2471 major
1691 2403 1908 2457 domus
1941 2404 2290 2474 vocabatur,
2324 2407 2511 2474 pater,
2547 2416 2799 2470 regnum
2830 2399 3009 2454 simul
3040 2416 3178 2455 cum
3235 2399 3480 2456 nomine

50 2490 276 2562 rapuit.
311 2494 533 2545 Mortuo
561 2491 958 2559 Faramundo,
982 2491 1252 2560 regnavit
1280 2491 1545 2545 (Ihlodio.
1593 2494 1726 2546 Post
1779 2491 2124 2547 Clodionem
2158 2491 2488 2560 Meroingus
2541 2490 2674 2559 (:55),
2725 2504 2764 2543 a
2792 2504 2916 2559 quo
2943 2487 3146 2544 Franci
3202 2487 3481 2557 Meroingi

48 2579 252 2635 vocati
284 2584 438 2634 sunt.
473 2582 607 2634 Post
633 2580 999 2648 Meroingum
1029 2579 1184 2634 ﬁlius
1217 2596 1361 2634 suus
1395 2579 1754 2645 Heldericus,
1787 2585 1954 2652 pater
1993 2579 2313 2636 Chlodovei
2343 2579 2498 2647 regis
2518 2577 2719 2644 incliti,
2750 2576 3039 2646 regnavit.
3072 2575 3171 2631 Hic
3220 2575 3479 2632 Chlodo-

48 2684 206 2723 vens
259 2669 496 2723 abeato
523 2668 789 2737 Remigio
841 2667 1073 2738 primus
1134 2670 1494 2722 Francorum
1552 2683 1761 2735 regum
1829 2684 1966 2722 cum
2024 2667 2189 2722 omni
2246 2666 2506 2722 exercitu
2532 2665 2891 2738 baptisatus,
2919 2663 3146 2735 expulit
3203 2661 3480 2732 Egidium

49 2756 368 2812 consulem
402 2759 761 2824 Romanum,
793 2754 1101 2826 ﬁliumque
1127 2755 1256 2823 ejus
1288 2754 1584 2822 Siagrium
1613 2754 1849 2821 occidit,
1909 2755 2157 2826 tulitque
2207 2755 2490 2812 Martiano
2547 2751 2891 2825 imperatori
2929 2749 3183 2824 quiquid
3230 2753 3483 2812 Romani

46 2849 209 2903 intra
242 2846 512 2901 Rhenum
555 2849 612 2900 et
634 2845 898 2913 Ligerem
928 2844 1140 2898 ﬂuvios
1165 2843 1574 2914 possidebant.
1611 2846 1744 2899 Post
1774 2848 2028 2899 mortem
2057 2843 2378 2901 Chlodovei
2407 2847 2666 2916 quatuor
2692 2842 2796 2897 ﬁlii
2853 2841 2983 2912 ejus
3033 2855 3289 2909 regnum
3345 2839 3477 2910 ejus

47 2935 208 2989 inter
235 2950 294 2988 se
322 2933 655 2988 diviserunt
707 2931 1032 3004 aequaliter,
1085 2930 1146 2984 id
1198 2935 1287 2985 est
1329 2929 1766 2997 Chlodomirus,
1826 2931 2204 2999 Hildibertus,
2234 2930 2572 2994 Lotharius,
2631 2934 2687 2986 et
2714 2932 2882 2998 Hugo
2934 2927 3358 2996 Theodoricus,
3404 2927 3479 2983 de

50 3022 400 3079 concubina
451 3021 704 3090 genitus,
753 3021 876 3092 qui,
941 3020 1084 3074 data
1132 3023 1286 3073 terra
1336 3018 1777 3086 Thuringorum
1835 3021 2101 3076 maxima
2153 3037 2225 3074 ex
2281 3023 2448 3092 parte
2505 3017 2865 3086 Saxonibus,
2921 3016 3023 3088 qui
3065 3020 3483 3073 remanserant

55 3109 400 3179 Thuringos
454 3109 630 3179 regiis
689 3108 989 3164 territoriis
1019 3108 1152 3163 fecit
1206 3107 1549 3162 tributarios
1582 3107 1642 3162 in
1691 3109 1908 3179 porcis.
1938 3113 2161 3165 Mortuo
2192 3107 2584 3175 Theodorico,
2616 3105 2889 3175 regnavit
2907 3105 3290 3160 Theobertus.
3348 3108 3484 3162 Post

53 3200 226 3256 illum
254 3199 655 3254 'l‘heobaldus.
687 3201 909 3253 Mortuo
938 3198 1298 3262 Theobaldo,
1334 3197 1607 3264 regnavit
1634 3197 1960 3253 Lotharius.
1993 3202 2129 3254 Post
2158 3198 2318 3253 hunc
2367 3195 2731 3269 Helpericus.
2793 3197 2926 3250 Post
2969 3194 3130 3249 hunc
3164 3193 3473 3249 Lotharius

53 3293 226 3363 pater
249 3287 563 3354 Dagoberti
591 3287 769 3356 regis.
806 3287 903 3341 Hic
937 3285 1265 3355 Lotharius,
1292 3285 1491 3340 occiso
1525 3283 1839 3340 Bertholdo
1863 3286 2015 3340 duce
2041 3289 2370 3354 Saxonum,
2402 3288 2458 3340 et
2487 3285 2810 3356 pervagata
2838 3281 3004 3338 omni
3062 3286 3218 3338 terra
3246 3297 3478 3352 eorum,

52 3377 292 3435 nullum
323 3376 633 3431 hominem
671 3375 1005 3444 longiorem
1038 3375 1098 3429 in
1129 3391 1220 3444 ea,
1249 3374 1547 3429 viventem
1577 3373 1831 3444 reliquit,
1861 3389 2049 3445 quam
2080 3373 2317 3444 gladius
2345 3390 2488 3428 suus
2518 3372 2727 3438 fuerat,
2763 3386 2944 3442 quem
2975 3373 3211 3441 spatam
3235 3374 3476 3426 vocant.

54 3471 281 3525 Mortuo
308 3465 663 3530 Dagobcrto,
694 3465 963 3528 regnavit
995 3469 1132 3534 post
1161 3479 1299 3518 eum
1335 3463 1493 3517 ﬁlius
1551 3463 1678 3533 ejus
1711 3462 2053 3530 Sigobertus
2101 3466 2157 3516 et
2187 3461 2537 3516 Clodovens.
2579 3463 2715 3514 Post
2744 3457 3109 3514 Clodoveum
3144 3457 3476 3512 Lotharius.

55 3560 194 3613 Post
221 3569 359 3609 eum
386 3556 592 3608 fratres
623 3553 752 3622 ejus
779 3553 1178 3607 Theodericus
1205 3557 1261 3606 et
1289 3552 1629 3606 Hildericus.
1661 3555 1794 3605 Erat
1833 3550 1990 3605 enim
2021 3550 2147 3620 ipse
2183 3548 2508 3603 Hildericus
2540 3547 2685 3602 levis
2717 3545 2914 3612 nimis,
2967 3545 3081 3599 sub
3127 3545 3297 3614 cujus
3331 3550 3476 3601 tem-

52 3659 201 3718 pore
228 3643 491 3714 Pipinus,
517 3642 676 3696 filius
699 3641 960 3710 Ansgisi,
994 3643 1188 3711 major
1213 3641 1431 3696 domus
1461 3646 1604 3696 erat.
1639 3644 1774 3695 Post
1800 3641 1958 3694 hunc
1987 3637 2569 3693 administrationem
2601 3634 2750 3690 aulae
2782 3632 3046 3692 Carolus.
3099 3631 3255 3686 ﬁlius
3315 3633 3466 3703 ejus,

54 3732 444 3806 procurabat.
482 3733 609 3796 Quo
632 3736 890 3796 mortuo,
921 3729 1126 3784 ultimo
1158 3729 1594 3797 Meroingorum
1621 3728 1909 3783 Hilderico
1934 3743 2117 3796 regno
2149 3725 2405 3792 sublato,
2441 3723 2744 3795 Pippinus,
2778 3720 2967 3778 Caroli
2996 3719 3179 3789 ﬁlius,
3235 3721 3476 3778 decreto

52 3821 349 3878 Zachariae
382 3836 555 3892 papae
587 3835 658 3874 ex
688 3818 954 3891 palatino
984 3818 1198 3873 comite
1224 3818 1285 3872 in
1316 3833 1518 3886 regem
1543 3818 1814 3888 ungitur;
1847 3819 1947 3888 qui
1979 3815 2181 3886 genuit
2206 3813 2484 3870 Carolum
2513 3815 2814 3882 Magnum.

131 3912 264 3964 Post
293 3908 771 3964 Valentinianum
802 3907 1115 3962 Gratianus
1142 3907 1470 3979 imperator
1498 3906 1672 3962 annis
1694 3912 1725 3961 6
1753 3906 2043 3975 regnavit,
2078 3921 2216 3960 cum
2244 3901 2656 3958 Valentiniano
2685 3899 2883 3956 fratre.

131 3998 576 4053 Valentinianus
609 4013 748 4052 cum
778 3995 1110 4052 Theodosio
1136 3997 1310 4051 annis
1343 4002 1395 4052 9.

131 4086 496 4143 Theodosius
525 4102 661 4140 cum
688 4085 940 4140 Arcadio
966 4084 1088 4140 ﬁlio
1117 4084 1290 4140 annis
1326 4089 1409 4140 tl.
1441 4084 1833 4156 Hieronymus
1861 4080 2153 4155 presbiter
2179 4079 2344 4154 apud
2371 4079 2709 4136 Bethlehem
2740 4093 2920 4151 super
2945 4092 3158 4134 omnes
3196 4076 3474 4134 historio-

51 4176 322 4249 graphos
346 4175 573 4230 enituit.

129 4263 439 4333 Arcadius,
469 4263 622 4318 ﬁlius
656 4262 993 4328 Theodosii,
1027 4277 1165 4318 cum
1191 4261 1367 4317 fratre
1406 4262 1671 4316 Honorto
1697 4259 1870 4314 annis
1903 4263 1987 4315 l3.
2021 4258 2313 4315 Honorius
2335 4274 2474 4314 cum
2503 4255 2842 4312 Theodosio
2865 4255 3116 4322 minore,
3159 4251 3352 4310 fratris
3381 4251 3474 4308 sui

47 4353 292 4412 Arcadii
320 4353 463 4419 ﬁlio,
497 4352 670 4407 annis
701 4357 781 4407 t2.
814 4351 1082 4407 Alaricus
1113 4367 1214 4406 rex
1247 4351 1575 4406 Gothorum
1603 4353 1853 4404 Romam
1882 4349 2131 4414 invasit;
2161 4353 2218 4403 et
2244 4347 2498 4419 septimo
2521 4345 2759 4402 Honorii
2788 4343 3092 4413 regnantis
3122 4355 3284 4398 anno
3311 4355 3470 4397 reve-

47 4442 197 4500 lavit
225 4444 378 4496 Deus
410 4441 668 4496 Luciano
697 4439 1025 4512 presbitero
1055 4438 1381 4494 venerabili
1408 4454 1661 4510 corpora
1691 4440 2057 4502 sanctorum,
2091 4435 2279 4490 sancti
2336 4433 2618 4505 Stephani
2643 4430 3119 4504 protomartyris,
3164 4434 3222 4485 et
3253 4431 3469 4486 Gama-

47 4532 204 4589 lielis
234 4529 336 4601 qui
359 4529 566 4585 doctor
592 4529 844 4602 apostoli
874 4529 1034 4585 Pauli
1057 4534 1201 4595 erat,
1231 4532 1287 4583 et
1317 4528 1418 4583 ﬁlii
1450 4529 1579 4598 ejus
1610 4527 1864 4592 Abihon,
1898 4530 1953 4580 et
1984 4522 2307 4592 Nicodemi,
2339 4522 2444 4594 qui
2461 4521 2618 4577 venit
2638 4520 2714 4576 ad
2743 4522 2943 4574 Jesum
2964 4522 3136 4574 nocte
3153 4517 3421 4590 primum
3449 4536 3463 4574 :

48 4636 190 4694 quae
220 4619 519 4674 Johannes
557 4617 1129 4688 llicrosolymitan‘is
1171 4617 1489 4689 episcopus
1518 4615 1579 4669 in
1613 4619 1883 4670 sanctam
1916 4629 2054 4668 cum
2079 4609 2346 4666 maximo
2373 4610 2599 4664 honore
2631 4607 2928 4663 transtulit
2968 4605 3279 4662 ecclesiam
3305 4604 3463 4662 Sion.

50 4706 434 4766 Hieronimus
465 4707 758 4778 presbiter
792 4709 876 4761 12.
911 4705 1148 4761 Honorii
1180 4721 1340 4760 anno
1370 4703 1534 4775 apud
1564 4703 1900 4758 Bethlehem
1935 4701 2099 4767 obiit,
2124 4700 2308 4755 anno’
2334 4697 2517 4753 aetatis
2548 4713 2666 4751 suae
2687 4700 2776 4752 9t.

123 4795 492 4852 Theodosius
520 4795 734 4860 minor,
765 4794 999 4848 Arcadii
1023 4793 1200 4864 ﬁlius,
1233 4793 1407 4848 annis
1437 4796 1524 4849 ‘26.
1580 4791 1966 4862 Augustinus,
2011 4786 2433 4861 Hypponensis
2471 4785 2788 4858 episcopus
2819 4786 2876 4839 et
2927 4786 3148 4838 sanctae
3203 4779 3467 4839 ecclesia

44 4887 264 4942 doctor
289 4884 562 4953 eximius,
595 4883 758 4938 obiit.
786 4883 970 4952 Hujus
1001 4882 1320 4940 Theodosii
1345 4886 1612 4954 tempore
1638 4881 1815 4937 Bleda
1839 4884 1896 4936 et
1918 4878 2094 4935 Attila
2124 4878 2332 4934 fratres
2353 4876 2416 4931 in
2447 4875 2631 4930 Hunis
2662 4875 3063 4942 regnaverunt
3103 4875 3160 4928 et
3188 4869 3467 4926 llliricum

43 4972 484 5045 Thraciamque
516 4971 860 5044 depopulati
897 4974 1052 5026 sunt.

119 5044 441 5118 Martianus
472 5078 609 5115 cum
636 5060 1064 5127 Valentiniano,
1096 5059 1367 5115 Placidiae
1388 5059 1530 5126 ﬁlio,
1567 5074 1758 5115 annos
1786 5065 1839 5113 7.
1873 5056 2044 5127 Angli
2084 5059 2302 5112 terram
2350 5067 2537 5127 quam
2570 5067 2730 5108 nunc
2762 5049 2908 5106 Dani
2932 5047 3245 5121 pessident
3289 5044 3466 5102 relin-

39 5154 326 5226 quentes,
361 5167 499 5205 cum
524 5165 661 5218 rege
693 5167 800 5204 suo
823 5149 1138 5218 Anglingo,
1171 5149 1457 5205 invitante
1489 5153 1544 5205 et
1573 5149 1942 5205 conducente
1973 5163 2075 5203 eos
2108 5161 2246 5216 rege
2275 5143 2636 5214 Vertigerno,
2683 5144 2889 5198 contra
2921 5138 3130 5197 Scotos
3161 5144 3218 5196 et
3275 5136 3469 5193 Pictos

41 5239 420 5300 Britanniam
440 5244 668 5312 petunt.
703 5239 1142 5296 Calcedonense
1171 5238 1492 5296 concilium
1522 5239 1635 5296 sub
1682 5242 1874 5296 Leone
1926 5251 2088 5311 papa
2116 5233 2507 5294 collocutione
2549 5236 2653 5289 630
2704 5233 2944 5305 patrum
2993 5231 3210 5303 agitur.
3242 5229 3470 5286 Mortuo

115 5601 233 5671 (53)
276 5597 412 5671 Quae
440 5601 790 5671 sequuntur,
817 5612 886 5649 ex
912 5596 1096 5652 Gestis
1127 5612 1339 5669 regum
1370 5600 1734 5656 Francorum
1765 5597 2086 5658 ﬂuxerunt.

116 5668 212 5739 (54
274 5669 361 5724 ita
392 5668 648 5736 correxi,
692 5668 981 5722 Surmone
1012 5685 1061 5724 c.

116 5669 236 5814 (55;
272 5741 359 5797 ita
389 5740 626 5796 correxi
656 5738 751 5794 hic
777 5744 831 5794 et
855 5739 918 5794 in
951 5757 1061 5812 3qu

116 5738 233 5814 (55)
272 5741 359 5797 ita
389 5740 626 5796 correxi
656 5738 751 5794 hic
777 5744 831 5794 et
855 5739 918 5794 in
951 5743 1346 5812 sequentibus.
1369 5744 1686 5814 Merongus
1711 5759 1760 5800 c.
