  <div class='ocr_page' id='page_1' title='image "/cluster/home/n/w/nwhite01/storage/ocr_20150623/140-141/uc1.31175018559917/807.png"; bbox 0 0 3874 6374; ppageno 0'>
   <div class='ocr_carea' id='block_1_1' title="bbox 503 265 3857 335">
    <p class='ocr_par' dir='ltr' id='par_1_1' title="bbox 503 265 3857 335">
     <span class='ocr_line' id='line_1_1' title="bbox 503 265 3857 335; baseline -0.003 -5"><span class='ocrx_word' id='word_1_1' title='bbox 503 278 606 332; x_wconf 75' lang='grc'>463</span> <span class='ocrx_word' id='word_1_2' title='bbox 1392 274 1650 329; x_wconf 77' lang='lat' dir='ltr'>ANNAL.</span> <span class='ocrx_word' id='word_1_3' title='bbox 1696 270 2159 333; x_wconf 80' lang='lat' dir='ltr'>HlLDESHElM.,</span> <span class='ocrx_word' id='word_1_4' title='bbox 2200 267 2593 335; x_wconf 85' lang='lat' dir='ltr'>QUEDLINB.,</span> <span class='ocrx_word' id='word_1_5' title='bbox 2633 265 3008 324; x_wconf 72' lang='lat' dir='ltr'>WEISSEMB.</span> <span class='ocrx_word' id='word_1_6' title='bbox 3798 267 3857 320; x_wconf 64' lang='lat' dir='ltr'>Ml</span> 
     </span>
    </p>
   </div>
   <div class='ocr_carea' id='block_1_2' title="bbox 1657 389 2739 456">
    <p class='ocr_par' dir='ltr' id='par_1_2' title="bbox 1657 389 2739 456">
     <span class='ocr_line' id='line_1_2' title="bbox 1657 389 2739 456; baseline -0.003 -9"><span class='ocrx_word' id='word_1_7' title='bbox 1657 393 1980 448; x_wconf 64' lang='lat' dir='ltr'>ANNAIES</span> <span class='ocrx_word' id='word_1_8' title='bbox 2029 389 2739 456; x_wconf 80' lang='lat' dir='ltr'>QUEDLINBURGENSES</span> 
     </span>
    </p>
   </div>
   <div class='ocr_carea' id='block_1_3' title="bbox 502 507 3851 588">
    <p class='ocr_par' dir='ltr' id='par_1_3' title="bbox 502 507 3851 588">
     <span class='ocr_line' id='line_1_3' title="bbox 502 507 3851 588; baseline -0.003 -13"><span class='ocrx_word' id='word_1_9' title='bbox 502 520 698 587; x_wconf 88' lang='lat' dir='ltr'>Bleda,</span> <span class='ocrx_word' id='word_1_10' title='bbox 723 519 895 574; x_wconf 76' lang='lat' dir='ltr'>Attila</span> <span class='ocrx_word' id='word_1_11' title='bbox 924 520 1050 588; x_wconf 89' lang='lat' dir='ltr'>ejus</span> <span class='ocrx_word' id='word_1_12' title='bbox 1076 518 1254 574; x_wconf 77' lang='lat' dir='ltr'>frater</span> <span class='ocrx_word' id='word_1_13' title='bbox 1285 531 1527 573; x_wconf 89' lang='lat' dir='ltr'>omnem</span> <span class='ocrx_word' id='word_1_14' title='bbox 1553 530 1705 588; x_wconf 91' lang='lat' dir='ltr'>pene</span> <span class='ocrx_word' id='word_1_15' title='bbox 1731 515 1979 571; x_wconf 77' lang='lat' dir='ltr'>Galliam</span> <span class='ocrx_word' id='word_1_16' title='bbox 2008 512 2358 582; x_wconf 89' lang='lat' dir='ltr'>devastavit,</span> <span class='ocrx_word' id='word_1_17' title='bbox 2391 527 2516 584; x_wconf 91' lang='lat' dir='ltr'>quo</span> <span class='ocrx_word' id='word_1_18' title='bbox 2543 526 2756 584; x_wconf 91' lang='lat' dir='ltr'>usque,</span> <span class='ocrx_word' id='word_1_19' title='bbox 2783 512 2903 565; x_wconf 90' lang='lat' dir='ltr'>Deo</span> <span class='ocrx_word' id='word_1_20' title='bbox 2933 511 3255 576; x_wconf 80' lang='lat' dir='ltr'><strong>annuente,</strong></span> <span class='ocrx_word' id='word_1_21' title='bbox 3297 523 3405 581; x_wconf 89' lang='lat' dir='ltr'>per</span> <span class='ocrx_word' id='word_1_22' title='bbox 3463 507 3749 579; x_wconf 79' lang='lat' dir='ltr'>Egidium</span> <span class='ocrx_word' id='word_1_23' title='bbox 3791 512 3851 580; x_wconf 27' lang='lat'>(56,</span> 
     </span>
    </p>
   </div>
   <div class='ocr_carea' id='block_1_4' title="bbox 497 596 3858 680">
    <p class='ocr_par' dir='ltr' id='par_1_4' title="bbox 497 596 3858 680">
     <span class='ocr_line' id='line_1_4' title="bbox 497 596 3858 680; baseline -0.002 -17"><span class='ocrx_word' id='word_1_24' title='bbox 497 607 801 680; x_wconf 90' lang='lat' dir='ltr'>patritium</span> <span class='ocrx_word' id='word_1_25' title='bbox 833 610 889 661; x_wconf 83' lang='lat' dir='ltr'>et</span> <span class='ocrx_word' id='word_1_26' title='bbox 913 605 1391 671; x_wconf 87' lang='lat' dir='ltr'>Thurismodum,</span> <span class='ocrx_word' id='word_1_27' title='bbox 1422 604 1727 659; x_wconf 85' lang='lat' dir='ltr'>Remensis</span> <span class='ocrx_word' id='word_1_28' title='bbox 1769 605 1881 673; x_wconf 81' lang='grc'>(57)</span> <span class='ocrx_word' id='word_1_29' title='bbox 1940 601 2188 658; x_wconf 86' lang='lat' dir='ltr'>civitatis</span> <span class='ocrx_word' id='word_1_30' title='bbox 2216 600 2549 673; x_wconf 87' lang='lat' dir='ltr'>principem</span> <span class='ocrx_word' id='word_1_31' title='bbox 2571 599 2904 665; x_wconf 89' lang='lat' dir='ltr'>Gothicum,</span> <span class='ocrx_word' id='word_1_32' title='bbox 2957 596 3199 668; x_wconf 90' lang='lat' dir='ltr'>fugatus</span> <span class='ocrx_word' id='word_1_33' title='bbox 3229 601 3335 653; x_wconf 91' lang='lat' dir='ltr'>est.</span> <span class='ocrx_word' id='word_1_34' title='bbox 3395 599 3477 653; x_wconf 88' lang='lat' dir='ltr'>Eo</span> <span class='ocrx_word' id='word_1_35' title='bbox 3502 600 3774 671; x_wconf 89' lang='lat' dir='ltr'>tempore</span> <span class='ocrx_word' id='word_1_36' title='bbox 3802 601 3858 654; x_wconf 79' lang='lat' dir='ltr'>Er-</span> 
     </span>
    </p>
   </div>
   <div class='ocr_carea' id='block_1_5' title="bbox 495 685 3858 766">
    <p class='ocr_par' dir='ltr' id='par_1_5' title="bbox 495 685 3858 766">
     <span class='ocr_line' id='line_1_5' title="bbox 495 685 3858 766; baseline -0.002 -16"><span class='ocrx_word' id='word_1_37' title='bbox 495 695 797 751; x_wconf 87' lang='lat' dir='ltr'>manricus</span> <span class='ocrx_word' id='word_1_38' title='bbox 828 711 1009 766; x_wconf 81' lang='lat' dir='ltr'>super</span> <span class='ocrx_word' id='word_1_39' title='bbox 1035 709 1243 750; x_wconf 91' lang='lat' dir='ltr'>omnes</span> <span class='ocrx_word' id='word_1_40' title='bbox 1273 693 1491 749; x_wconf 87' lang='lat' dir='ltr'>Gothos</span> <span class='ocrx_word' id='word_1_41' title='bbox 1517 692 1807 763; x_wconf 81' lang='lat' dir='ltr'>regnavit,</span> <span class='ocrx_word' id='word_1_42' title='bbox 1839 691 2087 747; x_wconf 89' lang='lat' dir='ltr'>astutior</span> <span class='ocrx_word' id='word_1_43' title='bbox 2114 691 2175 746; x_wconf 92' lang='lat' dir='ltr'>in</span> <span class='ocrx_word' id='word_1_44' title='bbox 2205 689 2365 756; x_wconf 91' lang='lat' dir='ltr'>dolo,</span> <span class='ocrx_word' id='word_1_45' title='bbox 2398 688 2619 757; x_wconf 89' lang='lat' dir='ltr'>largior</span> <span class='ocrx_word' id='word_1_46' title='bbox 2669 687 2730 744; x_wconf 93' lang='lat' dir='ltr'>in</span> <span class='ocrx_word' id='word_1_47' title='bbox 2759 687 2967 756; x_wconf 93' lang='lat' dir='ltr'>domo,</span> <span class='ocrx_word' id='word_1_48' title='bbox 3024 685 3129 759; x_wconf 90' lang='lat' dir='ltr'>qui</span> <span class='ocrx_word' id='word_1_49' title='bbox 3154 690 3291 759; x_wconf 89' lang='lat' dir='ltr'>post</span> <span class='ocrx_word' id='word_1_50' title='bbox 3317 690 3579 742; x_wconf 88' lang='lat' dir='ltr'>mortem</span> <span class='ocrx_word' id='word_1_51' title='bbox 3638 688 3858 745; x_wconf 85' lang='lat' dir='ltr'>Friderici</span> 
     </span>
    </p>
   </div>
   <div class='ocr_carea' id='block_1_6' title="bbox 493 774 3858 854">
    <p class='ocr_par' dir='ltr' id='par_1_6' title="bbox 493 774 3858 854">
     <span class='ocr_line' id='line_1_6' title="bbox 493 774 3858 854; baseline -0.001 -16"><span class='ocrx_word' id='word_1_52' title='bbox 493 784 651 839; x_wconf 90' lang='lat' dir='ltr'>unici</span> <span class='ocrx_word' id='word_1_53' title='bbox 678 783 782 838; x_wconf 79' lang='lat' dir='ltr'>filii</span> <span class='ocrx_word' id='word_1_54' title='bbox 809 783 921 853; x_wconf 89' lang='lat' dir='ltr'>sui,</span> <span class='ocrx_word' id='word_1_55' title='bbox 956 798 1063 838; x_wconf 91' lang='lat' dir='ltr'>sua</span> <span class='ocrx_word' id='word_1_56' title='bbox 1094 786 1430 854; x_wconf 88' lang='lat' dir='ltr'>perpetrata</span> <span class='ocrx_word' id='word_1_57' title='bbox 1463 784 1571 851; x_wconf 70' lang='lat'>(58)</span> <span class='ocrx_word' id='word_1_58' title='bbox 1602 781 1924 849; x_wconf 83' lang='lat' dir='ltr'>voluntate,</span> <span class='ocrx_word' id='word_1_59' title='bbox 1956 779 2252 853; x_wconf 84' lang='lat' dir='ltr'>patrueles</span> <span class='ocrx_word' id='word_1_60' title='bbox 2281 794 2421 833; x_wconf 91' lang='lat' dir='ltr'>suos</span> <span class='ocrx_word' id='word_1_61' title='bbox 2444 777 2779 833; x_wconf 88' lang='lat' dir='ltr'>Embricam</span> <span class='ocrx_word' id='word_1_62' title='bbox 2806 781 2862 832; x_wconf 90' lang='lat' dir='ltr'>et</span> <span class='ocrx_word' id='word_1_63' title='bbox 2914 775 3153 831; x_wconf 86' lang='lat' dir='ltr'>Fritlam</span> <span class='ocrx_word' id='word_1_64' title='bbox 3185 776 3299 847; x_wconf 85' lang='lat'><strong>(59)</strong></span> <span class='ocrx_word' id='word_1_65' title='bbox 3347 774 3627 848; x_wconf 87' lang='lat' dir='ltr'>patibulo</span> <span class='ocrx_word' id='word_1_66' title='bbox 3664 793 3858 850; x_wconf 87' lang='lat' dir='ltr'>suspen-</span> 
     </span>
    </p>
   </div>
   <div class='ocr_carea' id='block_1_7' title="bbox 492 862 3858 941">
    <p class='ocr_par' dir='ltr' id='par_1_7' title="bbox 492 862 3858 941">
     <span class='ocr_line' id='line_1_7' title="bbox 492 862 3858 941; baseline -0.001 -15"><span class='ocrx_word' id='word_1_67' title='bbox 492 871 594 926; x_wconf 89' lang='lat' dir='ltr'>dit.</span> <span class='ocrx_word' id='word_1_68' title='bbox 626 870 1056 926; x_wconf 87' lang='lat' dir='ltr'>Theodoricum</span> <span class='ocrx_word' id='word_1_69' title='bbox 1086 870 1366 937; x_wconf 83' lang='lat' dir='ltr'>similiter,</span> <span class='ocrx_word' id='word_1_70' title='bbox 1400 869 1730 941; x_wconf 85' lang='lat' dir='ltr'>patruelem</span> <span class='ocrx_word' id='word_1_71' title='bbox 1778 884 1977 937; x_wconf 91' lang='lat' dir='ltr'>suum,</span> <span class='ocrx_word' id='word_1_72' title='bbox 2009 865 2410 923; x_wconf 88' lang='lat' dir='ltr'>instimulante</span> <span class='ocrx_word' id='word_1_73' title='bbox 2438 864 2710 921; x_wconf 88' lang='lat' dir='ltr'>Odoacro</span> <span class='ocrx_word' id='word_1_74' title='bbox 2756 863 3022 937; x_wconf 87' lang='lat' dir='ltr'>patruele</span> <span class='ocrx_word' id='word_1_75' title='bbox 3078 879 3212 931; x_wconf 89' lang='lat' dir='ltr'>suo,</span> <span class='ocrx_word' id='word_1_76' title='bbox 3243 862 3319 919; x_wconf 92' lang='lat' dir='ltr'>de</span> <span class='ocrx_word' id='word_1_77' title='bbox 3365 866 3602 920; x_wconf 85' lang='lat' dir='ltr'>Verona</span> <span class='ocrx_word' id='word_1_78' title='bbox 3664 865 3858 938; x_wconf 88' lang='lat' dir='ltr'>pulsum</span> 
     </span>
    </p>
   </div>
   <div class='ocr_carea' id='block_1_8' title="bbox 492 950 3855 1031">
    <p class='ocr_par' dir='ltr' id='par_1_8' title="bbox 492 950 3855 1031">
     <span class='ocr_line' id='line_1_8' title="bbox 492 950 3855 1031; baseline -0.001 -16"><span class='ocrx_word' id='word_1_79' title='bbox 492 959 656 1031; x_wconf 90' lang='lat' dir='ltr'>apud</span> <span class='ocrx_word' id='word_1_80' title='bbox 683 958 921 1014; x_wconf 85' lang='lat' dir='ltr'>Attilam</span> <span class='ocrx_word' id='word_1_81' title='bbox 942 957 1179 1013; x_wconf 77' lang='lat' dir='ltr'>exulare</span> <span class='ocrx_word' id='word_1_82' title='bbox 1210 957 1418 1027; x_wconf 79' lang='lat' dir='ltr'>coegit.</span> <span class='ocrx_word' id='word_1_83' title='bbox 1446 956 1643 1013; x_wconf 86' lang='lat' dir='ltr'>Aetius</span> <span class='ocrx_word' id='word_1_84' title='bbox 1672 955 1972 1029; x_wconf 91' lang='lat' dir='ltr'>patricius,</span> <span class='ocrx_word' id='word_1_85' title='bbox 2003 970 2229 1025; x_wconf 85' lang='lat' dir='ltr'>magna</span> <span class='ocrx_word' id='word_1_86' title='bbox 2256 951 2638 1010; x_wconf 89' lang='lat' dir='ltr'>occidentalis</span> <span class='ocrx_word' id='word_1_87' title='bbox 2668 952 2752 1008; x_wconf 91' lang='lat' dir='ltr'>rei</span> <span class='ocrx_word' id='word_1_88' title='bbox 2778 951 3033 1025; x_wconf 77' lang='lat' dir='ltr'>publicae</span> <span class='ocrx_word' id='word_1_89' title='bbox 3064 950 3226 1007; x_wconf 88' lang='lat' dir='ltr'>salus</span> <span class='ocrx_word' id='word_1_90' title='bbox 3246 955 3303 1008; x_wconf 91' lang='lat' dir='ltr'>et</span> <span class='ocrx_word' id='word_1_91' title='bbox 3320 952 3448 1022; x_wconf 91' lang='lat' dir='ltr'>regi</span> <span class='ocrx_word' id='word_1_92' title='bbox 3477 952 3678 1010; x_wconf 64' lang='lat' dir='ltr'>Attila;</span> <span class='ocrx_word' id='word_1_93' title='bbox 3724 954 3855 1010; x_wconf 86' lang='lat' dir='ltr'>etiam</span> 
     </span>
    </p>
   </div>
   <div class='ocr_carea' id='block_1_9' title="bbox 491 1039 3857 1116">
    <p class='ocr_par' dir='ltr' id='par_1_9' title="bbox 491 1039 3857 1116">
     <span class='ocr_line' id='line_1_9' title="bbox 491 1039 3857 1116; baseline -0.002 -14"><span class='ocrx_word' id='word_1_94' title='bbox 491 1051 695 1116; x_wconf 89' lang='lat' dir='ltr'>terror,</span> <span class='ocrx_word' id='word_1_95' title='bbox 738 1063 774 1102; x_wconf 90' lang='lat' dir='ltr'>a</span> <span class='ocrx_word' id='word_1_96' title='bbox 803 1045 1209 1102; x_wconf 84' lang='lat' dir='ltr'>Valentiniano</span> <span class='ocrx_word' id='word_1_97' title='bbox 1231 1045 1465 1116; x_wconf 89' lang='lat' dir='ltr'>juniore</span> <span class='ocrx_word' id='word_1_98' title='bbox 1494 1044 1800 1099; x_wconf 85' lang='lat' dir='ltr'>occiditur.</span> <span class='ocrx_word' id='word_1_99' title='bbox 1830 1046 1977 1101; x_wconf 88' lang='lat' dir='ltr'>Cum</span> <span class='ocrx_word' id='word_1_100' title='bbox 2007 1059 2129 1115; x_wconf 87' lang='lat' dir='ltr'>quo</span> <span class='ocrx_word' id='word_1_101' title='bbox 2172 1041 2522 1114; x_wconf 88' lang='lat' dir='ltr'>Hesperium</span> <span class='ocrx_word' id='word_1_102' title='bbox 2572 1039 2780 1097; x_wconf 85' lang='lat' dir='ltr'>cecidit</span> <span class='ocrx_word' id='word_1_103' title='bbox 2844 1054 3119 1111; x_wconf 77' lang='lat' dir='ltr'>regnum,</span> <span class='ocrx_word' id='word_1_104' title='bbox 3148 1054 3345 1113; x_wconf 89' lang='lat' dir='ltr'>neque</span> <span class='ocrx_word' id='word_1_105' title='bbox 3396 1040 3698 1099; x_wconf 87' lang='lat' dir='ltr'>hactenus</span> <span class='ocrx_word' id='word_1_106' title='bbox 3718 1042 3857 1099; x_wconf 84' lang='lat' dir='ltr'>valuit</span> 
     </span>
    </p>
   </div>
   <div class='ocr_carea' id='block_1_10' title="bbox 488 1135 898 1205">
    <p class='ocr_par' dir='ltr' id='par_1_10' title="bbox 488 1135 898 1205">
     <span class='ocr_line' id='line_1_10' title="bbox 488 1135 898 1205; baseline -0.007 -15"><span class='ocrx_word' id='word_1_107' title='bbox 488 1135 738 1191; x_wconf 75' lang='lat' dir='ltr'>relevari</span> <span class='ocrx_word' id='word_1_108' title='bbox 765 1136 898 1205; x_wconf 87' lang='lat'>(60).</span> 
     </span>
    </p>
   </div>
   <div class='ocr_carea' id='block_1_11' title="bbox 560 1220 2251 1294">
    <p class='ocr_par' dir='ltr' id='par_1_11' title="bbox 560 1220 2251 1294">
     <span class='ocr_line' id='line_1_11' title="bbox 560 1220 2251 1294; baseline -0.003 -15"><span class='ocrx_word' id='word_1_109' title='bbox 560 1227 672 1279; x_wconf 87' lang='lat' dir='ltr'>Leo</span> <span class='ocrx_word' id='word_1_110' title='bbox 701 1224 896 1294; x_wconf 87' lang='lat' dir='ltr'>major</span> <span class='ocrx_word' id='word_1_111' title='bbox 919 1223 1092 1280; x_wconf 87' lang='lat' dir='ltr'>annis</span> <span class='ocrx_word' id='word_1_112' title='bbox 1122 1230 1204 1279; x_wconf 79' lang='lat' dir='ltr'>l7.</span> <span class='ocrx_word' id='word_1_113' title='bbox 1235 1222 1519 1294; x_wconf 72' lang='lat' dir='ltr'>Egyptius</span> <span class='ocrx_word' id='word_1_114' title='bbox 1544 1237 1739 1277; x_wconf 91' lang='lat' dir='ltr'>errore</span> <span class='ocrx_word' id='word_1_115' title='bbox 1772 1220 2032 1277; x_wconf 83' lang='lat' dir='ltr'>Dioscori</span> <span class='ocrx_word' id='word_1_116' title='bbox 2057 1221 2251 1276; x_wconf 89' lang='lat' dir='ltr'>latrat.</span> 
     </span>
    </p>
   </div>
   <div class='ocr_carea' id='block_1_12' title="bbox 559 1312 1223 1368">
    <p class='ocr_par' dir='ltr' id='par_1_12' title="bbox 559 1312 1223 1368">
     <span class='ocr_line' id='line_1_12' title="bbox 559 1312 1223 1368; baseline -0.003 -1"><span class='ocrx_word' id='word_1_117' title='bbox 559 1315 671 1368; x_wconf 86' lang='lat' dir='ltr'>Leo</span> <span class='ocrx_word' id='word_1_118' title='bbox 702 1312 898 1368; x_wconf 91' lang='lat' dir='ltr'>minor</span> <span class='ocrx_word' id='word_1_119' title='bbox 918 1328 1145 1367; x_wconf 92' lang='lat' dir='ltr'>annum</span> <span class='ocrx_word' id='word_1_120' title='bbox 1177 1316 1223 1365; x_wconf 92' lang='grc'>1.</span> 
     </span>
    </p>
   </div>
   <div class='ocr_carea' id='block_1_13' title="bbox 556 1396 2520 1467">
    <p class='ocr_par' dir='ltr' id='par_1_13' title="bbox 556 1396 2520 1467">
     <span class='ocr_line' id='line_1_13' title="bbox 556 1396 2520 1467; baseline -0.003 -12"><span class='ocrx_word' id='word_1_121' title='bbox 556 1404 750 1456; x_wconf 88' lang='lat' dir='ltr'>Zenon</span> <span class='ocrx_word' id='word_1_122' title='bbox 783 1416 975 1455; x_wconf 87' lang='lat' dir='ltr'>annos</span> <span class='ocrx_word' id='word_1_123' title='bbox 1020 1407 1103 1455; x_wconf 77' lang='lat'>17.</span> <span class='ocrx_word' id='word_1_124' title='bbox 1134 1399 1423 1462; x_wconf 81' lang='lat' dir='ltr'>Odoacar.</span> <span class='ocrx_word' id='word_1_125' title='bbox 1456 1417 1559 1455; x_wconf 76' lang='lat' dir='ltr'>rex</span> <span class='ocrx_word' id='word_1_126' title='bbox 1585 1401 1932 1467; x_wconf 88' lang='lat' dir='ltr'>Gothorum,</span> <span class='ocrx_word' id='word_1_127' title='bbox 1969 1401 2217 1457; x_wconf 78' lang='lat' dir='ltr'>Romam</span> <span class='ocrx_word' id='word_1_128' title='bbox 2248 1396 2520 1453; x_wconf 74' lang='lat' dir='ltr'>obtinuit.</span> 
     </span>
    </p>
   </div>
   <div class='ocr_carea' id='block_1_14' title="bbox 554 1483 3856 1560">
    <p class='ocr_par' dir='ltr' id='par_1_14' title="bbox 554 1483 3856 1560">
     <span class='ocr_line' id='line_1_14' title="bbox 554 1483 3856 1560; baseline -0 -17"><span class='ocrx_word' id='word_1_129' title='bbox 554 1489 900 1544; x_wconf 76' lang='lat' dir='ltr'>Anastasius</span> <span class='ocrx_word' id='word_1_130' title='bbox 918 1505 1109 1544; x_wconf 90' lang='lat' dir='ltr'>annos</span> <span class='ocrx_word' id='word_1_131' title='bbox 1138 1494 1225 1543; x_wconf 83' lang='grc'><strong>27.</strong></span> <span class='ocrx_word' id='word_1_132' title='bbox 1249 1488 1586 1556; x_wconf 84' lang='lat' dir='ltr'>Fulgentius</span> <span class='ocrx_word' id='word_1_133' title='bbox 1603 1488 1920 1560; x_wconf 89' lang='lat' dir='ltr'>episcopus</span> <span class='ocrx_word' id='word_1_134' title='bbox 1938 1485 2314 1558; x_wconf 80' lang='lat' dir='ltr'>praedicatur.</span> <span class='ocrx_word' id='word_1_135' title='bbox 2377 1484 2699 1540; x_wconf 86' lang='lat' dir='ltr'>Ermanrici</span> <span class='ocrx_word' id='word_1_136' title='bbox 2720 1483 2875 1553; x_wconf 91' lang='lat' dir='ltr'>regis</span> <span class='ocrx_word' id='word_1_137' title='bbox 2897 1484 3243 1552; x_wconf 88' lang='lat' dir='ltr'>Gothorum,</span> <span class='ocrx_word' id='word_1_138' title='bbox 3274 1500 3308 1540; x_wconf 90' lang='lat' dir='ltr'>a</span> <span class='ocrx_word' id='word_1_139' title='bbox 3328 1484 3619 1543; x_wconf 85' lang='lat' dir='ltr'>fratribus</span> <span class='ocrx_word' id='word_1_140' title='bbox 3648 1488 3856 1544; x_wconf 82' lang='lat' dir='ltr'>Hemido</span> 
     </span>
    </p>
   </div>
   <div class='ocr_carea' id='block_1_15' title="bbox 483 1572 3853 1650">
    <p class='ocr_par' dir='ltr' id='par_1_15' title="bbox 483 1572 3853 1650">
     <span class='ocr_line' id='line_1_15' title="bbox 483 1572 3853 1650; baseline -0.001 -17"><span class='ocrx_word' id='word_1_141' title='bbox 483 1583 539 1633; x_wconf 88' lang='lat' dir='ltr'>et</span> <span class='ocrx_word' id='word_1_142' title='bbox 568 1578 749 1634; x_wconf 89' lang='lat' dir='ltr'>Serila</span> <span class='ocrx_word' id='word_1_143' title='bbox 778 1583 834 1632; x_wconf 87' lang='lat' dir='ltr'>et</span> <span class='ocrx_word' id='word_1_144' title='bbox 862 1578 1186 1642; x_wconf 82' lang='lat' dir='ltr'>Adaccaro,</span> <span class='ocrx_word' id='word_1_145' title='bbox 1219 1593 1475 1649; x_wconf 91' lang='lat' dir='ltr'>quorum</span> <span class='ocrx_word' id='word_1_146' title='bbox 1498 1582 1727 1650; x_wconf 89' lang='lat' dir='ltr'>patrem</span> <span class='ocrx_word' id='word_1_147' title='bbox 1758 1574 2145 1641; x_wconf 86' lang='lat' dir='ltr'>interfecerat,</span> <span class='ocrx_word' id='word_1_148' title='bbox 2175 1572 2501 1646; x_wconf 87' lang='lat' dir='ltr'>amputatis</span> <span class='ocrx_word' id='word_1_149' title='bbox 2532 1573 2813 1628; x_wconf 85' lang='lat' dir='ltr'>manibus</span> <span class='ocrx_word' id='word_1_150' title='bbox 2844 1576 2901 1629; x_wconf 93' lang='lat' dir='ltr'>et</span> <span class='ocrx_word' id='word_1_151' title='bbox 2926 1572 3181 1645; x_wconf 89' lang='lat' dir='ltr'>pedibus</span> <span class='ocrx_word' id='word_1_152' title='bbox 3211 1573 3478 1646; x_wconf 87' lang='lat' dir='ltr'>turpiter,</span> <span class='ocrx_word' id='word_1_153' title='bbox 3529 1576 3614 1632; x_wconf 88' lang='lat' dir='ltr'>uti</span> <span class='ocrx_word' id='word_1_154' title='bbox 3668 1576 3853 1647; x_wconf 85' lang='lat' dir='ltr'>dignus</span> 
     </span>
    </p>
   </div>
   <div class='ocr_carea' id='block_1_16' title="bbox 481 1660 3852 1737">
    <p class='ocr_par' dir='ltr' id='par_1_16' title="bbox 481 1660 3852 1737">
     <span class='ocr_line' id='line_1_16' title="bbox 481 1660 3852 1737; baseline -0.001 -16"><span class='ocrx_word' id='word_1_155' title='bbox 481 1672 626 1733; x_wconf 90' lang='lat' dir='ltr'>erat,</span> <span class='ocrx_word' id='word_1_156' title='bbox 656 1666 876 1722; x_wconf 90' lang='lat' dir='ltr'>occisio</span> <span class='ocrx_word' id='word_1_157' title='bbox 908 1668 1035 1736; x_wconf 83' lang='grc'>(61),</span> <span class='ocrx_word' id='word_1_158' title='bbox 1068 1665 1369 1734; x_wconf 86' lang='lat' dir='ltr'>Amulung</span> <span class='ocrx_word' id='word_1_159' title='bbox 1394 1664 1711 1720; x_wconf 89' lang='lat' dir='ltr'>Theoderic</span> <span class='ocrx_word' id='word_1_160' title='bbox 1736 1664 1982 1731; x_wconf 89' lang='lat' dir='ltr'>dicitur;</span> <span class='ocrx_word' id='word_1_161' title='bbox 2014 1678 2275 1735; x_wconf 88' lang='lat' dir='ltr'>proavus</span> <span class='ocrx_word' id='word_1_162' title='bbox 2307 1679 2450 1717; x_wconf 90' lang='lat' dir='ltr'>suus</span> <span class='ocrx_word' id='word_1_163' title='bbox 2475 1660 2652 1717; x_wconf 85' lang='lat' dir='ltr'>Amul</span> <span class='ocrx_word' id='word_1_164' title='bbox 2679 1661 3030 1728; x_wconf 83' lang='lat' dir='ltr'>vocabatur,</span> <span class='ocrx_word' id='word_1_165' title='bbox 3054 1660 3158 1734; x_wconf 87' lang='lat' dir='ltr'>qui</span> <span class='ocrx_word' id='word_1_166' title='bbox 3185 1662 3513 1719; x_wconf 88' lang='lat' dir='ltr'>Gothorum</span> <span class='ocrx_word' id='word_1_167' title='bbox 3538 1665 3852 1737; x_wconf 85' lang='lat' dir='ltr'>potissimus</span> 
     </span>
    </p>
   </div>
   <div class='ocr_carea' id='block_1_17' title="bbox 482 1748 3853 1824">
    <p class='ocr_par' dir='ltr' id='par_1_17' title="bbox 482 1748 3853 1824">
     <span class='ocr_line' id='line_1_17' title="bbox 482 1748 3853 1824; baseline -0.001 -14"><span class='ocrx_word' id='word_1_168' title='bbox 482 1754 852 1810; x_wconf 87' lang='lat' dir='ltr'>censebatur.</span> <span class='ocrx_word' id='word_1_169' title='bbox 884 1757 949 1809; x_wconf 89' lang='lat' dir='ltr'>Et</span> <span class='ocrx_word' id='word_1_170' title='bbox 972 1754 1078 1809; x_wconf 87' lang='lat' dir='ltr'>iste</span> <span class='ocrx_word' id='word_1_171' title='bbox 1107 1753 1493 1809; x_wconf 84' lang='lat' dir='ltr'>fuitThideric</span> <span class='ocrx_word' id='word_1_172' title='bbox 1523 1753 1598 1808; x_wconf 90' lang='lat' dir='ltr'>de</span> <span class='ocrx_word' id='word_1_173' title='bbox 1624 1755 1829 1816; x_wconf 90' lang='lat' dir='ltr'>Berne,</span> <span class='ocrx_word' id='word_1_174' title='bbox 1853 1752 1927 1807; x_wconf 89' lang='lat' dir='ltr'>de</span> <span class='ocrx_word' id='word_1_175' title='bbox 1957 1767 2079 1824; x_wconf 91' lang='lat' dir='ltr'>quo</span> <span class='ocrx_word' id='word_1_176' title='bbox 2096 1749 2421 1806; x_wconf 88' lang='lat' dir='ltr'>cantabant</span> <span class='ocrx_word' id='word_1_177' title='bbox 2448 1749 2646 1805; x_wconf 89' lang='lat' dir='ltr'>rustici</span> <span class='ocrx_word' id='word_1_178' title='bbox 2671 1749 2833 1805; x_wconf 91' lang='lat' dir='ltr'>olim.</span> <span class='ocrx_word' id='word_1_179' title='bbox 2858 1748 3267 1806; x_wconf 90' lang='lat' dir='ltr'>Theodoricus</span> <span class='ocrx_word' id='word_1_180' title='bbox 3282 1750 3468 1806; x_wconf 77' lang='lat' dir='ltr'>Attilae</span> <span class='ocrx_word' id='word_1_181' title='bbox 3489 1753 3647 1823; x_wconf 87' lang='lat' dir='ltr'>regis</span> <span class='ocrx_word' id='word_1_182' title='bbox 3664 1753 3853 1810; x_wconf 80' lang='lat' dir='ltr'>auxilio</span> 
     </span>
    </p>
   </div>
   <div class='ocr_carea' id='block_1_18' title="bbox 480 1837 3857 1913">
    <p class='ocr_par' dir='ltr' id='par_1_18' title="bbox 480 1837 3857 1913">
     <span class='ocr_line' id='line_1_18' title="bbox 480 1837 3857 1913; baseline -0 -15"><span class='ocrx_word' id='word_1_183' title='bbox 480 1842 539 1898; x_wconf 91' lang='lat' dir='ltr'>in</span> <span class='ocrx_word' id='word_1_184' title='bbox 568 1859 823 1913; x_wconf 81' lang='lat' dir='ltr'>regnum</span> <span class='ocrx_word' id='word_1_185' title='bbox 849 1842 1174 1898; x_wconf 89' lang='lat' dir='ltr'>Gothorum</span> <span class='ocrx_word' id='word_1_186' title='bbox 1200 1840 1498 1907; x_wconf 88' lang='lat' dir='ltr'>reductus,</span> <span class='ocrx_word' id='word_1_187' title='bbox 1532 1858 1707 1896; x_wconf 89' lang='lat' dir='ltr'>suum</span> <span class='ocrx_word' id='word_1_188' title='bbox 1734 1840 2061 1912; x_wconf 91' lang='lat' dir='ltr'>patruelem</span> <span class='ocrx_word' id='word_1_189' title='bbox 2095 1839 2432 1895; x_wconf 90' lang='lat' dir='ltr'>Odoacrum</span> <span class='ocrx_word' id='word_1_190' title='bbox 2460 1838 2521 1893; x_wconf 91' lang='lat' dir='ltr'>in</span> <span class='ocrx_word' id='word_1_191' title='bbox 2544 1841 2825 1894; x_wconf 86' lang='lat' dir='ltr'>Ravenna</span> <span class='ocrx_word' id='word_1_192' title='bbox 2854 1837 3086 1893; x_wconf 84' lang='lat' dir='ltr'>civitate</span> <span class='ocrx_word' id='word_1_193' title='bbox 3134 1843 3567 1911; x_wconf 89' lang='lat' dir='ltr'>expugnatum,</span> <span class='ocrx_word' id='word_1_194' title='bbox 3623 1840 3857 1897; x_wconf 81' lang='lat' dir='ltr'>interve-</span> 
     </span>
    </p>
   </div>
   <div class='ocr_carea' id='block_1_19' title="bbox 477 1925 3857 2000">
    <p class='ocr_par' dir='ltr' id='par_1_19' title="bbox 477 1925 3857 2000">
     <span class='ocr_line' id='line_1_19' title="bbox 477 1925 3857 2000; baseline -0 -14"><span class='ocrx_word' id='word_1_195' title='bbox 477 1930 673 1988; x_wconf 90' lang='lat' dir='ltr'>niente</span> <span class='ocrx_word' id='word_1_196' title='bbox 702 1930 897 1999; x_wconf 88' lang='lat' dir='ltr'>Attila,</span> <span class='ocrx_word' id='word_1_197' title='bbox 929 1946 1002 1985; x_wconf 90' lang='lat' dir='ltr'>ne</span> <span class='ocrx_word' id='word_1_198' title='bbox 1033 1929 1416 1992; x_wconf 87' lang='lat' dir='ltr'>occideretur,</span> <span class='ocrx_word' id='word_1_199' title='bbox 1447 1928 1621 1983; x_wconf 83' lang='lat' dir='ltr'>exilio</span> <span class='ocrx_word' id='word_1_200' title='bbox 1636 1928 2009 2000; x_wconf 88' lang='lat' dir='ltr'>deputatum,</span> <span class='ocrx_word' id='word_1_201' title='bbox 2042 1927 2251 1999; x_wconf 92' lang='lat' dir='ltr'>paucis</span> <span class='ocrx_word' id='word_1_202' title='bbox 2272 1925 2425 1981; x_wconf 89' lang='lat' dir='ltr'>villis</span> <span class='ocrx_word' id='word_1_203' title='bbox 2451 1926 2622 1997; x_wconf 81' lang='lat' dir='ltr'>juxta</span> <span class='ocrx_word' id='word_1_204' title='bbox 2652 1925 3079 1982; x_wconf 88' lang='lat' dir='ltr'>conﬂuenttam</span> <span class='ocrx_word' id='word_1_205' title='bbox 3100 1926 3289 1983; x_wconf 65' lang='lat' dir='ltr'>Albim</span> <span class='ocrx_word' id='word_1_206' title='bbox 3313 1930 3370 1983; x_wconf 88' lang='lat' dir='ltr'>et</span> <span class='ocrx_word' id='word_1_207' title='bbox 3394 1926 3857 1985; x_wconf 67' lang='lat' dir='ltr'>Salmﬂuminum</span> 
     </span>
    </p>
   </div>
   <div class='ocr_carea' id='block_1_20' title="bbox 477 2013 2821 2088">
    <p class='ocr_par' dir='ltr' id='par_1_20' title="bbox 477 2013 2821 2088">
     <span class='ocr_line' id='line_1_20' title="bbox 477 2013 2821 2088; baseline -0.002 -14"><span class='ocrx_word' id='word_1_208' title='bbox 477 2018 741 2076; x_wconf 88' lang='lat' dir='ltr'>donavit.</span> <span class='ocrx_word' id='word_1_209' title='bbox 774 2018 1120 2074; x_wconf 89' lang='lat' dir='ltr'>Anastasius</span> <span class='ocrx_word' id='word_1_210' title='bbox 1149 2021 1350 2073; x_wconf 88' lang='lat' dir='ltr'>autem</span> <span class='ocrx_word' id='word_1_211' title='bbox 1381 2016 1722 2088; x_wconf 88' lang='lat' dir='ltr'>imperator,</span> <span class='ocrx_word' id='word_1_212' title='bbox 1750 2015 2040 2072; x_wconf 80' lang='lat' dir='ltr'>haereticis</span> <span class='ocrx_word' id='word_1_213' title='bbox 2068 2014 2295 2085; x_wconf 87' lang='lat' dir='ltr'>favens,</span> <span class='ocrx_word' id='word_1_214' title='bbox 2318 2014 2565 2069; x_wconf 86' lang='lat' dir='ltr'>fulmine</span> <span class='ocrx_word' id='word_1_215' title='bbox 2588 2013 2821 2070; x_wconf 88' lang='lat' dir='ltr'>interiit.</span> 
     </span>
    </p>
   </div>
   <div class='ocr_carea' id='block_1_21' title="bbox 546 2103 3854 2177">
    <p class='ocr_par' dir='ltr' id='par_1_21' title="bbox 546 2103 3854 2177">
     <span class='ocr_line' id='line_1_21' title="bbox 546 2103 3854 2177; baseline -0 -14"><span class='ocrx_word' id='word_1_216' title='bbox 546 2108 810 2163; x_wconf 86' lang='lat' dir='ltr'>Justinus</span> <span class='ocrx_word' id='word_1_217' title='bbox 841 2107 1012 2163; x_wconf 90' lang='lat' dir='ltr'>annis</span> <span class='ocrx_word' id='word_1_218' title='bbox 1040 2113 1092 2162; x_wconf 85' lang='lat'>9.</span> <span class='ocrx_word' id='word_1_219' title='bbox 1128 2105 1525 2161; x_wconf 88' lang='lat' dir='ltr'>Theodoricus</span> <span class='ocrx_word' id='word_1_220' title='bbox 1558 2109 1742 2160; x_wconf 82' lang='lat' dir='ltr'>Roma</span> <span class='ocrx_word' id='word_1_221' title='bbox 1771 2105 2015 2177; x_wconf 85' lang='lat' dir='ltr'>potitus,</span> <span class='ocrx_word' id='word_1_222' title='bbox 2051 2108 2327 2159; x_wconf 89' lang='lat' dir='ltr'>sanctum</span> <span class='ocrx_word' id='word_1_223' title='bbox 2356 2103 2695 2159; x_wconf 89' lang='lat' dir='ltr'>Johannem</span> <span class='ocrx_word' id='word_1_224' title='bbox 2723 2106 3061 2159; x_wconf 83' lang='lat' dir='ltr'>Romanum</span> <span class='ocrx_word' id='word_1_225' title='bbox 3091 2103 3438 2176; x_wconf 86' lang='lat' dir='ltr'>pontiﬁcem</span> <span class='ocrx_word' id='word_1_226' title='bbox 3483 2104 3545 2160; x_wconf 91' lang='lat' dir='ltr'>in</span> <span class='ocrx_word' id='word_1_227' title='bbox 3596 2107 3854 2162; x_wconf 82' lang='lat' dir='ltr'>Ravenna</span> 
     </span>
    </p>
   </div>
   <div class='ocr_carea' id='block_1_22' title="bbox 477 2191 3853 2265">
    <p class='ocr_par' dir='ltr' id='par_1_22' title="bbox 477 2191 3853 2265">
     <span class='ocr_line' id='line_1_22' title="bbox 477 2191 3853 2265; baseline -0 -13"><span class='ocrx_word' id='word_1_228' title='bbox 477 2212 709 2252; x_wconf 85' lang='lat' dir='ltr'>carcere</span> <span class='ocrx_word' id='word_1_229' title='bbox 771 2199 1018 2263; x_wconf 79' lang='lat' dir='ltr'>lentum,</span> <span class='ocrx_word' id='word_1_230' title='bbox 1063 2194 1143 2250; x_wconf 92' lang='lat' dir='ltr'>ad</span> <span class='ocrx_word' id='word_1_231' title='bbox 1171 2199 1424 2249; x_wconf 85' lang='lat' dir='ltr'>mortem</span> <span class='ocrx_word' id='word_1_232' title='bbox 1452 2210 1644 2265; x_wconf 85' lang='lat' dir='ltr'>usque</span> <span class='ocrx_word' id='word_1_233' title='bbox 1673 2194 2027 2265; x_wconf 90' lang='lat' dir='ltr'>perducens,</span> <span class='ocrx_word' id='word_1_234' title='bbox 2058 2192 2376 2264; x_wconf 62' lang='lat' dir='ltr'>praeclaros</span> <span class='ocrx_word' id='word_1_235' title='bbox 2409 2207 2651 2263; x_wconf 88' lang='lat' dir='ltr'>quoque</span> <span class='ocrx_word' id='word_1_236' title='bbox 2699 2191 2974 2247; x_wconf 91' lang='lat' dir='ltr'>consules</span> <span class='ocrx_word' id='word_1_237' title='bbox 3030 2193 3462 2263; x_wconf 88' lang='lat' dir='ltr'>Symmachum</span> <span class='ocrx_word' id='word_1_238' title='bbox 3514 2197 3572 2249; x_wconf 90' lang='lat' dir='ltr'>et</span> <span class='ocrx_word' id='word_1_239' title='bbox 3617 2195 3853 2251; x_wconf 87' lang='lat' dir='ltr'>Boetium</span> 
     </span>
    </p>
   </div>
   <div class='ocr_carea' id='block_1_23' title="bbox 476 2280 3849 2355">
    <p class='ocr_par' dir='ltr' id='par_1_23' title="bbox 476 2280 3849 2355">
     <span class='ocr_line' id='line_1_23' title="bbox 476 2280 3849 2355; baseline 0 -16"><span class='ocrx_word' id='word_1_240' title='bbox 476 2283 707 2339; x_wconf 86' lang='lat' dir='ltr'>occidit.</span> <span class='ocrx_word' id='word_1_241' title='bbox 743 2288 873 2355; x_wconf 90' lang='lat' dir='ltr'>Ipse</span> <span class='ocrx_word' id='word_1_242' title='bbox 900 2298 1043 2338; x_wconf 91' lang='lat' dir='ltr'>vero</span> <span class='ocrx_word' id='word_1_243' title='bbox 1068 2281 1486 2341; x_wconf 85' lang='lat' dir='ltr'>Theodoricus.</span> <span class='ocrx_word' id='word_1_244' title='bbox 1518 2285 1604 2335; x_wconf 84' lang='lat'>98.</span> <span class='ocrx_word' id='word_1_245' title='bbox 1630 2281 1725 2335; x_wconf 85' lang='lat' dir='ltr'>die</span> <span class='ocrx_word' id='word_1_246' title='bbox 1754 2286 2075 2354; x_wconf 89' lang='lat' dir='ltr'>postquam</span> <span class='ocrx_word' id='word_1_247' title='bbox 2097 2281 2396 2336; x_wconf 84' lang='lat' dir='ltr'>Johannes</span> <span class='ocrx_word' id='word_1_248' title='bbox 2418 2295 2579 2352; x_wconf 89' lang='lat' dir='ltr'>papa</span> <span class='ocrx_word' id='word_1_249' title='bbox 2599 2280 2914 2335; x_wconf 87' lang='lat' dir='ltr'>defunctus</span> <span class='ocrx_word' id='word_1_250' title='bbox 2939 2285 3045 2349; x_wconf 90' lang='lat' dir='ltr'>est,</span> <span class='ocrx_word' id='word_1_251' title='bbox 3070 2280 3385 2337; x_wconf 89' lang='lat' dir='ltr'>subitanea</span> <span class='ocrx_word' id='word_1_252' title='bbox 3404 2287 3596 2338; x_wconf 87' lang='lat' dir='ltr'>morte</span> <span class='ocrx_word' id='word_1_253' title='bbox 3618 2282 3849 2347; x_wconf 83' lang='lat' dir='ltr'>interiit;</span> 
     </span>
    </p>
   </div>
   <div class='ocr_carea' id='block_1_24' title="bbox 476 2368 3852 2443">
    <p class='ocr_par' dir='ltr' id='par_1_24' title="bbox 476 2368 3852 2443">
     <span class='ocr_line' id='line_1_24' title="bbox 476 2368 3852 2443; baseline 0 -17"><span class='ocrx_word' id='word_1_254' title='bbox 476 2372 647 2441; x_wconf 89' lang='lat' dir='ltr'>cujus</span> <span class='ocrx_word' id='word_1_255' title='bbox 676 2386 929 2442; x_wconf 79' lang='lat' dir='ltr'>regnum</span> <span class='ocrx_word' id='word_1_256' title='bbox 959 2386 1148 2443; x_wconf 90' lang='lat' dir='ltr'>nepos</span> <span class='ocrx_word' id='word_1_257' title='bbox 1177 2387 1321 2424; x_wconf 89' lang='lat' dir='ltr'>suus</span> <span class='ocrx_word' id='word_1_258' title='bbox 1347 2368 1717 2425; x_wconf 83' lang='lat' dir='ltr'>Athalaricus</span> <span class='ocrx_word' id='word_1_259' title='bbox 1750 2369 2026 2442; x_wconf 88' lang='lat' dir='ltr'>suscepit.</span> <span class='ocrx_word' id='word_1_260' title='bbox 2059 2368 2279 2424; x_wconf 85' lang='lat' dir='ltr'>Eodem</span> <span class='ocrx_word' id='word_1_261' title='bbox 2310 2372 2574 2440; x_wconf 91' lang='lat' dir='ltr'>tempore</span> <span class='ocrx_word' id='word_1_262' title='bbox 2606 2372 2846 2423; x_wconf 88' lang='lat' dir='ltr'>sanctus</span> <span class='ocrx_word' id='word_1_263' title='bbox 2878 2368 3227 2424; x_wconf 90' lang='lat' dir='ltr'>Benedictus</span> <span class='ocrx_word' id='word_1_264' title='bbox 3280 2369 3343 2425; x_wconf 94' lang='lat' dir='ltr'>in</span> <span class='ocrx_word' id='word_1_265' title='bbox 3372 2375 3575 2427; x_wconf 91' lang='lat' dir='ltr'>monte</span> <span class='ocrx_word' id='word_1_266' title='bbox 3635 2371 3852 2428; x_wconf 84' lang='lat' dir='ltr'>Cassino</span> 
     </span>
    </p>
   </div>
   <div class='ocr_carea' id='block_1_25' title="bbox 472 2458 1032 2515">
    <p class='ocr_par' dir='ltr' id='par_1_25' title="bbox 472 2458 1032 2515">
     <span class='ocr_line' id='line_1_25' title="bbox 472 2458 1032 2515; baseline 0 -2"><span class='ocrx_word' id='word_1_267' title='bbox 472 2458 633 2515; x_wconf 90' lang='lat' dir='ltr'>velut</span> <span class='ocrx_word' id='word_1_268' title='bbox 654 2459 741 2514; x_wconf 90' lang='lat' dir='ltr'>sol</span> <span class='ocrx_word' id='word_1_269' title='bbox 774 2459 1032 2514; x_wconf 89' lang='lat' dir='ltr'>emicuit.</span> 
     </span>
    </p>
   </div>
   <div class='ocr_carea' id='block_1_26' title="bbox 539 2543 3852 2620">
    <p class='ocr_par' dir='ltr' id='par_1_26' title="bbox 539 2543 3852 2620">
     <span class='ocr_line' id='line_1_26' title="bbox 539 2543 3852 2620; baseline 0.001 -18"><span class='ocrx_word' id='word_1_270' title='bbox 539 2546 905 2603; x_wconf 84' lang='lat' dir='ltr'>Justinianus</span> <span class='ocrx_word' id='word_1_271' title='bbox 928 2547 1251 2618; x_wconf 89' lang='lat' dir='ltr'>imperator</span> <span class='ocrx_word' id='word_1_272' title='bbox 1270 2545 1443 2601; x_wconf 91' lang='lat' dir='ltr'>annis</span> <span class='ocrx_word' id='word_1_273' title='bbox 1475 2552 1560 2602; x_wconf 83' lang='lat'>39.</span> <span class='ocrx_word' id='word_1_274' title='bbox 1596 2546 1779 2615; x_wconf 87' lang='lat' dir='ltr'>Hujus</span> <span class='ocrx_word' id='word_1_275' title='bbox 1806 2550 1836 2601; x_wconf 89' lang='lat'>6</span> <span class='ocrx_word' id='word_1_276' title='bbox 1858 2561 2018 2601; x_wconf 92' lang='lat' dir='ltr'>anno</span> <span class='ocrx_word' id='word_1_277' title='bbox 2042 2544 2251 2617; x_wconf 89' lang='lat' dir='ltr'>quinta</span> <span class='ocrx_word' id='word_1_278' title='bbox 2277 2543 2547 2616; x_wconf 88' lang='lat' dir='ltr'>synodus</span> <span class='ocrx_word' id='word_1_279' title='bbox 2565 2543 2913 2600; x_wconf 88' lang='lat' dir='ltr'>celebratur.</span> <span class='ocrx_word' id='word_1_280' title='bbox 2944 2545 3174 2602; x_wconf 86' lang='lat' dir='ltr'>Primus</span> <span class='ocrx_word' id='word_1_281' title='bbox 3196 2546 3461 2620; x_wconf 84' lang='lat' dir='ltr'>Dionysii</span> <span class='ocrx_word' id='word_1_282' title='bbox 3502 2547 3759 2606; x_wconf 87' lang='lat' dir='ltr'>circulus</span> <span class='ocrx_word' id='word_1_283' title='bbox 3782 2549 3852 2605; x_wconf 87' lang='lat' dir='ltr'>in-</span> 
     </span>
    </p>
   </div>
   <div class='ocr_carea' id='block_1_27' title="bbox 470 2632 3848 2710">
    <p class='ocr_par' dir='ltr' id='par_1_27' title="bbox 470 2632 3848 2710">
     <span class='ocr_line' id='line_1_27' title="bbox 470 2632 3848 2710; baseline 0 -20"><span class='ocrx_word' id='word_1_284' title='bbox 470 2635 647 2690; x_wconf 89' lang='lat' dir='ltr'>choat</span> <span class='ocrx_word' id='word_1_285' title='bbox 677 2650 837 2690; x_wconf 93' lang='lat' dir='ltr'>anno</span> <span class='ocrx_word' id='word_1_286' title='bbox 864 2634 1178 2689; x_wconf 74' lang='lat' dir='ltr'>dominicae</span> <span class='ocrx_word' id='word_1_287' title='bbox 1208 2633 1632 2689; x_wconf 88' lang='lat' dir='ltr'>incarnationis</span> <span class='ocrx_word' id='word_1_288' title='bbox 1656 2637 1777 2700; x_wconf 78' lang='lat'>532,</span> <span class='ocrx_word' id='word_1_289' title='bbox 1808 2638 1864 2689; x_wconf 93' lang='lat' dir='ltr'>et</span> <span class='ocrx_word' id='word_1_290' title='bbox 1885 2633 2073 2688; x_wconf 80' lang='lat' dir='ltr'>codex</span> <span class='ocrx_word' id='word_1_291' title='bbox 2092 2633 2495 2689; x_wconf 82' lang='lat' dir='ltr'>Justinianeus</span> <span class='ocrx_word' id='word_1_292' title='bbox 2519 2633 2593 2687; x_wconf 93' lang='lat' dir='ltr'>de</span> <span class='ocrx_word' id='word_1_293' title='bbox 2608 2632 2842 2703; x_wconf 89' lang='lat' dir='ltr'>legibus</span> <span class='ocrx_word' id='word_1_294' title='bbox 2876 2636 3145 2690; x_wconf 81' lang='lat' dir='ltr'>Romano</span> <span class='ocrx_word' id='word_1_295' title='bbox 3171 2634 3302 2691; x_wconf 90' lang='lat' dir='ltr'>orbi</span> <span class='ocrx_word' id='word_1_296' title='bbox 3323 2636 3744 2710; x_wconf 87' lang='lat' dir='ltr'>promulgatus</span> <span class='ocrx_word' id='word_1_297' title='bbox 3766 2642 3848 2693; x_wconf 88' lang='lat' dir='ltr'>est.</span> 
     </span>
    </p>
   </div>
   <div class='ocr_carea' id='block_1_28' title="bbox 469 2721 3851 2797">
    <p class='ocr_par' dir='ltr' id='par_1_28' title="bbox 469 2721 3851 2797">
     <span class='ocr_line' id='line_1_28' title="bbox 469 2721 3851 2797; baseline 0 -19"><span class='ocrx_word' id='word_1_298' title='bbox 469 2723 689 2779; x_wconf 90' lang='lat' dir='ltr'>Eodem</span> <span class='ocrx_word' id='word_1_299' title='bbox 716 2738 875 2779; x_wconf 89' lang='lat' dir='ltr'>anno</span> <span class='ocrx_word' id='word_1_300' title='bbox 908 2726 1073 2792; x_wconf 87' lang='lat' dir='ltr'>Hugo</span> <span class='ocrx_word' id='word_1_301' title='bbox 1102 2722 1501 2778; x_wconf 87' lang='lat' dir='ltr'>Theodoricus</span> <span class='ocrx_word' id='word_1_302' title='bbox 1532 2738 1656 2792; x_wconf 87' lang='lat' dir='ltr'>rex,</span> <span class='ocrx_word' id='word_1_303' title='bbox 1686 2721 2009 2777; x_wconf 91' lang='lat' dir='ltr'>Chlodovei</span> <span class='ocrx_word' id='word_1_304' title='bbox 2038 2721 2190 2792; x_wconf 86' lang='lat' dir='ltr'>regis</span> <span class='ocrx_word' id='word_1_305' title='bbox 2222 2721 2378 2776; x_wconf 83' lang='lat' dir='ltr'>filius</span> <span class='ocrx_word' id='word_1_306' title='bbox 2404 2739 2475 2778; x_wconf 88' lang='lat' dir='ltr'>ex</span> <span class='ocrx_word' id='word_1_307' title='bbox 2503 2722 2840 2778; x_wconf 89' lang='lat' dir='ltr'>concubina</span> <span class='ocrx_word' id='word_1_308' title='bbox 2870 2728 3068 2793; x_wconf 89' lang='lat' dir='ltr'>natus,</span> <span class='ocrx_word' id='word_1_309' title='bbox 3099 2739 3241 2779; x_wconf 92' lang='lat' dir='ltr'>cum</span> <span class='ocrx_word' id='word_1_310' title='bbox 3280 2725 3436 2797; x_wconf 88' lang='lat' dir='ltr'>patri</span> <span class='ocrx_word' id='word_1_311' title='bbox 3487 2726 3851 2784; x_wconf 82' lang='lat' dir='ltr'>successisset</span> 
     </span>
    </p>
   </div>
   <div class='ocr_carea' id='block_1_29' title="bbox 465 2808 3849 2883">
    <p class='ocr_par' dir='ltr' id='par_1_29' title="bbox 465 2808 3849 2883">
     <span class='ocr_line' id='line_1_29' title="bbox 465 2808 3849 2883; baseline 0.001 -18"><span class='ocrx_word' id='word_1_312' title='bbox 465 2810 526 2867; x_wconf 93' lang='lat' dir='ltr'>in</span> <span class='ocrx_word' id='word_1_313' title='bbox 554 2826 830 2881; x_wconf 81' lang='lat' dir='ltr'>regnum,</span> <span class='ocrx_word' id='word_1_314' title='bbox 854 2810 931 2866; x_wconf 91' lang='lat' dir='ltr'>ad</span> <span class='ocrx_word' id='word_1_315' title='bbox 956 2810 1303 2866; x_wconf 86' lang='lat' dir='ltr'>electionem</span> <span class='ocrx_word' id='word_1_316' title='bbox 1334 2826 1507 2865; x_wconf 90' lang='lat' dir='ltr'>suam</span> <span class='ocrx_word' id='word_1_317' title='bbox 1541 2808 1941 2864; x_wconf 85' lang='lat' dir='ltr'>lrminfridum</span> <span class='ocrx_word' id='word_1_318' title='bbox 1974 2826 2177 2879; x_wconf 82' lang='lat' dir='ltr'>regem</span> <span class='ocrx_word' id='word_1_319' title='bbox 2207 2810 2644 2879; x_wconf 88' lang='lat' dir='ltr'>Thuringornm</span> <span class='ocrx_word' id='word_1_320' title='bbox 2683 2811 3009 2867; x_wconf 88' lang='lat' dir='ltr'>honoriﬁce</span> <span class='ocrx_word' id='word_1_321' title='bbox 3035 2811 3323 2868; x_wconf 82' lang='lat' dir='ltr'>invitavit.</span> <span class='ocrx_word' id='word_1_322' title='bbox 3357 2815 3529 2883; x_wconf 80' lang='lat' dir='ltr'>Hugo</span> <span class='ocrx_word' id='word_1_323' title='bbox 3560 2815 3849 2871; x_wconf 86' lang='lat' dir='ltr'>Theodori-</span> 
     </span>
    </p>
   </div>
   <div class='ocr_carea' id='block_1_30' title="bbox 465 2897 3847 2974">
    <p class='ocr_par' dir='ltr' id='par_1_30' title="bbox 465 2897 3847 2974">
     <span class='ocr_line' id='line_1_30' title="bbox 465 2897 3847 2974; baseline 0.002 -20"><span class='ocrx_word' id='word_1_324' title='bbox 465 2915 571 2955; x_wconf 90' lang='lat' dir='ltr'>cus</span> <span class='ocrx_word' id='word_1_325' title='bbox 596 2900 703 2955; x_wconf 91' lang='lat' dir='ltr'>iste</span> <span class='ocrx_word' id='word_1_326' title='bbox 727 2899 963 2967; x_wconf 90' lang='lat' dir='ltr'>dicitur,</span> <span class='ocrx_word' id='word_1_327' title='bbox 1022 2898 1081 2953; x_wconf 93' lang='lat' dir='ltr'>id</span> <span class='ocrx_word' id='word_1_328' title='bbox 1108 2902 1194 2953; x_wconf 89' lang='lat' dir='ltr'>est</span> <span class='ocrx_word' id='word_1_329' title='bbox 1252 2901 1533 2957; x_wconf 82' lang='lat' dir='ltr'>Francus.</span> <span class='ocrx_word' id='word_1_330' title='bbox 1583 2897 1727 2969; x_wconf 90' lang='lat' dir='ltr'>quia</span> <span class='ocrx_word' id='word_1_331' title='bbox 1770 2897 1912 2953; x_wconf 94' lang='lat' dir='ltr'>olim</span> <span class='ocrx_word' id='word_1_332' title='bbox 1943 2914 2153 2954; x_wconf 90' lang='lat' dir='ltr'>omnes</span> <span class='ocrx_word' id='word_1_333' title='bbox 2183 2898 2391 2954; x_wconf 89' lang='lat' dir='ltr'>Franci</span> <span class='ocrx_word' id='word_1_334' title='bbox 2439 2901 2715 2969; x_wconf 84' lang='lat' dir='ltr'>Hugones</span> <span class='ocrx_word' id='word_1_335' title='bbox 2766 2900 3139 2955; x_wconf 90' lang='lat' dir='ltr'>vocabantur</span> <span class='ocrx_word' id='word_1_336' title='bbox 3175 2917 3212 2957; x_wconf 89' lang='lat' dir='ltr'>a</span> <span class='ocrx_word' id='word_1_337' title='bbox 3242 2917 3353 2957; x_wconf 89' lang='lat' dir='ltr'>suo</span> <span class='ocrx_word' id='word_1_338' title='bbox 3402 2903 3683 2974; x_wconf 85' lang='lat' dir='ltr'>quodam</span> <span class='ocrx_word' id='word_1_339' title='bbox 3728 2904 3847 2960; x_wconf 78' lang='lat' dir='ltr'>duce</span> 
     </span>
    </p>
   </div>
   <div class='ocr_carea' id='block_1_31' title="bbox 464 2985 3846 3059">
    <p class='ocr_par' dir='ltr' id='par_1_31' title="bbox 464 2985 3846 3059">
     <span class='ocr_line' id='line_1_31' title="bbox 464 2985 3846 3059; baseline 0.002 -21"><span class='ocrx_word' id='word_1_340' title='bbox 464 2987 733 3055; x_wconf 81' lang='lat' dir='ltr'>Hugone.</span> <span class='ocrx_word' id='word_1_341' title='bbox 767 2985 875 3049; x_wconf 86' lang='lat' dir='ltr'>Qui</span> <span class='ocrx_word' id='word_1_342' title='bbox 904 2986 1181 3057; x_wconf 84' lang='lat' dir='ltr'>quamvis</span> <span class='ocrx_word' id='word_1_343' title='bbox 1210 2986 1431 3040; x_wconf 90' lang='lat' dir='ltr'>nothus</span> <span class='ocrx_word' id='word_1_344' title='bbox 1462 2990 1632 3048; x_wconf 80' lang='lat' dir='ltr'>esset,</span> <span class='ocrx_word' id='word_1_345' title='bbox 1658 3002 1693 3040; x_wconf 91' lang='lat' dir='ltr'>a</span> <span class='ocrx_word' id='word_1_346' title='bbox 1722 2990 1887 3057; x_wconf 88' lang='lat' dir='ltr'>patre</span> <span class='ocrx_word' id='word_1_347' title='bbox 1911 2986 2248 3042; x_wconf 81' lang='lat' dir='ltr'>Chlodoveo</span> <span class='ocrx_word' id='word_1_348' title='bbox 2280 2991 2520 3059; x_wconf 88' lang='lat' dir='ltr'>propter</span> <span class='ocrx_word' id='word_1_349' title='bbox 2541 2987 2895 3058; x_wconf 85' lang='lat' dir='ltr'>sapientiam</span> <span class='ocrx_word' id='word_1_350' title='bbox 2916 2993 2973 3043; x_wconf 90' lang='lat' dir='ltr'>et</span> <span class='ocrx_word' id='word_1_351' title='bbox 2997 2987 3405 3045; x_wconf 84' lang='lat' dir='ltr'>fortitudinem</span> <span class='ocrx_word' id='word_1_352' title='bbox 3437 2990 3554 3046; x_wconf 89' lang='lat' dir='ltr'>sibi</span> <span class='ocrx_word' id='word_1_353' title='bbox 3588 2992 3846 3048; x_wconf 88' lang='lat' dir='ltr'>divinitus</span> 
     </span>
    </p>
   </div>
   <div class='ocr_carea' id='block_1_32' title="bbox 467 3074 3846 3149">
    <p class='ocr_par' dir='ltr' id='par_1_32' title="bbox 467 3074 3846 3149">
     <span class='ocr_line' id='line_1_32' title="bbox 467 3074 3846 3149; baseline 0.003 -18"><span class='ocrx_word' id='word_1_354' title='bbox 467 3075 748 3131; x_wconf 89' lang='lat' dir='ltr'>collatam</span> <span class='ocrx_word' id='word_1_355' title='bbox 780 3075 999 3129; x_wconf 79' lang='lat' dir='ltr'>caeteris</span> <span class='ocrx_word' id='word_1_356' title='bbox 1025 3074 1159 3129; x_wconf 85' lang='lat' dir='ltr'>ﬁliis</span> <span class='ocrx_word' id='word_1_357' title='bbox 1191 3076 1310 3129; x_wconf 90' lang='lat' dir='ltr'>suis</span> <span class='ocrx_word' id='word_1_358' title='bbox 1341 3074 1475 3146; x_wconf 88' lang='lat' dir='ltr'>plus</span> <span class='ocrx_word' id='word_1_359' title='bbox 1502 3074 1769 3137; x_wconf 80' lang='lat' dir='ltr'>dilectus,</span> <span class='ocrx_word' id='word_1_360' title='bbox 1805 3091 1917 3130; x_wconf 87' lang='lat' dir='ltr'>suo</span> <span class='ocrx_word' id='word_1_361' title='bbox 1936 3076 2113 3145; x_wconf 82' lang='lat' dir='ltr'>jussu</span> <span class='ocrx_word' id='word_1_362' title='bbox 2143 3077 2438 3148; x_wconf 90' lang='lat' dir='ltr'>totiusque</span> <span class='ocrx_word' id='word_1_363' title='bbox 2469 3077 2675 3149; x_wconf 90' lang='lat' dir='ltr'>populi</span> <span class='ocrx_word' id='word_1_364' title='bbox 2707 3093 3011 3133; x_wconf 90' lang='lat' dir='ltr'>consensu</span> <span class='ocrx_word' id='word_1_365' title='bbox 3033 3077 3185 3134; x_wconf 91' lang='lat' dir='ltr'>inter</span> <span class='ocrx_word' id='word_1_366' title='bbox 3213 3078 3425 3135; x_wconf 88' lang='lat' dir='ltr'>fratres</span> <span class='ocrx_word' id='word_1_367' title='bbox 3451 3097 3601 3136; x_wconf 91' lang='lat' dir='ltr'>suos</span> <span class='ocrx_word' id='word_1_368' title='bbox 3622 3082 3846 3141; x_wconf 88' lang='lat' dir='ltr'>nobiles.</span> 
     </span>
    </p>
   </div>
   <div class='ocr_carea' id='block_1_33' title="bbox 461 3163 3848 3242">
    <p class='ocr_par' dir='ltr' id='par_1_33' title="bbox 461 3163 3848 3242">
     <span class='ocr_line' id='line_1_33' title="bbox 461 3163 3848 3242; baseline 0.002 -22"><span class='ocrx_word' id='word_1_369' title='bbox 461 3164 523 3221; x_wconf 91' lang='lat' dir='ltr'>id</span> <span class='ocrx_word' id='word_1_370' title='bbox 549 3169 635 3220; x_wconf 90' lang='lat' dir='ltr'>est</span> <span class='ocrx_word' id='word_1_371' title='bbox 666 3163 1092 3232; x_wconf 82' lang='lat' dir='ltr'>Clodomirum,</span> <span class='ocrx_word' id='word_1_372' title='bbox 1128 3163 1548 3229; x_wconf 88' lang='lat' dir='ltr'>Hildebertum,</span> <span class='ocrx_word' id='word_1_373' title='bbox 1577 3168 1633 3218; x_wconf 89' lang='lat' dir='ltr'>et</span> <span class='ocrx_word' id='word_1_374' title='bbox 1665 3163 2026 3230; x_wconf 86' lang='lat' dir='ltr'>Lotharium,</span> <span class='ocrx_word' id='word_1_375' title='bbox 2061 3165 2354 3237; x_wconf 82' lang='lat' dir='ltr'>aequalem</span> <span class='ocrx_word' id='word_1_376' title='bbox 2381 3165 2547 3235; x_wconf 87' lang='lat' dir='ltr'>regni</span> <span class='ocrx_word' id='word_1_377' title='bbox 2577 3172 2809 3238; x_wconf 92' lang='lat' dir='ltr'>partem</span> <span class='ocrx_word' id='word_1_378' title='bbox 2842 3167 3122 3240; x_wconf 90' lang='lat' dir='ltr'>suscepit.</span> <span class='ocrx_word' id='word_1_379' title='bbox 3159 3168 3340 3240; x_wconf 90' lang='lat' dir='ltr'>Cujus</span> <span class='ocrx_word' id='word_1_380' title='bbox 3364 3170 3520 3242; x_wconf 84' lang='lat' dir='ltr'>parti</span> <span class='ocrx_word' id='word_1_381' title='bbox 3554 3188 3703 3228; x_wconf 86' lang='lat' dir='ltr'>cum</span> <span class='ocrx_word' id='word_1_382' title='bbox 3731 3173 3848 3229; x_wconf 90' lang='lat' dir='ltr'>Thu-</span> 
     </span>
    </p>
   </div>
   <div class='ocr_carea' id='block_1_34' title="bbox 459 3251 3844 3331">
    <p class='ocr_par' dir='ltr' id='par_1_34' title="bbox 459 3251 3844 3331">
     <span class='ocr_line' id='line_1_34' title="bbox 459 3251 3844 3331; baseline 0.001 -22"><span class='ocrx_word' id='word_1_383' title='bbox 459 3252 654 3323; x_wconf 87' lang='lat' dir='ltr'>ringia</span> <span class='ocrx_word' id='word_1_384' title='bbox 675 3252 963 3320; x_wconf 89' lang='lat' dir='ltr'>cessisset,</span> <span class='ocrx_word' id='word_1_385' title='bbox 987 3251 1376 3319; x_wconf 87' lang='lat' dir='ltr'>Irminfridus,</span> <span class='ocrx_word' id='word_1_386' title='bbox 1392 3266 1573 3320; x_wconf 84' lang='lat' dir='ltr'>gener</span> <span class='ocrx_word' id='word_1_387' title='bbox 1593 3253 1742 3322; x_wconf 88' lang='lat' dir='ltr'>ejus,</span> <span class='ocrx_word' id='word_1_388' title='bbox 1756 3253 1993 3308; x_wconf 89' lang='lat' dir='ltr'>hortatu</span> <span class='ocrx_word' id='word_1_389' title='bbox 2014 3253 2214 3308; x_wconf 83' lang='lat' dir='ltr'>uxoris</span> <span class='ocrx_word' id='word_1_390' title='bbox 2234 3270 2353 3308; x_wconf 77' lang='lat' dir='ltr'>suae</span> <span class='ocrx_word' id='word_1_391' title='bbox 2370 3253 2749 3324; x_wconf 77' lang='lat' dir='ltr'>Amelburgae</span> <span class='ocrx_word' id='word_1_392' title='bbox 2768 3254 3179 3312; x_wconf 89' lang='lat' dir='ltr'>invitationem</span> <span class='ocrx_word' id='word_1_393' title='bbox 3199 3256 3356 3327; x_wconf 89' lang='lat' dir='ltr'>regis</span> <span class='ocrx_word' id='word_1_394' title='bbox 3370 3260 3629 3331; x_wconf 83' lang='lat' dir='ltr'>respuit,</span> <span class='ocrx_word' id='word_1_395' title='bbox 3647 3261 3844 3325; x_wconf 84' lang='lat' dir='ltr'>dicens,</span> 
     </span>
    </p>
   </div>
   <div class='ocr_carea' id='block_1_35' title="bbox 459 3339 3846 3419">
    <p class='ocr_par' dir='ltr' id='par_1_35' title="bbox 459 3339 3846 3419">
     <span class='ocr_line' id='line_1_35' title="bbox 459 3339 3846 3419; baseline 0.002 -22"><span class='ocrx_word' id='word_1_396' title='bbox 459 3340 888 3397; x_wconf 88' lang='lat' dir='ltr'>Theodoricum</span> <span class='ocrx_word' id='word_1_397' title='bbox 905 3339 1106 3395; x_wconf 85' lang='lat' dir='ltr'>uxoris</span> <span class='ocrx_word' id='word_1_398' title='bbox 1130 3356 1274 3409; x_wconf 73' lang='lat' dir='ltr'>suae,</span> <span class='ocrx_word' id='word_1_399' title='bbox 1288 3356 1423 3412; x_wconf 72' lang='lat' dir='ltr'>qua:</span> <span class='ocrx_word' id='word_1_400' title='bbox 1446 3356 1614 3394; x_wconf 90' lang='lat' dir='ltr'>soror</span> <span class='ocrx_word' id='word_1_401' title='bbox 1633 3346 1757 3396; x_wconf 90' lang='lat' dir='ltr'>erat</span> <span class='ocrx_word' id='word_1_402' title='bbox 1777 3340 2139 3407; x_wconf 88' lang='lat' dir='ltr'>Thcodorici,</span> <span class='ocrx_word' id='word_1_403' title='bbox 2161 3341 2357 3413; x_wconf 88' lang='lat' dir='ltr'>potius</span> <span class='ocrx_word' id='word_1_404' title='bbox 2384 3358 2511 3397; x_wconf 91' lang='lat' dir='ltr'>esse</span> <span class='ocrx_word' id='word_1_405' title='bbox 2532 3341 2749 3399; x_wconf 90' lang='lat' dir='ltr'>debere</span> <span class='ocrx_word' id='word_1_406' title='bbox 2772 3360 3034 3415; x_wconf 89' lang='lat' dir='ltr'>servum,</span> <span class='ocrx_word' id='word_1_407' title='bbox 3055 3360 3242 3417; x_wconf 89' lang='lat' dir='ltr'>quam</span> <span class='ocrx_word' id='word_1_408' title='bbox 3264 3345 3375 3402; x_wconf 89' lang='lat' dir='ltr'>sibi</span> <span class='ocrx_word' id='word_1_409' title='bbox 3394 3347 3492 3403; x_wconf 90' lang='lat' dir='ltr'>vel</span> <span class='ocrx_word' id='word_1_410' title='bbox 3511 3348 3656 3406; x_wconf 85' lang='lat' dir='ltr'>aliis</span> <span class='ocrx_word' id='word_1_411' title='bbox 3674 3364 3846 3419; x_wconf 85' lang='lat' dir='ltr'>regem</span> 
     </span>
    </p>
   </div>
   <div class='ocr_carea' id='block_1_36' title="bbox 457 3427 3845 3502">
    <p class='ocr_par' dir='ltr' id='par_1_36' title="bbox 457 3427 3845 3502">
     <span class='ocr_line' id='line_1_36' title="bbox 457 3427 3845 3502; baseline 0.001 -17"><span class='ocrx_word' id='word_1_412' title='bbox 457 3430 549 3485; x_wconf 89' lang='lat' dir='ltr'>vel</span> <span class='ocrx_word' id='word_1_413' title='bbox 567 3428 901 3485; x_wconf 92' lang='lat' dir='ltr'>dominum.</span> <span class='ocrx_word' id='word_1_414' title='bbox 921 3429 1126 3483; x_wconf 83' lang='lat' dir='ltr'>Veniat</span> <span class='ocrx_word' id='word_1_415' title='bbox 1148 3429 1428 3497; x_wconf 77' lang='lat' dir='ltr'>primum,</span> <span class='ocrx_word' id='word_1_416' title='bbox 1452 3427 1597 3483; x_wconf 81' lang='lat' dir='ltr'>dixit</span> <span class='ocrx_word' id='word_1_417' title='bbox 1612 3427 1690 3483; x_wconf 89' lang='lat' dir='ltr'>ad</span> <span class='ocrx_word' id='word_1_418' title='bbox 1708 3428 2226 3498; x_wconf 79' lang='lat' dir='ltr'>nuncium,ferens</span> <span class='ocrx_word' id='word_1_419' title='bbox 2242 3445 2435 3485; x_wconf 84' lang='lat' dir='ltr'>secum</span> <span class='ocrx_word' id='word_1_420' title='bbox 2458 3431 2846 3499; x_wconf 80' lang='lat' dir='ltr'>multiformis</span> <span class='ocrx_word' id='word_1_421' title='bbox 2860 3433 3131 3500; x_wconf 66' lang='lat' dir='ltr'>pecunia.v</span> <span class='ocrx_word' id='word_1_422' title='bbox 3150 3435 3478 3502; x_wconf 78' lang='lat' dir='ltr'>cumulum,</span> <span class='ocrx_word' id='word_1_423' title='bbox 3521 3444 3598 3493; x_wconf 83' lang='lat' dir='ltr'>ut</span> <span class='ocrx_word' id='word_1_424' title='bbox 3620 3444 3771 3495; x_wconf 86' lang='lat' dir='ltr'>emat</span> <span class='ocrx_word' id='word_1_425' title='bbox 3791 3435 3845 3492; x_wconf 81' lang='lat' dir='ltr'>ab</span> 
     </span>
    </p>
   </div>
   <div class='ocr_carea' id='block_1_37' title="bbox 456 3517 3844 3592">
    <p class='ocr_par' dir='ltr' id='par_1_37' title="bbox 456 3517 3844 3592">
     <span class='ocr_line' id='line_1_37' title="bbox 456 3517 3844 3592; baseline 0.002 -18"><span class='ocrx_word' id='word_1_426' title='bbox 456 3533 645 3574; x_wconf 70' lang='lat' dir='ltr'>uxore</span> <span class='ocrx_word' id='word_1_427' title='bbox 656 3532 807 3586; x_wconf 88' lang='lat' dir='ltr'>mea,</span> <span class='ocrx_word' id='word_1_428' title='bbox 821 3517 896 3572; x_wconf 88' lang='lat' dir='ltr'>ab</span> <span class='ocrx_word' id='word_1_429' title='bbox 914 3522 1163 3587; x_wconf 77' lang='lat' dir='ltr'>utroque</span> <span class='ocrx_word' id='word_1_430' title='bbox 1172 3522 1425 3584; x_wconf 76' lang='lat' dir='ltr'>parente</span> <span class='ocrx_word' id='word_1_431' title='bbox 1441 3517 1646 3578; x_wconf 83' lang='lat' dir='ltr'>nobili,</span> <span class='ocrx_word' id='word_1_432' title='bbox 1666 3533 1754 3571; x_wconf 85' lang='lat' dir='ltr'>me</span> <span class='ocrx_word' id='word_1_433' title='bbox 1754 3519 1790 3585; x_wconf 89' lang='lat' dir='ltr'>j</span> <span class='ocrx_word' id='word_1_434' title='bbox 1794 3517 2022 3586; x_wconf 79' lang='lat' dir='ltr'>ubente,</span> <span class='ocrx_word' id='word_1_435' title='bbox 2045 3518 2336 3573; x_wconf 78' lang='lat' dir='ltr'>libertatis</span> <span class='ocrx_word' id='word_1_436' title='bbox 2355 3523 2787 3574; x_wconf 80' lang='lat' dir='ltr'>testamentum.</span> <span class='ocrx_word' id='word_1_437' title='bbox 2810 3520 2853 3584; x_wconf 89' lang='lat' dir='ltr'><strong>Q</strong></span> <span class='ocrx_word' id='word_1_438' title='bbox 2864 3535 2938 3575; x_wconf 94' lang='lat' dir='ltr'>uo</span> <span class='ocrx_word' id='word_1_439' title='bbox 2952 3535 3262 3592; x_wconf 88' lang='lat' dir='ltr'>responso,</span> <span class='ocrx_word' id='word_1_440' title='bbox 3298 3523 3580 3581; x_wconf 86' lang='lat' dir='ltr'>unanimi</span> <span class='ocrx_word' id='word_1_441' title='bbox 3618 3528 3844 3583; x_wconf 81' lang='lat' dir='ltr'>Franco-</span> 
     </span>
    </p>
   </div>
   <div class='ocr_carea' id='block_1_38' title="bbox 453 3604 3843 3683">
    <p class='ocr_par' dir='ltr' id='par_1_38' title="bbox 453 3604 3843 3683">
     <span class='ocr_line' id='line_1_38' title="bbox 453 3604 3843 3683; baseline 0.002 -22"><span class='ocrx_word' id='word_1_442' title='bbox 453 3621 589 3661; x_wconf 90' lang='lat' dir='ltr'>rum</span> <span class='ocrx_word' id='word_1_443' title='bbox 601 3605 819 3674; x_wconf 84' lang='lat' dir='ltr'>furore,</span> <span class='ocrx_word' id='word_1_444' title='bbox 843 3608 1182 3660; x_wconf 90' lang='lat' dir='ltr'>commotus</span> <span class='ocrx_word' id='word_1_445' title='bbox 1197 3604 1617 3673; x_wconf 89' lang='lat' dir='ltr'>Theodoricus,</span> <span class='ocrx_word' id='word_1_446' title='bbox 1639 3604 2078 3660; x_wconf 85' lang='lat' dir='ltr'>remandavitei</span> <span class='ocrx_word' id='word_1_447' title='bbox 2089 3604 2322 3660; x_wconf 89' lang='lat' dir='ltr'>dicens:</span> <span class='ocrx_word' id='word_1_448' title='bbox 2359 3607 2616 3673; x_wconf 79' lang='lat' dir='ltr'>Veniam,</span> <span class='ocrx_word' id='word_1_449' title='bbox 2638 3612 2702 3661; x_wconf 90' lang='lat' dir='ltr'>ut</span> <span class='ocrx_word' id='word_1_450' title='bbox 2712 3609 2966 3677; x_wconf 83' lang='lat' dir='ltr'>jussisti.</span> <span class='ocrx_word' id='word_1_451' title='bbox 2985 3608 3063 3663; x_wconf 87' lang='lat' dir='ltr'>Et</span> <span class='ocrx_word' id='word_1_452' title='bbox 3078 3610 3134 3663; x_wconf 83' lang='lat' dir='ltr'>si</span> <span class='ocrx_word' id='word_1_453' title='bbox 3149 3624 3368 3666; x_wconf 86' lang='lat' dir='ltr'>aurum</span> <span class='ocrx_word' id='word_1_454' title='bbox 3389 3612 3551 3669; x_wconf 80' lang='lat' dir='ltr'>mihi</span> <span class='ocrx_word' id='word_1_455' title='bbox 3566 3631 3691 3671; x_wconf 83' lang='lat' dir='ltr'>non</span> <span class='ocrx_word' id='word_1_456' title='bbox 3702 3616 3843 3683; x_wconf 65' lang='lat' dir='ltr'>sti/7&#39;9-</span> 
     </span>
    </p>
   </div>
   <div class='ocr_carea' id='block_1_39' title="bbox 454 3692 3841 3776">
    <p class='ocr_par' dir='ltr' id='par_1_39' title="bbox 454 3692 3841 3776">
     <span class='ocr_line' id='line_1_39' title="bbox 454 3692 3841 3776; baseline 0.001 -25"><span class='ocrx_word' id='word_1_457' title='bbox 454 3695 622 3764; x_wconf 82' lang='lat' dir='ltr'>cerit,</span> <span class='ocrx_word' id='word_1_458' title='bbox 630 3709 695 3764; x_wconf 67' lang='grc' dir='ltr'>ρ)</span> <span class='ocrx_word' id='word_1_459' title='bbox 712 3709 744 3749; x_wconf 93' lang='grc' dir='ltr'>ο</span> <span class='ocrx_word' id='word_1_460' title='bbox 758 3693 1167 3749; x_wconf 82' lang='lat' dir='ltr'>libertatemea</span> <span class='ocrx_word' id='word_1_461' title='bbox 1181 3692 1623 3763; x_wconf 79' lang='lat' dir='ltr'>Thuringorum</span> <span class='ocrx_word' id='word_1_462' title='bbox 1636 3693 2128 3764; x_wconf 77' lang='lat' dir='ltr'>Francorumque</span> <span class='ocrx_word' id='word_1_463' title='bbox 2138 3695 2339 3762; x_wconf 85' lang='lat' dir='ltr'>capita</span> <span class='ocrx_word' id='word_1_464' title='bbox 2356 3694 2465 3749; x_wconf 86' lang='lat' dir='ltr'>tibi</span> <span class='ocrx_word' id='word_1_465' title='bbox 2480 3694 2590 3765; x_wconf 83' lang='lat'><strong>(62)</strong></span> <span class='ocrx_word' id='word_1_466' title='bbox 2612 3695 2765 3751; x_wconf 88' lang='lat' dir='ltr'>dabo</span> <span class='ocrx_word' id='word_1_467' title='bbox 2783 3711 3028 3752; x_wconf 87' lang='lat' dir='ltr'>numero</span> <span class='ocrx_word' id='word_1_468' title='bbox 3045 3698 3526 3768; x_wconf 73' lang='lat' dir='ltr'>inexplicabilia.</span> <span class='ocrx_word' id='word_1_469' title='bbox 3539 3703 3841 3776; x_wconf 88' lang='lat' dir='ltr'>Statimque</span> 
     </span>
    </p>
   </div>
   <div class='ocr_carea' id='block_1_40' title="bbox 454 3780 3841 3851">
    <p class='ocr_par' dir='ltr' id='par_1_40' title="bbox 454 3780 3841 3851">
     <span class='ocr_line' id='line_1_40' title="bbox 454 3780 3841 3851; baseline 0.002 -13"><span class='ocrx_word' id='word_1_470' title='bbox 454 3782 698 3838; x_wconf 89' lang='lat' dir='ltr'>collecto</span> <span class='ocrx_word' id='word_1_471' title='bbox 713 3780 991 3851; x_wconf 90' lang='lat' dir='ltr'>exercitu,</span> <span class='ocrx_word' id='word_1_472' title='bbox 1006 3781 1169 3836; x_wconf 87' lang='lat' dir='ltr'>venit</span> <span class='ocrx_word' id='word_1_473' title='bbox 1182 3780 1243 3836; x_wconf 90' lang='lat' dir='ltr'>in</span> <span class='ocrx_word' id='word_1_474' title='bbox 1255 3780 1559 3850; x_wconf 84' lang='lat' dir='ltr'>regionem</span> <span class='ocrx_word' id='word_1_475' title='bbox 1572 3784 1857 3837; x_wconf 68' lang='lat' dir='ltr'>Maarstem</span> <span class='ocrx_word' id='word_1_476' title='bbox 1875 3782 1987 3851; x_wconf 86' lang='lat'><strong>(63)</strong></span> <span class='ocrx_word' id='word_1_477' title='bbox 2009 3786 2303 3850; x_wconf 88' lang='lat' dir='ltr'>vocatam,</span> <span class='ocrx_word' id='word_1_478' title='bbox 2317 3786 2374 3838; x_wconf 91' lang='lat' dir='ltr'>et</span> <span class='ocrx_word' id='word_1_479' title='bbox 2389 3781 2921 3840; x_wconf 91' lang='lat' dir='ltr'>lrminfridumillic</span> <span class='ocrx_word' id='word_1_480' title='bbox 2932 3784 3046 3841; x_wconf 92' lang='lat' dir='ltr'>sibi</span> <span class='ocrx_word' id='word_1_481' title='bbox 3056 3785 3211 3843; x_wconf 91' lang='lat' dir='ltr'>bello</span> <span class='ocrx_word' id='word_1_482' title='bbox 3228 3796 3657 3850; x_wconf 87' lang='lat' dir='ltr'>occurrentem</span> <span class='ocrx_word' id='word_1_483' title='bbox 3684 3791 3841 3849; x_wconf 73' lang='lat' dir='ltr'>multa</span> 
     </span>
    </p>
   </div>
   <div class='ocr_carea' id='block_1_41' title="bbox 455 3869 3840 3955">
    <p class='ocr_par' dir='ltr' id='par_1_41' title="bbox 455 3869 3840 3955">
     <span class='ocr_line' id='line_1_41' title="bbox 455 3869 3840 3955; baseline 0.003 -29"><span class='ocrx_word' id='word_1_484' title='bbox 455 3870 617 3927; x_wconf 63' lang='lat' dir='ltr'>caede</span> <span class='ocrx_word' id='word_1_485' title='bbox 630 3885 879 3926; x_wconf 88' lang='lat' dir='ltr'>suorum</span> <span class='ocrx_word' id='word_1_486' title='bbox 894 3869 1030 3925; x_wconf 90' lang='lat' dir='ltr'>vicit</span> <span class='ocrx_word' id='word_1_487' title='bbox 1040 3874 1096 3924; x_wconf 90' lang='lat' dir='ltr'>et</span> <span class='ocrx_word' id='word_1_488' title='bbox 1110 3869 1355 3939; x_wconf 88' lang='lat' dir='ltr'>fugavit.</span> <span class='ocrx_word' id='word_1_489' title='bbox 1376 3872 1419 3936; x_wconf 89' lang='lat' dir='ltr'>Q</span> <span class='ocrx_word' id='word_1_490' title='bbox 1429 3886 1564 3926; x_wconf 91' lang='lat' dir='ltr'>nem</span> <span class='ocrx_word' id='word_1_491' title='bbox 1580 3869 1887 3926; x_wconf 89' lang='lat' dir='ltr'>insecutus</span> <span class='ocrx_word' id='word_1_492' title='bbox 1908 3886 2099 3942; x_wconf 89' lang='lat' dir='ltr'>usque</span> <span class='ocrx_word' id='word_1_493' title='bbox 2113 3870 2190 3925; x_wconf 93' lang='lat' dir='ltr'>ad</span> <span class='ocrx_word' id='word_1_494' title='bbox 2206 3872 2532 3927; x_wconf 88' lang='lat' dir='ltr'>Ovaccram</span> <span class='ocrx_word' id='word_1_495' title='bbox 2554 3870 2826 3944; x_wconf 91' lang='lat' dir='ltr'>ﬂuvium,</span> <span class='ocrx_word' id='word_1_496' title='bbox 2835 3874 2857 3945; x_wconf 93' lang='lat' dir='ltr'>j</span> <span class='ocrx_word' id='word_1_497' title='bbox 2867 3879 3008 3930; x_wconf 90' lang='lat' dir='ltr'>uxta</span> <span class='ocrx_word' id='word_1_498' title='bbox 3021 3874 3227 3932; x_wconf 86' lang='lat' dir='ltr'>villam</span> <span class='ocrx_word' id='word_1_499' title='bbox 3238 3877 3436 3934; x_wconf 90' lang='lat' dir='ltr'>Arhen</span> <span class='ocrx_word' id='word_1_500' title='bbox 3452 3878 3579 3955; x_wconf 81' lang='grc'>(64)</span> <span class='ocrx_word' id='word_1_501' title='bbox 3592 3887 3840 3940; x_wconf 88' lang='lat' dir='ltr'>vocatam</span> 
     </span>
    </p>
   </div>
   <div class='ocr_carea' id='block_1_42' title="bbox 454 3956 3838 4044">
    <p class='ocr_par' dir='ltr' id='par_1_42' title="bbox 454 3956 3838 4044">
     <span class='ocr_line' id='line_1_42' title="bbox 454 3956 3838 4044; baseline 0.003 -31"><span class='ocrx_word' id='word_1_502' title='bbox 454 3957 721 4013; x_wconf 88' lang='lat' dir='ltr'>maximo</span> <span class='ocrx_word' id='word_1_503' title='bbox 741 3956 945 4029; x_wconf 63' lang='lat' dir='ltr'>praelio</span> <span class='ocrx_word' id='word_1_504' title='bbox 960 3957 1111 4014; x_wconf 88' lang='lat' dir='ltr'>fudit</span> <span class='ocrx_word' id='word_1_505' title='bbox 1134 3976 1147 4026; x_wconf 88' lang='lat'><strong>;</strong></span> <span class='ocrx_word' id='word_1_506' title='bbox 1170 3957 1391 4031; x_wconf 91' lang='lat' dir='ltr'>illoque</span> <span class='ocrx_word' id='word_1_507' title='bbox 1421 3959 1644 4029; x_wconf 86' lang='lat' dir='ltr'>fugato,</span> <span class='ocrx_word' id='word_1_508' title='bbox 1672 3962 1915 4031; x_wconf 89' lang='lat' dir='ltr'>propter</span> <span class='ocrx_word' id='word_1_509' title='bbox 1935 3974 2180 4014; x_wconf 90' lang='lat' dir='ltr'>suorum</span> <span class='ocrx_word' id='word_1_510' title='bbox 2198 3975 2406 4015; x_wconf 90' lang='lat' dir='ltr'>casum</span> <span class='ocrx_word' id='word_1_511' title='bbox 2424 3964 2479 4015; x_wconf 92' lang='lat' dir='ltr'>et</span> <span class='ocrx_word' id='word_1_512' title='bbox 2499 3960 2823 4017; x_wconf 90' lang='lat' dir='ltr'>viventium</span> <span class='ocrx_word' id='word_1_513' title='bbox 2841 3962 3093 4019; x_wconf 87' lang='lat' dir='ltr'>vulnera</span> <span class='ocrx_word' id='word_1_514' title='bbox 3132 3965 3392 4038; x_wconf 91' lang='lat' dir='ltr'>amplius</span> <span class='ocrx_word' id='word_1_515' title='bbox 3412 3982 3565 4026; x_wconf 88' lang='lat' dir='ltr'>eum</span> <span class='ocrx_word' id='word_1_516' title='bbox 3591 3967 3838 4044; x_wconf 87' lang='lat' dir='ltr'>persequi</span> 
     </span>
    </p>
   </div>
   <div class='ocr_carea' id='block_1_43' title="bbox 454 4045 3838 4127">
    <p class='ocr_par' dir='ltr' id='par_1_43' title="bbox 454 4045 3838 4127">
     <span class='ocr_line' id='line_1_43' title="bbox 454 4045 3838 4127; baseline 0.004 -26"><span class='ocrx_word' id='word_1_517' title='bbox 454 4045 693 4116; x_wconf 88' lang='lat' dir='ltr'>destitit,</span> <span class='ocrx_word' id='word_1_518' title='bbox 724 4060 904 4118; x_wconf 90' lang='lat' dir='ltr'>seque</span> <span class='ocrx_word' id='word_1_519' title='bbox 925 4045 1004 4101; x_wconf 91' lang='lat' dir='ltr'>ob</span> <span class='ocrx_word' id='word_1_520' title='bbox 1032 4046 1401 4103; x_wconf 89' lang='lat' dir='ltr'>curationem</span> <span class='ocrx_word' id='word_1_521' title='bbox 1420 4046 1751 4103; x_wconf 89' lang='lat' dir='ltr'>dolentium</span> <span class='ocrx_word' id='word_1_522' title='bbox 1772 4045 2002 4101; x_wconf 83' lang='lat' dir='ltr'>statutis</span> <span class='ocrx_word' id='word_1_523' title='bbox 2022 4047 2317 4103; x_wconf 86' lang='lat' dir='ltr'>munierat</span> <span class='ocrx_word' id='word_1_524' title='bbox 2341 4048 2567 4104; x_wconf 90' lang='lat' dir='ltr'>castris.</span> <span class='ocrx_word' id='word_1_525' title='bbox 2600 4049 2863 4106; x_wconf 88' lang='lat' dir='ltr'>Audiens</span> <span class='ocrx_word' id='word_1_526' title='bbox 2895 4056 3096 4108; x_wconf 90' lang='lat' dir='ltr'>autem</span> <span class='ocrx_word' id='word_1_527' title='bbox 3117 4052 3551 4127; x_wconf 89' lang='lat' dir='ltr'>Theodoricus,</span> <span class='ocrx_word' id='word_1_528' title='bbox 3578 4061 3838 4123; x_wconf 80' lang='lat' dir='ltr'>Saxones,</span> 
     </span>
    </p>
   </div>
   <div class='ocr_carea' id='block_1_44' title="bbox 453 4133 3838 4217">
    <p class='ocr_par' dir='ltr' id='par_1_44' title="bbox 453 4133 3838 4217">
     <span class='ocr_line' id='line_1_44' title="bbox 453 4133 3838 4217; baseline 0.004 -26"><span class='ocrx_word' id='word_1_529' title='bbox 453 4150 713 4209; x_wconf 89' lang='lat' dir='ltr'>quorum</span> <span class='ocrx_word' id='word_1_530' title='bbox 728 4134 857 4205; x_wconf 90' lang='lat' dir='ltr'>jam</span> <span class='ocrx_word' id='word_1_531' title='bbox 878 4133 1158 4191; x_wconf 86' lang='lat' dir='ltr'>fortitudo</span> <span class='ocrx_word' id='word_1_532' title='bbox 1175 4151 1281 4207; x_wconf 90' lang='lat' dir='ltr'>per</span> <span class='ocrx_word' id='word_1_533' title='bbox 1302 4140 1491 4192; x_wconf 87' lang='lat' dir='ltr'>totum</span> <span class='ocrx_word' id='word_1_534' title='bbox 1512 4151 1665 4209; x_wconf 89' lang='lat' dir='ltr'>pene</span> <span class='ocrx_word' id='word_1_535' title='bbox 1682 4133 2107 4202; x_wconf 85' lang='lat' dir='ltr'>divulgabatur</span> <span class='ocrx_word' id='word_1_536' title='bbox 2124 4136 2444 4204; x_wconf 79' lang='lat' dir='ltr'>mundum,</span> <span class='ocrx_word' id='word_1_537' title='bbox 2458 4137 2520 4192; x_wconf 91' lang='lat' dir='ltr'>in</span> <span class='ocrx_word' id='word_1_538' title='bbox 2543 4137 2675 4194; x_wconf 92' lang='lat' dir='ltr'>loco</span> <span class='ocrx_word' id='word_1_539' title='bbox 2702 4139 3013 4196; x_wconf 81' lang='lat' dir='ltr'>Hadalaon</span> <span class='ocrx_word' id='word_1_540' title='bbox 3030 4141 3189 4198; x_wconf 92' lang='lat' dir='ltr'>dicto</span> <span class='ocrx_word' id='word_1_541' title='bbox 3208 4142 3838 4217; x_wconf 86' lang='lat' dir='ltr'>applicuisse,insuum</span> 
     </span>
    </p>
   </div>
   <div class='ocr_carea' id='block_1_45' title="bbox 452 4222 3838 4309">
    <p class='ocr_par' dir='ltr' id='par_1_45' title="bbox 452 4222 3838 4309">
     <span class='ocr_line' id='line_1_45' title="bbox 452 4222 3838 4309; baseline 0.004 -30"><span class='ocrx_word' id='word_1_542' title='bbox 452 4238 555 4281; x_wconf 86' lang='lat' dir='ltr'>eos</span> <span class='ocrx_word' id='word_1_543' title='bbox 583 4223 931 4280; x_wconf 85' lang='lat' dir='ltr'>convocavit</span> <span class='ocrx_word' id='word_1_544' title='bbox 962 4222 1272 4295; x_wconf 80' lang='lat' dir='ltr'>auxilium,</span> <span class='ocrx_word' id='word_1_545' title='bbox 1294 4224 1645 4297; x_wconf 87' lang='lat' dir='ltr'>promittens</span> <span class='ocrx_word' id='word_1_546' title='bbox 1668 4222 1752 4278; x_wconf 90' lang='lat' dir='ltr'>eis</span> <span class='ocrx_word' id='word_1_547' title='bbox 1767 4237 1905 4277; x_wconf 89' lang='lat' dir='ltr'>cum</span> <span class='ocrx_word' id='word_1_548' title='bbox 1928 4238 2036 4277; x_wconf 91' lang='lat' dir='ltr'>suo</span> <span class='ocrx_word' id='word_1_549' title='bbox 2058 4239 2425 4297; x_wconf 88' lang='lat' dir='ltr'>suorumque</span> <span class='ocrx_word' id='word_1_550' title='bbox 2448 4230 2514 4281; x_wconf 88' lang='grc'>12</span> <span class='ocrx_word' id='word_1_551' title='bbox 2531 4226 3042 4286; x_wconf 89' lang='lat' dir='ltr'>nobilissimorum</span> <span class='ocrx_word' id='word_1_552' title='bbox 3057 4230 3427 4301; x_wconf 83' lang='lat' dir='ltr'>juramento,</span> <span class='ocrx_word' id='word_1_553' title='bbox 3458 4234 3516 4291; x_wconf 89' lang='lat' dir='ltr'>si</span> <span class='ocrx_word' id='word_1_554' title='bbox 3532 4237 3838 4309; x_wconf 81' lang='lat' dir='ltr'>Thuringos</span> 
     </span>
    </p>
   </div>
   <div class='ocr_carea' id='block_1_46' title="bbox 449 4310 3836 4387">
    <p class='ocr_par' dir='ltr' id='par_1_46' title="bbox 449 4310 3836 4387">
     <span class='ocr_line' id='line_1_46' title="bbox 449 4310 3836 4387; baseline 0.003 -19"><span class='ocrx_word' id='word_1_555' title='bbox 449 4310 565 4368; x_wconf 89' lang='lat' dir='ltr'>sibi</span> <span class='ocrx_word' id='word_1_556' title='bbox 583 4311 966 4368; x_wconf 87' lang='lat' dir='ltr'>adversantes</span> <span class='ocrx_word' id='word_1_557' title='bbox 989 4312 1311 4379; x_wconf 88' lang='lat' dir='ltr'>vincerent,</span> <span class='ocrx_word' id='word_1_558' title='bbox 1332 4327 1575 4368; x_wconf 92' lang='lat' dir='ltr'>omnem</span> <span class='ocrx_word' id='word_1_559' title='bbox 1595 4310 1708 4365; x_wconf 91' lang='lat' dir='ltr'>illis</span> <span class='ocrx_word' id='word_1_560' title='bbox 1736 4325 1945 4366; x_wconf 89' lang='lat' dir='ltr'>eorum</span> <span class='ocrx_word' id='word_1_561' title='bbox 1969 4315 2185 4366; x_wconf 91' lang='lat' dir='ltr'>terram</span> <span class='ocrx_word' id='word_1_562' title='bbox 2205 4312 2510 4383; x_wconf 89' lang='lat' dir='ltr'>daturum,</span> <span class='ocrx_word' id='word_1_563' title='bbox 2534 4329 2725 4387; x_wconf 90' lang='lat' dir='ltr'>usque</span> <span class='ocrx_word' id='word_1_564' title='bbox 2746 4315 2826 4372; x_wconf 90' lang='lat' dir='ltr'>ad</span> <span class='ocrx_word' id='word_1_565' title='bbox 2842 4317 3272 4376; x_wconf 85' lang='lat' dir='ltr'>conﬂuentiam</span> <span class='ocrx_word' id='word_1_566' title='bbox 3295 4320 3442 4378; x_wconf 69' lang='lat' dir='ltr'>Salue</span> <span class='ocrx_word' id='word_1_567' title='bbox 3469 4329 3532 4380; x_wconf 89' lang='lat' dir='ltr'>et</span> <span class='ocrx_word' id='word_1_568' title='bbox 3555 4324 3836 4383; x_wconf 71' lang='lat' dir='ltr'>Unstrade</span> 
     </span>
    </p>
   </div>
   <div class='ocr_carea' id='block_1_47' title="bbox 447 4398 3837 4480">
    <p class='ocr_par' dir='ltr' id='par_1_47' title="bbox 447 4398 3837 4480">
     <span class='ocr_line' id='line_1_47' title="bbox 447 4398 3837 4480; baseline 0.004 -23"><span class='ocrx_word' id='word_1_569' title='bbox 447 4400 788 4458; x_wconf 88' lang='lat' dir='ltr'>ﬂuviorum.</span> <span class='ocrx_word' id='word_1_570' title='bbox 813 4401 922 4467; x_wconf 85' lang='lat' dir='ltr'>Qui</span> <span class='ocrx_word' id='word_1_571' title='bbox 943 4401 1089 4456; x_wconf 91' lang='lat' dir='ltr'>nihil</span> <span class='ocrx_word' id='word_1_572' title='bbox 1107 4405 1429 4467; x_wconf 87' lang='lat' dir='ltr'>morantes,</span> <span class='ocrx_word' id='word_1_573' title='bbox 1453 4404 1744 4455; x_wconf 89' lang='lat' dir='ltr'>venerunt</span> <span class='ocrx_word' id='word_1_574' title='bbox 1773 4398 1852 4455; x_wconf 91' lang='lat' dir='ltr'>ad</span> <span class='ocrx_word' id='word_1_575' title='bbox 1881 4415 2042 4468; x_wconf 88' lang='lat' dir='ltr'>eum,</span> <span class='ocrx_word' id='word_1_576' title='bbox 2072 4404 2131 4456; x_wconf 92' lang='lat' dir='ltr'>et</span> <span class='ocrx_word' id='word_1_577' title='bbox 2144 4408 2569 4474; x_wconf 90' lang='lat' dir='ltr'>persequentes</span> <span class='ocrx_word' id='word_1_578' title='bbox 2600 4403 3024 4474; x_wconf 91' lang='lat' dir='ltr'>Irminfridum,</span> <span class='ocrx_word' id='word_1_579' title='bbox 3048 4416 3472 4480; x_wconf 85' lang='lat' dir='ltr'>pugnaverunt</span> <span class='ocrx_word' id='word_1_580' title='bbox 3493 4420 3713 4473; x_wconf 84' lang='lat' dir='ltr'>contra</span> <span class='ocrx_word' id='word_1_581' title='bbox 3725 4426 3837 4470; x_wconf 88' lang='lat' dir='ltr'>eum</span> 
     </span>
    </p>
   </div>
   <div class='ocr_carea' id='block_1_48' title="bbox 448 4487 3838 4568">
    <p class='ocr_par' dir='ltr' id='par_1_48' title="bbox 448 4487 3838 4568">
     <span class='ocr_line' id='line_1_48' title="bbox 448 4487 3838 4568; baseline 0.004 -24"><span class='ocrx_word' id='word_1_582' title='bbox 448 4504 627 4563; x_wconf 86' lang='lat' dir='ltr'>super</span> <span class='ocrx_word' id='word_1_583' title='bbox 639 4489 973 4546; x_wconf 89' lang='lat' dir='ltr'>Unstradan</span> <span class='ocrx_word' id='word_1_584' title='bbox 982 4488 1255 4556; x_wconf 88' lang='lat' dir='ltr'>ﬂuvium,</span> <span class='ocrx_word' id='word_1_585' title='bbox 1275 4492 1627 4560; x_wconf 88' lang='lat' dir='ltr'>tantamque</span> <span class='ocrx_word' id='word_1_586' title='bbox 1649 4487 2086 4558; x_wconf 88' lang='lat' dir='ltr'>Thuringornm</span> <span class='ocrx_word' id='word_1_587' title='bbox 2107 4493 2365 4559; x_wconf 89' lang='lat' dir='ltr'>stragem</span> <span class='ocrx_word' id='word_1_588' title='bbox 2381 4489 2497 4545; x_wconf 91' lang='lat' dir='ltr'>illic</span> <span class='ocrx_word' id='word_1_589' title='bbox 2519 4490 2831 4560; x_wconf 89' lang='lat' dir='ltr'>dederunt,</span> <span class='ocrx_word' id='word_1_590' title='bbox 2858 4499 2921 4551; x_wconf 90' lang='lat' dir='ltr'>ut</span> <span class='ocrx_word' id='word_1_591' title='bbox 2938 4495 3063 4568; x_wconf 90' lang='lat' dir='ltr'>ipse</span> <span class='ocrx_word' id='word_1_592' title='bbox 3080 4497 3299 4554; x_wconf 86' lang='lat' dir='ltr'>ﬂuvius</span> <span class='ocrx_word' id='word_1_593' title='bbox 3319 4515 3543 4560; x_wconf 89' lang='lat' dir='ltr'>eorum</span> <span class='ocrx_word' id='word_1_594' title='bbox 3563 4501 3838 4562; x_wconf 84' lang='lat' dir='ltr'>cadaveri—</span> 
     </span>
    </p>
   </div>
   <div class='ocr_carea' id='block_1_49' title="bbox 444 4575 3833 4663">
    <p class='ocr_par' dir='ltr' id='par_1_49' title="bbox 444 4575 3833 4663">
     <span class='ocr_line' id='line_1_49' title="bbox 444 4575 3833 4663; baseline 0.004 -30"><span class='ocrx_word' id='word_1_595' title='bbox 444 4576 560 4634; x_wconf 88' lang='lat' dir='ltr'>bus</span> <span class='ocrx_word' id='word_1_596' title='bbox 573 4577 851 4651; x_wconf 90' lang='lat' dir='ltr'>repletus,</span> <span class='ocrx_word' id='word_1_597' title='bbox 878 4581 1127 4651; x_wconf 90' lang='lat' dir='ltr'>pontem</span> <span class='ocrx_word' id='word_1_598' title='bbox 1144 4577 1258 4633; x_wconf 90' lang='lat' dir='ltr'>illis</span> <span class='ocrx_word' id='word_1_599' title='bbox 1278 4576 1588 4650; x_wconf 74' lang='lat' dir='ltr'>praeberet.</span> <span class='ocrx_word' id='word_1_600' title='bbox 1625 4575 1996 4631; x_wconf 88' lang='lat' dir='ltr'>lrminfridus</span> <span class='ocrx_word' id='word_1_601' title='bbox 2026 4580 2225 4633; x_wconf 90' lang='lat' dir='ltr'>autem</span> <span class='ocrx_word' id='word_1_602' title='bbox 2247 4595 2385 4634; x_wconf 92' lang='lat' dir='ltr'>cum</span> <span class='ocrx_word' id='word_1_603' title='bbox 2424 4595 2608 4635; x_wconf 86' lang='lat' dir='ltr'>uxore</span> <span class='ocrx_word' id='word_1_604' title='bbox 2625 4586 2680 4636; x_wconf 86' lang='lat' dir='ltr'>et</span> <span class='ocrx_word' id='word_1_605' title='bbox 2700 4580 2854 4650; x_wconf 86' lang='lat' dir='ltr'>ﬁliis,</span> <span class='ocrx_word' id='word_1_606' title='bbox 2890 4588 2947 4640; x_wconf 90' lang='lat' dir='ltr'>et</span> <span class='ocrx_word' id='word_1_607' title='bbox 2975 4601 3096 4641; x_wconf 92' lang='lat' dir='ltr'>uno</span> <span class='ocrx_word' id='word_1_608' title='bbox 3125 4586 3308 4644; x_wconf 90' lang='lat' dir='ltr'>milite</span> <span class='ocrx_word' id='word_1_609' title='bbox 3358 4589 3569 4663; x_wconf 87' lang='lat' dir='ltr'>lringo</span> <span class='ocrx_word' id='word_1_610' title='bbox 3594 4593 3833 4657; x_wconf 85' lang='lat' dir='ltr'>nomine,</span> 
     </span>
    </p>
   </div>
   <div class='ocr_carea' id='block_1_50' title="bbox 444 4663 3833 4754">
    <p class='ocr_par' dir='ltr' id='par_1_50' title="bbox 444 4663 3833 4754">
     <span class='ocr_line' id='line_1_50' title="bbox 444 4663 3833 4754; baseline 0.004 -33"><span class='ocrx_word' id='word_1_611' title='bbox 444 4669 623 4754; x_wconf 74' lang='lat' dir='ltr'>capta</span> <span class='ocrx_word' id='word_1_612' title='bbox 644 4681 681 4724; x_wconf 88' lang='lat' dir='ltr'>a</span> <span class='ocrx_word' id='word_1_613' title='bbox 711 4666 1046 4724; x_wconf 88' lang='lat' dir='ltr'>Saxonibus</span> <span class='ocrx_word' id='word_1_614' title='bbox 1075 4663 1521 4754; x_wconf 31' lang='lat' dir='ltr'>noctuhcivitate</span> <span class='ocrx_word' id='word_1_615' title='bbox 1566 4663 1886 4754; x_wconf 30' lang='lat' dir='ltr'>S-chidinga</span> <span class='ocrx_word' id='word_1_616' title='bbox 1927 4680 2048 4736; x_wconf 91' lang='lat' dir='ltr'>qua</span> <span class='ocrx_word' id='word_1_617' title='bbox 2096 4681 2156 4720; x_wconf 92' lang='lat' dir='ltr'>se</span> <span class='ocrx_word' id='word_1_618' title='bbox 2197 4666 2586 4737; x_wconf 90' lang='lat' dir='ltr'>concluserat,</span> <span class='ocrx_word' id='word_1_619' title='bbox 2609 4669 2705 4725; x_wconf 87' lang='lat' dir='ltr'>vix</span> <span class='ocrx_word' id='word_1_620' title='bbox 2731 4671 2932 4729; x_wconf 88' lang='lat' dir='ltr'>evasit.</span> <span class='ocrx_word' id='word_1_621' title='bbox 2955 4676 3117 4730; x_wconf 87' lang='lat' dir='ltr'>Tunc</span> <span class='ocrx_word' id='word_1_622' title='bbox 3145 4676 3582 4750; x_wconf 88' lang='lat' dir='ltr'>Theodoricus,</span> <span class='ocrx_word' id='word_1_623' title='bbox 3616 4687 3833 4754; x_wconf 89' lang='lat' dir='ltr'>accepto</span> 
     </span>
    </p>
   </div>
   <div class='ocr_carea' id='block_1_51' title="bbox 442 4750 3832 4844">
    <p class='ocr_par' dir='ltr' id='par_1_51' title="bbox 442 4750 3832 4844">
     <span class='ocr_line' id='line_1_51' title="bbox 442 4750 3832 4844; baseline 0.005 -34"><span class='ocrx_word' id='word_1_624' title='bbox 442 4753 711 4823; x_wconf 88' lang='lat' dir='ltr'>consilio,</span> <span class='ocrx_word' id='word_1_625' title='bbox 736 4754 1059 4811; x_wconf 88' lang='lat' dir='ltr'>victoribus</span> <span class='ocrx_word' id='word_1_626' title='bbox 1080 4751 1341 4810; x_wconf 89' lang='lat' dir='ltr'>tradidit.</span> <span class='ocrx_word' id='word_1_627' title='bbox 1373 4750 1710 4809; x_wconf 87' lang='lat' dir='ltr'>Saxonibus</span> <span class='ocrx_word' id='word_1_628' title='bbox 1729 4767 1973 4808; x_wconf 89' lang='lat' dir='ltr'>omnem</span> <span class='ocrx_word' id='word_1_629' title='bbox 1997 4757 2216 4810; x_wconf 87' lang='lat' dir='ltr'>terram</span> <span class='ocrx_word' id='word_1_630' title='bbox 2236 4755 2699 4827; x_wconf 85' lang='lat' dir='ltr'>Thuringornm,</span> <span class='ocrx_word' id='word_1_631' title='bbox 2721 4765 2969 4833; x_wconf 85' lang='lat' dir='ltr'>excepta</span> <span class='ocrx_word' id='word_1_632' title='bbox 2989 4778 3178 4835; x_wconf 88' lang='lat' dir='ltr'>quam</span> <span class='ocrx_word' id='word_1_633' title='bbox 3201 4766 3429 4825; x_wconf 90' lang='lat' dir='ltr'>Louvia</span> <span class='ocrx_word' id='word_1_634' title='bbox 3460 4771 3577 4844; x_wconf 85' lang='lat'><strong>(65)</strong></span> <span class='ocrx_word' id='word_1_635' title='bbox 3600 4777 3659 4830; x_wconf 88' lang='lat' dir='ltr'>et</span> <span class='ocrx_word' id='word_1_636' title='bbox 3678 4750 3832 4829; x_wconf 55' lang='lat' dir='ltr'>Hairtz</span> 
     </span>
    </p>
   </div>
   <div class='ocr_carea' id='block_1_52' title="bbox 507 5000 1589 5076">
    <p class='ocr_par' dir='ltr' id='par_1_52' title="bbox 507 5000 1589 5076">
     <span class='ocr_line' id='line_1_52' title="bbox 507 5000 1589 5076; baseline -0.004 -16"><span class='ocrx_word' id='word_1_637' title='bbox 507 5004 613 5075; x_wconf 83' lang='lat'><strong>(56)</strong></span> <span class='ocrx_word' id='word_1_638' title='bbox 652 5005 803 5076; x_wconf 78' lang='lat' dir='ltr'>Lege</span> <span class='ocrx_word' id='word_1_639' title='bbox 829 5002 1153 5076; x_wconf 75' lang='lat' dir='ltr'>Egeticum,</span> <span class='ocrx_word' id='word_1_640' title='bbox 1177 5001 1222 5076; x_wconf 12' lang='lat' dir='ltr'>7i.</span> <span class='ocrx_word' id='word_1_641' title='bbox 1257 5000 1589 5076; x_wconf 68' lang='lat' dir='ltr'>e._A_etium.</span> 
     </span>
    </p>
   </div>
   <div class='ocr_carea' id='block_1_53' title="bbox 507 5069 2202 5145">
    <p class='ocr_par' dir='ltr' id='par_1_53' title="bbox 507 5069 2202 5145">
     <span class='ocr_line' id='line_1_53' title="bbox 507 5069 2202 5145; baseline 0.006 -24"><span class='ocrx_word' id='word_1_642' title='bbox 507 5069 614 5143; x_wconf 74' lang='lat'><strong>(57&#39;)</strong></span> <span class='ocrx_word' id='word_1_643' title='bbox 657 5069 995 5145; x_wconf 51' lang='lat' dir='ltr'>LefgenJum</span> <span class='ocrx_word' id='word_1_644' title='bbox 1025 5071 1264 5127; x_wconf 84' lang='lat' dir='ltr'>videtur</span> <span class='ocrx_word' id='word_1_645' title='bbox 1290 5069 1626 5145; x_wconf 56' lang='lat' dir='ltr'>Iolosensis</span> <span class='ocrx_word' id='word_1_646' title='bbox 1651 5074 1745 5130; x_wconf 84' lang='lat' dir='ltr'>vel</span> <span class='ocrx_word' id='word_1_647' title='bbox 1782 5074 2202 5131; x_wconf 78' lang='lat' dir='ltr'>Narbonensis.</span> 
     </span>
    </p>
   </div>
   <div class='ocr_carea' id='block_1_54' title="bbox 503 5141 1567 5222">
    <p class='ocr_par' dir='ltr' id='par_1_54' title="bbox 503 5141 1567 5222">
     <span class='ocr_line' id='line_1_54' title="bbox 503 5141 1567 5222; baseline -0.015 -17"><span class='ocrx_word' id='word_1_648' title='bbox 503 5141 615 5222; x_wconf 68' lang='lat' dir='ltr'>(Zj§)</span> <span class='ocrx_word' id='word_1_649' title='bbox 652 5141 829 5222; x_wconf 76' lang='lat' dir='ltr'>_I_td_c.</span> <span class='ocrx_word' id='word_1_650' title='bbox 853 5145 1282 5222; x_wconf 69' lang='lat' dir='ltr'>perpetratum</span> <span class='ocrx_word' id='word_1_651' title='bbox 1302 5141 1567 5198; x_wconf 73' lang='lat' dir='ltr'>LEIBN,</span> 
     </span>
    </p>
   </div>
   <div class='ocr_carea' id='block_1_55' title="bbox 502 5211 3827 5308">
    <p class='ocr_par' dir='ltr' id='par_1_55' title="bbox 502 5211 3827 5308">
     <span class='ocr_line' id='line_1_55' title="bbox 502 5211 3827 5308; baseline 0.005 -38"><span class='ocrx_word' id='word_1_652' title='bbox 502 5211 610 5308; x_wconf 51' lang='lat'><strong>5:9)</strong></span> <span class='ocrx_word' id='word_1_653' title='bbox 652 5211 1011 5282; x_wconf 74' lang='lat' dir='ltr'>Herlungos;</span> <span class='ocrx_word' id='word_1_654' title='bbox 1042 5211 1138 5267; x_wconf 93' lang='lat' dir='ltr'>hic</span> <span class='ocrx_word' id='word_1_655' title='bbox 1166 5216 1223 5267; x_wconf 91' lang='lat' dir='ltr'>et</span> <span class='ocrx_word' id='word_1_656' title='bbox 1269 5211 1327 5267; x_wconf 91' lang='lat' dir='ltr'>in</span> <span class='ocrx_word' id='word_1_657' title='bbox 1360 5227 1524 5286; x_wconf 91' lang='lat' dir='ltr'>seqq.</span> <span class='ocrx_word' id='word_1_658' title='bbox 1533 5255 1550 5285; x_wconf 95' lang='lat'>,</span> <span class='ocrx_word' id='word_1_659' title='bbox 1581 5213 1654 5269; x_wconf 90' lang='lat' dir='ltr'>cf.</span> <span class='ocrx_word' id='word_1_660' title='bbox 1717 5214 2003 5273; x_wconf 91' lang='lat' dir='ltr'>Wilhelmi</span> <span class='ocrx_word' id='word_1_661' title='bbox 2033 5215 2257 5272; x_wconf 91' lang='lat' dir='ltr'>Grimm</span> <span class='ocrx_word' id='word_1_662' title='bbox 2311 5216 2499 5274; x_wconf 88' lang='lat' dir='ltr'>nostri</span> <span class='ocrx_word' id='word_1_663' title='bbox 2541 5216 2763 5275; x_wconf 92' lang='lat' dir='ltr'>librum</span> <span class='ocrx_word' id='word_1_664' title='bbox 2793 5223 2888 5279; x_wconf 86' lang='lat' dir='ltr'>die</span> <span class='ocrx_word' id='word_1_665' title='bbox 2915 5223 3197 5282; x_wconf 83' lang='lat' dir='ltr'>deutsche</span> <span class='ocrx_word' id='word_1_666' title='bbox 3223 5227 3631 5306; x_wconf 83' lang='lat' dir='ltr'>Heldensage</span> <span class='ocrx_word' id='word_1_667' title='bbox 3681 5252 3739 5308; x_wconf 91' lang='lat' dir='ltr'>p.</span> <span class='ocrx_word' id='word_1_668' title='bbox 3764 5237 3827 5297; x_wconf 83' lang='lat' dir='ltr'>l9,</span> 
     </span>
    </p>
   </div>
   <div class='ocr_carea' id='block_1_56' title="bbox 424 5297 2542 5489">
    <p class='ocr_par' dir='ltr' id='par_1_56' title="bbox 424 5297 2542 5489">
     <span class='ocr_line' id='line_1_56' title="bbox 424 5297 2542 5489; baseline 0.004 -83"><span class='ocrx_word' id='word_1_669' title='bbox 424 5297 609 5489; x_wconf 43' lang='lat' dir='ltr'>“gilii;</span> <span class='ocrx_word' id='word_1_670' title='bbox 645 5352 783 5407; x_wconf 67' lang='lat' dir='ltr'>Hinc</span> <span class='ocrx_word' id='word_1_671' title='bbox 812 5366 885 5406; x_wconf 89' lang='lat' dir='ltr'>ex</span> <span class='ocrx_word' id='word_1_672' title='bbox 908 5350 1060 5406; x_wconf 90' lang='lat' dir='ltr'>libro</span> <span class='ocrx_word' id='word_1_673' title='bbox 1093 5355 1229 5407; x_wconf 90' lang='lat' dir='ltr'>ante</span> <span class='ocrx_word' id='word_1_674' title='bbox 1258 5368 1313 5408; x_wconf 91' lang='lat' dir='ltr'>a.</span> <span class='ocrx_word' id='word_1_675' title='bbox 1344 5355 1438 5408; x_wconf 85' lang='grc'>801</span> <span class='ocrx_word' id='word_1_676' title='bbox 1481 5354 1699 5427; x_wconf 90' lang='lat' dir='ltr'>scripto</span> <span class='ocrx_word' id='word_1_677' title='bbox 1728 5322 2051 5429; x_wconf 88' lang='lat' dir='ltr'>desumpto</span> <span class='ocrx_word' id='word_1_678' title='bbox 2081 5372 2215 5413; x_wconf 88' lang='lat' dir='ltr'>esse</span> <span class='ocrx_word' id='word_1_679' title='bbox 2245 5357 2542 5415; x_wconf 87' lang='lat' dir='ltr'>videntur.</span> 
     </span>
     <span class='ocr_line' id='line_1_57' title="bbox 492 5421 1275 5489; baseline 0.004 -14"><span class='ocrx_word' id='word_1_680' title='bbox 492 5423 575 5489; x_wconf 89' lang='grc'>(61</span> <span class='ocrx_word' id='word_1_681' title='bbox 648 5421 733 5477; x_wconf 85' lang='lat' dir='ltr'>Cf.</span> <span class='ocrx_word' id='word_1_682' title='bbox 763 5421 1084 5477; x_wconf 84' lang='lat' dir='ltr'>Jordanem</span> <span class='ocrx_word' id='word_1_683' title='bbox 1113 5438 1163 5477; x_wconf 93' lang='lat' dir='ltr'>c.</span> <span class='ocrx_word' id='word_1_684' title='bbox 1188 5426 1275 5478; x_wconf 81' lang='grc'>24.</span> 
     </span>
    </p>
   </div>
   <div class='ocr_carea' id='block_1_57' title="bbox 492 5421 1275 5559">
    <p class='ocr_par' dir='ltr' id='par_1_57' title="bbox 492 5421 1275 5559">
     <span class='ocr_line' id='line_1_58' title="bbox 492 5421 1275 5559; baseline 0.004 -84"><span class='ocrx_word' id='word_1_685' title='bbox 492 5421 606 5559; x_wconf 53' lang='grc'>(61)</span> <span class='ocrx_word' id='word_1_686' title='bbox 648 5421 733 5477; x_wconf 85' lang='lat' dir='ltr'>Cf.</span> <span class='ocrx_word' id='word_1_687' title='bbox 763 5421 1084 5477; x_wconf 84' lang='lat' dir='ltr'>Jordanem</span> <span class='ocrx_word' id='word_1_688' title='bbox 1113 5438 1163 5477; x_wconf 93' lang='lat' dir='ltr'>c.</span> <span class='ocrx_word' id='word_1_689' title='bbox 1188 5426 1275 5478; x_wconf 81' lang='grc'>24.</span> 
     </span>
     <span class='ocr_line' id='line_1_59' title="bbox 514 5492 1275 5559; baseline 0.008 -16"><span class='ocrx_word' id='word_1_690' title='bbox 514 5494 600 5559; x_wconf 80' lang='grc'>62)</span> <span class='ocrx_word' id='word_1_691' title='bbox 643 5494 709 5545; x_wconf 89' lang='lat' dir='ltr'>Et</span> <span class='ocrx_word' id='word_1_692' title='bbox 738 5505 892 5547; x_wconf 83' lang='lat' dir='ltr'>corr.</span> <span class='ocrx_word' id='word_1_693' title='bbox 914 5492 1016 5547; x_wconf 88' lang='lat' dir='ltr'>tibi</span> <span class='ocrx_word' id='word_1_694' title='bbox 1041 5507 1224 5549; x_wconf 84' lang='lat' dir='ltr'>manu</span> <span class='ocrx_word' id='word_1_695' title='bbox 1253 5510 1275 5549; x_wconf 85' lang='lat' dir='ltr'>s</span> 
     </span>
    </p>
   </div>
   <div class='ocr_carea' id='block_1_58' title="bbox 491 5492 1642 5629">
    <p class='ocr_par' dir='ltr' id='par_1_58' title="bbox 491 5492 1642 5629">
     <span class='ocr_line' id='line_1_60' title="bbox 495 5492 1595 5562; baseline 0.006 -18"><span class='ocrx_word' id='word_1_696' title='bbox 495 5492 600 5562; x_wconf 82' lang='grc'>(62)</span> <span class='ocrx_word' id='word_1_697' title='bbox 643 5494 709 5545; x_wconf 91' lang='lat' dir='ltr'>Et</span> <span class='ocrx_word' id='word_1_698' title='bbox 738 5505 892 5547; x_wconf 81' lang='lat' dir='ltr'>corr.</span> <span class='ocrx_word' id='word_1_699' title='bbox 914 5492 1016 5547; x_wconf 90' lang='lat' dir='ltr'>tibi</span> <span class='ocrx_word' id='word_1_700' title='bbox 1041 5507 1224 5549; x_wconf 85' lang='lat' dir='ltr'>manu</span> <span class='ocrx_word' id='word_1_701' title='bbox 1253 5494 1513 5551; x_wconf 83' lang='lat' dir='ltr'>secunda</span> <span class='ocrx_word' id='word_1_702' title='bbox 1545 5512 1595 5552; x_wconf 90' lang='lat' dir='ltr'>c.</span> 
     </span>
     <span class='ocr_line' id='line_1_61' title="bbox 491 5561 1642 5629; baseline 0.006 -14"><span class='ocrx_word' id='word_1_703' title='bbox 491 5561 602 5627; x_wconf 78' lang='grc'>(63)</span> <span class='ocrx_word' id='word_1_704' title='bbox 645 5563 837 5629; x_wconf 86' lang='lat' dir='ltr'>Pagus</span> <span class='ocrx_word' id='word_1_705' title='bbox 865 5562 926 5616; x_wconf 92' lang='lat' dir='ltr'>in</span> <span class='ocrx_word' id='word_1_706' title='bbox 941 5579 1061 5629; x_wconf 90' lang='lat' dir='ltr'>quo</span> <span class='ocrx_word' id='word_1_707' title='bbox 1084 5563 1438 5621; x_wconf 90' lang='lat' dir='ltr'>Hannovera</span> <span class='ocrx_word' id='word_1_708' title='bbox 1472 5565 1642 5622; x_wconf 87' lang='lat' dir='ltr'>civita</span> 
     </span>
    </p>
   </div>
   <div class='ocr_carea' id='block_1_59' title="bbox 493 5579 1953 5771">
    <p class='ocr_par' dir='ltr' id='par_1_59' title="bbox 493 5579 1953 5771">
     <span class='ocr_line' id='line_1_62' title="bbox 493 5579 1692 5635; baseline 0.003 -16"><span class='ocrx_word' id='word_1_709' title='bbox 493 5579 602 5627; x_wconf 54' lang='lat' dir='ltr'>the)</span> <span class='ocrx_word' id='word_1_710' title='bbox 646 5579 837 5629; x_wconf 66' lang='lat' dir='ltr'>vagus</span> <span class='ocrx_word' id='word_1_711' title='bbox 865 5579 926 5616; x_wconf 81' lang='lat' dir='ltr'>in</span> <span class='ocrx_word' id='word_1_712' title='bbox 941 5579 1061 5635; x_wconf 91' lang='lat' dir='ltr'>quo</span> <span class='ocrx_word' id='word_1_713' title='bbox 1084 5579 1438 5621; x_wconf 71' lang='lat' dir='ltr'>Hannovera</span> <span class='ocrx_word' id='word_1_714' title='bbox 1472 5579 1692 5633; x_wconf 84' lang='lat' dir='ltr'>emtas,</span> 
     </span>
     <span class='ocr_line' id='line_1_63' title="bbox 493 5631 1953 5771; baseline 0.005 -86"><span class='ocrx_word' id='word_1_715' title='bbox 640 5631 957 5688; x_wconf 87' lang='lat' dir='ltr'>Annalium</span> <span class='ocrx_word' id='word_1_716' title='bbox 990 5634 1249 5715; x_wconf 63' lang='lat' dir='ltr'>orbeim,</span> <span class='ocrx_word' id='word_1_717' title='bbox 1279 5635 1609 5717; x_wconf 74' lang='lat' dir='ltr'>Horheim;</span> <span class='ocrx_word' id='word_1_718' title='bbox 1631 5638 1712 5705; x_wconf 79' lang='lat' dir='ltr'>cf.</span> <span class='ocrx_word' id='word_1_719' title='bbox 1744 5652 1803 5693; x_wconf 91' lang='lat' dir='ltr'>a.</span> <span class='ocrx_word' id='word_1_720' title='bbox 1829 5642 1953 5693; x_wconf 80' lang='lat'>780.</span> 
     </span>
     <span class='ocr_line' id='line_1_64' title="bbox 493 5700 1928 5771; baseline 0.007 -19"><span class='ocrx_word' id='word_1_721' title='bbox 493 5700 577 5769; x_wconf 77' lang='grc' dir='ltr'>(6ο</span> <span class='ocrx_word' id='word_1_722' title='bbox 640 5702 861 5759; x_wconf 82' lang='lat' dir='ltr'>Montes</span> <span class='ocrx_word' id='word_1_723' title='bbox 892 5703 1326 5771; x_wconf 86' lang='lat' dir='ltr'>Thurmgorum</span> <span class='ocrx_word' id='word_1_724' title='bbox 1354 5705 1775 5763; x_wconf 80' lang='lat' dir='ltr'>meridionales</span> <span class='ocrx_word' id='word_1_725' title='bbox 1799 5722 1928 5763; x_wconf 89' lang='lat' dir='ltr'>esse</span> 
     </span>
    </p>
   </div>
   <div class='ocr_carea' id='block_1_60' title="bbox 489 5700 2249 5776">
    <p class='ocr_par' dir='ltr' id='par_1_60' title="bbox 489 5700 2249 5776">
     <span class='ocr_line' id='line_1_65' title="bbox 489 5700 2249 5776; baseline 0.008 -24"><span class='ocrx_word' id='word_1_726' title='bbox 489 5700 603 5771; x_wconf 72' lang='lat'><strong>(65)</strong></span> <span class='ocrx_word' id='word_1_727' title='bbox 640 5702 861 5759; x_wconf 81' lang='lat' dir='ltr'>Montes</span> <span class='ocrx_word' id='word_1_728' title='bbox 892 5700 1326 5776; x_wconf 82' lang='lat' dir='ltr'>Thuringornm</span> <span class='ocrx_word' id='word_1_729' title='bbox 1354 5700 1775 5763; x_wconf 80' lang='lat' dir='ltr'>meridionales</span> <span class='ocrx_word' id='word_1_730' title='bbox 1799 5722 1928 5763; x_wconf 89' lang='lat' dir='ltr'>esse</span> <span class='ocrx_word' id='word_1_731' title='bbox 1953 5706 2249 5766; x_wconf 88' lang='lat' dir='ltr'>videntur.</span> 
     </span>
    </p>
   </div>
  </div>
