3874 6424
0 289 144 342 465
994 295 1078 350 ΕΤ
1116 296 1456 352 LAMBERTI
1496 300 1530 348 Α

1939 299 2071 353 ῘΗΟ.
2114 299 2290 354 PARS
2328 301 2538 356 PRIOR
3364 307 3469 360 466

1214 420 1534 475 ΑΝΝΑΙᾸΞΞ
1577 420 2312 484 QUEDLINBURGENSES.

0 509 243 582 sylvaa
274 511 656 578 concludunt,
693 513 925 586 absque
957 515 1180 572 tributo
1210 521 1500 589 perpetuo
1531 516 1982 589 possidendam.
2024 519 2356 586 Thuringos
2387 536 2528 574 vero
2555 521 2658 591 qui
2689 522 2837 579 caedi
2869 525 3300 596 superfuerant,
3333 543 3471 582 cum

0 597 251 671 porcis
282 598 566 686 tributum
596 601 753 670 regis
786 601 1096 674 stipendiis
1128 604 1354 660 solvere
1377 604 1571 676 jussit.
1621 607 1754 659 Post
1783 606 1909 660 haec
1939 604 2338 660 Theodoricus
2369 606 2506 661 date
2537 606 2652 662 ﬁde
2701 610 3059 678 lrminfrido,
3102 613 3161 669 in
3192 613 3470 686 Zulpiaco

1 686 289 741 civitate
337 685 504 741 illum
533 687 674 743 dolo
709 689 918 761 perimi
943 690 1135 760 jussit.
1170 691 1345 747 Attila
1404 708 1503 747 rex
1537 695 1842 749 Hunorum
1875 697 1930 748 et
1959 694 2136 748 totius
2170 696 2418 765 Europae
2450 699 2650 760 terror,
2671 711 2707 750 a
2737 696 2937 767 puella
2966 699 3254 769 quadam,
3283 685 3469 772 quam

0 792 50 830 a
89 778 286 848 patre
317 775 512 830 occiso
545 776 604 831 vi
630 777 845 849 rapuit,
881 777 1116 834 cultello
1145 779 1455 852 perfossus
1487 779 1721 835 interiit.

95 862 412 918 Justinius
441 864 637 919 minor
664 865 984 938 imperator
1013 867 1186 923 annis
1223 872 1275 922 Η
1311 867 1600 937 regnavit.
1632 867 1892 923 Armenii
1920 869 2128 925 Christi
2161 868 2340 924 fidem
2375 869 2724 942 suscipiunt.

96 951 388 1008 Tiberius
417 952 590 1008 annis
621 959 672 1008 6.
700 955 1074 1023 Longobardi
1107 955 1336 1011 Italiam
1357 961 1616 1012 vastant.
1999 1017 2003 1020 ι

98 1040 436 1097 Mauricius
459 1041 633 1098 annis
668 1046 750 1098 Η.
781 1043 1093 1112 Gregorius
1123 1047 1367 1115 Magnus
1397 1048 1598 1100 Romae
1632 1044 1846 1100 tloruit.
1894 1048 2007 1100 Iste
2057 1046 2347 1101 universae
2376 1046 2685 1118 probitatis
2738 1055 3091 1107 ornamento
3121 1052 3463 1124 prmolarus,

0 1129 451 1198 Augustinum
481 1129 831 1203 episcopum
861 1148 1000 1188 cum
1029 1133 1339 1189 monachis
1370 1132 1430 1188 in
1462 1132 1826 1188 Britanniam
1867 1133 2044 1188 misit.
2082 1139 2142 1189 ut
2173 1134 2331 1203 genti
2357 1134 2721 1203 Angelorum
2749 1137 3002 1194 verbum
3035 1139 3134 1194 Dei
3164 1139 3465 1209 evangeli-

1 1220 272 1288 zarent,
300 1232 462 1273 anno
491 1216 918 1305 incarnationis
945 1219 1260 1276 dominicas
1293 1225 1416 1276 596.

97 1306 349 1361 Phocas
383 1305 556 1361 annis
583 1309 633 1362 8.
668 1307 872 1378 Angeli
907 1310 1170 1366 Saxones
1198 1309 1260 1364 in
1290 1308 1591 1364 Britannia
1622 1307 1804 1363 tidem
1832 1308 2185 1380 percipiunt.

99 1393 424 1450 Heraclius
449 1394 622 1451 annis
647 1399 733 1451 36.
766 1396 951 1452 Judaei
981 1397 1041 1452 in
1074 1398 1352 1470 Hispania
1383 1397 1685 1453 christiani
1711 1396 2066 1452 efﬁciuntur.

99 1482 478 1539 lleraclonas
507 1499 646 1539 cum
677 1489 864 1540 matre
898 1502 1008 1541 sua
1040 1487 1283 1542 Martina
1315 1487 1490 1542 annis
1522 1491 1572 1541 2.
1611 1489 1845 1557 Pyrrus,
1878 1484 2056 1554 regiae
2090 1485 2218 1540 urbi
2253 1485 2590 1558 episcopus,
2623 1503 2659 1542 a
2687 1485 2995 1542 Theodoro
3024 1503 3186 1561 papa
3215 1487 3276 1543 in
3307 1487 3464 1544 basi-

3 1572 156 1627 lica
185 1571 351 1626 beati
381 1571 527 1627 Petri
558 1573 810 1644 apostoli
837 1575 1179 1630 damnatur.

103 1661 566 1729 Constantinus,
591 1663 959 1718 Constantini
991 1663 1166 1728 filius,
1201 1663 1375 1719 annis
1410 1669 1491 1719 l7.
1524 1664 1622 1719 Hic
1655 1668 1885 1718 sextam
1911 1663 2212 1734 synodum
2245 1663 2586 1735 composuit
2611 1664 2781 1733 cujus
2806 1668 3022 1735 rogatu
3045 1665 3276 1734 Agatho
3302 1681 3462 1738 papa

7 1748 205 1806 misit
225 1747 288 1804 in
318 1749 545 1818 regiam
581 1750 789 1805 urbem
820 1751 1047 1820 legatos
1074 1768 1237 1821 suos,
1265 1751 1325 1807 in
1347 1752 1570 1824 quibus
1600 1756 1725 1808 erat
1741 1752 2000 1806 Joannes
2033 1753 2313 1805 Romanae
2342 1750 2600 1805 ecclesiae
2631 1754 2768 1805 tunc
2799 1750 3114 1817 diaconus,
3133 1767 3256 1806 non
3285 1751 3462 1823 longe

9 1841 180 1911 post
209 1837 552 1910 episcopus,
587 1854 696 1911 pro
727 1839 1091 1895 adunatione
1124 1840 1396 1896 facienda
1421 1845 1768 1897 sanctarum
1794 1839 1892 1894 Dei
1924 1839 2308 1895 ecclesiarum
2338 1857 2350 1905 ;
2383 1839 2485 1911 qui
2508 1839 2933 1908 benignissime
2963 1840 3275 1913 susceptia
3300 1857 3462 1896 reve-

10 1924 408 1982 rendissimo
435 1924 574 1980 fidei
604 1926 906 1981 catholicae
954 1927 1267 1983 defensore
1301 1928 1706 1993 Constantino,
1751 1927 1904 1997 jussi
1939 1931 2094 1995 sunt,
2146 1925 2411 1981 remissis
2456 1925 2960 1998 disputationibus
3002 1927 3456 2000 philosophicis,

10 2012 302 2086 paciﬁco
329 2012 628 2085 colloquio
657 2013 730 2069 de
760 2013 878 2068 ﬁde
922 2031 1060 2070 vera
1105 2015 1465 2087 perquirere,
1499 2015 1653 2070 datis
1702 2014 1786 2068 eis
1829 2015 1901 2069 de
1933 2013 2295 2069 bibliotheca
2327 2013 2981 2086 Constantinopolitana
3033 2015 3258 2071 cunctis
3310 2015 3460 2070 anti-

11 2117 306 2175 quorum
351 2107 612 2174 patrum,
661 2118 972 2175 quosquos
1015 2103 1320 2176 patebant,
1361 2103 1593 2159 libellis.
1629 2102 1938 2158 Aﬂ‘uerunt
1981 2107 2180 2157 autem
2226 2107 2280 2156 et
2328 2102 2592 2174 episcopi
2637 2107 2754 2169 130,
2806 2103 3162 2175 priesidente
3213 2104 3462 2172 Georgio

12 2189 385 2263 patriarcha
418 2190 580 2245 urbis
622 2189 820 2260 regite,
862 2195 918 2246 et
946 2191 1268 2247 Antiochiae
1301 2192 1616 2259 Machario,
1658 2197 1714 2247 et
1751 2191 2002 2246 convicti
2032 2195 2186 2256 sunt,
2215 2191 2317 2262 qui
2353 2206 2533 2245 unam
2565 2191 2930 2246 voluntatem
2960 2197 3016 2246 et
3051 2191 3460 2264 operationem

16 2277 399 2334 astruebant
430 2279 541 2347 (66)
585 2277 644 2332 in
696 2279 944 2345 Christo,
979 2278 1224 2334 falsasse
1268 2284 1511 2350 patrum
1562 2278 1991 2334 catholicorum
2035 2277 2192 2333 dicta
2236 2277 2622 2350 perplurima.
2671 2279 2860 2332 Finito
2912 2285 3110 2334 autem
3159 2280 3458 2346 conflictu,

18 2365 332 2435 Georgius
382 2371 682 2421 correctus
713 2372 837 2432 est;
883 2367 1214 2422 Macharius
1248 2383 1382 2422 vero
1414 2384 1551 2422 cum
1597 2367 1718 2422 suis
1765 2367 2123 2439 sequacibus
2171 2366 2346 2420 simul
2377 2371 2432 2421 et
2462 2366 2950 2438 pl‘tPCBSSOl‘lbllS,
3007 2372 3177 2436 Cyro,
3237 2369 3458 2437 Sergio,

19 2454 326 2522 Honorio,
377 2455 618 2527 Pyrrho,
654 2459 710 2509 et
739 2455 939 2522 Paulo,
974 2459 1031 2511 et
1061 2459 1247 2522 Petro,
1290 2456 1848 2524 anathematizatus,
1881 2461 1937 2510 et
1980 2456 2039 2510 in
2071 2455 2268 2511 locum
2303 2457 2430 2526 ejus
2462 2455 2898 2526 Tlmopliziiiiiis,
2949 2455 3104 2510 abba
3139 2457 3212 2511 de
3246 2456 3456 2523 Sicilia,

18 2544 348 2601 Antiochus
375 2543 693 2616 episcopus
723 2543 912 2599 factus
938 2561 950 2610 ;
985 2549 1268 2616 tantaque
1301 2545 1491 2614 gratia
1520 2545 1745 2614 legatos
1776 2544 2080 2600 catholica:
2113 2545 2276 2615 pacis
2309 2544 2587 2598 comitata
2617 2549 2723 2602 est.
2758 2549 2820 2598 ut
2846 2544 3144 2598 Johannes
3176 2548 3456 2600 Portuen-

19 2634 113 2689 sis
144 2631 490 2704 episcopus,
521 2631 623 2704 qui
654 2638 780 2688 erat
807 2648 878 2687 ex
908 2632 1051 2705 ipsis
1085 2649 1260 2700 unus,
1290 2633 1591 2688 dominica
1624 2637 1970 2688 octavarum
2001 2648 2198 2704 pascas
2231 2632 2445 2686 missas
2477 2633 2709 2704 publice
2737 2632 2795 2686 in
2827 2632 3070 2686 ecclesia
3099 2637 3316 2686 sancta-2
3353 2634 3455 2687 So-

16 2721 218 2794 phiae,
250 2735 456 2776 coram
487 2719 752 2793 principe
783 2727 839 2777 et
868 2720 1423 2792 patriarcha,latine
1455 2721 1794 2777 celebraret.
1828 2723 1925 2777 Hae
1955 2724 2048 2776 est
2077 2724 2242 2777 sexta
2268 2720 2538 2792 synodus
2575 2719 3090 2791 Constantinopoli
3126 2718 3447 2773 celebrata.

1049 3036 1273 3107 PARS
1332 3036 1628 3106 PRIOR.
1691 3038 1904 3107 ANNI
1967 3040 2102 3107 702
2144 3076 2238 3089 —
2279 3039 2448 3108 829.

58 3322 394 3377 ANNALES
460 3323 1070 3449 QggngNBURGEN-
1249 3321 1569 3376 ANNALES

1743 3319 2243 3445 igSEMBURGEN-
2310 3358 2311 3361 η
2556 3320 2895 3373 LAMBERTI
2935 3319 3273 3373 ANNAIJES.

24 3481 392 3538 DOMINICIE
1213 3483 1404 3537 ANNO

23 3571 575 3627 INCARNATIONIS
1212 3569 1752 3626 INCARNATIONIS
2381 3582 2570 3636 ANNO
2612 3583 2676 3634 D.
2723 3584 2855 3636 INC.

23 3660 228 3715 ANNO
1209 3666 1559 3723 DOMINICJE
2451 3674 2574 3724 702.
2603 3674 2726 3724 703.
2761 3671 2882 3723 704.

102 3751 232 3803 702.
262 3751 386 3804 703.
421 3752 546 3805 704.
579 3754 702 3806 705.
1277 3759 1402 3810 702.
1435 3759 1557 3810 703.
1590 3758 1712 3810 70-i.
1744 3758 1864 3808 70:5.
2451 3759 2571 3812 705.
2607 3756 2931 3827 [Aldfridus
2955 3771 3056 3810 rex
3077 3755 3442 3827 Nordanem-

2378 3825 2626 3884 brorum
2667 3831 2798 3897 (68),
2845 3827 3000 3882 filius
3041 3825 3196 3882 Oswi
3245 3827 3441 3882 fratris

2379 3899 2568 3956 sancti
2590 3898 2852 3956 Oswaldi
2873 3897 3027 3969 regis
3050 3897 3215 3953 obiit.
3243 3899 3405 3967 3—6]

95 3980 227 4034 706.
1276 3990 1402 4042 706.
2448 3993 2572 4045 706.
2591 3988 2860 4060 [lnicium
2885 3987 3228 4060 monasterii
3249 3987 3443 4060 sancti

2377 4061 2525 4116 Petri
2549 4059 2632 4132 in
2661 4059 3070 4132 Erphesfurdt,
3103 4059 3269 4132 quod
3301 4074 3442 4114 con-

2377 4130 2589 4188 struxit
2645 4130 3007 4200 Tagebertus
3049 4130 3152 4186 rei
3196 4133 3443 4186 Franco-

2376 4219 2512 4274 rum
2553 4203 2862 4274 inmonte
2886 4201 2991 4274 qui
3041 4206 3177 4274 ante
3224 4201 3442 4274 μοῖςνὶ-

2377 4273 2667 4351 gisburgk
2695 4270 3045 4339 vocabatur,
3072 4270 3182 4351 sed
3194 4270 3278 4351 ab
3292 4271 3442 4351 ipso

2376 4343 2708 4416 Tagabérto
2773 4359 2949 4416 mons
3003 4343 3212 4416 sancti
3292 4343 3439 4396 Petri

2375 4413 2762 4488 nuncupatus
2790 4419 2879 4470 est
2909 4413 3018 4483 (69)
3049 4413 3212 4481 4—6]

102 4506 229 4558 707.
1274 4511 1375 4564 707
1399 4510 1537 4564 (67).
2447 4507 2571 4558 707.

102 4510 229 4558 707.
1348 4514 1375 4530 7
1525 4552 1537 4564 .
2447 4510 2571 4558 707.

102 4595 230 4646 708.
255 4591 562 4647 Conradus
586 4609 687 4648 rex
703 4593 776 4648 de
797 4592 1098 4650 Britannia
1273 4510 1693 4654 7:6.(tgiionz-zit
1718 4611 1821 4651 rex
1860 4594 1935 4650 de
1966 4593 2267 4651 Britannia
2448 4594 2574 4647 708.
2609 4593 2831 4648 Cunrat
2883 4606 2984 4645 rex
3023 4588 3098 4643 de
3142 4584 3442 4642 Britannia

25 4683 286 4736 Romam
314 4681 587 4752 perrexit,
601 4681 798 4753 ibique
825 4688 1096 4738 attonsus
1206 4690 1456 4743 Romam
1481 4684 1972 4759 perrexit,ibique
1998 4682 2268 4741 attonsus
2377 4685 2631 4738 Romam
2662 4679 2917 4753 perrexit
2947 4680 3080 4750 (70],
3125 4676 3327 4750 ibique
3358 4679 3441 4732 at-

29 4785 102 4825 ac
120 4768 456 4825 monachus
477 4769 684 4837 factus,
702 4771 1018 4843 injejuniis
1042 4780 1099 4830 et
1207 4793 1276 4830 ac
1299 4777 1630 4832 monachus
1653 4773 2195 4845 factus,injejuniis
2217 4777 2273 4828 et
2378 4776 2589 4828 tonsus
2638 4787 2708 4827 ac
2751 4769 3086 4825 monachus
3132 4765 3343 4833 factus,
3377 4764 3437 4820 in

101 5001 219 5078 (66)
244 5001 618 5078 In__margine
641 5019 823 5078 manu
848 5007 1128 5062 secunda.
1793 5007 1994 5076 ringia
2033 5010 2087 5061 et
2128 5005 2385 5078 tritavus
2411 5001 2670 5078 ejusdem
2703 5000 3016 5078 Tpgoberti
3041 4999 3195 5078 regis
3215 5012 3238 5067 ;
3279 4995 3438 5078 dele-

101 5071 218 5148 (67)
271 5072 360 5127 W.
394 5071 727 5144 Piiapinius‘
750 5077 912 5144 ﬁlius
955 5079 1198 5146 Ansgisi
1239 5081 1436 5148 major
1472 5078 1680 5133 domus
1793 5071 1966 5148 taque
1992 5076 2285 5146 paganica
2315 5071 2552 5130 nomine
2588 5071 3176 5148 ejusdem‘urlgisvel
3201 5071 3438 5133 montis,

26 5141 284 5220 an_'n.27.
313 5141 521 5205 manu
540 5141 868 5218 posteriori,
902 5165 1037 5220 quae
1060 5141 1270 5204 seriem
1303 5141 1683 5218 reguminse-
1790 5141 2003 5203 sancti
2030 5141 2478 5220 Petrimontem
2518 5143 2909 5220 nuncupavit,
2949 5141 3280 5220 ibidemque
3316 5151 3438 5220 m9-

23 5213 211 5290 ruitx.
260 5286 284 5290 _
493 5287 505 5290 _
540 5213 560 5218 _
605 5289 608 5290 ν
685 5289 696 5290 ί
858 5213 861 5214 ν
921 5213 942 5220 ’
1371 5213 1400 5218 ⁷
1792 5220 2104 5274 nae/ticam.
2152 5219 2330 5290 vitam
2369 5217 2548 5290 sicuti
2565 5230 2697 5284 Jam
2733 5215 2874 5290 pari
2902 5215 3077 5290 modo
3120 5213 3348 5290 fet-erat
3377 5213 3447 5290 in

103 5286 218 5362 (66)
249 5286 314 5362 I1.
349 5287 915 5362 nordanimbrorum
947 5295 999 5358 ὅ,
1032 5295 1082 5345 6.
1282 5361 1289 5362 ί
1511 5361 1514 5362 ν
1671 5360 1682 5362 _
1791 5290 2146 5358 Selsenburg
2179 5288 2466 5362 instituit,
2492 5291 2706 5354 rogatu
2732 5285 3029 5362 Adeodali
3056 5285 3308 5362 inclusj._
3341 5285 3445 5362 (Illi

101 5355 230 5431 (69)_
247 5357 376 5425 Est,
402 5364 457 5411 et
477 5361 704 5431 omnia,
739 5376 869 5431 quae
892 5355 1096 5416 habuit
1125 5363 1185 5416 in
1223 5361 1576 5430 Thuringia,
1602 5360 1683 5415 ad
1793 5355 2321 5429 temporeej'usdem
2339 5359 2492 5426 regis
2513 5357 2993 5431 secusecclesiam
3019 5355 3442 5431 sancliBlasii,

28 5442 164 5503 eum
209 5427 402 5503 locum
447 5429 629 5503 dedit,
684 5427 912 5503 monitu
976 5434 1292 5488 Trulmam’
1319 5427 1582 5487 solitarii
1625 5437 1676 5486 6.
1793 5427 1924 5503 quae
1949 5433 2064 5486 sita
2088 5427 2219 5500 fuit
2244 5445 2430 5503 supra
2459 5428 2793 5503 predictam
2824 5429 3052 5503 urbem,
3080 5449 3117 5491 a
3146 5427 3447 5503 Rigiberto

30 5449 164 5482 eum
209 5449 402 5482 wcum
447 5449 629 5495 aeau,
684 5449 912 5486 monuu
976 5449 1289 5488 numnam
1319 5449 1579 5487 saluam
1625 5449 1676 5486 υ.
1833 5449 1924 5486 uae
1949 5449 2064 5486 sua
2101 5449 2219 5500 [un
2244 5449 2430 5498 supra
2459 5449 2793 5497 preamam
2824 5449 3052 5498 uroem,
3080 5449 3117 5491 a
3146 5449 3447 5500 περιθεῖ-ιν

30 5497 232 5581 (Ξρόθχ
258 5500 287 5552 3
338 5512 476 5552 vero
506 5499 670 5581 .haaen
699 5501 916 5581 habet:
968 5507 1090 5558 706.
1154 5504 1516 5581 Tagolgerlus
1574 5517 1683 5581 rex
1792 5449 2264 5581 glogonliacensi
2283 5500 3085 5581 episcopofueratmglusus
3109 5521 3130 5576 ;
3159 5494 3450 5581 et__omm'q

27 5569 438 5657 F‘rane‘oru‘ml
460 5568 990 5657 elirzstianissimus
1027 5568 1683 5657 construa'ilmonasle-
1794 5568 1927 5657 qua;
1959 5573 2166 5657 haguit
2197 5575 2258 5628 in
2279 5571 2844 5657 thuri-‘ngiasaneto
2860 5574 3046 5636 Petro
3078 5568 3452 5653 fatribusque

31 5642 190 5719 rium
217 5637 661 5719 in'Ep/iesfurt,
702 5645 763 5696 in
783 5650 991 5719 monte
1016 5646 1123 5715 qui
1149 5647 1479 5719 antiquitus
1507 5660 1682 5719 uoca-
1795 5637 2004 5700 ibidem
2026 5646 2145 5719 Deo
2175 5637 2563 5719 servientibus
2592 5637 2866 5719 tradidit.

35 5710 214 5766 batur
231 5708 700 5793 Merqrigiglch,
715 5728 752 5768 a
767 5708 1050 5793 μθνωξθρ
1065 5708 1306 5793 pagano
1333 5733 1468 5793 rege
1493 5717 1565 5793 Γ]

1238 5708 1306 5793 ne
1333 5733 1468 5793 rege
1493 5717 1686 5793 Fran-
1867 5720 1980 5786 (70)
2011 5716 2260 5791 Reliqua
2283 5713 2500 5770 desunt
2522 5712 2582 5768 in
2609 5718 2768 5770 3—6.

33 5796 260 5850 eorum,
286 5781 392 5854 qui
415 5781 538 5851 fuit
571 5783 737 5854 ﬁlius
769 5781 1048 5860 Merwibi
1065 5781 1382 5862 'piincipis
1397 5781 1483 5847 'de
1527 5787 1682 5844 Thu-
