3958 6448
708 59 2339 89 τῇ*

425 332 529 386 467

678 454 840 507 ANN.
881 449 1248 516 QUEDLINB.

430 540 802 599 orationibus
838 554 1028 612 usque
1069 536 1150 595 ad
1179 535 1336 591 diem
1372 548 1500 605 pcr-

1311 318 1567 376 ANNAL.
1606 318 2071 388 HILDESHEIM.,
2112 319 2506 389 QUEDLINB.,
2547 322 2951 391 WEISSEMB..

1772 446 1934 499 ANN.
1977 422 2513 503 WEISSEMBURG.

1608 534 1888 607 precibus
1927 536 2005 593 ad
2035 535 2197 593 diem
2241 536 2510 610 pervenit
2553 537 2681 594 ulti-

3754 334 3863 389 468

2960 451 3303 506 LAMBERTI
3340 454 3684 511 ANNALES.

2783 536 3028 607 jejuniis
3054 543 3111 595 et
3140 539 3421 611 precibus
3445 542 3524 598 ad
3542 542 3705 601 diem
3729 560 3861 619 per-

432 631 653 689 mansit
699 629 997 687 ultimum.
1053 625 1280 684 Eodem
1339 638 1501 679 aeuo
1609 640 1782 681 mum
1826 625 2050 683 Eodem
2080 641 2243 684 anno
2285 632 2559 685 mortuus
2593 630 2682 683 est
2789 627 2952 683 venit
2981 627 3283 686 ultimum.

435 726 708 779 mortuus
736 724 826 776 est
855 722 1115 790 Druogo.

507 815 632 869 709.
648 813 863 880 Durus,
876 812 934 866 et
943 806 1228 866 deﬁciens
1253 805 1500 862 frudus.

511 993 639 1048 710.
668 988 955 1061 Pippinus
1008 1003 1115 1045 rex
1142 986 1403 1060 perrexit
1445 985 1508 1042 in

441 1077 838 1135 Alamaniam.
854 1081 859 1089 '

511 1261 573 1312 71
589 1260 639 1314 1.
650 1259 836 1329 Aquae
851 1254 1301 1312 inundaverunt
1310 1254 1503 1311 valde.

512 1438 639 1490 712.
669 1436 819 1490 Mors
838 1433 1145 1504 Heriberti,
1171 1432 1328 1503 regis
1355 1434 1509 1489 Lon-

440 1523 873 1594 gobardorum.

511 1616 637 1669 713.

510 1704 636 1757 714.
666 1704 818 1764 Mprs
843 1699 1035 1773 Pipini
1058 1699 1237 1770 regis,
1269 1699 1374 1772 qui
1404 1698 1513 1755 fuit

439 1793 600 1850 ﬁlius
616 1791 851 1863 Ansgisi
867 1810 880 1860 ;
902 1796 1041 1866 post
1055 1808 1239 1866 quem
1262 1792 1509 1849 Carolus

440 1883 572 1956 ejus
601 1881 759 1938 ﬁlius
784 1881 1078 1951 regnavit.

511 1975 852 2042 715.Pugna
867 1973 1258 2040 Francorum;
1279 1974 1336 2027 et
1347 1987 1510 2026 mors

442 2061 762 2135 Dagoberti
791 2060 970 2130 regis.

511 2154 638 2206 716.
673 2148 967 2220 Pugnavit
1010 2148 1259 2205 Carolus
1303 2151 1512 2203 contra

446 2238 790 2295 Ratbodum
817 2252 1043 2307 regem.

512 2332 637 2383 717.
688 2326 978 2397 Pugnavit
1016 2324 1260 2382 Carolus
1304 2327 1514 2381 contra

444 2420 701 2473 Francos
748 2415 810 2471 in
854 2414 1159 2471 dominica
1211 2414 1306 2470 die
1373 2418 1510 2470 ante

442 2506 690 2579 pascha.

514 2594 905 2652 718.Vastavit
922 2593 1166 2653 Carolus
1185 2592 1510 2651 Saxoniam

442 2683 645 2758 plaga.

513 2966 636 3018 719.
696 2961 926 3019 Occisio
1001 2963 1369 3016 Francorum
1432 2959 1510 3015 ad

448 3050 787 3107 Suessionis
848 3049 1167 3119 civitatem,
1227 3052 1284 3104 et
1348 3064 1511 3103 mors

444 3138 701 3195 Ratbodi
725 3137 902 3207 regis.

409 3282 414 3287 .
516 3230 639 3283 720.
672 3225 967 3297 Pugnavit
1014 3224 1258 3283 Carolus
1305 3228 1513 3281 contra

447 3316 734 3373 Saxones.

516 3408 641 3461 721.

517 3499 620 3551 722
644 3494 811 3566 (721).
829 3497 1042 3565 Magna
1069 3493 1334 3551 fertilitas
1357 3494 1513 3551 facta

448 3587 555 3640 est.

518 3678 642 3731 723.

519 3856 647 3911 724.

517 3948 621 3998 725
655 3944 821 4014 (724).
868 3944 1177 3999 Sarraceni
1232 3943 1511 4015 primitus

446 4030 677 4088 Italiam
716 4032 827 4105 (71)
859 4032 1295 4104 ingrediuntur.

518 4126 643 4183 726.

519 4215 643 4271 727.
662 4212 912 4271 Sanctus
934 4210 1223 4281 Egbertus
1239 4212 1517 4283 migravit

446 4298 525 4357 ad
553 4300 872 4369 Christum.

520 4395 645 4448 728.

519 4485 643 4538 729.
676 4483 934 4540 Cometaa
974 4488 1403 4555 apparuerunt.

518 4663 643 4721 730.

517 4754 613 4819 731
644 4749 887 4815 Carolus
907 4750 1167 4807 vastavit
1186 4750 1339 4808 ultra
1355 4752 1514 4823 Lige-

442 4840 558 4897 rim
584 4858 598 4909 ;
630 4844 688 4896 et
712 4828 1091 4912 Raginfridus
1107 4845 1381 4897 mortuus
1402 4846 1508 4898 est.

515 4934 640 4987 732.
684 4930 930 4987 Carolus
969 4930 1264 5003 pugnavit
1305 4935 1513 4988 contra

445 5024 776 5085 Saracenos
805 5021 902 5079 die
934 5020 1209 5079 sabatho.

513 5116 638 5169 733.
668 5112 913 5188 Eclipsis
944 5112 1087 5168 solis
1118 5112 1275 5169 facta
1304 5116 1411 5169 est.

513 5204 637 5268 734.
672 5203 918 5271 Carolus
962 5202 1221 5275 perrexit
1258 5201 1320 5258 in
1373 5203 1509 5260 Fre-

446 5303 620 5349 siam.

516 5506 627 5583 (71)
656 5508 901 5583 yipime
920 5524 943 5583 ;
960 5513 1061 5570 sed
1084 5514 1530 5583 Burgundiam.

1251 5585 1546 5645 bsimarus
1591 5587 1766 5645 annis
1800 5590 1853 5655 7,
1909 5600 2098 5641 manu

664 5579 928 5663 Tiberius
969 5584 1148 5663 quiet

410 5674 417 5679 ι
448 5646 659 5702 eadem
772 5646 1021 5707 steriori.

520 5716 630 5782 (73)
663 5663 960 5782 damnas
988 5727 1020 5777 2

520 5716 630 5783 (73)
663 5716 960 5789 Bippz‘nus
988 5727 1040 5779 2.
1082 5728 1100 5780 λ

449 5801 588 5848 men
615 5789 778 5855 varie
807 5792 1100 5855 scribitur.

2277 5614 2292 5655 \

720 5656 1021 5707 vosteriori.
2300 5660 2366 5711 75

720 5719 1040 5801 ippinas_2.
1082 5726 1372 5786 Bibbinus
1413 5734 1467 5788 4.
1518 5734 1570 5786 5.
1601 5729 1686 5788 ita
1715 5731 1772 5786 et
1794 5727 1951 5786 infra
1991 5742 2097 5784 no-
2277 5656 2365 5797 é77

720 5806 778 5855 “le
807 5792 1100 5855 scribitur.
2279 5798 2365 5873 (78

1612 718 1873 785 Druogo.

1685 811 1810 864 709.
1846 811 2040 863 Durus
2069 811 2126 864 et
2148 806 2432 864 deﬁciens
2454 806 2681 864 fructus

1640 897 1744 954 'uit.

1614 898 1816 1043 1⁸111710.
1850 986 2136 1043 Bibbinus
2184 1001 2288 1042 rex
2325 984 2584 1058 perrexit
2622 985 2683 1041 in

1614 1079 1992 1141 Alamannia.

1687 1265 1782 1317 711
1819 1258 1950 1331 (72).
2026 1259 2193 1328 Aque
2239 1252 2688 1309 inundaverunt

1617 1351 1810 1409 valde.

1689 1444 1813 1496 712.
1862 1440 2122 1494 Mortuus
2175 1436 2263 1488 est
2320 1430 2681 1497 Heribertus,

1617 1547 1722 1586 rex
1756 1524 2311 1598 Langobardorum.

1850 1707 2109 1761 Mortuus
2139 1705 2228 1756 est
2254 1697 2539 1771 Pippinus
2559 1712 2683 1763 rex;

1618 1800 1759 1871 post
1788 1810 1973 1868 quem
2024 1789 2297 1861 regnavit
2326 1786 2581 1843 Karolus
2623 1784 2689 1841 ﬁ-

1619 1887 1733 1942 lius
1764 1885 1895 1955 ejus
1930 1881 2104 1937 annis
2143 1885 2229 1935 27.

1691 1979 1814 2030 715.
1865 1970 2237 2041 Dagobertus
2267 1982 2369 2021 rex
2400 1963 2684 2029 moritur;

1619 2062 1849 2134 fuitque
1886 2074 2095 2132 pugna
2123 2060 2506 2112 Francorum.

1692 2156 1815 2206 716.
1839 2147 2133 2219 Pugnavit
2150 2162 2254 2201 rex
2277 2143 2527 2201 Karolus
2542 2156 2686 2197 con-

1620 2244 1711 2297 tra
1736 2255 1939 2307 regem
1967 2235 2326 2293 Ratbodum.

1691 2333 1815 2384 717.
1857 2326 2145 2397 Pugnavit
2192 2322 2442 2379 Karolus
2482 2326 2688 2376 contra

1622 2422 1880 2475 Francos
1928 2417 1989 2471 in
2039 2413 2345 2470 dominica
2404 2415 2539 2467 ante
2579 2425 2685 2481 pa-

1623 2510 1815 2654 8017113.
1873 2594 2133 2652 Vastavit
2192 2590 2443 2649 Karolus
2503 2591 2687 2646 Saxo-

1620 2689 1784 2745 niam
1814 2686 1999 2760 plaga
2030 2697 2271 2754 magna.

1692 2970 1816 3021 719.
1880 2962 2111 3019 Occisio
2170 2963 2533 3016 Francorum
2610 2957 2689 3012 ad

1623 3053 1956 3113 Suessionis
1988 3052 2303 3108 civitatem.

1693 3236 1816 3287 720.
1858 3229 2149 3301 Pugnavit
2181 3228 2428 3284 Karolus
2482 3230 2690 3282 contra

1626 3324 1916 3383 Saxones.

1696 3416 1818 3467 721.

1694 3507 1818 3558 722.
1848 3503 2060 3570 Magna
2100 3497 2363 3554 fertilitas
2395 3497 2551 3554 facta
2577 3499 2685 3554 est.

1695 3684 1818 3735 723.
1851 3682 1979 3735 Duo
2027 3676 2133 3731 ﬁlii
2161 3675 2457 3745 Drugonis
2503 3674 2687 3748 ligati,

1624 3773 1681 3825 et
1710 3767 1961 3825 Karolus
1989 3765 2349 3822 inﬁrmatur.

1695 3860 1819 3913 724.

1696 3952 1819 4002 723.
1851 3944 2102 4002 Karolus
2133 3944 2390 4017 perrexit
2420 3943 2690 4013 Andega-

1623 4037 1733 4092 vis.

1696 4132 1819 4183 726.

1695 4222 1819 4272 727.
1855 4217 2103 4272 Sanctus
2143 4214 2431 4285 Egbertus
2468 4214 2692 4284 migra-

1624 4308 1709 4363 vit
1733 4306 1810 4363 ad
1833 4305 2152 4363 Christum.

1695 4401 1820 4452 728.

1695 4490 1820 4543 729.
1873 4487 2129 4543 Comatae
2179 4483 2341 4540 stelle
2399 4500 2693 4558 apparue-

1623 4581 1781 4634 runt.

1695 4670 1820 4723 730.

1696 4761 1819 4813 731.
1854 4752 2106 4811 Karolus
2134 4752 2390 4809 vastavit
2428 4753 2583 4811 ultra
2610 4754 2696 4811 Li-

1625 4861 1861 4916 goram.

1695 4940 1818 4990 732.
1870 4932 2121 4990 Karolus
2150 4933 2446 5005 pugnavit
2482 4940 2692 4991 contra

1625 5028 1971 5083 Saracenos.

1692 5119 1817 5172 733.
1854 5114 2099 5187 Eclipsis
2132 5114 2275 5171 solis
2300 5114 2457 5172 facta
2484 5118 2591 5171 est.

1692 5207 1816 5259 734.
1852 5203 2104 5260 Karolus
2137 5204 2397 5276 perrexit
2438 5203 2501 5259 in
2548 5204 2685 5259 Fre-

1621 5309 1795 5351 ειωκι.

1906 6432 1947 6440 ᾳ
2010 6437 2047 6442 ὁ
2120 6439 2175 6444 -—
2230 6440 2289 6446 ——
2302 6446 2305 6448 .
2342 6438 2409 6448 Δ

2862 807 2987 861 709.

2865 988 2988 1042 710.
3014 984 3306 1043 Pibbinus
3321 989 3518 1060 major
3537 988 3761 1049 domus
3780 1007 3869 1047 re-

2794 1074 2895 1144 gni
2925 1077 3291 1134 Francorum
3338 1079 3596 1151 perrexit
3621 1080 3686 1137 in
3730 1081 3867 1139 Ale-

2793 1164 3127 1221 manniam.

2867 1259 2990 1312 711.

2866 1437 2990 1489 712.
3054 1436 3315 1490 Mortuus
3366 1439 3455 1492 est
3502 1436 3869 1506 Heribertus,

2794 1539 2899 1579 rex
2931 1524 3489 1595 Langobardorum.

2868 1616 2991 1670 713.

2867 1706 2992 1758 714.
3020 1705 3281 1759 Mortuus
3311 1708 3399 1761 est
3439 1704 3729 1778 Pippinus
3753 1706 3873 1778 (73)

2797 1791 2996 1862 major
3023 1792 3266 1861 domus,
3296 1793 3395 1849 cui
3434 1793 3725 1851 successit
3757 1796 3875 1852 Ka-

2797 1880 2961 1936 rolus
2987 1882 3100 1952 (74)
3128 1880 3287 1936 ﬁlius
3315 1881 3465 1952 ejus.

2869 1974 2991 2025 715.
3049 1973 3307 2026 Mortuus
3351 1974 3439 2024 est
3491 1971 3877 2039 Dagobertus

2796 2074 2900 2114 rex
2925 2077 2938 2125 ;
2980 2058 3208 2130 fuitque
3238 2074 3443 2129 pugna
3474 2062 3874 2119 Francorum.

2869 2149 2992 2202 716.
3034 2148 3328 2217 Pugnavit
3356 2147 3608 2204 Karolus
3658 2154 3880 2209 contra

2797 2252 3003 2306 regem
3032 2236 3395 2292 Ratbodum.

2868 2331 2992 2381 717.
3026 2326 3315 2395 Pugnavit
3354 2326 3604 2383 Karolus
3656 2332 3876 2386 contra.

2800 2419 3056 2471 Francos
3109 2414 3171 2469 in
3219 2414 3523 2471 dominica
3578 2414 3676 2472 die
3730 2421 3876 2473 ante

2798 2505 3047 2577 pascha.

2870 2597 2995 2648 718.
3044 2591 3309 2647 Vastavit
3365 2591 3615 2649 Karolus
3676 2595 3874 2651 Saxo-

2798 2681 2964 2737 niam
2989 2681 3172 2753 plaga
3199 2696 3444 2751 magna.
3475 2682 3730 2739 Sanctus
3751 2686 3874 2755 (75)

2802 2769 3137 2826 Bonifacius
3183 2769 3500 2827 ordinatur
3544 2771 3878 2845 episcopus

2798 2863 2850 2915 2.
2880 2857 3006 2914 Kal.
3042 2858 3407 2915 Decembris.

2870 2951 2994 3004 719.
3068 2947 3295 3005 Occisio
3367 2950 3732 3005 Francorum
3789 2948 3874 3006 ad

2803 3038 3136 3096 Suessionis
3162 3038 3481 3094 civitatem.

2871 3220 2995 3272 720.
3029 3215 3320 3285 Pugnavit
3358 3215 3610 3273 Karolus
3658 3218 3876 3275 contra

2804 3307 3088 3362 Saxones.

2871 3398 2997 3449 721.

2873 3487 2996 3539 722.
3031 3485 3243 3553 Magna
3271 3480 3540 3541 fertilitas
3570 3483 3729 3542 facta
3759 3488 3871 3543 est.

2873 3665 2996 3717 723.
3029 3659 3282 3718 Karolus
3311 3660 3651 3720 inﬁrmatur
3674 3661 3813 3737 (76).

2874 3846 2998 3899 724.

2875 3938 2997 3988 723.
3036 3932 3284 3989 Karolus
3314 3930 3571 4005 perrexit
3598 3929 3879 4001 Andega-

2803 4024 2913 4079 vis.

2875 4118 2998 4170 726.

2875 4210 2996 4259 727.
3031 4205 3282 4261 Sanctus
3314 4201 3603 4273 Egbertus
3646 4200 3874 4272 migra—

2803 4296 2884 4352 vit
2914 4295 2992 4351 ad
3023 4295 3341 4353 Christum.

2876 4390 3000 4443 728.

2875 4482 2999 4533 729.
3052 4479 3308 4533 Cometa:
3362 4473 3527 4531 stelle
3570 4488 3876 4547 apparue-

2803 4570 2961 4622 runt.

2874 4660 3001 4712 730.

2873 4750 2998 4803 731.
3033 4745 3286 4803 Karolus
3313 4742 3572 4801 vastavit
3597 4741 3757 4799 ultra
3782 4742 3872 4798 Li-

2803 4853 3036 4907 guram.

2871 4932 2974 4983 732
2997 4928 3131 4999 (77).
3158 4926 3409 4983 Karolus
3424 4924 3719 4999 pugnavit
3734 4941 3871 4981 con-

2800 5022 2889 5074 tra
2922 5019 3304 5074 Sarracenos.

2870 5119 2994 5171 733.
3011 5115 3258 5187 Eclipsis
3279 5113 3437 5170 facta
3459 5116 3551 5168 est
3572 5110 3718 5168 solis
3733 5112 3866 5184 (78).

2867 5208 2992 5261 734.
3032 5204 3281 5261 Karolus
3309 5202 3569 5277 perrexit
3618 5201 3681 5257 in
3733 5204 3867 5258 Fre-

2796 5295 2970 5352 siam.

2424 5729 2553 5782 Haac
2586 5727 2803 5784 desunt
2831 5733 2883 5785 2.

2378 5513 2392 5583 )

2375 5586 2389 5653 )
2418 5587 2484 5639 L.
2517 5586 2748 5657 reliqua
2768 5587 2884 5642 des)

2375 5657 2389 5725 )
2423 5658 2554 5711 Haec
2585 5657 2804 5712 desunt
2831 5663 2884 5714 2.

2424 5730 2553 5782 Haec
2586 5730 2803 5784 desunt
2831 5733 2881 5785 2.

2373 5730 2391 5872 ζ
2422 5801 2555 5860 Ηεεο
2585 5798 2806 5864 desunt
2828 5804 2881 5859 2.
