3958 6412
73 250 195 303 469

337 372 500 427 ΔΝΝ.
545 367 916 433 QUEDLINB.

163 465 288 518 735.
321 457 566 516 Carolus
593 455 925 511 Wascones
970 455 1168 507 vasta-

76 551 194 606 vit.
250 547 409 604 Beda
468 544 686 602 nobilis
753 541 1044 616 presbiter
1116 544 1171 597 et

78 637 419 712 praeclarus
446 636 656 690 doctor
679 633 844 715 obiit.

164 731 290 783 736.
334 725 570 780 Initium
628 719 1170 778 Herolfesfeldeusis

78 814 443 872 monasterii
503 811 814 869 Audoinus
853 809 1168 882 episcopus

81 905 260 960 obiit.

166 998 291 1048 737.
341 989 585 1047 Carolus
624 986 919 1062 pugnavit
961 989 1169 1042 contra

86 1083 429 1138 Saracenos
450 1079 511 1134 in
543 1077 771 1134 Gothia.

166 1173 294 1225 738.
329 1165 572 1225 Carolus
607 1165 931 1222 Saxoniam
953 1164 1166 1220 iterum

86 1257 381 1325 introivit,
404 1260 462 1313 et
492 1255 626 1311 fecit
650 1271 754 1310 eos
803 1253 1163 1310 tributarios.

168 1439 295 1492 739.
317 1433 563 1491 Carolus
585 1431 957 1489 Provinciam
987 1431 1168 1487 intra-

85 1525 178 1580 vit
207 1539 401 1598 usque
431 1522 493 1578 in
521 1520 856 1578 Massiliam.

165 1617 293 1670 740.
322 1613 447 1669 Pax
476 1611 602 1666 sine
659 1609 780 1666 ulla
831 1607 1166 1664 hostilitate.

167 1705 296 1758 741.
355 1699 601 1757 Carolus
668 1698 937 1765 moritur,
1013 1695 1170 1752 filius

87 1789 330 1864 Pippini
354 1808 367 1857 ;
399 1793 536 1862 post
563 1804 745 1861 quem
792 1785 1172 1843 Caroloman-

88 1893 214 1934 nus
241 1882 298 1933 et
317 1877 603 1950 Pippinus
647 1875 752 1932 ﬁlii
795 1875 924 1946 ejus
956 1889 1170 1943 regna-

88 1969 331 2022 verunt.

166 2145 295 2200 742.

331 2586 570 2646 Initium
595 2583 908 2642 Fuldensis
963 2598 1171 2640 mona-

94 2677 280 2736 sterii.

171 2770 297 2824 745.

170 2859 276 2912 746
357 2853 836 2911 Carolomannus
889 2850 1172 2907 Alaman-

93 2929 264 2986 niam
322 2925 669 2994 ingreditur.
733 2926 984 2980 Sanctus
1040 2925 1176 2978 Bur-

96 2999 322 3057 cardus
337 2997 652 3054 ordinatus
666 3000 753 3051 est
765 2995 996 3066 primus
1016 2994 1172 3066 epis-

94 3086 291 3144 copus
319 3069 382 3126 in
408 3067 787 3144 Wirsburck.
819 3066 1043 3144 Eodem
1069 3081 1174 3144 an:

92 3136 196 3201 no'
213 3144 455 3197 sanctus
497 3139 843 3211 Wigbertus
895 3136 1176 3208 migravit

96 3213 182 3271 ad
212 3211 528 3270 Christum.

173 3393 296 3448 747.
379 3387 856 3445 Carolomannus
917 3389 1171 3443 Romam

93 3494 357 3554 pergens
373 3475 904 3544 tonsoratur,fratri
917 3491 976 3530 re
984 3491 1172 3546 gnum

95 3568 464 3640 relinquens.

173 3836 298 3891 748.
320 3833 542 3908 Gripho
561 3831 711 3902 fugit
729 3831 791 3886 in
825 3831 1169 3888 Saxoniam.

172 3925 297 3979 749.
359 3921 582 3995 Gripho
633 3937 910 3978 reversus
964 3926 1053 3978 est
1099 3921 1173 3978 de

100 4011 384 4070 Saxonia.

174 4104 298 4156 750.
329 4100 616 4174 Pippinus
652 4099 892 4156 decreto
951 4100 1172 4156 Zacha-

98 4191 203 4246 riae
233 4205 408 4263 papae
438 4206 546 4262 per
582 4189 930 4246 unctionem
988 4189 1176 4246 sancti

100 4278 386 4336 Bonifacii
425 4278 858 4353 archiepiscopi
908 4296 1010 4336 rex
1067 4295 1173 4352 ap-

97 4368 378 4443 pellatur,
408 4375 464 4424 et
495 4368 840 4437 Hildericus,
875 4369 1024 4426 falso
1071 4387 1175 4427 rex

97 4462 371 4526 vocatus,
403 4462 747 4514 tonsoratus
778 4458 839 4515 in
870 4465 1175 4516 monaste-

99 4548 262 4605 rium
292 4545 626 4603 remittitur.
775 4541 778 4548 ’

172 4641 298 4692 751.
330 4633 687 4691 Landfridus
720 4636 884 4693 obiit.

171 4905 299 4966 752.
328 4899 548 4976 Gripho
577 4899 848 4959 moritur.

175 5050 286 5190 ἓξὲξ
317 5046 524 5180 ἐς.ςῖἓὲ

199 5120 284 5180 80)
319 5120 518 5180 Codex

615 5062 649 5104 a
679 5047 900 5107 desunt
927 5053 980 5108 2.

106 5193 287 5249 natus
305 5199 406 5248 est.
427 5193 672 5261 Synoda
683 5195 752 5248 lis
772 5201 1094 5249 conventus
1114 5196 1371 5251 habetur
1405 5196 1764 5250 Karlaman-

609 5120 732 5176 haec
762 5121 947 5178 habet
980 5141 991 5178 :
1025 5125 1150 5180 742.
1199 5123 1460 5180 Carolus
1507 5137 1763 5192 magnus

1009 239 1093 293 ET
1131 235 1478 295 LAMBERTI
1522 233 2102 290 ASCHAFNABURG.
2145 235 2322 290 PARS
2361 235 2591 292 PRIOR.

1460 361 1620 414 ΛΝΝ.
1643 358 2165 414 WEISSEMBURG.

1351 454 1473 505 733.
1502 448 1750 503 Karolus
1807 448 2061 503 vastavit
2105 447 2348 503 Wasco-

1281 554 1408 592 nes.
1435 539 1602 609 (735).
1641 538 1800 592 Ber’a
1832 535 2050 593 nobilis
2091 541 2146 592 et
2201 553 2344 608 pra:-

1279 626 1474 682 clarus
1503 626 1711 681 doctor
1749 625 1913 681 obiit.

1350 720 1452 771 736
1497 715 1661 785 (737).
1715 714 1947 769 Initium
1997 713 2346 768 Hervelden-

1279 805 1357 859 sis
1384 803 1752 860 monasterii.

1349 987 1450 1039 737
1500 983 1645 1054 (738)
1725 981 1974 1038 Karolus
2055 981 2349 1053 pugnavit

1277 1077 1484 1129 contra
1514 1074 1844 1128 Saracenos
1883 1071 1942 1126 in
1973 1071 2200 1128 Gothia.

1349 1165 1453 1217 738
1496 1162 1662 1232 (739).
1718 1160 1967 1216 Karolus
2023 1159 2345 1216 Saxoniam

1276 1252 1490 1306 iterum
1515 1249 1773 1318 intravit,
1802 1254 1859 1305 et
1877 1249 2015 1304 fecit
2041 1265 2142 1304 eos
2174 1249 2348 1304 tribu-

1278 1339 1480 1395 tarios.

1349 1433 1452 1483 739
1487 1428 1656 1496 (740).
1691 1425 1940 1482 Karolus
1971 1425 2346 1482 Provinciam

1277 1515 1518 1572 intravit
1548 1530 1738 1588 usque
1768 1514 1831 1570 in
1855 1513 2209 1572 Massaliam.

1348 1609 1472 1660 740.

1350 1698 1474 1751 741.
1507 1693 1756 1751 Karolus
1777 1692 2028 1750 moritur
2056 1695 2151 1747 24°
2180 1691 2349 1760 regni

1280 1785 1371 1840 sui
1402 1800 1582 1851 anno,
1626 1787 1763 1856 post
1809 1797 1989 1855 quem
2043 1781 2352 1837 Karlman-

1279 1891 1396 1929 nus
1416 1879 1473 1929 et
1501 1872 1788 1944 Pippinus
1812 1871 1915 1927 filii
1945 1872 2074 1942 ejus
2106 1871 2281 1927 annis
2317 1875 2347 1926 6

1278 1967 1699 2033 regnaverunt.

1279 2144 1403 2199 742.

1352 2502 1476 2556 743.

1353 2587 1479 2643 744.
1514 2585 1763 2642 Inicium
1794 2583 2102 2642 Fuldensis
2144 2598 2352 2639 mona-

1283 2676 1460 2733 sterii.

1353 2768 1477 2820 745.

1354 2857 1479 2909 746.
1507 2855 1760 2910 Sanctus
1789 2850 2209 2922 Burgehardus
2255 2864 2349 2904 or-

1282 2943 1526 2999 dinatur
1552 2942 1872 3014 episcopus
1899 2941 1957 2996 in
1991 2939 2347 3008 Wirzeburg.

1353 3393 1478 3446 747.
1512 3391 1765 3445 Sanctus
1795 3386 2087 3442 Wibertus
2135 3387 2354 3456 migra-

1283 3462 1362 3540 vit
1383 3480 1417 3540 _a
1448 3460 1884 3540 seculoLquem
1911 3462 2152 3540 sanctus
2186 3459 2352 3540 Boni:

1282 3532 1471 3587 facius
1528 3531 1602 3586 de
1657 3529 1980 3585 Brittannia
2037 3529 2356 3584 advocavit

1284 3603 1397 3658 sibi
1425 3603 1487 3658 in
1513 3601 1792 3658 solatium
1813 3599 2273 3672 praedicationis,
2297 3604 2354 3655 et

1282 3675 1427 3748 quia
1454 3673 1752 3748 eomajor
1774 3670 1920 3748 natu
1952 3670 2090 3748 fuit,
2114 3685 2354 3730 summa

1280 3741 1670 3802 veneratione
1690 3742 1857 3799 illum
1886 3741 2115 3798 habuit.

1353 3837 1478 3890 748.
1513 3831 1669 3890 Grifo
1699 3831 1848 3901 fugit
1884 3831 1947 3887 in
2004 3829 2348 3888 Saxoniam.

1355 3925 1478 3980 749.
1515 3921 1678 3978 Idem
1717 3935 1991 3977 reversus
2048 3920 2122 3976 de
2173 3920 2351 3979 Saxo-

1281 4027 1401 4068 Illa.

1355 4107 1478 4159 750.
1514 4100 1802 4175 Pippinus
1829 4116 1902 4156 ex
1955 4100 2194 4157 decreto
2246 4104 2351 4158 Za-

1283 4193 1496 4250 chariee
1514 4207 1671 4265 pape
1693 4207 1800 4263 per
1817 4191 2161 4248 unctionem
2183 4207 2355 4249 sano-

1284 4284 1324 4338 ti
1348 4282 1636 4340 Bonifacii
1657 4281 2090 4354 archiepiscopi
2120 4297 2224 4337 rex
2243 4299 2350 4355 ap-

1285 4373 1540 4445 pellatur
1566 4391 1577 4439 ;
1611 4375 1665 4427 et
1696 4369 2030 4437 Hildiricus,
2060 4370 2212 4426 falso
2251 4388 2352 4427 vo-

1286 4467 1452 4519 catus
1492 4478 1616 4530 rex,
1648 4463 1992 4516 tonsoratus
2024 4459 2083 4514 in
2115 4477 2354 4516 monas-

1284 4551 1500 4607 terium
1525 4549 1792 4606 mittitur.

1352 4644 1479 4695 751,
1513 4636 1851 4695 Lantt’ridus
1874 4641 2148 4694 mortuus
2173 4642 2278 4694 est.

1357 4906 1483 4962 752.
1509 4901 1668 4961 Grifo
1699 4901 1863 4960 obiit.

3417 244 3521 298 470

2631 361 2975 416 LAMBERTI
3014 363 3356 418 ANNALES.

2530 452 2653 502 735.
2683 448 2931 502 Karolus
2975 450 3227 506 vastavit
3280 451 3520 507 Wasco-

2457 552 2581 590 nes.
2614 538 2779 606 (736).
2817 537 2972 592 Beda
3009 537 3227 594 nobilis
3257 544 3314 595 et
3367 555 3520 612 prae-

2455 625 2650 679 clarus
2673 625 2880 680 doctor
2909 626 3074 682 obiit.

2528 719 2652 769 736.
2689 714 2922 769 Initium
2947 715 3357 772 Herveldensis
3394 733 3522 773 mo-

2457 802 2714 858 nasterii.

2527 984 2628 1034 737
2697 980 2866 1051 (738).
2935 979 3183 1036 Karolus
3232 980 3524 1053 pugnavit

2458 1072 2664 1123 contra
2692 1069 3050 1124 Sarracenos
3079 1069 3140 1124 in
3184 1069 3411 1125 Gothia.

2528 1161 2630 1211 738
2668 1159 2830 1228 (739).
2894 1157 3140 1212 Karolus
3201 1158 3524 1215 Saxoniam

2457 1245 2669 1300 iterum
2700 1245 2956 1316 intravit,
2990 1251 3045 1301 et
3069 1245 3204 1301 fecit
3224 1262 3326 1301 eos
3342 1246 3524 1302 tribu-

2459 1334 2658 1390 tarios.

2531 1427 2632 1480 739
2665 1425 2834 1493 (740).
2871 1421 3120 1478 Karolus
3156 1420 3524 1480 Provinciam

2458 1510 2699 1566 intravit
2729 1525 2920 1581 usque
2951 1511 3011 1564 in
3041 1509 3378 1566 Massiliam.

2528 1602 2652 1653 740.

2531 1690 2654 1742 741.
2691 1685 2941 1742 Karolus
2965 1686 3129 1756 obiit,
3173 1687 3372 1759 major
3416 1687 3526 1744 do-

2460 1792 2596 1831 mus
2621 1775 2789 1845 regni
2823 1778 3207 1846 Francorum,
3241 1775 3335 1832 cui
3391 1792 3526 1832 suc-

2461 1868 2765 1920 cesserunt
2795 1864 3197 1919 Karlmannus
3237 1869 3292 1920 et
3339 1863 3529 1940 Pippi-

2459 1969 2573 2008 nus
2605 1953 2707 2007 filii
2738 1953 2886 2024 ejus.
2919 1951 3154 2008 Initium
3197 1952 3528 2010 Altahensis

2460 2041 2826 2097 monasterii.

2532 2133 2657 2186 742.
2691 2129 2941 2186 Karolus
2958 2144 3218 2201 magnus
3240 2132 3417 2186 natus
3442 2133 3532 2185 est

2463 2220 2596 2290 (79).
2658 2219 2908 2275 Sanctus
2978 2216 3316 2276 Bonifacius
3391 2232 3530 2274 cum

2465 2307 2870 2364 Karlomanno
2910 2322 3200 2378 magnam
3246 2305 3531 2362 sinodum

2462 2397 2676 2453 habuit
2695 2397 2826 2468 (80).

2533 2489 2656 2542 743.

2533 2577 2656 2629 744.
2693 2573 2927 2630 Initium
2958 2571 3275 2628 Fuldensis
3319 2584 3529 2626 mona-

2462 2661 2638 2718 sterii.

2530 2754 2656 2806 745.

2533 2843 2656 2895 746.
2692 2841 2942 2896 Sanctus
2973 2835 3350 2893 Burchardus
3375 2834 3530 2890 ordi-

2461 2933 2642 2984 natus
2673 2933 2761 2985 est
2816 2929 3140 3002 episcopus
3186 2925 3420 3002 primus
3466 2924 3528 2984 in

2461 3018 2806 3089 Wirziburg.

2535 3386 2658 3442 747.
2688 3385 2938 3440 Sanctus
2963 3379 3295 3450 Wigbertus
3316 3378 3534 3449 migra-

2462 3474 2542 3529 vit
2572 3489 2608 3528 a
2640 3471 2859 3528 seculo.
2896 3470 3297 3526 Karlmannus
3328 3470 3528 3523 Romae

2463 3562 2800 3618 monachus
2828 3559 3020 3615 factus
3044 3562 3148 3614 est.

2531 3833 2655 3888 748.

2529 3923 2658 3978 749.

2535 4106 2662 4159 750.
2691 4099 2976 4174 Pippinus
3025 4098 3264 4155 decreto
3306 4097 3528 4154 Zacha-

2457 4192 2559 4248 riae
2589 4207 2764 4265 papae
2805 4206 2912 4262 per
2952 4187 3298 4244 unctionem
3341 4187 3530 4242 sancti

2461 4280 2741 4337 Bonifacii
2759 4278 3196 4352 archiepiscopi
3213 4291 3316 4332 rex
3327 4275 3528 4350 appel-

2459 4371 2614 4426 latus
2631 4374 2738 4438 est,
2763 4367 2867 4440 qui
2889 4373 3065 4423 antea
3093 4367 3289 4437 major
3309 4365 3528 4420 domus

2459 4464 2712 4516 vocatus
2726 4463 2812 4514 est
2833 4477 2844 4519 :
2866 4462 2920 4512 et
2943 4455 3267 4512 Hildericus
3288 4470 3392 4509 rex
3404 4458 3530 4509 ton-

2462 4552 2697 4604 soratus
2728 4547 2787 4602 in
2801 4545 3235 4601 monasterium
3260 4543 3526 4598 mittitur.

2534 4625 2658 4674 751.
2685 4617 2998 4674 Zacharias
3027 4631 3188 4688 papa
3209 4613 3374 4670 obiit.
3410 4614 3530 4688 Ste-

2461 4692 2702 4764 phanus
2732 4689 2952 4764 electus
2970 4763 2974 4764 7
2995 4684 3082 4764 est
3110 4684 3316 4758 'atque
3345 4684 3529 4764 _oc_ci-

2466 4755 2570 4818 sus
2599 4780 2613 4829 ;
2644 4765 2702 4818 et
2725 4760 2871 4818 alter
2922 4755 3259 4832 Stephanus
3310 4755 3530 4814 electus

2464 4838 2642 4908 atque
2670 4834 3052 4890 consecratus
3080 4833 3188 4886 est.

1872 5053 2187 5131 principes
2207 5055 2536 5131 ecclesiam
2565 5053 3159 5131 Mogontiacensem,__
3181 5063 3314 5120 quas
3358 5048 3534 5131 prius

1892 5124 2317 5182 Wormatiensi
2342 5126 2609 5196 subjecta
2639 5122 2790 5192 erat,
2842 5122 3213 5191 metropolim
3270 5122 3534 5196 omnium

1874 5197 1935 5249 in
1973 5197 2292 5253 Germania
2329 5192 2736 5254 arcelesiarum
2767 5196 3003 5264 efﬁcere
3037 5207 3056 5256 ,°
3087 5206 3342 5262 moxque
3373 5192 3533 5260 lega-

106 5267 174 5321 ni
197 5271 247 5320 et
280 5266 848 5338 Pippiniprecepto,
882 5269 1192 5338 sanctique
1217 5267 1527 5336 Boni/“acii
1573 5268 1764 5320 consi-

109 5337 336 5418 lio,_uq_i
365 5337 543 5418 multi
565 5339 669 5418 qui
689 5339 968 5418 cap-italis
1000 5337 1268 5418 criminis
1299 5340 1554 5418 macula_
1586 5338 1763 5406 diffa-

106 5407 1010 5487 matifueaant-aeponebantur
1041 5424 1062 5480 ,°
1088 5413 1252 5487 inter
1281 5427 1425 5487 quos
1459 5411 1765 5487 episcopus

108 5478 347 5559 nomine
361 5477 682 5559 ﬁewiliqb,
713 5477 1073 5559 Mogontinm
1104 5477 1340 5559 civitati
1364 5477 1767 5559 prelatusgob

111 5549 496 5631 Ῑέοπτίσῖάίιινη
533 5551 746 5631 ρᾳῑαπέ
774 5549 1146 5631 commissum
1180 5549 1607 5631 deponebatur.
1639 5549 1766 5631 Qua

110 5623 394 5704 deposito,
423 5623 1047 5704 sanetusfjonifacius
1079 5627 1510 5704 asupradictis
1545 5625 1769 5704 princi-

103 5693 282 5776 pibus
324 5693 607 5776 recciesiw
661 5693 1145 5776 Mogontiacensi
1181 5693 1514 5776 xire/icitur.
1548 5693 1768 5776 ίΕζ-ιιι

112 5768 238 5838 ejus
293 5764 559 5839 dignitas
615 5765 967 5824 eminentior
987 5767 1168 5842 foret,
1181 5764 1583 5829 decreverunt
1614 5768 1766 5828 idem

1877 5268 2032 5322 tione
2056 5269 2225 5336 facta
2260 5270 2422 5324 illud
2449 5285 2484 5324 a
2505 5270 2745 5338 presule
2770 5267 3093 5335 apostolico
3121 5266 3532 5338 impetravere.

1874 5339 1960 5393 Hi
1987 5345 2180 5395 autem
2211 5351 2348 5396 sunt
2381 5336 2688 5410 pontiﬁces
2731 5339 3096 5408 Mogontince
3142 5336 3317 5402 sedis,
3375 5342 3536 5410 ante-

1875 5427 2054 5481 quam
2087 5407 2636 5481 archiepiscopatus
2658 5410 2810 5466 inibi
2826 5407 2971 5467 esset
3001 5424 3022 5464 .'
3051 5410 3355 5481 Grescens,
3410 5407 3536 5462 Ma-

1875 5480 2067 5551 rinus,
2096 5480 2466 5553 Su/I‘ronius,
2509 5481 2846 5547 Podardus,
2899 5481 3248 5546 Rutharius,
3299 5480 3534 5553 Aureus

1875 5560 2132 5624 martyr,
2157 5551 2482 5619 Maximus,
2506 5555 2809 5622 Sidonius,
2854 5553 3270 5624 Sigemundus,
3320 5551 3535 5607 Leode-

1875 5627 2100 5695 gorius,
2133 5627 2494 5695 .Becelinus,
2523 5626 2902 5690 Lana-aldus,
2963 5624 3328 5692 Laboaldus,
3378 5624 3535 5695 Rigi-

1879 5697 2097 5780 bertus,
2128 5697 2438 5780 qerotdus,
2467 5694 2964 5780 Gauiliob.ﬂuic
2993 5703 3235 5757 sanctus
3289 5694 3536 5770 Bonifa-

1877 5769 2002 5826 cius
2032 5769 2514 5846 archiepiscopus
2544 5770 2838 5831 successit.
