3958 6454
836 67 1429 82 ὴν*

348 314 447 368 471

595 433 761 486 ΑΝΝ.
807 427 1180 494 QUEDLINB.

429 526 554 578 753.
583 518 922 591 Stephanus
955 528 1117 587 papa
1163 511 1242 568 ad
1297 510 1427 583 Pip-

359 611 573 684 pinum
602 608 665 664 in
697 604 1007 662 Franciam
1036 599 1303 667 veniens,
1332 599 1430 653 de-

362 698 694 755 fensionem
726 692 869 767 petit
917 695 1126 747 contra
1173 686 1428 744 Haistul-

364 788 492 844 fum
521 800 745 854 regem.

437 877 561 930 754.
600 872 938 944 Stephanus
967 884 1130 942 papa
1159 867 1312 922 duos
1369 865 1434 920 ﬁ-

367 963 478 1020 lios
509 960 758 1035 Pippini,
795 958 1073 1015 Carolum
1112 961 1169 1011 ct
1199 954 1435 1013 Carolo-

370 1067 688 1117 mannum,
715 1048 882 1104 unxit
910 1047 972 1103 in
993 1061 1182 1117 reges.

443 1145 568 1196 755.
595 1138 930 1195 Bonifacius
949 1133 1436 1207 archiepiscopus

373 1244 484 1302 pro
512 1226 721 1282 Christi
752 1225 996 1282 nomine
1028 1222 1316 1294 martyrio
1347 1238 1434 1278 co-

373 1321 639 1383 ronatur,
670 1316 763 1371 cui
796 1313 921 1371 Lull
947 1312 1248 1369 successit.

444 1408 568 1462 756.

446 1502 570 1552 757.
606 1498 844 1565 Organa
868 1498 1162 1550 venerunt
1180 1493 1244 1548 in
1272 1495 1445 1548 Fran-

378 1588 554 1644 ciam.

448 1679 574 1732 758.
600 1675 883 1749 Pippinus
916 1673 1254 1731 Saxonibus
1274 1688 1449 1745 supe-

379 1767 522 1824 ratis
555 1765 849 1821 tributum
878 1765 1189 1838 imposuit,
1222 1766 1287 1818 ut
1344 1767 1448 1818 300

381 1871 569 1928 equos
600 1854 848 1923 singulis
909 1853 1209 1910 solverent
1252 1852 1446 1908 annis.

452 1947 577 2000 759.

453 2035 578 2089 760.
617 2031 903 2104 Pippinus
959 2029 1022 2085 in
1073 2028 1451 2084 Wasconiam

382 2121 565 2178 venit.

455 2213 581 2265 761.
622 2212 726 2263 762
771 2210 895 2263 763.

457 2299 581 2352 764.
617 2294 814 2351 Hiems
847 2293 1110 2366 grandis.

461 2493 583 2547 765.

459 2674 582 2725 766.

460 2853 583 2904 767.

459 2942 584 2994 768.
636 2935 922 3016 Pippinus
988 2950 1094 3016 rex
1129 2932 1461 3016 acquisivit

689 3023 732 3131 ξ
726 3011 858 3157 ξηῗ
843 3008 1205 3132 ﬁngi?
1203 3008 1460 3157 $651.3

391 3166 563 3229 anno
583 3148 871 3229 Pippinus
898 3163 1003 3229 rex
1028 3153 1347 3229 revne'rtcns.
1379 3146 1457 3201 ab

391 3216 712 3292 Aquitania
725 3219 803 3292 ad
817 3216 1348 3292 sanctumpionysi
1358 3234 1459 3292 um

391 3298 422 3347 8
456 3289 581 3346 Kal.
618 3289 823 3346 Octob.
849 3289 1016 3353 obiit,
1047 3289 1181 3345 ﬁliis
1209 3289 1333 3344 suis
1359 3291 1460 3345 Ca-

391 3363 749 3418 rolomanno
772 3366 830 3416 ct
849 3361 1080 3430 Carolo,
1109 3361 1213 3432 qui
1243 3375 1460 3432 cogno-

393 3434 659 3489 minatur
688 3435 953 3501 Magnus,
985 3429 1241 3501 regnum
1282 3429 1458 3486 relin-

392 3520 604 3576 quens.

465 3580 592 3631 769.

462 3668 587 3719 770.
623 3667 740 3719 Hoc
764 3680 926 3719 anno
971 3664 1275 3731 Berthrad,
1330 3681 1459 3721 ma-

391 3758 479 3808 ter
511 3753 725 3823 Caroli,
753 3752 936 3811 ﬁliam
972 3753 1257 3810 Desiderii
1300 3755 1459 3825 regis

392 3843 468 3898 de
492 3842 656 3899 Italia
682 3842 935 3899 adduxit
961 3843 1018 3898 in
1052 3843 1387 3901 Franciam.

463 3936 589 3986 771.
621 3931 1096 3988 Carolomannus
1126 3932 1309 3990 frater
1361 3938 1464 3992 Ca-

393 4018 502 4075 roli
525 4018 691 4088 obiit,
723 4036 980 4090 regnum
995 4010 1339 4095 relinquens
1354 4023 1464 4081 fra-

393 4107 465 4163 tri
492 4122 599 4162 suo
632 4107 840 4164 Carolo
863 4125 1105 4180 magno.

466 4199 590 4251 772.
625 4194 870 4253 Carolus
896 4196 956 4253 in
982 4199 1241 4258 Saxonia
1266 4204 1467 4258 Heres-

395 4285 554 4354 burg
582 4290 910 4358 expugnat,
930 4291 987 4342 et
1002 4286 1212 4345 fanum
1230 4306 1462 4360 eorum,

396 4374 560 4446 quod
574 4378 823 4430 vocatur
841 4376 1135 4448 lrminsul,
1155 4380 1461 4438 subvertit.

467 4467 592 4518 773.
619 4462 865 4519 Carolus
896 4463 1178 4523 invitatus
1223 4469 1301 4525 ab
1360 4473 1467 4527 Ila-

395 4551 610 4607 driano
641 4567 822 4625 papa,
850 4554 1076 4612 Italiam
1124 4556 1467 4628 ingrediens

400 4640 769 4698 Desiderium
796 4659 1002 4714 regem
1029 4645 1091 4702 in
1134 4648 1319 4721 Papia
1360 4649 1467 4706 ob-

400 4729 573 4785 sedit.

468 4822 592 4902 7743.
628 4820 873 4901 Carolus
898 4823 1379 4902 Papiam_cepit,
1412 4835 1470 4886 et

399 4891 767 4971 Oesi_der_ium
798 4891 1003 4963 regem
1041 4896 1104 4971 in
1152 4891 1467 4956 Franciam

397 4961 584 5016 duxit.
620 4964 844 5019 Eodem
872 4961 1037 5022 anno
1069 4969 1334 5026 Saxones
1377 4987 1468 5026 ec-

398 5032 716 5111 cles_iam_i_n
739 5035 1070 5111 Fridisl_are,
1095 5054 1281 5111 quam
1294 5058 1468 5098 sanc-

396 5108 489 5158 tus
508 5105 845 5161 Bonifacius
867 5105 1185 5166 aediﬁcavit
1200 5115 1257 5168 et
1294 5113 1465 5169 dedi-

397 5175 568 5255 cavit,
586 5175 771 5255 lignis
790 5182 847 5255 e_t
864 5178 1000 5255 igne
1022 5180 1342 5255 implentes
1382 5186 1468 5242 in-

396 5245 656 5320 cendere
682 5245 992 5320 volebant;
1061 5245 1167 5309 séd
1217 5256 1466 5314 minime

392 5312 695 5373 valebant.

402 5389 871 5473 .--ῖῖξλβανολξιε
901 5391 1155 5473 sibine]!
1183 5399 1371 5473 cepit.
1408 5404 1465 5458 et

392 5457 565 5521 juxta
578 5457 986 5519 Brunesberch
1000 5457 1273 5526 Saxones
1280 5457 1459 5531 bello.

1250 297 1506 355 ANNAL.
1549 295 1988 351 HILDESHEIM.
2031 294 2428 365 QUEDLINB.,
2467 291 2870 357 WEISSEMB.,

1715 420 1879 473 ANN.
1903 417 2427 476 WEISSEMBURG.

1610 510 1733 563 753.
1770 507 2109 579 Stephanus
2134 522 2298 580 papa
2326 507 2404 563 ad
2421 505 2611 581 Pippi-

3680 296 3811 348 472

2885 415 3227 473 LAMBERTI
3265 418 3608 474 ANNALES.

2788 508 2912 561 753.
2950 505 3289 576 Stephanus
3319 521 3481 580 papa
3527 506 3607 562 ad
3661 506 3813 580 Pip-

1540 611 1689 651 num
1717 594 1986 664 veniens,
2018 595 2436 653 defensionem
2465 596 2611 671 petit
2717 592 2931 666 pinum
2946 593 3214 661 veniens,
3243 593 3657 651 defensionem
3696 611 3819 668 pe-

1541 688 1749 740 contra
1779 683 2130 741 Haistolfum
2159 700 2383 756 regem.

1614 866 1737 919 754.
1776 861 2117 935 Stephanus
2138 855 2303 937 papa
2354 863 2510 919 duos
2549 861 2614 918 ﬁ-

1540 951 1653 1008 lios
1709 949 1965 1023 Pippini,
2016 951 2299 1007 Karolum
2351 956 2410 1008 et
2456 950 2617 1008 Karl-

1545 1057 1862 1109 mannum,
1890 1040 2062 1096 unxit
2089 1040 2153 1097 in
2180 1057 2371 1112 reges.

1619 1135 1743 1186 755.
1777 1131 2028 1186 Sanctus
2070 1131 2410 1188 Bonifacius
2461 1147 2613 1188 mar-

1548 1217 1704 1291 tyrio
1734 1222 2075 1275 coronatur.

1623 1402 1747 1455 756.

1625 1492 1749 1543 757.
1785 1489 2093 1557 Organum
2135 1487 2296 1544 venit
2339 1488 2399 1544 in
2444 1490 2623 1546 Fran-

1554 1577 1720 1633 tiam.

1627 1671 1751 1723 758.
1783 1666 2071 1738 Pippinus
2095 1667 2432 1724 Saxonibus
2454 1684 2626 1742 supe-

1555 1753 1698 1810 ratis
1720 1752 2010 1810 tributum
2054 1754 2364 1827 imposuit,
2408 1760 2475 1811 ut
2521 1761 2625 1814 300

1557 1858 1747 1914 equos
1779 1842 2026 1913 singulis
2058 1842 2234 1899 annis
2259 1844 2623 1916 persolvant.

1628 1937 1752 1989 759.

1629 2024 1754 2077 760.

1563 2197 1568 2204 ’
1633 2204 1756 2255 761.
1792 2202 1916 2255 762.
1946 2204 2072 2257 763.

1634 2275 1757 2326 764.
1814 2270 2100 2344 Pippinus
2141 2288 2254 2344 rex
2333 2288 2628 2343 magnum

1564 2341 1940 2414 conventuin
1968 2341 2250 2414 habuitin
2279 2341 2579 2414 Carisiago
2613 2362 2626 2412 ;

1564 2414 1791 2486 fuitque
1819 2413 2107 2469 hibernus
2132 2413 2341 2486 durus.

1635 2485 1758 2540 765.
1779 2485 2495 2566 Βυᾳῐεᾶηςιξθρξξοοριξξ
2508 2501 2633 2566 cor-

1564 2572 1715 2629 pora
1745 2559 2089 2629 sanctorum
2113 2556 2633 2629 Gordiani,_Nabo-

1563 2626 1644 2683 ris
1674 2632 1731 2683 et
1760 2626 1985 2682 Nazarii
2015 2626 2091 2681 de
2120 2629 2309 2683 Roma
2360 2627 2628 2683 adduxit.

1603 2701 1759 2781 .766.
1799 2698 1939 2753 Victi
1964 2702 2103 2753 sunt
2134 2698 2323 2755 Sclavi
2374 2715 2411 2754 a
2458 2702 2634 2755 Fran-

1565 2785 1669 2826 cis.

1635 2845 1760 2899 767.

1637 2933 1762 2986 768.
1817 2928 2102 3002 Pippinus
2151 2945 2255 2984 rex
2312 2927 2636 3002 adquisivit

1566 3017 1954 3090 Aquitaniam
1982 3020 2188 3073 totam.
2216 3017 2440 3072 Eodem
2471 3032 2632 3073 anno

1570 3108 1851 3181 Pippinus
1875 3123 1979 3162 rex
2001 3107 2079 3163 ab
2100 3106 2420 3179 Aquitania
2444 3123 2636 3162 rever-

1567 3203 1696 3253 tens
1746 3197 1824 3253 ad
1877 3202 2153 3253 sanctum
2209 3197 2559 3267 Dionisium,
2602 3201 2633 3253 8

1570 3268 1694 3325 Kal.
1743 3270 1865 3325 Oct.
1927 3268 2091 3335 obiit,
2143 3268 2318 3323 Karlo
2373 3274 2430 3324 et
2472 3268 2634 3324 Karl-

1569 3374 1796 3414 manno
1817 3373 2075 3428 regnum
2098 3357 2465 3430 relinquens.

1638 3540 1764 3594 769.

1640 3629 1765 3681 770.
1826 3623 2039 3680 Berhta
2096 3625 2306 3694 regina
2352 3625 2514 3682 venit
2560 3625 2635 3682 de

1567 3713 1752 3785 Italia,
1802 3718 1859 3769 et
1908 3712 2188 3769 Desiderii
2239 3714 2396 3783 regis
2448 3714 2636 3771 ﬁliam

1569 3802 1821 3859 adduxit
1850 3803 1912 3858 in
1937 3803 2265 3861 Franciam.

1642 3898 1767 3949 771.
1796 3893 2241 3950 Karlomannus
2270 3910 2373 3950 rex
2421 3893 2636 3951 defun-

1571 3987 1700 4039 ctus
1730 3986 1819 4039 est
1846 3982 1979 4055 (81).
2015 3983 2418 4040 Karlmannus
2471 3983 2636 4056 obiit,

1571 4073 1738 4130 fratri
1763 4073 1940 4129 Karlo
1978 4089 2237 4145 regnum
2270 4074 2634 4148 relinquens.

1642 4167 1767 4219 772.
1804 4161 2057 4218 Karolus
2078 4162 2143 4219 in
2167 4164 2425 4220 Saxonia
2472 4167 2638 4221 Eres-

1572 4233 1729 4303 burg
1756 4234 2142 4306 expugnavit,
2174 4240 2232 4291 et
2288 4234 2498 4292 fanum
2545 4251 2640 4291 eo—

1572 4321 1738 4433 Eumti‘
1761 4305 1928 4432 qupd
1970 4305 2300 4363 vocabatur
2343 4306 2637 4374 lrminsul,

1616 4393 1681 4433 es
1745 4393 1883 4432 uxr.

1645 4451 1768 4504 773.
1804 4447 2054 4504 Karolus
2079 4445 2159 4504 ab
2187 4447 2448 4505 Adriano
2478 4465 2642 4523 papa

1575 4540 1827 4594 Romam
1861 4542 2130 4609 vocatus,
2172 4537 2402 4595 Italiam
2442 4538 2640 4609 ingre-

1574 4626 1746 4683 diens
1774 4643 1978 4699 regem
2010 4627 2383 4685 Desiderium
2414 4628 2476 4685 in
2529 4629 2641 4684 Pa-

1573 4716 1676 4790 pia
1703 4716 1959 4775 obsedit.

1647 4810 1771 4882 774_.
1798 4807 2048 4882 Karolus
2077 4807 2340 4882 Papiam,
2357 4808 2543 4882 cepit,
2587 4811 2645 4864 et

1576 4877 1950 4949 Desiderium
1981 4877 2185 4949 regem
2215 4878 2278 4935 in
2324 4877 2644 4936 Franciam

1576 4948 1762 5005 duxit.
1796 4950 2015 5005 Eodem
2048 4948 2209 5006 anno
2256 4954 2521 5008 Saxones
2555 4967 2645 5006 ec-

1578 5020 1825 5094 clesiam
1871 5023 1940 5094 in
1993 5022 2315 5077 Frideslare
2362 5023 2646 5094 ligniset

1575 5092 1720 5174 igne.
1738 5092 1960 5174 impleri
1972 5098 2082 5174 tes.
2112 5092 2431 5174 incendere
2481 5092 2644 5174 vole-

1577 5162 1729 5220 bant
1759 5182 1773 5231 ;
1807 5162 1908 5220 sed
1938 5163 2186 5221 minime
2213 5165 2518 5222 valebant.

1642 5454 1767 5506 775.

627 5657 719 5711 W-
753 5659 978 5721 efAnn.
1012 5671 1357 5736 Weissemb.
1394 5683 1496 5741 SS.
1527 5684 1590 5742 Τ.
1616 5687 1661 5754 Ι,
1688 5701 1749 5759 p.
1787 5689 1907 5741 111.

561 5727 679 5792 14η
701 5736 963 5792 castrum
992 5743 1153 5792 (mod
1176 5745 1322 5792 urbs
1348 5752 1613 5792 Ψίδηηίι
1639 5763 1844 5792 ...παρη
1870 5770 1906 5792 ,ε

492 5726 679 5796 8'2)An
701 5736 963 5793 castrum
992 5756 1029 5810 q

2720 685 2808 743 tiit
2837 688 3046 740 contra
3076 680 3435 741 Haistulfum
3464 701 3694 756 regem.

2793 864 2916 917 754.
2954 860 3292 932 Stephanus
3317 876 3480 935 papa
3529 861 3686 918 duos
3737 861 3817 917 ﬁ-

2721 954 2833 1010 lios
2855 949 3086 1024 Pippini
3101 950 3391 1007 Karolum
3410 956 3466 1007 et
3488 952 3824 1008 Karlman—

2724 1060 2872 1100 num
2901 1041 3071 1097 unxit
3096 1043 3159 1097 in
3187 1057 3377 1111 reges.

2797 1137 2922 1188 755.
2959 1132 3212 1188 Sanctus
3243 1130 3582 1187 Bonifacius
3634 1147 3818 1188 mar-

2726 1221 2881 1294 tyrio
2907 1224 3228 1277 coronatur
3255 1234 3417 1276 anno
3454 1219 3823 1293 peregrina-

2726 1310 2905 1367 tionis
2935 1327 3055 1365 suse
3080 1312 3195 1366 4ου.

2802 1403 2925 1455 756.

2801 1494 2902 1544 757
2970 1489 3136 1561 (756).
3234 1490 3474 1559 Organa
3533 1487 3829 1561 primum

2729 1581 2923 1637 missa
2949 1583 3088 1636 sunt
3125 1580 3376 1653 Pippino
3427 1577 3502 1635 de
3555 1575 3825 1633 Graecia.

2805 1674 2927 1727 758.
2962 1669 3246 1743 Pippinus
3267 1667 3605 1725 Saxonibus
3629 1681 3829 1737 supe-

2732 1760 2877 1817 ratis
2901 1758 3191 1815 tributum
3230 1756 3537 1830 imposuit,
3582 1758 3648 1811 ut
3704 1757 3831 1810 300

2734 1867 2924 1924 equos
2938 1848 3189 1919 singulis
3206 1847 3381 1903 annis
3394 1844 3835 1919 persolverent

2806 1942 2930 1995 759.

2806 2030 2931 2082 760.

2808 2206 2933 2259 761.
2963 2204 3087 2257 762.
3120 2203 3224 2256 763

2808 2276 2932 2331 764.
2985 2271 3267 2344 Pippinus
3313 2284 3629 2344 magnum
3664 2282 3831 2322 con-

2808 2288 2932 2331 764.
2985 2288 3044 2328 ιιι
3089 2288 3267 2344 pinus
3313 2288 3606 2339 magnum
3664 2288 3824 2322 con-

2739 2349 2984 2402 ventum
3046 2288 3255 2399 Eabuit
3314 2341 3375 2394 in
3451 2338 3763 2407 Carisiago
3807 2356 3824 2405 ;

2739 2417 2967 2488 fuitque
2997 2415 3212 2486 hyems
3245 2410 3586 2488 durissima:

2811 2480 2935 2542 76'5-
3020 2480 3447 2571 ιῖυοιβεηξιιξ,
3489 2480 3830 2571 91318902115

2741 2572 2996 2639 corpora
3017 2559 3362 2634 sanctorum
3375 2555 3674 2623 Gorgonii,
3700 2555 3826 2632 Na-

2740 2629 2904 2685 boris
2918 2625 3223 2707 etﬁaaarii
3243 2624 3522 2707 denBoma
3547 2622 3826 2707 advexit.

2815 2704 2938 2754 766.
2972 2696 3113 2753 Victi
3146 2700 3288 2752 sunt
3316 2694 3508 2752 Sclavi
3554 2694 3616 2749 in
3644 2692 3829 2747 Wei-

2744 2769 3057 2827 dahaburc
3086 2768 3190 2839 (82)
3222 2783 3260 2823 a
3286 2765 3545 2822 Francis.

2817 2844 2940 2897 767.

2815 2933 2940 2986 768.
3000 2927 3286 3001 Pippinus
3331 2941 3435 2982 rex
3499 2922 3836 2996 acquisivit

2745 3018 3125 3092 Equitaniam
3149 3021 3356 3079 totam,
3387 3018 3445 3069 et
3470 3012 3611 3069 inde
3627 3026 3837 3067 rever-

2745 3114 2874 3166 tens
2931 3106 3009 3163 ad
3040 3110 3313 3162 sanctum
3344 3100 3715 3175 Dionysium.
3774 3104 3832 3155 8.

2746 3198 2868 3255 Kal.
2900 3196 3168 3255 Octobris
3194 3195 3356 3261 obiit,
3404 3191 3620 3251 Karolo
3690 3208 3836 3246 ma-

2747 3304 2866 3360 gno
2889 3290 2945 3342 et
2974 3286 3340 3343 Karlmanno
3371 3297 3629 3351 regnum
3648 3280 3837 3336 relin-

2744 3392 2957 3451 quens.

2745 3561 2870 3615 769.

2816 3650 2941 3702 770.
3001 3645 3211 3701 Berhta
3268 3642 3475 3713 regina
3526 3640 3691 3697 venit
3742 3641 3825 3697 de

2749 3734 2930 3801 Italia,
2983 3739 3039 3789 et
3092 3732 3373 3789 Desiderii
3417 3730 3577 3800 regis
3624 3728 3822 3786 ﬁliam

2747 3822 3001 3880 adduxit
3024 3822 3086 3878 in
3108 3821 3440 3878 Franciam.

2819 3916 2945 3967 771.
2975 3910 3378 3968 Karlmannus
3433 3907 3599 3975 obiit,
3652 3907 3823 3964 fratri

2748 3998 2970 4056 Karolo
3000 4014 3255 4070 regnum
3282 3996 3648 4068 relinquens.

2821 4182 2945 4234 772.
2977 4176 3235 4234 Karolus
3263 4175 3325 4232 in
3349 4173 3611 4233 Saxonia
3649 4175 3817 4228 Eres-

2750 4268 2907 4338 burg
2936 4265 3322 4341 expugnavit,
3337 4269 3395 4320 et
3405 4262 3638 4330 fanum,
3651 4260 3816 4336 quod

2748 4357 3078 4414 vocabatur
3107 4353 3406 4421 lrminsul,
3432 4351 3744 4408 destruxit.

2822 4451 2947 4503 773.
2982 4444 3233 4502 Karolus
3265 4443 3344 4499 ab
3365 4441 3629 4498 Adriano
3655 4455 3822 4513 papa

2750 4534 3056 4599 invitatus,
3088 4531 3460 4589 Desiderium
3506 4545 3708 4600 regem
3756 4527 3823 4583 in

2751 4624 2935 4698 Papia
2958 4621 3212 4680 obsedit.

2825 4805 2949 4877 774.
2985 4799 3235 4877 Karolus
3264 4794 3719 4877 Papi.am__cepit,
3766 4798 3828 4851 et

2755 4872 3126 4931 Desiderium
3165 4868 3369 4939 regem
3401 4868 3463 4924 in
3509 4868 3827 4923 Franciam

2755 4945 2942 5002 duxit.
2976 4942 3202 4999 Eodem
3228 4954 3391 4996 anno
3421 4941 3685 4995 Saxones
3737 4953 3830 4993 ec-

2756 5017 3000 5073 clesiam
3062 5014 3123 5068 in
3183 5011 3487 5067 Friteslare
3544 5008 3722 5077 lignis
3769 5015 3830 5065 et

2754 5087 2897 5165 igne
2919 5084 3267 5165 implentes.
3293 5080 3612 5165 incendere
3664 5080 3829 5165 vole-

2754 5148 2906 5216 Haut
2937 5176 2951 5226 ;
2984 5148 3094 5213 s‘ed
3121 5153 3371 5212 minime
3399 5148 3701 5209 valebant.

2830 5447 2955 5500 775.

1032 5743 1153 5798 uad
1176 5745 1322 5803 urbs
1348 5752 1615 5814 Widonis
1636 5743 1845 5831 ῂὸειεα
1870 5759 2144 5823 vocatur,
2160 5770 2356 5824 prope
2384 5757 2784 5827 conﬂuentem
2805 5758 2971 5817 Scia
2998 5764 3056 5815 et
3100 5759 3439 5816 Uncti-uota
3469 5758 3498 5815 τ
