3874 6408
363 275 466 331 475

615 399 780 454 ANN.
813 394 1180 461 QUEDLINB.

439 489 561 541 786.
578 484 820 540 Carolus
833 481 1154 555 perrexitin
1175 478 1419 555 Italiam,

367 561 425 612 et
453 556 590 612 inde
622 550 889 611 Romam.
915 550 1420 623 Eclipsissolisfa-

369 633 463 683 cta
487 631 572 682 est
600 631 662 681 l5
679 624 918 680 Calend.
939 620 1207 679 Octobris
1231 620 1307 675 ab
1323 621 1424 674 ho-

369 714 436 754 ra
480 696 594 752 diei
640 696 835 768 prima
880 710 1072 768 usque
1103 692 1182 768 ad
1210 693 1422 768 horam

367 765 866 851 quintami‘Mult-a
893 765 1070 820 etiam
1092 765 1424 844 referuntur

371 833 542 908 signa
575 837 786 893 eodem
815 842 1081 908 tempore
1100 833 1425 908 apparuis-

372 904 455 966 se'.
492 911 739 977 Signum
769 904 1228 977 enim—crucis—in
1255 904 1429 977 vesti-

372 973 588 1036 mentis
632 979 945 1050 hominum
974 976 1269 1050 apparuit.
1305 973 1428 1050 Luil

374 1051 856 1130 archiepiscopus
887 1046 1176 1119 obiit,_cui
1207 1046 1430 1102 Richol-

375 1123 469 1178 fus
499 1123 800 1177 successit.

446 1197 569 1248 787.
601 1191 845 1248 Carolus
874 1206 1114 1245 omnem
1142 1204 1294 1261 pene
1319 1188 1428 1242 Ca-

375 1281 628 1337 labriam
658 1285 834 1351 atque
865 1278 1142 1351 Apuliam
1173 1278 1232 1332 in
1261 1277 1431 1332 ditio-

375 1385 513 1425 nem
545 1367 820 1439 suscepit.

447 1479 507 1528 78
519 1479 570 1529 8.
605 1473 848 1529 Carolus
877 1487 984 1544 per
1010 1471 1429 1544 Alamanniam

419 1545 644 1602 ervenit
691 1545 769 1601 ad
811 1542 961 1600 ﬁnes
1006 1542 1349 1614 Bajovarise,
1378 1545 1435 1614 et

420 1616 596 1695 assilo
619 1615 743 1695 du;
769 1613 1180 1695 Bajoariorum
1194 1613 1286 1695 ob
1306 1613 1436 1695 inti:

377 1688 678 1744 delitatem
690 1686 764 1741 de
780 1684 1115 1758 principatu
1133 1684 1359 1758 ejicitur
1379 1687 1436 1738 et

378 1764 735 1825 tonsoratur,
768 1755 823 1812 et
850 1755 1073 1812 Thiado
1121 1755 1276 1809 ﬁlius
1305 1755 1434 1823 ejus

379 1829 660 1892 similiter,
690 1834 935 1898 uterque
966 1827 1245 1898 monachi
1277 1825 1431 1880 facti.

450 1905 570 1955 789.
602 1896 1102 1963 Carolus—gentem
1117 1896 1434 1951 V'ulzorum

382 1969 744 2041 subcgit,qui
767 1969 945 2041 Lutici
963 1972 1271 2041 vocantur,
1285 1967 1437 2041 duo-

380 2042 496 2096 bus
536 2037 726 2112 super
765 2039 946 2094 Albiaa
995 2040 1219 2094 ﬂumen
1248 2037 1439 2110 ponti-

380 2112 495 2166 bus
524 2111 710 2166 factis.

454 2186 578 2237 790.
610 2179 898 2236 Palatium
927 2178 1258 2235 Wormatise
1287 2177 1440 2247 ignis

383 2251 774 2323 consumpsit,

455 2327 578 2379 791.
613 2318 856 2379 Carolus
884 2325 1236 2390 Avarorum,
1268 2318 1326 2374 id
1355 2322 1445 2375 est

385 2395 713 2462 Hunorum,
738 2395 973 2462 gentem
996 2390 1246 2459 subegit.
1269 2392 1441 2447 Caro-

383 2465 476 2543 l_us
492 2462 1156 2543 habuitnquatuorﬁlios:
1179 2462 1440 2543 primum

386 2534 552 2592 Caro]
562 2551 659 2590 um
668 2531 1006 2606 ,Pippinum
1022 2531 1441 2606 regemltaliae,

387 2602 834 2663 Luothowicum
857 2620 1060 2674 regem
1087 2602 1440 2675 Aquitaniae,

385 2680 718 2747 Drogonem
740 2671 1010 2732 Metensis
1033 2671 1291 2747 ecclesiae
1318 2671 1442 2747 epi—_

385 2742 656 2825 scopum.
709 2749 817 2825 Iste
845 2761 983 2804 vero
1026 2742 1443 2825 Pippinus__qui

384 2819 446 2874 in
477 2815 615 2874 éum
643 2815 1257 2888 conjuraveratﬂﬂius
1289 2815 1443 2871 illius

385 2893 512 2945 erat
548 2889 623 2943 de
667 2888 905 2944 obscuri
952 2888 1183 2958 generis
1231 2892 1443 2955 matre,

387 2975 511 3018 non
532 2959 626 3014 ille
656 2959 938 3032 Pippinus
966 2975 1089 3032 rex.

459 3032 581 3086 792.
615 3028 955 3101 Coﬁjhratio
984 3028 1214 3101 Pippini
1238 3031 1446 3086 contra

389 3121 622 3190 patrem
651 3132 829 3171 suum
869 3117 1144 3173 Carolum
1173 3132 1280 3190 per
1312 3119 1448 3172 Far-

391 3205 626 3262 dulfum
646 3205 951 3280 publicata
974 3210 1066 3263 est
1089 3225 1102 3276 ;
1134 3206 1296 3263 unde
1322 3205 1447 3279 ipse

391 3295 674 3370 Pippinus
730 3299 995 3353 attonsus
1038 3296 1100 3353 in
1148 3299 1448 3356 monaste-

391 3384 545 3439 rium
585 3385 924 3451 recluditur,
967 3385 1279 3457 caaterique
1318 3400 1446 3439 om-

392 3489 516 3540 nes,
549 3473 646 3529 alii
689 3473 978 3540 decollati,
1035 3474 1131 3530 alii
1180 3473 1448 3548 patibulo

392 3561 671 3634 suspensi
701 3567 854 3617 sunt.
887 3565 952 3618 Et
987 3561 1257 3618 Fardolfo
1285 3578 1446 3618 com-

389 3649 695 3706 mendavit
753 3651 1186 3706 monasterium
1261 3650 1450 3708 sancti

389 3739 650 3811 Dionysii
673 3755 780 3811 pro
807 3740 1304 3796 remuneratione.

465 3815 588 3865 793.
626 3812 888 3866 Saxones
941 3811 1154 3866 iterum
1205 3811 1452 3867 rebella-

390 3884 620 3944 verunt,
653 3880 992 3935 deﬁcientes
1018 3897 1054 3936 a
1079 3881 1218 3937 ﬁde.

465 3953 588 4023 794.
623 3951 874 4023 Hseresis
903 3951 1191 4023 Feliciana
1216 3953 1450 4023 synodo

394 4020 559 4091 apud
581 4021 965 4076 Franconfort
979 4022 1184 4078 habita
1202 4020 1452 4080 damna-

396 4096 457 4147 ta
487 4096 594 4146 est.
628 4093 874 4167 Vastrad
899 4093 1104 4167 regina
1128 4094 1308 4167 obiit;
1341 4111 1451 4167 pro

395 4178 518 4245 qua
564 4177 667 4248 re}
715 4163 1110 4248 Liudgardarp
1152 4165 1212 4220 in
1243 4163 1450 4248 conju-

397 4232 561 4303 gium
605 4232 792 4314 duxit.
828 4237 891 4314 Et
938 4237 1277 4314 aaguivocus
1324 4232 1453 4314 ejus

395 4307 685 4377 pugnavit
721 4309 926 4362 contra
973 4307 1235 4364 Saxones
1263 4308 1326 4363 in
1358 4307 1454 4364 'Si-

396 4375 743 4431 hadevelde.

469 4451 590 4501 795.
656 4447 897 4502 Carolus
949 4449 1009 4504 in
1071 4448 1453 4506 Bardenwick

398 4533 536 4572 cum
561 4517 820 4573 exercitu
846 4519 1025 4576 venit.

468 4610 591 4688 796.
619 4607 950 4688 Hadrianus
970 4611 1455 4688 papaRomanus

397 4675 562 4744 obiit,
593 4677 690 4732 cui
722 4681 835 4735 Leo
862 4675 1161 4737 successit.
1191 4683 1258 4736 Et
1281 4683 1457 4737 Caro—

397 4747 490 4803 lus
519 4749 838 4805 Saxoniam
867 4755 1079 4807 vastat.

437 4823 590 4898 “797;
619 4820 865 4898 Carolus
887 4821 1110 4898 iterum
1127 4836 1265 4898 eum
1291 4833 1458 4875 exer-

399 4891 517 4961 citu
549 4891 868 4948 Saxoniam
891 4891 1136 4958 invadit,
1151 4895 1459 4961 totamque

397 4959 656 5018 hiemem
686 4963 748 5018 in
779 4961 1076 5019 Herestelli
1097 4961 1279 5017 ducit.

469 5037 591 5091 798.
624 5034 868 5091 Carolus
910 5032 1299 5099 Nordelingos
1325 5031 1460 5100 (89),

398 5101 731 5171 legatorum
755 5120 1005 5161 suorum
1038 5101 1459 5168 interfectores,

400 5173 588 5230 multa
618 5177 778 5230 caede
809 5174 1144 5246 prostravit.

472 5247 594 5298 799.
621 5248 734 5298 Leo
765 5243 928 5316 papa
956 5243 1162 5316 lingua
1194 5247 1465 5316 truncata

403 5317 459 5384 et
479 5320 733 5368 emeatus
749 5313 786 5368 εἰ
808 5313 1086 5384 Romanis
1110 5317 1165 5368 et
1181 5313 1254 5384 de
1276 5313 1466 5384 ponti-

403 5383 583 5462 ticatu
613 5383 1094 5462 ejec_tus,_videns
1124 5389 1180 5462 et
1211 5383 1464 5462 loquens

404 5453 565 5508 venit
594 5453 671 5508 ad
717 5453 994 5509 Carolum
1025 5455 1086 5509 in
1119 5453 1461 5525 Saxoriiam,

481 5613 588 5682 (89)
629 5613 780 5681 Lege
808 5611 1177 5670 Nordlindos.

499 5685 591 5742 90)
631 5683 690 5738 C.
727 5685 789 5738 R.
826 5699 870 5738 s.
899 5684 1108 5741 desunt
1137 5691 1192 5742 2.

502 5685 568 5736 90
631 5685 690 5738 C.
727 5685 789 5738 R.
826 5699 870 5738 s.
899 5685 1108 5741 desunt
1137 5691 1169 5742 2

502 5685 596 5826 91)
632 5755 691 5813 L.
725 5753 849 5813 haec
876 5755 1089 5817 desunt
1124 5762 1178 5818 2.

1699 393 1859 446 ANN.
1894 382 2415 443 WEISSEMBURG.

1599 484 1724 535 786.
1760 480 2006 534 Sanctus
2061 472 2256 528 Lullus
2305 468 2588 540 archiepi-

1531 583 1720 639 copus
1739 565 1903 633 obiit,
1921 569 1978 619 et
1995 561 2241 618 Karolus
2264 558 2341 614 ad
2363 557 2587 612 Italiam

1529 656 1721 722 venit;
1772 653 1960 709 multa
2006 664 2248 723 quoque
2282 647 2410 701 visa
2453 650 2590 700 sunt

1531 743 1824 818 prodigia.
1858 741 2102 810 Signum
2129 737 2288 793 enim
2317 736 2508 790 crucis
2529 733 2589 788 in

1532 830 1896 889 vestimentis
1937 827 2251 886 hominum
2289 822 2586 896 apparuit,

1534 927 1590 978 et
1613 921 1855 991 sanguis
1879 919 1954 975 de
1979 916 2127 975 coelo
2157 919 2430 986 terraque
2459 925 2593 982 pro-

1536 1010 1722 1068 ﬂuxit.

1608 1193 1731 1244 787.
1770 1185 2018 1242 Karolus
2049 1187 2297 1239 Romam
2323 1179 2592 1244 veniens,

1540 1264 1933 1316 Beneventum
1957 1255 2253 1328 profectus
2271 1256 2376 1328 est,
2390 1265 2598 1328 {nonat

1539 1332 1778 1386 sterium
1813 1321 2000 1384 sancti
2032 1323 2323 1381 Benedicti
2343 1321 2512 1388 adiit;
2542 1324 2599 1375 et

1539 1401 1772 1474 eclipsis
1800 1400 1941 1455 solis
1970 1399 2124 1453 facta
2152 1401 2257 1451 est.

1611 1477 1733 1528 788.

1614 1900 1736 1952 789.
1787 1893 2039 1948 Karolus
2084 1889 2318 1958 subegit
2366 1892 2601 1957 gentem

1545 1985 1879 2040 Wilzorum.

1615 2181 1739 2235 790.

1619 2327 1713 2380 791
1752 2321 1917 2393 (790).
1946 2316 2200 2374 Karolus
2250 2314 2505 2391 perrexit
2546 2315 2606 2373 in

1548 2409 1936 2468 Pannoniam.
1972 2406 2137 2479 (791.)
2165 2404 2418 2464 Karolus
2438 2404 2612 2460 sube-

1550 2501 1634 2571 git
1663 2503 1898 2571 gentem
1934 2502 2286 2554 Avarorum.

1623 3035 1747 3088 792.
1783 3027 2124 3100 Conjuratio
2147 3025 2380 3100 Pippini
2404 3029 2611 3082 contra

1554 3123 1784 3192 patrem
1801 3132 2141 3189 suum,qum
2155 3131 2262 3189 per
2274 3114 2409 3171 Fald
2416 3113 2612 3170 ortum

1554 3207 1857 3285 publicata
1897 3210 2015 3274 est;
2061 3205 2220 3261 unde
2247 3209 2303 3260 et
2327 3203 2610 3278 Pippinus

1556 3302 1826 3357 attonsus
1867 3295 1927 3354 in
1976 3293 2404 3353 monasterium
2443 3291 2616 3350 mitti-

1558 3393 1670 3455 tur,
1701 3386 1996 3457 ceterique
2027 3400 2238 3441 omnes
2262 3382 2493 3455 perditi,
2517 3381 2614 3438 alii

1557 3475 1849 3542 deeollati,
1883 3474 1979 3530 alii
2010 3472 2283 3548 suspensi
2312 3471 2616 3528 miserabi-

1555 3565 1683 3622 liter
1712 3562 2109 3631 suntmortui,
2133 3567 2190 3618 et
2210 3561 2321 3634 ipsi
2344 3559 2616 3619 Fardalfo

1557 3654 1766 3710 datum
1795 3658 1882 3710 est
1910 3652 2230 3710 cenobium
2261 3649 2448 3707 sancti
2487 3649 2617 3707 Dio-

1557 3742 1708 3798 nisii.

1628 3819 1751 3870 793.

1628 3957 1751 4010 794.

1631 4452 1756 4503 795.
1799 4445 2307 4518 Adrianuspapa
2359 4445 2503 4502 obiit
2557 4448 2618 4502 in

1561 4519 1866 4575 nativitate
1898 4517 2148 4573 Domini.

1633 4610 1757 4663 796.

1636 4821 1760 4874 797.

1638 5033 1762 5087 798.

1640 5250 1763 5300 799.
1798 5243 1914 5299 Leo
1943 5260 2104 5369 paga
2131 5244 2338 5326 lingua
2358 5248 2628 5327 truncata

1657 5321 1893 5369 cecatus
1927 5322 1979 5369 et
2067 5333 2097 5369 e
2133 5317 2478 5369 pontiﬁcatu
2510 5334 2625 5369 ele-

1571 5321 1628 5372 et
1657 5321 1893 5387 cecatus
1927 5322 1979 5370 et
2024 5317 2097 5370 de
2133 5317 2478 5387 pontificatu
2510 5319 2625 5386 eje-

1573 5391 1724 5455 ctus,
1759 5386 1964 5442 viciens
1995 5392 2051 5458 et
2079 5386 2330 5458 loquens
2361 5388 2420 5444 in
2451 5390 2630 5458 Saxo-

1572 5459 1734 5512 niam
1777 5459 1937 5512 venit
1984 5457 2060 5512 ad
2105 5457 2410 5524 Karolum,
2443 5459 2502 5513 in
2539 5457 2627 5514 lo-

1573 5545 1711 5584 cum
1738 5529 1840 5600 qui
1870 5528 2082 5584 dicitur
2111 5528 2412 5583 Heristelli.

1267 267 1522 324 ANNAL.
1562 263 2002 324 ΗιωΕεΗΕιι.
2044 257 2438 326 QUEDLINB.,
2477 253 2794 312 WEISSEM

2226 257 2438 326 »ωιτη
2477 253 2857 312 WEISSEMB.
3672 245 3756 298 ne

2866 373 3211 429 LAIBERTI
3249 368 3617 426 ANNALES.

2767 467 2891 520 786.
2937 463 3185 518 Sanctus
3227 456 3431 514 Lullus
3477 457 3758 529 archiepi-

2699 567 2920 624 scopus
2967 547 3132 617 obiit,
3166 545 3261 602 cui
3307 545 3426 616 (90)
3471 544 3761 600 Richoltui

2699 638 2998 703 successit,
3031 640 3086 691 et
3116 633 3373 690 Karolus
3417 632 3506 690 ad
3549 632 3762 688 Italiam

2698 726 2876 784 venit.
2898 725 3072 782 Multa
3081 738 3325 797 quoque
3337 721 3475 778 visa
3489 727 3762 794 suntpro-

2698 816 2880 888 digia.
2891 815 3139 883 Signum
3151 812 3308 868 enim
3321 811 3530 867 crucis
3542 811 3608 868 in
3622 811 3766 866 vesti-

2699 905 2914 961 mentis
2925 901 3244 958 hominum
3260 899 3768 972 apparuit,etsan-

2701 994 2832 1065 guis
2857 1009 2888 1049 e
2930 990 3080 1048 caelo
3130 993 3408 1062 terraque
3469 987 3766 1062 proﬂuxit

2774 1174 2898 1226 787.
2932 1166 3190 1224 Karolus
3221 1167 3485 1222 Romam
3509 1165 3769 1226 veniens,

2707 1243 3106 1296 Beneventum
3124 1236 3430 1309 profectus
3455 1240 3655 1309 est,_et
3672 1253 3774 1309 nio-

2704 1311 3028 1366 nasterium
3057 1307 3246 1364 sancti
3278 1307 3595 1361 Benedicti
3629 1307 3772 1360 adiit.

2706 1385 2773 1438 Et
2799 1383 2902 1451 (91)
2936 1380 3174 1452 eclipsis
3208 1379 3364 1433 facta
3395 1384 3490 1432 est
3523 1377 3693 1433 solis.

2781 1881 2904 1933 789.
2946 1873 3202 1930 Karolus
3257 1871 3499 1942 subegit
3545 1877 3784 1939 gentem

2712 1965 3021 2021 Wilzorum
3033 2005 3044 2017 .

2783 2163 2908 2217 790.

2783 2306 2877 2360 791
2918 2301 3089 2374 (790).
3130 2295 3392 2356 Karolus
3438 2296 3712 2371 perrexit
3739 2296 3789 2354 in

2715 2389 3107 2448 Pannoniam.
3143 2388 3311 2458 (791).
3355 2385 3627 2444 Karolus
3658 2385 3790 2442 sub-

2715 2480 2834 2549 egit
2872 2483 3110 2548 gentem
3158 2482 3523 2532 Avarorum.
3561 2476 3637 2531 Et
3667 2475 3794 2532 fun-

2715 2569 2856 2624 data
2885 2570 2976 2624 est
2999 2565 3249 2624 ecclesia
3276 2564 3470 2622 sancti
3507 2562 3797 2620 Bonifaeii

2717 2657 2778 2712 in
2809 2654 3016 2716 Fulda.

2789 3032 2912 3086 792.
2943 3026 3287 3098 Conjuratio
3318 3024 3564 3098 Pippini
3595 3031 3807 3084 contra

2719 3122 2951 3191 patrem
2966 3131 3309 3189 suum,quaa
3326 3130 3435 3187 per
3447 3115 3806 3171 Fardolfum

2720 3205 3026 3284 publicata
3054 3211 3158 3261 est.
3196 3204 3360 3261 Unde
3388 3203 3700 3278 Pippinus
3733 3209 3808 3260 at-

2722 3301 2930 3356 tonsus
2961 3296 3022 3354 in
3051 3294 3490 3356 monasterium
3522 3295 3810 3362 mittitur,

2724 3386 3018 3458 ceterique
3063 3400 3274 3442 omnes
3304 3383 3550 3458 perditi,
3581 3385 3690 3444 alii
3723 3386 3814 3442 (ἔθη

2723 3475 2938 3544 collati,
2973 3474 3072 3532 alii
3105 3473 3403 3552 suspensi,
3437 3473 3811 3534 miserabili-

2726 3570 2810 3622 ter
2837 3569 2974 3624 sunt
2998 3563 3236 3623 mortui.
3278 3564 3350 3620 Et
3372 3561 3488 3639 ipsi
3521 3563 3814 3622 Fardolt‘o

2725 3653 2937 3712 datum
2965 3658 3054 3711 est
3077 3651 3425 3712 emnobium
3447 3653 3656 3711 sancti
3691 3653 3817 3710 Dio-

2797 3958 2923 4011 794.
2965 3953 3219 4009 Hmresls
3252 3951 3562 4009 Feliciana
3599 3953 3823 4026 damp-

2726 4047 2868 4102 nata
2885 4043 3047 4100 estin
3069 4041 3304 4116 synodo
3324 4041 3817 4106 Frankenefurt;

2726 4137 2783 4192 et
2809 4132 3078 4192 Vastrath
3108 4131 3314 4203 regina
3340 4131 3513 4193 obiit.

2799 4458 2924 4524 7957.
2979 4452 3292 4524 Adrianus
3326 4467 3496 4524 papa
3552 4454 3715 4511 obiit
3768 4454 3825 4508 in

2729 4523 3033 4582 nativitate
3064 4522 3317 4578 Domini.

2799 4616 2902 4672 796
2933 4613 3065 4688 (92).

2799 4827 2926 4884 797.

2803 5039 2928 5093 798.
3001 5035 3262 5096 Balthart
3316 5035 3518 5094 abbas
3582 5039 3836 5097 Hervel-

2734 5107 2938 5166 densis
2972 5107 3138 5166 obiit.

2805 5254 2928 5303 799.
2951 5251 3064 5303 Leo
3086 5265 3264 5320 papa.
3281 5249 3491 5315 lingua
3510 5257 3836 5309 truncata.

2737 5325 3067 5396 excaecatus
3101 5325 3156 5374 et
3186 5320 3259 5396 de
3291 5322 3674 5396 pontificatu
3725 5328 3838 5396 eje-

2737 5396 2885 5452 ctus.
2917 5390 3121 5448 videns
3162 5396 3216 5446 et
3245 5390 3506 5461 lo'quens
3542 5395 3608 5456 in
3649 5390 3842 5454 Fraxr

2737 5461 2891 5516 ciam
2939 5461 3093 5518 venit
3141 5461 3219 5520 ad
3268 5462 3593 5530 Karolum,
3631 5468 3711 5526 in
3759 5469 3840 5524 lo~

2739 5548 2876 5586 eum
2903 5532 3005 5603 qui
3036 5531 3249 5592 dicitur
3275 5534 3608 5598 Heristcne.

2346 5619 2452 5695 (92)
2489 5621 2544 5674 L.
2579 5621 3228 5695 Monasteriumisancti
3263 5623 3479 5682 Albani
3513 5628 3845 5695 Moguntiv

2274 5686 2886 5756 tundaturaﬂioholto
2907 5693 3360 5768 archiepiscopo
3379 5700 3434 5754 ὅ.
3449 5698 3585 5764 alia
3610 5686 3845 5766 ἧιάηιι.
