3874 6382
57 261 172 313 477

0 415 5 444 δ,
317 388 478 440 ΑΝΝ.
513 387 882 450 QUEDLINB.

63 453 152 508 ad
173 453 371 508 locum
405 456 508 526 qui
529 463 777 512 vocatur
809 459 1135 515 Padarbuiu

0 523 7 596 ξ
61 541 196 580 non
234 543 245 589 ;
281 523 460 596 quem
493 543 594 581 rex
621 528 944 584 honoriﬁce
1003 547 1136 586 sus-

64 601 316 667 ceptum
350 599 599 652 Romam
625 599 849 662 reduci,
903 606 960 655 et
1006 618 1136 656 om-

0 675 5 712 I
63 667 176 722 nia
193 683 301 722 sua
324 667 435 723 sibi
454 670 676 724 restitui
693 670 882 739 jubet.
913 672 1134 728 Eodem

0 767 4 804 ι
66 755 238 812 anno
271 739 521 812 Gherald
555 741 836 812 Bajoariae
867 744 1137 800 marchio

0 857 2 868 .
67 810 295 886 clarus,
324 815 377 886 et
415 811 614 886 Ericus
634 810 766 886 dux
796 815 1134 886 Forojulen-

0 945 1 952 γ
70 881 182 950 sis,
218 880 295 935 ab
326 883 505 936 Hunis
529 883 814 938 interfecti
845 880 999 940 sunt.

151 956 275 1006 800.
312 953 556 1007 Carolus
579 954 726 1008 dum
740 956 1136 1012 Thuronicam

69 1023 338 1078 venisset
392 1024 466 1078 ad
552 1025 784 1091 urbem,
865 1028 1140 1095 Liutgard

70 1110 233 1148 uxor
279 1109 390 1167 sua
419 1095 707 1167 praeclara
743 1097 858 1153 illic
907 1105 1143 1154 mortua

72 1169 190 1219 est.
218 1165 357 1237 lnde
385 1165 656 1222 reversus
706 1167 766 1222 in
812 1170 1140 1237 Franciam,

71 1236 336 1308 perrexit
405 1240 655 1293 Romam
714 1239 790 1294 ad
842 1241 1144 1297 vindican:

74 1307 230 1382 dum
259 1310 513 1382 Leonem
542 1325 787 1382 papam.

155 1381 370 1434 801.1n
395 1379 489 1436 die
530 1379 742 1436 nat—alis
785 1383 1017 1438 Domini
1070 1382 1146 1438 ad

74 1450 338 1528 missam
408 1451 676 1522 Carolus,
739 1453 1021 1528 imposita
1074 1454 1147 1508 si-

75 1521 143 1574 bi
174 1537 210 1574 a
236 1523 422 1576 Leone
451 1539 609 1594 papa
633 1521 873 1595 Corona,
898 1526 1149 1596 impera-

76 1595 262 1668 toret
290 1596 591 1662 Augustus
623 1611 658 1649 a
703 1595 1003 1668 Romanis
1042 1613 1147 1668 ap-

77 1661 338 1737 pellatus
395 1661 527 1731 est,
608 1667 836 1737 patricii
906 1661 1148 1723 nomine

79 1733 350 1804 dempto.

159 1808 282 1858 802.
318 1810 514 1860 Aaron
532 1823 632 1861 rex
656 1811 967 1864 Persarum
996 1813 1151 1865 Jero-

84 1875 672 1953 solymamsubjecit
706 1881 914 1934 Carolo
945 1885 1075 1952 (83),
1097 1886 1153 1936 et

85 1947 253 2000 misit
281 1947 332 2001 ei
364 1947 747 2020 elephantum
784 1947 993 2008 unum.

163 2158 286 2209 803.
317 2153 562 2208 Carolus
616 2160 911 2211 conventu
948 2157 1152 2214 habito

86 2227 150 2307 in
182 2225 402 2296 palatio
434 2224 890 2306 Sana-Saxones
908 2228 1154 2302 antiqua

84 2297 358 2352 libertate
407 2296 671 2371 donavit,
747 2315 968 2371 eosque
1045 2315 1155 2371 pro

87 2368 511 2423 conservanda
565 2368 679 2423 ﬁde
741 2368 1154 2424 catholica—ab

88 2439 256 2512 omni
280 2437 703 2512 solvittril‘uito,
728 2446 974 2512 excepto
991 2441 1155 2512 quod

88 2511 224 2584 illos
246 2526 476 2574 omnes,
497 2509 708 2584 divites
739 2528 807 2566 ac
834 2509 1152 2584 pauperes,

89 2582 272 2637 totius
305 2597 424 2634 sua:
458 2580 700 2636 cultura)
733 2599 802 2637 ac
835 2580 1155 2637 nutritura:

88 2653 361 2708 decimas
387 2651 613 2707 Christo
642 2657 697 2708 et
746 2653 1157 2708 sacerdotibus

89 2725 224 2795 ejus
253 2722 502 2778 ﬁdeliter
531 2724 776 2778 reddere
805 2724 998 2794 jussit.

169 2798 293 2866 804.
328 2797 440 2848 Leo
470 2809 632 2866 papa
662 2795 874 2866 iterum
909 2794 1068 2849 venit
1095 2794 1156 2848 in

95 2865 426 2922 Franciam.
538 2865 780 2921 Carolus
895 2868 1158 2920 Saxones

91 2936 538 3008 Transalbinos,
571 2942 627 2991 et
665 2937 766 3008 qui
799 2936 857 2991 in
905 2935 1159 2991 Wimadi

94 3007 473 3074 habitabant,
525 3007 824 3063 transtulit
871 3008 929 3062 in
982 3011 1159 3062 Fran-

95 3081 630 3151 ciam._eorumque
662 3095 853 3151 pagos
909 3079 1160 3134 Abodri-

94 3153 170 3208 tis
195 3149 375 3205 dedit.

173 3225 295 3276 805.
325 3220 592 3287 Carolus,
625 3221 782 3276 ﬁlius
806 3221 1018 3290 Caroli,
1059 3223 1161 3276 Bo-

97 3296 312 3350 hemos
336 3309 475 3347 cum
494 3294 732 3348 Francis
753 3298 807 3348 et
829 3292 1163 3350 Saxonibus

96 3364 450 3429 devastavit,
540 3380 862 3436 regemque
929 3380 1158 3436 eorum,

101 3437 436 3492 Lechonem
522 3436 790 3500 nomine,
861 3435 1160 3500 occidens,

96 3508 287 3564 victor
308 3507 386 3561 ad
415 3510 645 3579 patrem
676 3505 1004 3579 revertitur:

175 3581 296 3633 806.
347 3575 590 3634 Carolus
638 3593 893 3645 regnum
969 3575 1164 3630 divisit

99 3649 288 3774 tribuis
316 3649 471 3717 ﬁliis,
505 3648 771 3720 Pippino,
803 3648 1162 3714 Luthowico,

129 3737 252 3774 .aro
279 3736 333 3774 ο.

101 3726 333 3780 Carolo.

178 3795 298 3846 807.
333 3789 648 3847 Mortalitas
697 3789 964 3844 maxima
1011 3788 1168 3844 facta

100 3867 196 3921 est
214 3863 274 3917 in
299 3862 500 3917 Fulda.

176 3939 298 3990 808.
342 3933 586 3997 Carolus
630 3932 834 4004 junior
894 3931 1066 4004 Lines
1110 3935 1168 3986 et

106 4005 562 4076 Schmeldingos
584 4002 962 4076 espugnans,
980 4002 1168 4057 victor

103 4077 415 4134 revertitur
445 4075 523 4130 ad
539 4075 804 4147 patrem.

182 4152 303 4203 809.
337 4142 632 4219 Depositio
663 4145 851 4219 sancti
874 4142 1168 4219 Liudgeri

105 4218 370 4291 episcopi
402 4216 455 4272 et
480 4216 838 4291 confessoris
864 4217 993 4291 (94).

181 4285 439 4348 8101100
455 4305 616 4345 anno
642 4287 951 4344 castellum
976 4285 1167 4342 [labo-

105 4361 169 4418 ki
200 4360 378 4415 Albiae
413 4359 644 4432 flumini
681 4358 1029 4432 impositum
1060 4360 1166 4426 est,

106 4438 165 4512 et
196 4431 476 4512 Pippinus
494 4429 667 4512 ﬁlius
689 4429 879 4512 Caroli
910 4429 1167 4512 impera-

105 4499 271 4569 toris,
293 4499 605 4571 rexltaliae,
639 4505 670 4555 8
698 4500 761 4556 Id
782 4501 896 4556 Jul.
922 4499 1085 4564 obiit,
1103 4499 1169 4553 ﬁ-

104 4575 188 4633 lio
213 4589 324 4630 suo
353 4572 699 4629 Bernhardo
721 4589 976 4643 regnum
1000 4571 1171 4643 relin-

105 4661 319 4774 (Ἦρξε.
355 4647 420 4702 Et
449 4643 571 4700 ﬁlia
601 4641 815 4704 Caroli'
846 4641 1165 4700 Ruotrudis

106 4734 142 4774 ο
190 4733 272 4771 u.

106 4733 272 4774 ODllI.

180 4791 303 4842 811.
356 4786 620 4852 Carolus,
647 4784 804 4839 ﬁlius
845 4783 1036 4841 Caroli
1064 4782 1171 4838 im-

105 4859 420 4932 peratoris,
452 4858 604 4913 inter
633 4856 781 4932 alios
813 4856 905 4910 sui
935 4854 1088 4932 ﬁlios
1117 4858 1174 4932 et

105 4926 257 4989 natu
286 4931 482 5000 major
511 4933 568 4983 et
597 4927 750 5000 patri
793 4926 1108 5000 acceptior,
1139 4929 1172 4981 2

108 5006 257 5058 Non.
290 4997 567 5058 Decemb.
597 4997 764 5057 obiit.

181 5070 586 5145 812._Eclipsis
650 5069 791 5126 solis
819 5072 953 5142 post
999 5065 1172 5124 meri-

107 5144 270 5199 diem
299 5143 422 5198 fuit.

180 5219 305 5269 813.
359 5213 512 5269 Pons
578 5212 769 5284 apud,
817 5208 1173 5284 Mogontiam

107 5301 319 5341 mense
361 5285 506 5342 Maio
546 5279 857 5339 re'entino
906 5279 1175 5348 flagravit

107 5355 405 5408 incendio.
441 5301 738 5408 Richoifus
783 5352 1175 5408 archiepisco-

105 5355 405 5412 incendio.
441 5352 738 5409 Richolfus
783 5352 1176 5423 archiepisco-

106 5444 223 5501 pus
241 5426 406 5496 obiit,
437 5425 530 5479 cui
546 5425 846 5479 Hastulfus
866 5421 1168 5479 successit.

992 268 1076 324 ET
1112 270 1454 330 LAMBERTI
1491 269 2072 330 ASCHAFNABURG.
2110 270 2292 328 PARS
2329 271 2557 329 PRIOR.

1405 401 1564 456 ΑΝΝ.
1610 396 2135 454 WEISSEMBURG.

1321 967 1443 1020 800.

1326 1412 1421 1465 801
1450 1408 1620 1481 (800).
1649 1405 1898 1462 Karolus
1942 1421 1979 1462 a
2029 1403 2314 1462 Romanis

1256 1503 1556 1569 Augustus
1583 1495 1917 1570 appellatus
1948 1497 2052 1552 est.

1333 1822 1434 1874 802
1502 1819 1670 1888 (801).
1749 1812 2321 1888 Armarmurmultus

1260 1907 1360 1944 rex
1409 1894 1722 1944 Persarum
1765 1887 2078 1943 elefantem
2128 1901 2319 1940 unum

1259 1961 1419 2016 misxt
1445 1977 1582 2015 cum
1597 1960 1725 2015 aliis
1752 1958 2102 2015 muneribus
2125 1956 2317 2024 Karlo,

1262 2035 1364 2104 qui
1393 2032 1622 2106 primus
1654 2033 2016 2106 Francorum
2068 2027 2322 2099 Augusti

1262 2102 1483 2232 ﬁoggn
1511 2102 1859 2177 promeruit.

1342 2827 1445 2880 804
1496 2823 1660 2896 (803).
1721 2823 1836 2878 Leo
1893 2834 2057 2896 papa
2110 2821 2324 2877 iterum

1266 2914 1428 2968 venit
1467 2913 1529 2968 in
1589 2911 1910 2978 Frantiam,
1957 2915 2014 2967 et
2067 2911 2328 2967 Saxones

1269 3000 1660 3059 Transalbani
1741 2999 2007 3056 translati
2073 3001 2215 3056 sunt
2268 2999 2330 3054 in

1270 3091 1588 3147 Frantiam.

1343 3274 1468 3326 805.
1500 3267 1736 3336 Karlus,
1769 3265 1969 3322 Karoli
1996 3265 2175 3332 ﬁlius,
2231 3267 2334 3322 Be-

1273 3360 1503 3416 heimos
1533 3355 1799 3414 vastavit.

1347 3611 1470 3662 806.
1532 3602 1781 3660 Karolus
1829 3601 2334 3674 rdivisituregnum

1274 3694 1413 3734 cum
1443 3677 1796 3732 testamento
1823 3673 1972 3729 inter
1997 3672 2170 3740 ﬁlios,
2228 3673 2334 3726 Lu-

1274 3748 1576 3827 dovicum,
1609 3745 1927 3827 Pippinum
1964 3749 2023 3826 et
2067 3741 2330 3827 Karlum.

1348 3823 1470 3876 807.
1504 3812 1820 3876 Mcrtalitas
1865 3816 2133 3873 maxima
2179 3812 2336 3870 facta

1274 3894 1363 3946 est
1392 3890 1451 3944 in
1479 3885 1684 3944 Fulda.

1347 4160 1471 4213 809.

1349 4301 1472 4355 810.
1514 4296 1769 4355 Maxima
1848 4295 2180 4353 mortalitas
2237 4294 2343 4349 bo-

1276 4405 1423 4444 vum
1453 4389 1586 4460 (95).

1353 4801 1475 4854 811.

1353 5086 1476 5140 812.

1355 5210 1475 5263 813.
1502 5206 1661 5261 Pons
1693 5203 1857 5277 apud
1888 5204 2247 5276 Mogontiam
2266 5201 2352 5258 in-

1283 5295 1495 5352 cendio
1518 5295 1708 5370 periit.

183 5525 288 5594 (93)
315 5526 395 5576 Ex
421 5521 702 5594 Einliardi
736 5521 874 5594 Vita
893 5518 1083 5594 Caroli
1113 5522 1169 5574 et
1194 5523 1371 5592 poeta
1399 5521 1651 5577 Saxone.

184 5591 293 5662 (94)
324 5595 388 5656 Q.
415 5593 493 5646 ita
519 5593 582 5644 L.
619 5592 907 5660 confessio
940 5591 984 5644 l.

3377 269 3482 323 4η

2606 396 2948 452 LAIBERTI
2986 392 3307 452 ΑΝΝΑιιεδ

2493 962 2619 1016 800.

2498 1406 2594 1460 801
2635 1399 2804 1474 (800).
2839 1399 3090 1458 Karolus
3139 1414 3175 1455 a
3205 1398 3492 1456 Romanis

2425 1494 2728 1564 Augustus
2755 1494 2844 1548 est
2872 1487 3226 1564 appellatus.

2500 1817 2603 1869 802
2628 1812 2800 1883 (801).
2843 1805 3360 1866 Amarmurmulus
3388 1819 3494 1862 rex

2429 1906 2744 1959 Persarum
2763 1897 3138 1974 elephantem
3148 1907 3340 1952 unum
3350 1909 3492 1952 cum

2429 1991 2562 2050 aliis
2585 1988 2942 2048 muneribus
2968 1980 3183 2045 Karolo
3210 1983 3389 2042 misit.

2501 2189 2627 2243 803.
2660 2187 2775 2241 Leo
2805 2196 2969 2258 papa
3002 2182 3217 2239 iterum
3243 2178 3406 2237 venit
3430 2178 3493 2236 in

2345 2311 2354 2329 .
2433 2275 2763 2344 Franciam,
2809 2278 2866 2329 et
2913 2275 3179 2330 Saxones
3226 2267 3498 2327 Transal-

2431 2365 2597 2422 biani
2629 2362 2896 2420 translati
2923 2362 3139 2418 suntin
3160 2359 3492 2417 Franciam.

2507 2826 2764 2899 804(96i

2515 3294 2638 3347 805.
2668 3287 2940 3358 Karolus,
2968 3283 3168 3341 Karoli
3194 3281 3373 3350 ﬁlius,
3400 3283 3503 3337 Be-

2443 3379 2709 3435 cheimos
2734 3374 3004 3431 vastavit.

2516 3627 2641 3682 806.

2515 3822 2639 3875 807.
2668 3815 2982 3874 Mortalitas
3032 3811 3300 3870 maxima
3352 3807 3510 3866 facta

2443 3895 2533 3947 est
2558 3890 2619 3945 in
2651 3887 2853 3945 Fulda.

2520 3980 2644 4035 808.

2521 4177 2624 4230 809
2634 4215 2645 4227 .

2521 4315 2645 4368 810.
2679 4309 3044 4377 Hohenburg
3068 4304 3374 4363 castellum
3399 4302 3513 4358 im-

2449 4401 2713 4474 positum
2729 4403 2816 4454 est
2837 4397 3022 4452 Albim
3041 4393 3276 4450 ﬂumini
3305 4391 3382 4448 ab
3407 4390 3517 4448 im-

2450 4492 2722 4562 peratore
2745 4484 2965 4542 Karolo
2991 4487 3199 4540 contra
3229 4481 3447 4536 Danos.

2526 4793 2649 4846 811.
2700 4785 2997 4861 Depositio
3068 4783 3326 4858 Liutgeri
3392 4780 3521 4856 epi-

2457 4895 2644 4953 scopi.

2531 5078 2652 5131 812.

2531 5201 2652 5253 813.
2683 5193 2988 5280 llicbolfus
3001 5265 3017 5280 ‘
3033 5195 3530 5280 archiepiscopus

2461 5264 2924 5340 Moguntinensis
2961 5265 3130 5340 obiit,
3161 5261 3258 5326 cui
3283 5261 3531 5340 Hais'tol:

2461 5333 3002 5418 fusv(97)__succ_essit
3029 5333 3133 5418 ς,βὶ
3177 5353 3336 5418 pons
3367 5333 3531 5410 apud

2461 5407 2821 5484 Magontlam
2850 5407 3131 5472 incendio
3161 5407 3355 5493 periit.

204 5653 293 5735 95)
431 5653 737 5740 (Lana-mue:
762 5662 970 5740 bouem
999 5661 1175 5740 etiam
1207 5666 1356 5740 Ann.
1388 5663 2117 5740 Laurissensesminores,
2145 5663 2487 5740 nostroﬁum
2512 5653 2782 5714 11001000
2812 5655 3033 5736 man
3063 5661 3290 5740 ὶθειιιιί·

205 5727 296 5810 96)
329 5737 392 5791 L.
427 5735 756 5810 Gangotlus
795 5734 977 5810 ab_bas
1005 5735 1323 5810 Euldensis
1353 5736 1533 5810 obiit;
1563 5735 1898 5806 Batgarius
1926 5727 2205 5798 successit
2230 5738 2283 5793 5.
2317 5727 2435 5788 alia.
2462 5740 2671 5789 manu.

205 5809 292 5882 97)
317 5808 664 5880 Haistulfus
698 5811 747 5866 1.
775 5822 827 5866 c.
861 5808 920 5866 h.
951 5823 1001 5868 ε.
1023 5806 1263 5868 desunt.
1295 5809 1349 5866 2.
