3958 6402
348 258 455 313 479

602 382 764 435 ΑΝΝ.
798 382 1169 446 QUEDLINB.

352 452 421 523 Et
441 448 768 523 imperator
796 451 988 523 ﬁlium
1015 471 1196 510 suum
1229 457 1423 513 Ludo-

349 520 572 594 vicuni,
608 520 891 594 imposita
921 523 1034 579 sibi
1066 541 1309 593 corona,
1335 532 1424 584 to-

350 591 481 669 tius
500 591 841 669 consortem
865 594 977 649 sibi
1002 595 1237 669 imperii
1267 591 1421 655 fecit.

424 666 548 739 814.
566 663 810 720 Carolus
824 663 1150 739 imperator
1162 684 1423 739 magnus

354 736 411 817 εει
438 735 743 817 Spissum
772 735 1085 817 εροείιφψε
1120 739 1231 817 <98).
1256 735 1298 795 δ’
1319 743 1423 798 Ca-

350 803 510 860 lend.
547 803 850 879 Februarii
880 807 1044 879 obiit,
1078 803 1268 866 aetatis
1299 828 1422 867 suae

351 891 514 932 anno
536 881 623 952 741.
655 878 825 952 regni
837 884 1049 952 autem
1074 884 1164 952 47,
1189 881 1422 952 imperii

350 962 494 1003 vero
520 950 585 1003 14
621 966 635 1015 ;
667 949 763 1004 cui
792 948 951 1004 ﬁlius
990 948 1421 1009 suus'Ludovi-

350 1033 477 1084 cus,
490 1019 605 1099 qui
630 1020 1098 1089 cognominatur
1112 1023 1272 1094 Pius,
1292 1040 1421 1081 suc-

350 1094 529 1146 cessit
552 1094 615 1146 in
644 1106 921 1161 regnum.

674 1217 997 1273 ANNALES
1037 1220 1689 1279 HILDESHEIMENSES.

421 1304 723 1358 815.Anno
754 1308 785 1359 3
814 1304 1139 1363 Hludowici
1168 1307 1391 1365 factum
1420 1315 1509 1367 est
1537 1312 1857 1368 concilium
1882 1329 2011 1369 ma-

350 1388 541 1465 gnum
564 1374 626 1465 in
656 1376 1012 1465 aquisgra‘ni
1044 1378 1104 1433 in
1130 1395 1336 1435 mense
1363 1387 1651 1451 Augusto,
1675 1388 2013 1465 etpraecep-

350 1448 479 1499 tum
512 1450 603 1500 est
627 1450 691 1500 ut
720 1447 1003 1503 monachi
1038 1465 1250 1505 omnes
1300 1447 1545 1507 cursum
1591 1447 1779 1510 sancti
1830 1447 2011 1511 Bene-

346 1514 488 1590 dicti
513 1521 823 1573 cantarent
846 1519 1053 1590 ordine
1073 1521 1352 1590 regulari.
1372 1526 1436 1579 Et
1462 1523 1584 1580 duo
1607 1526 1842 1581 codices
1874 1526 2011 1582 scri-

348 1585 434 1661 pti
460 1591 617 1653 sunt,
645 1603 805 1643 unus
832 1589 905 1645 de
931 1590 1050 1646 vita
1107 1585 1478 1661 clericorum,
1538 1600 1593 1651 et
1658 1597 1806 1652 alter
1826 1598 1899 1653 de
1931 1598 2014 1654 vi-

353 1660 808 1738 tanonnarum.
826 1662 905 1717 Eo
931 1677 1091 1738 anno
1108 1665 1405 1738 Leopapa
1426 1660 1591 1733 obiit,
1620 1672 1676 1723 ct
1701 1668 2011 1724 ordinatus

350 1732 438 1809 est
468 1730 805 1809 _Stepha_n_us
832 1748 942 1803 pro
972 1734 1129 1809 eoin
1150 1730 1863 1809 episcopatum-Romane
1904 1742 2011 1796 Ec-

348 1796 523 1855 clesie
549 1796 701 1867 {qui
724 1801 785 1856 in
806 1796 1014 1859 mense
1041 1796 1547 1864 Octimbre‘venit
1586 1810 1666 1865 ad
1711 1810 2010 1866 Hludowi-

350 1884 489 1925 cum
521 1870 636 1948 (99}
654 1871 1081 1948 imperatorem
1113 1877 1408 1935 civitatem
1441 1880 1659 1948 Remis,
1710 1886 1767 1937 et
1820 1898 2014 1937 rever-

350 1957 453 2034 sus
483 1942 661 2022 estin
682 1942 856 2034 pace.
890 1946 1083 2028 Bicgo.
1124 1948 1491 2034 demamicis‘
1512 1942 1689 2034 regis,
1735 1952 1841 2027 qui
1865 1958 1921 2009 et
1948 1952 2014 2008 ﬁ-

345 2010 491 2093 liam
512 2010 890 2093 imperatoris
920 2010 1165 2074 no'mine
1187 2019 1435 2093 Elpheid
1455 2010 1625 2079 duxth
1645 2010 1915 2092 uxorem,
1940 2040 2013 2081 eo

347 2084 618 2155 tempore
640 2084 959 2143 defunctus
989 2094 1101 2145 est.

418 2173 752 2231 816.7Anno
781 2177 833 2241 4,
867 2183 1233 2233 conventum
1273 2195 1453 2235 suum
1525 2182 1737 2238 habuit
1789 2183 2013 2240 Hludo-

346 2259 531 2315 wicus
556 2262 882 2334 imperator
912 2281 1051 2322 cum
1084 2268 1339 2332 Francis,
1371 2270 1431 2325 in
1454 2271 1820 2342 Aquisgrani
1849 2272 2013 2345 pala-

348 2347 419 2402 cii
446 2364 656 2405 mense
682 2352 877 2418 Junio,
911 2358 968 2408 et
981 2354 1212 2425 jejunio
1241 2356 1465 2414 indicto
1494 2359 1806 2415 ordinatus
1838 2365 1927 2416 est
1951 2360 2016 2415 ﬁ-

344 2434 461 2490 lius
493 2437 834 2494 Hlotharius
866 2457 925 2495 in
956 2442 1406 2515 imperatorem,
1436 2452 1500 2501 ut
1548 2464 1797 2504 consors
1843 2449 2012 2518 regni

344 2522 675 2581 ﬁeretcum
706 2532 895 2598 patre.
926 2532 1007 2584 Eo
1068 2547 1230 2586 anno
1250 2534 1588 2605 Stephanus
1614 2551 1777 2608 papa
1805 2536 2012 2593 deces-

346 2612 420 2667 sit
458 2613 554 2668 cui
585 2616 873 2671 successit
899 2619 1203 2676 Paschalis
1226 2621 1287 2676 in
1318 2624 1688 2694 pontiﬁcatu.

418 2706 542 2757 817.
577 2706 915 2761 Bernardus
948 2724 1212 2781 quoque,
1253 2727 1357 2766 rex
1406 2712 1586 2782 Italic,
1644 2715 2011 2772 sedicionem

347 2788 570 2847 levavit
589 2797 798 2850 contra
822 2794 1299 2868 imperatorem;
1353 2804 1409 2857 et
1466 2801 1847 2860 Hludowicus
1900 2808 2013 2861 Au-

348 2883 561 2948 gustus
592 2882 819 2939 Italiam
851 2901 990 2940 cum
1020 2888 1282 2944 exercitu
1318 2891 1596 2962 perrexit.

417 2971 541 3024 818.
576 2973 748 3027 Anno
779 2976 810 3027 6
837 2973 1169 3030 Hludowici
1198 2976 1599 3049 imperatoris,
1638 2980 1754 3037 hoc
1783 2986 1873 3038 est
1901 2998 2010 3039 an-

348 3071 427 3111 no
458 3057 780 3113 Dominicae
814 3062 1244 3119 Incarnationis
1273 3068 1377 3121 818
1406 3066 1466 3122 in
1503 3067 1825 3126 Brittannia
1862 3073 2010 3127 Mor-

346 3159 647 3199 mannum
672 3161 878 3216 regem
904 3148 1063 3203 vicit.

416 3450 540 3503 819.
570 3452 901 3522 Imperator
928 3468 1091 3510 anno
1122 3461 1152 3511 7
1175 3455 1343 3525 regni
1397 3456 1489 3511 sui
1540 3456 1763 3527 Iudith,
1821 3458 2007 3517 ﬁliam

343 3535 593 3609 Welphi,
628 3537 879 3597 duxitin
936 3559 1235 3613 uxorem;
1291 3550 1347 3601 et
1397 3545 1645 3602 basilica
1699 3549 2007 3605 Fuldensis

343 3627 603 3683 caanobii
631 3629 906 3687 dedicata
940 3638 1047 3690 est.
1070 3635 1338 3691 Posthec
1369 3636 1547 3692 annis
1592 3642 1874 3710 quattuor
1918 3655 2006 3695 re-

339 3716 586 3787 quievit,
620 3722 678 3775 et
700 3719 848 3776 nihil
878 3721 1141 3778 historias
1172 3724 1396 3781 factum
1420 3730 1527 3781 est.

413 3808 537 3863 820.

410 4089 537 4141 821.

410 4176 537 4230 822.

409 4265 535 4322 823.

409 4549 531 4602 824.
564 4552 739 4603 Anno
806 4566 949 4606 vero
995 4555 1057 4607 12
1083 4554 1255 4624 regni
1285 4554 1691 4629 imperatoris,
1750 4560 1867 4616 hoc
1912 4565 2001 4618 est

336 4649 499 4691 anno
530 4640 633 4692 824
660 4638 980 4696 υοωὶηίοω
1013 4643 1464 4711 Incarnationis,
1510 4648 1777 4705 secunda
1831 4665 2000 4723 expe-

336 4722 491 4780 dicio
516 4725 673 4782 facta
702 4730 792 4783 est
821 4733 1029 4785 contra
1053 4731 1458 4790 Wiomarcum
1488 4751 1714 4805 regem,
1766 4741 1824 4794 et
1855 4722 1999 4795 Brit-

336 4815 606 4871 tanniam
635 4821 849 4874 vastat.

410 5310 539 5381 825.
558 5309 928 5367 Wiomarcus
959 5328 1122 5369 anno
1160 5319 1221 5370 13
1260 5314 1641 5381 imperatoris
1696 5321 1759 5377 in
1812 5323 1998 5381 domo

338 5377 584 5499 Eropria
614 5381 845 5437 occisus
866 5388 954 5438 est
999 5384 1077 5439 ab
1121 5377 1474 5443 hominibus
1528 5377 1849 5450 Landberti
1865 5377 2000 5463 Tel

392 5446 660 5499 eistolfus
690 5452 1177 5499 arnhienignnnng
1206 5457 1349 5499 nhiif

392 5447 660 5504 eistolfus
690 5452 1177 5528 archiepiscopus
1206 5457 1368 5513 obiit.

412 5572 527 5783 298;
550 5575 737 5629 Poeta
753 5577 952 5655 .Saxo.

436 5647 502 5698 99
558 5644 909 5703 Hluchicum
937 5666 952 5705 ε

441 5714 561 5783 100)
589 5717 672 5771 Ex
699 5716 867 5773 Einh.
900 5722 952 5774 A1

436 5644 531 5719 99)
546 5644 909 5719 _H_luch_icum
937 5653 1325 5719 superaddita
1350 5655 1431 5713 do
1456 5674 1507 5716 ο.

441 5714 561 5785 100)
589 5717 672 5771 Ex
699 5716 867 5773 Einh.
900 5714 1077 5788 Ani,
1106 5737 1160 5779 ει.
1186 5726 1309 5782 825.

1271 265 1527 320 ANNAL.
1561 264 2003 323 HILDESHEIM.
2034 266 2434 341 QUEDLINB.,
2464 267 2857 326 WEISSEMB.

1702 392 1864 445 ANN.
1903 392 2429 449 WEISSEMBURG.

1605 675 1728 729 814.
1772 673 2028 730 Karolus
2058 674 2386 748 imperator
2413 678 2558 736 obiit
2582 697 2595 747 ;

1533 761 1629 817 cui
1662 762 2012 819 Ludowicus
2041 765 2345 822 successit.

3671 272 3788 325 4-80

2883 394 3225 450 LAMBEBTI
3264 395 3606 453 ANNALES.

2778 682 2883 736 814
2916 680 3172 736 Karolus
3210 695 3471 749 magnus
3517 680 3785 754 impera-

2707 774 2800 825 tor
2824 769 2973 825 obiit
3002 788 3014 837 ;
3047 768 3143 825 cui
3166 769 3523 825 Ludowicus
3547 786 3786 825 succes-

2708 858 2797 926 sit,
2830 858 2933 931 qui
2959 857 3378 931 episcopatum
3428 858 3489 913 in
3516 858 3787 915 IIiltines-

2706 946 2869 1004 heim
2899 947 3249 1003 construxit.

2392 1232 2715 1286 ANNALES
2764 1232 3501 1296 QUEDLINBURGENSES.

2193 1320 2317 1373 815.
2344 1318 2600 1374 Consilio
2633 1319 3057 1392 episcoporum
3100 1319 3444 1376 Ludewicus
3494 1321 3788 1393 prtecepit

2120 1409 2186 1461 ut
2214 1422 2427 1464 omnes
2458 1409 2742 1465 monachi
2774 1425 3019 1464 cursum
3047 1409 3236 1465 sancti
3280 1409 3576 1465 Benedicti
3632 1425 3784 1465 can-

2122 1500 2333 1553 tarent.

2192 2193 2316 2247 816.
2354 2190 2685 2247 Ludovicus
2716 2190 3043 2264 imperator
3073 2191 3435 2263 Aquisgrani
3488 2206 3784 2262 magnam

2120 2278 2330 2335 habuit
2368 2280 2690 2351 synodum,
2722 2279 2925 2352 ibique
2956 2279 3255 2335 constituit
3284 2279 3557 2351 regulam
3602 2297 3785 2337 cano-

2121 2383 2414 2422 nieorum.

2193 2723 2315 2776 817.
2347 2724 2490 2794 Conj
2502 2724 2690 2781 uratio
2721 2726 3072 2795 Bernhardi,
3104 2722 3370 2784 fratuelis
3405 2728 3519 2795 sui,
3571 2732 3783 2784 contra

2118 2824 2323 2879 regem
2352 2811 2742 2870 Ludovicum.

2192 3007 2314 3081 818.
2350 3005 2703 3081 Ludgowicus
2730 3008 3060 3081 imperator
3088 3008 3506 3066 Bernhardum
3550 3025 3779 3081 regem,

2119 3074 2315 3129 fratris
2344 3075 2437 3151 sui
2462 3074 3257 3151 Pippini_tilium,_exctecari
3282 3081 3460 3151 jussit
3493 3100 3507 3147 ;
3562 3074 3781 3139 deinde

2119 3146 2855 3219 compunctus,publicam
2868 3149 2986 3218 egit
2986 3146 3782 3277 (panitent'iaermingard

2119 3231 2363 3277 quoque
2394 3232 2547 3272 uxor
2582 3233 2692 3273 sua
2725 3224 2755 3273 5
2784 3222 2932 3276 Non.
3035 3219 3225 3277 ctobr.
3276 3221 3441 3277 obut.
3500 3224 3782 3277 Ecclmsm

2118 3231 2365 3297 quoque
2391 3232 2549 3297 uxor
2582 3224 2755 3297 spati
2784 3222 2932 3297 Non.
2956 3219 3234 3297 __Oct_obr._
3276 3219 3782 3297 obiit.__Ecclipsis

2119 3284 2320 3412 solis—8
2347 3285 2432 3342 Id.
2461 3286 2572 3343 Jul.
2606 3288 2763 3344 facta
2792 3294 2897 3346 est.
2956 3291 3269 3348 Vuldensis
3315 3292 3564 3350 basilica
3619 3284 3783 3352 d‘edi-

2119 3371 2190 3412 ca
2217 3372 2306 3412 ur.

2117 3371 2306 3412 catur.

2189 3466 2313 3521 819.
2344 3468 2674 3538 Imperator
2698 3468 3034 3525 Ludovicus
3061 3470 3282 3539 Iudith,
3314 3471 3501 3529 ﬁliam
3527 3472 3777 3546 Welphi,

2115 3551 2287 3610 duxit
2308 3553 2372 3609 in
2404 3569 2673 3610 uxorem.

2185 3858 2310 3911 820.
2347 3858 2463 3911 Isto
2490 3871 2652 3913 anno
2673 3858 2826 3914 aeris
2880 3858 3261 3933 intemperies
3314 3860 3661 3918 hominibus
3720 3863 3800 3946 εἰ*

2108 3943 2400 4014 jumentis
2430 3950 2663 4018 pestem
2692 3946 2929 4016 infudit,
2963 3964 3299 4022 omnesque
3344 3965 3498 4022 pene
3546 3949 3773 4006 fructus

2114 4034 2509 4107 consumpsit.

2183 4124 2309 4178 821.

2183 4213 2310 4268 822.

2182 4302 2309 4356 823.
2342 4299 2679 4357 Ludovicus
2706 4302 3035 4377 imperator
3072 4305 3316 4362 fratrem
3344 4320 3524 4362 suum
3554 4308 3774 4378 Drugo—

2110 4403 2251 4444 nem
2281 4390 2553 4446 Metensis
2584 4391 2848 4448 ecclesiaa
2874 4393 3228 4467 episcopum
3283 4395 3620 4469 supposuit.
3681 4399 3772 4451 In-

2110 4476 2349 4534 choatio
2376 4478 2605 4535 Corbis:
2636 4496 2811 4537 novae
2832 4484 3199 4540 monasterii.

2182 4587 2306 4640 824.
2332 4588 2393 4641 In
2427 4586 2720 4643 territorio
2743 4587 3017 4645 Tullense
3045 4588 3249 4663 puella
3273 4591 3558 4663 quedam
3588 4607 3770 4648 anno-

2106 4689 2244 4729 rum
2279 4680 2342 4730 12
2371 4681 2507 4747 post
2534 4678 2885 4735 eucharistia
2973 4723 2985 4746 ,
3028 4696 3216 4753 quam
3242 4680 3305 4737 in
3358 4681 3579 4754 pascha
3639 4697 3770 4753 per-

2109 4769 2366 4836 ceperat,
2386 4765 2581 4837 primo
2597 4782 2754 4839 pane
2768 4767 2804 4822 d
2847 4818 2853 4822 .
2873 4773 3008 4839 nde,
3030 4768 3197 4825 omni
3217 4769 3353 4825 cibo
3367 4773 3635 4842 potuque
3649 4770 3767 4843 ple-

2107 4866 2189 4907 no
2214 4851 2467 4908 triennio
2498 4854 2637 4925 (100‘
2669 4855 2999 4923 abstinuit;
3034 4857 3169 4913 etin
3202 4857 3462 4913 Saxonia
3516 4857 3579 4912 in
3611 4873 3767 4929 pago

2107 4938 2337 4996 Virsedi
2360 4945 2429 4996 26
2456 4941 2626 4998 villas
2659 4958 2721 4999 iu
2747 4958 2859 5013 gur
2911 4944 3305 5017 consumpsit.
3367 4948 3431 5000 In
3476 4944 3765 5003 territorio

2107 5028 2654 5097 Augustodunense
2684 5031 2896 5100 ingens
2924 5031 3331 5102 fragmentum
3365 5048 3439 5088 ex
3473 5032 3661 5103 glacie
3693 5036 3766 5090 si-

2110 5116 2239 5173 mul
2256 5134 2395 5173 cum
2420 5120 2712 5189 grandine
2742 5120 2982 5188 decidit,
3007 5121 3181 5191 cujus
3212 5121 3525 5192 longitudo
3573 5128 3655 5190 15,
3688 5124 3766 5181 1a-

2110 5206 2304 5263 titudo
2334 5215 2389 5278 7,
2416 5209 2751 5266 crassitudo
2782 5210 2936 5267 duos
2964 5210 3149 5283 pedes
3169 5210 3453 5267 habuisse
3474 5211 3707 5269 dicitur.

2182 5351 2283 5403 825
2310 5348 2630 5407 Haistolfus
2656 5349 3146 5424 archiepiscopus
3165 5350 3331 5419 obiit,
3360 5352 3455 5407 cui
3478 5352 3765 5423 Othgerus

2110 5436 2418 5495 successit.
