3958 6424
164 280 267 335 481
1103 279 1187 332 ET
1217 278 1564 334 LAMBERLI
1594 277 2172 335 ASCHAFNABURG.
2208 279 2402 337 PARS.
2429 280 2656 336 PRIOR.
3492 289 3597 344 482

435 1360 756 1415 ANNALES
788 1355 1544 1413 WEISSEMBURGENSES.
2395 1363 2735 1417 LAMBERTI
2784 1366 3124 1421 ANNALES.

229 1473 355 1523 815.
406 1471 714 1523 Decretum
745 1470 850 1532 est,
883 1471 946 1520 ut
993 1481 1204 1520 omnes
1249 1461 1529 1519 monachi
1573 1472 1819 1515 cursum
1999 1465 2120 1516 815.
2158 1465 2478 1535 Baugolfus
2510 1467 2702 1523 abbas
2738 1469 3045 1525 Fuldensis
3076 1471 3238 1527 obiit.
3275 1475 3340 1527 Et
3369 1488 3589 1544 prace-

157 1557 350 1612 sancti
381 1556 673 1613 Benedicti
708 1558 1034 1612 cantarent.
1929 1555 2100 1623 ptum
2152 1559 2240 1609 est
2289 1559 2353 1610 ut
2395 1572 2606 1612 omnes
2654 1559 2936 1614 monachi
2985 1564 3293 1616 cantarent
3341 1577 3587 1617 cursum

1931 1643 2119 1698 sancti
2147 1645 2462 1702 Benedicti.

224 2238 350 2290 816.
1998 2217 2120 2268 816.

221 2770 346 2821 8η..
1992 2751 2112 2803 817.
2151 2748 2501 2804 Ludowicus
2522 2749 2848 2822 imperator
2867 2752 3228 2824 Aquisgrani
3252 2753 3466 2810 habuit
3486 2771 3584 2826 sy-

1919 2837 2171 2906 nodum,
2202 2836 2403 2910 ibique
2433 2838 2731 2894 ordinavit
2758 2838 2944 2896 vitam
2971 2841 3434 2897 monachorum.

215 3108 338 3160 313,
371 3103 723 3159 Ludowicus
748 3101 1072 3175 imperator
1099 3101 1160 3156 in
1189 3101 1489 3157 Britannia
1519 3104 1810 3157 Morman-
1989 3091 2110 3142 818.
2149 3088 2500 3144 Ludowicus
2525 3089 2850 3162 imperator
2877 3090 2937 3146 in
2969 3090 3268 3148 Britannia
3293 3096 3582 3149 Norman-

141 3209 294 3248 num
323 3208 530 3263 regem
560 3191 716 3248 vicit,
1917 3190 2065 3231 num
2093 3191 2297 3245 regem
2326 3177 2479 3233 vicit.

212 3518 338 3569 319,
397 3513 749 3569 Ludowicus
815 3529 1001 3568 caesar
1061 3511 1241 3582 Judjt,
1297 3512 1482 3568 ﬁliam
1556 3509 1804 3583 welphi,
1987 3498 2110 3550 819.
2146 3495 2498 3552 Ludowicus
2540 3497 2760 3563 Iudith,
2803 3497 2987 3553 ﬁliam
3021 3498 3204 3569 Welﬁ,
3236 3498 3299 3555 in
3326 3515 3576 3556 uxorem

139 3619 395 3660 uxorem
425 3603 672 3675 accepit
1916 3584 2144 3656 accepit
2168 3603 2180 3650 ;
2211 3589 2266 3640 et
2295 3585 2354 3640 in
2387 3585 2574 3642 Fulda
2603 3585 2880 3642 dedicata
2905 3591 2993 3642 est
3021 3587 3290 3644 ecclesia.

211 3910 339 3963 820.
1986 3893 2111 3945 820.

211 4229 336 4282 821.

1983 4214 2106 4266 821.
2137 4211 2308 4281 (101).

211 4318 337 4370 822.
1983 4303 2106 4355 822.
2137 4299 2442 4354 lnchoatio
2463 4297 2809 4355 monasterii
2839 4314 3011 4354 nove
3039 4296 3321 4354 Corbeice.

210 4407 336 4458 823.
1984 4393 2107 4444 823.

208 4725 333 4778 824.
371 4721 722 4777 Ludowicus
775 4724 1081 4790 Augustus
1148 4724 1352 4776 contra
1399 4720 1800 4776 Wiomarcum
1982 4711 2104 4763 824-
2135 4705 2488 4761 LUdOWiCUS
2518 4707 2724 4759 contra
2763 4703 3203 4759 Wivomal‘cum
3230 4717 3433 4772 regem
3464 4719 3575 4775 P11-

137 4826 342 4881 regem
367 4808 677 4882 pugnavit,
706 4813 762 4865 et
794 4807 1140 4865 Brittaniam
1166 4806 1439 4864 vastavit.
1910 4796 2137 4867 gnavit,
2170 4799 2225 4852 et
2252 4793 2614 4850 Britanniam
2638 4791 2907 4848 vastavit.

203 5345 328 5397 825.
360 5341 728 5398 Wiomarcus
770 5341 1156 5398 occidebatur
1198 5341 1258 5397 in
1303 5341 1486 5398 domo
1528 5340 1791 5415 propria.
1973 5334 2095 5386 825.
2129 5329 2554 5383 Wivomarcus
2585 5324 2947 5415 occisusest
2977 5322 3037 5415 in
3067 5321 3250 5377 domo
3280 5319 3563 5415 nrgpria;

1902 5425 1958 5477 et
2003 5417 2322 5475 Haistolfus
2349 5415 2680 5485 .Moguntiae
2729 5412 3215 5485 archiepiscopus
3270 5411 3436 5479 obiit,
3466 5409 3567 5467 cui

1903 5509 2175 5580 Otgarius
2207 5508 2355 5577 (102)
2395 5503 2694 5560 successit.

202 5714 354 5783 (101)
393 5714 704 5784 Ratgarius
734 5713 928 5770 abbas
958 5713 1261 5771 Fuldensis
1291 5714 1456 5770 obiit.
1486 5713 1611 5784 Egi]
1641 5712 1931 5769 successit
1960 5710 2134 5766 annis
2158 5706 2425 5780 quinque
2542 5703 2668 5760 alia
2695 5716 2901 5758 manu.

207 5787 364 5853 (102)
392 5784 676 5842 Rabanus
705 5785 772 5841 ﬁt
800 5785 994 5842 abbas
1027 5792 1080 5840 5.
1111 5787 1237 5842 alia
1262 5800 1465 5841 manu.
