3874 6386
400 280 505 344 H3

729 406 1049 464 ANNALES
1076 396 1717 458 HILDESHEIMENSES

474 520 598 575 826.
646 520 816 571 Anno
866 516 930 568 14
973 507 1301 567 Hluldovici
1339 504 1645 562 Hiltwinus
1672 498 1864 557 abbas
1904 511 2051 553 ossa

404 605 593 663 sancti
620 600 953 661 Sebastiani
979 600 1041 655 in
1066 597 1314 655 Galliam
1344 592 1655 652 transtulit.

475 700 597 752 827.
646 690 1019 765 Imperatoris
1066 702 1228 745 anno
1258 692 1341 754 I5,
1372 690 1428 741 et
1476 676 1899 739 lncarnationis
1944 676 2052 730 Do—

1341 266 1598 333 mu.
1626 259 2064 329 mensum.
2094 254 2447 329 summa
2473 262 2863 333 WEISSEIIB.
3710 270 3786 331 484

2438 401 2757 457 ANNALES
2787 399 3532 465 QUEDLINBURGENSES.

2226 504 2348 559 826.

2227 666 2351 718 827.
2385 664 2780 733 Hildegrimus
2831 664 3148 737 episcopus
3201 668 3351 732 (I06)
3390 664 3602 720 senior
3657 664 3785 719 obiit.

402 784 638 841 minicaa
688 752 812 851 827,
863 776 1171 837 Sarraceni
1214 752 1364 831 ﬁnes
1424 766 1956 829 Barcinonensium
1996 767 2054 819 et
2159 752 2264 808 Clli
2292 753 2689 823 Thiatgrimus
2721 754 3027 810 successit.

405 870 878 931 Gerundensium
902 870 1154 925 vastant.

476 966 601 1019 828.

477 1073 602 1126 829.

479 1410 604 1463 830.

480 1605 603 1658 831.
635 1594 1061 1655 Incarnationis
1096 1590 1429 1656 Dominicis,
1462 1591 1520 1644 et
1550 1591 1613 1643 I9
1658 1585 1826 1656 regni
1868 1583 2058 1640 Ludo-

408 1690 564 1757 wici,
616 1689 745 1743 Bun
794 1685 953 1742 abba
999 1678 1409 1745 Herfeldensis,
1459 1680 1517 1733 et
1570 1674 1853 1731 Rabanus
1899 1666 2060 1730 abba

413 1778 740 1845 Fuldensis,
772 1774 1229 1832 fundamentum
1257 1768 1520 1826 ecclesias
1552 1765 1740 1823 sancti
1769 1764 2061 1834 Wigberti

412 1870 613 1928 fodere
638 1869 922 1939 ceperunt
944 1863 1005 1919 in
1031 1868 1062 1918 6
1094 1861 1176 1917 Id.
1203 1859 1315 1916 Jul.
1347 1859 1409 1914 in
1428 1862 1461 1913 2
1488 1856 1653 1913 feria.

483 1961 605 2015 832.
649 1938 1001 2012 Ludowicus
1044 1949 1201 2005 ﬁlius
1257 1944 1628 2019 imperatoris
1685 1958 1845 1999 anno
1897 1938 2061 2009 regni

412 2048 542 2119 ejus
580 2049 651 2101 2O
693 2039 1165 2114 conjurationem
1191 2036 1326 2092 fecit
1371 2038 1578 2091 contra
1608 2036 1839 2105 patrem
1887 2045 2065 2086 suum

414 2133 579 2209 apud
603 2126 1205 2201 Longobardonheim
1232 2127 1402 2193 (103).

486 2227 611 2279 833.
642 2223 909 2289 Regnum
941 2219 1303 2273 Francorum
1333 2212 1412 2268 ad
1443 2209 1783 2267 Lotharium
1812 2207 2067 2271 impera-

418 2318 607 2371 torem
635 2324 991 2367 conversum
1019 2310 1128 2362 est.

489 2403 610 2457 834.
666 2402 837 2454 Ληηο
910 2400 979 2450 22
1043 2392 1212 2462 regni
1264 2390 1584 2459 Ludowici,
1660 2387 1944 2461 Pippinus
2013 2389 2070 2440 et

418 2486 769 2547 Ludowicus
797 2485 974 2541 frater
992 2484 1121 2556 ejus
1149 2480 1527 2537 restituerunt
1545 2482 1774 2552 patrem
1797 2491 1976 2532 suum
2006 2474 2066 2529 in

415 2590 668 2646 regnum
697 2574 845 2644 ejus.

486 2668 609 2720 835.

487 2750 611 2811 836.

489 2951 612 3003 837.

490 3037 613 3091 838.
662 3031 829 3102 regni
859 3047 997 3087 vero
1026 3028 1327 3085 ludowici
1360 3033 1445 3094 I6,
1475 3027 1690 3083 iterum
1735 3026 2067 3097 conjuratio

421 3116 585 3195 apud
614 3116 1038 3176 Franconofort
1084 3115 1381 3173 Ludowici
1407 3114 1661 3187 junioris
1689 3132 1705 3183 ;
1735 3118 1792 3170 et
1820 3127 2067 3168 conver-

423 3226 558 3266 sum
582 3213 673 3266 est
699 3223 952 3278 regnum
980 3206 1060 3263 ad
1084 3210 1315 3279 patrem
1342 3205 1491 3276 ejus.

494 3302 617 3355 839.
648 3296 1021 3370 imperatoris
1064 3310 1224 3351 anno
1271 3298 1361 3363 27,
1396 3297 1608 3350 ventus
1644 3293 1855 3363 ingens
1894 3291 2068 3346 innu-

425 3402 594 3443 mera
636 3383 889 3441 aediﬁcia
926 3382 1233 3452 subvertit,
1264 3386 1322 3437 et
1348 3381 1536 3437 multa
1563 3380 1835 3453 dampna
1861 3380 2071 3437 effecta

424 3474 649 3531 suntin
675 3477 709 3529 6
737 3473 883 3529 Non.
907 3469 1278 3527 Novembris.

492 3567 615 3619 840.
666 3561 1018 3617 Ludovicus
1073 3560 1395 3632 imperatur
1460 3556 1830 3631 insequendo
1880 3558 2068 3615 ﬁlium

421 3653 581 3710 venit
632 3651 710 3708 ad
773 3649 1170 3707 Herolfesfeldi
1240 3648 1668 3705 monasterium
1725 3649 1786 3705 in
1840 3654 1871 3705 6
1930 3648 2069 3703 Idus

422 3741 662 3816 Aprilis,
707 3739 1025 3812 statimque
1077 3738 1290 3794 eodem
1338 3754 1498 3793 anno
1536 3739 1596 3794 in
1657 3742 1720 3794 12
1765 3738 1889 3796 Kal.
1938 3737 2071 3794 Julii

421 3830 586 3899 obiit,
642 3828 809 3899 regni
851 3828 1120 3883 videlicet
1164 3828 1350 3900 ipsius
1405 3831 1494 3885 28.
1562 3828 1666 3886 Cui
1717 3828 2070 3885 Ludowieus

422 3918 580 3974 ﬁlius
610 3917 742 3987 ejus
766 3915 1063 3971 successit.

495 4010 619 4062 841.
652 4004 818 4074 regni
843 4020 985 4061 vero
1030 4004 1327 4061 Ludowici
1351 4004 1603 4075 junioris
1630 4010 1685 4074 2,
1717 4004 2073 4061 Adalbertus

424 4109 627 4151 comes
650 4092 881 4149 occisus
908 4097 994 4149 est
1021 4112 1033 4149 :
1068 4097 1126 4149 et
1160 4093 1363 4149 infelix
1402 4093 1627 4149 bellum
1659 4091 1912 4149 Lotharii
1939 4106 2079 4147 con-

422 4186 513 4239 tra
539 4182 747 4238 fratres
777 4198 918 4237 suos
940 4181 1324 4238 Ludowicum
1353 4187 1411 4238 et
1462 4180 1766 4237 Karolum.

493 4275 618 4329 842.
652 4269 951 4338 Bsbsnus,
1006 4271 1167 4327 abba
1197 4268 1503 4327 Fuldsnsis
1539 4268 1817 4339 omnemi,
1866 4268 2073 4340 expul-

423 4377 525 4416 sus
562 4359 637 4415 de
667 4358 1049 4427 monasterio,
1081 4363 1139 4415 et
1190 4358 1497 4415 Lotharius
1537 4357 1612 4414 de
1663 4370 1869 4427 regno,
1914 4366 2075 4413 anno

423 4448 722 4505 Ludowici
759 4450 976 4521 (104)...

494 4541 616 4593 843.
650 4540 767 4594 Hoc
798 4553 957 4593 anno
998 4536 1153 4594 facta
1181 4541 1269 4593 est
1296 4551 1414 4609 pax
1444 4536 1595 4591 inter
1625 4532 1988 4602 Lotharium,
2021 4538 2076 4590 et

424 4626 810 4682 Ludowicum
840 4631 897 4683 et
922 4625 1227 4696 Karolum,
1257 4625 1466 4681 fratres
1496 4640 1657 4678 suos.

494 4716 618 4771 844.
667 4710 973 4771 Lotharius
1027 4730 1131 4770 rex
1186 4730 1326 4771 cum
1392 4702 1781 4769 orientalibus
1840 4711 2076 4767 Francis

422 4801 585 4858 venit
622 4802 684 4859 in
733 4802 1046 4869 Sclaviam,
1089 4800 1146 4859 et
1183 4817 1394 4858 eorum
1441 4815 1645 4869 regem
1687 4794 2075 4855 Gesﬁlnulum

424 4890 637 4947 occidit
660 4896 1008 4964 ceterosque
1038 4888 1151 4944 sibi
1181 4886 1433 4957 subegit.

493 4984 615 5036 845.
665 4983 785 5037 Hoc
828 4995 990 5036 anno
1046 4976 1329 5033 monachi
1367 4976 1443 5031 de
1492 4973 1905 5031 Herolfesfelde
1934 4994 2074 5033 cum

425 5070 659 5140 Otgario
698 5070 983 5142 episcopo
1007 5064 1368 5122 reconciliati
1393 5068 1549 5131 sunt,
1588 5068 1644 5119 et
1674 5064 1885 5121 eodem
1913 5083 2073 5123 anno

422 5158 776 5215 LudOwicus
809 5157 957 5226 (105)
981 5154 1307 5226 imperator
1353 5152 1431 5209 ad
1459 5152 1620 5209 idem
1645 5156 2073 5214 monasterium

420 5244 583 5302 venit
604 5246 667 5303 in
695 5250 730 5301 2
757 5243 891 5300 Kal.
932 5240 1309 5310 Novembris,
1338 5245 1395 5297 et
1441 5239 1748 5314 privilegia
1774 5245 1833 5299 et
1879 5241 2074 5299 muni-

422 5330 573 5393 tates
598 5328 914 5393 monachis
941 5322 1191 5389 donavit
1208 5330 1266 5388 et
1288 5322 1479 5404 sigillo
1496 5324 1769 5390 munivit.

398 5604 406 5611 .
496 5567 1122 5640 (I03)Lampertheim.
1153 5570 1249 5627 SS.
1281 5572 1342 5626 T.
1375 5573 1416 5625 I.
1446 5572 1571 5628 425.

523 5572 647 5640 I03)
666 5572 1122 5639 Lampertheim.
1153 5572 1249 5627 ss.

492 5572 647 5777 is;
670 5640 1257 5777 amaras;

519 5643 647 5781 iiii
670 5643 1453 5780 ῗὲᾶιοῖαωῖλωιθῗιθᾶέὶνίοιιε.
1501 5706 1618 5769 Hic
1669 5706 1832 5774 locus
1867 5710 1957 5775 ita
1983 5717 2068 5774 vi-

2229 913 2351 965 828.

2228 1004 2351 1057 829.
2386 1000 2650 1058 Pretiosa
2689 1019 2940 1075 corpora
2991 1003 3175 1058 sancti
3205 1002 3467 1058 Valentis
3514 1007 3573 1059 et
3604 1004 3790 1060 Senesii

2158 1088 2219 1143 in
2249 1094 2516 1159 Augeam
2544 1090 2802 1148 insulam
2836 1097 3125 1149 venerunt
3154 1098 3184 1148 5
3218 1092 3299 1147 Id.
3335 1091 3580 1165 Aprilis.

2437 1231 2827 1318 PARS
2934 1232 3550 1319 ALTERA

2232 1395 2356 1448 830.
2385 1393 2716 1450 Ludovicus
2746 1394 3069 1467 imperator
3095 1395 3407 1467 depositus
3436 1400 3536 1451 est
3577 1394 3650 1450 de
3677 1394 3796 1449 solio

2163 1495 2200 1534 a
2228 1479 2363 1536 ﬁliis
2394 1482 2535 1550 suis,
2566 1482 2861 1551 Lothario,
2896 1482 3218 1554 Ludovico,
3252 1483 3488 1540 Carolo.

2235 1574 2357 1626 831.

2242 1931 2363 1982 832.
2392 1927 2732 1996 Coujuratio
2774 1925 3052 1982 Ludovici
3078 1930 3283 1982 contra
3336 1931 3569 1999 patrem
3621 1942 3801 1981 suum.

2244 2216 2366 2267 833.
2398 2214 2666 2277 Regnum
2721 2213 3079 2266 Francorum
3121 2210 3196 2266 ad
3248 2210 3598 2267 Lotharium
3646 2209 3804 2282 impe-

2172 2304 2431 2355 ratorem
2453 2315 2807 2354 conversum
2840 2305 2943 2354 est.

2246 2388 2367 2443 834.
2405 2387 2685 2459 Pippinus
2731 2392 2786 2442 et
2819 2386 3168 2456 Ludovicus,
3222 2386 3404 2442 frater
3453 2388 3607 2458 ejus,
3638 2386 3696 2441 in
3739 2401 3807 2439 re-

2174 2493 2361 2548 gnum
2383 2478 2511 2548 ejus
2542 2478 2917 2533 restituerunt
2946 2483 3178 2549 patrem
3205 2493 3405 2532 suum.

2244 2658 2368 2711 835.

2244 2750 2367 2801 836.

2244 2946 2345 2997 837
2356 2986 2367 2997 .

2247 3036 2369 3087 838.
2404 3035 2545 3086 Item
2576 3030 2905 3101 conjuratio
2931 3028 3094 3102 apud
3117 3030 3510 3086 Frankenfort
3540 3028 3808 3089 Ludovici,

2176 3127 2233 3177 et
2259 3135 2617 3176 conversum
2646 3124 2734 3175 est
2762 3135 3014 3189 regnum
3045 3117 3124 3174 ad
3154 3124 3381 3191 patrem
3414 3120 3576 3191 ejus.

2249 3302 2370 3353 839.
2398 3300 2615 3352 Ventus
2644 3296 2854 3365 ingens
2897 3296 3214 3351 innumera
3246 3295 3544 3353 subvertit
3575 3293 3811 3355 aediﬁcia,

2178 3393 2235 3444 et
2259 3387 2446 3443 multa
2476 3388 2701 3442 damna
2729 3386 2937 3441 effecta
2970 3390 3111 3441 sunt
3137 3385 3198 3441 in
3228 3389 3259 3441 4
3288 3386 3669 3441 Novembris.

2249 3481 2374 3534 840.
2429 3476 2758 3533 Ludovicus
2809 3475 3135 3548 imperator
3202 3476 3597 3548 insequendo
3660 3473 3815 3529 ﬁlium

2178 3566 2338 3622 venit
2374 3564 2757 3621 Herolfesfeld
2806 3563 3234 3619 monasterium
3284 3564 3346 3618 in
3384 3567 3420 3618 θ
3475 3563 3567 3619 Id.
3620 3560 3813 3634 Aprilis.

2182 3654 2387 3710 Statim
2443 3654 2656 3710 eodem
2710 3671 2870 3710 anno
2894 3656 2954 3710 in
3014 3660 3075 3709 I2
3107 3653 3348 3711 Calend.
3380 3652 3494 3708 Jul.
3562 3645 3817 3719 obiit,cui

2180 3744 2513 3799 Ludovicus
2542 3743 2696 3798 ﬁlius
2739 3744 2867 3809 eius
2912 3743 3215 3798 successit.
3260 3741 3677 3810 Thiatgrimus
3706 3737 3818 3810 epis-

2179 3850 2367 3907 copus
2395 3834 2545 3905 (106)
2574 3833 2739 3900 obiit,
2768 3833 2862 3889 cui
2902 3832 3149 3889 Heinmo
3179 3831 3484 3888 successit.

2251 3980 2375 4032 841.
2402 3975 2750 4032 Adelbertus
2778 3991 2978 4030 comes
3007 3978 3094 4030 est
3122 3974 3391 4040 occisus;
3422 3976 3484 4028 et
3508 3972 3713 4029 infelix
3726 3967 3817 4024 bel-

2179 4065 2306 4121 lum
2334 4065 2585 4121 Lotharii
2611 4069 2815 4121 contra
2842 4062 3051 4120 fratres
3077 4079 3219 4118 suos
3248 4061 3634 4119 Ludovicum
3662 4066 3716 4118 et
3740 4060 3821 4112 Ca-

2182 4154 2378 4210 rolum
2408 4154 2631 4211 factum
2660 4159 2768 4210 est.

2254 4264 2375 4316 842.
2408 4260 2712 4327 Rabanus,
2748 4256 3051 4315 Fuldensis
3107 4255 3365 4312 cmnobii
3391 4254 3626 4328 abbas,
3652 4251 3819 4327 expul-

2185 4366 2288 4405 sus
2319 4352 2409 4405 est
2437 4348 2512 4404 de
2541 4345 2925 4418 monasterio,
2956 4349 3013 4401 et
3042 4343 3352 4401 Lotharius
3381 4343 3459 4399 de
3492 4361 3709 4417 regno.

2254 4525 2375 4577 843.
2408 4524 2527 4576 Hoc
2554 4535 2714 4576 anno
2748 4517 2904 4573 facta
2942 4518 3029 4571 est
3057 4531 3175 4587 pax
3201 4514 3352 4570 inter
3390 4516 3759 4579 Lotharium,
3782 4514 3821 4564 et

2184 4592 2549 4648 Ludovicum
2575 4596 2631 4646 et
2651 4589 2949 4658 Carolum,
2982 4587 3191 4642 fratres
3216 4602 3377 4641 suos.

2254 4685 2378 4737 844.
2431 4679 2738 4735 Lotharius
2805 4693 2907 4731 rex
2964 4690 3101 4730 cum
3159 4673 3567 4731 orientalibus
3616 4669 3819 4731 Francis

2181 4752 2343 4808 venit
2386 4751 2449 4807 in
2494 4749 2808 4813 Sclaviam,
2849 4752 2907 4803 et
2952 4762 3151 4816 regem
3193 4761 3403 4801 eorum
3429 4744 3819 4816 kGestimulugm

2182 4823 2413 4889 occidit,
2461 4810 2823 4892 cmterosque
2872 4810 2988 4873 sibi
3018 4810 3269 4887 subegit.
3323 4810 3647 4875 Dedicatio
3677 4812 3820 4872 eccle

2183 4894 2279 4950 sise
2314 4909 2488 4949 novae
2518 4890 2799 4949 Corbeiaa.

2253 4987 2375 5039 845.
2422 4985 2539 5037 Hoc
2592 4996 2752 5036 anno
2799 4976 3080 5033 monachi
3124 4976 3200 5031 de
3247 4974 3657 5033 Herolfesfeld
3716 4986 3822 5030 cum

2183 5072 2423 5129 Otkario
2452 5070 2733 5143 episcopo
2763 5066 3122 5123 reconciliati
3171 5069 3328 5120 sunt.
3362 5067 3485 5120 Hoc
3525 5067 3714 5123 etiam
3742 5077 3822 5117 an-

2180 5176 2261 5217 no
2300 5158 2629 5216 Ludovicus
2671 5172 2776 5212 rex
2808 5157 2887 5211 ad
2928 5154 3091 5209 idem
3136 5153 3594 5211 monasterium
3637 5150 3822 5211 venit?

2181 5248 2302 5308 Cal.
2349 5245 2718 5314 Novembris,
2748 5249 2807 5300 et
2834 5242 3147 5317 privilegia
3172 5246 3229 5298 et
3264 5242 3701 5303 immunitates
3729 5252 3823 5298 ino-

2178 5332 2385 5397 nachis
2412 5329 2679 5405 donavit,
2709 5330 2769 5391 et
2797 5348 2907 5389 suo
2938 5328 3130 5402 sigillo
3157 5324 3434 5388 munivit.

2178 5574 2361 5630 tiatus
2403 5568 2744 5627 Annalibus
2769 5563 3183 5623 Corbiensibus
3212 5564 3436 5619 saeculo
3475 5565 3620 5623 XII
3645 5566 3821 5623 illatus

2176 5650 2393 5786 “hoc”
2421 5704 2953 5771 Halberstadensis.
