3874 6382
419 237 521 290 487

761 357 1080 413 ANNALES
1118 351 1726 410 HIDESHEIMENSES.

491 467 614 521 846.
676 464 1049 532 Ludowicus,
1106 461 1261 517 ﬁlius
1330 458 1646 525 Ludowici,
1699 449 2069 510 Pannoniam

421 553 674 625 subegit,
701 557 758 610 et
786 553 1070 609 Behemos
1094 551 1344 606 domum
1371 547 1606 605 rediens
1628 541 1906 602 vastavit.

488 770 611 823 847.
673 767 847 834 Otger
898 761 1383 834 archiepiscopus
1435 759 1598 828 obiit,
1645 756 1740 814 cui
1786 756 2068 813 Rabanus

418 855 607 913 abbas
633 853 936 912 Fuldensis
967 851 1271 908 successit.

487 1055 610 1107 848.
643 1049 995 1107 Ludowicus
1026 1046 1189 1120 apud
1219 1043 1578 1114 Mogontiam
1615 1041 1820 1099 habito
1870 1041 2064 1097 conci-

414 1139 493 1196 lio
525 1139 795 1205 sinodali,
836 1137 1037 1210 ibique
1084 1134 1477 1192 Godescalcus
1528 1132 1820 1188 hereticus
1867 1131 2063 1186 convi-

414 1233 543 1284 ctus
571 1233 628 1284 et
653 1229 974 1284 damnatus
1003 1230 1110 1282 est.

521 1321 552 1371 4-
595 1359 607 1371 .

484 1321 605 1460 :53.
635 1405 754 1460 Hoc
785 1418 944 1459 anno
976 1407 1005 1456 5
1037 1401 1161 1458 Kal.
1193 1399 1536 1457 Novembris
1583 1397 1830 1454 ecclesia
1875 1397 2061 1452 sancti

411 1493 686 1565 Wigberti
724 1494 870 1565 (111)
900 1491 1171 1548 dedicata
1215 1495 1303 1546 est
1347 1507 1383 1546 a
1430 1489 1694 1557 Rabano,
1742 1487 2060 1558 Mogontia-

410 1584 605 1639 censis
635 1581 898 1638 ecclesiae
930 1579 1399 1652 archiepiscopo.

481 1677 602 1728 851.

479 1766 603 1819 852.

479 2033 603 2084 853.

480 2207 602 2260 854.

478 2299 600 2351 855.
634 2291 986 2349 Ludowicus
1026 2305 1127 2344 rex
1175 2305 1313 2344 cum
1353 2303 1576 2356 magno
1615 2286 1872 2342 exercitu
1919 2301 2052 2356 per-

404 2366 554 2421 rexit
582 2368 786 2420 contra
817 2361 1122 2417 Ratzidum
1151 2375 1352 2429 regem
1382 2358 1846 2429 Marahensium;
1878 2361 1932 2411 et
1953 2372 2051 2429 eo-

405 2437 544 2492 dem
577 2451 736 2491 anno
765 2432 1012 2489 ecclesia
1042 2426 1240 2486 sancti
1262 2430 1466 2485 Kiliani
1497 2429 1555 2484 in
1588 2428 1924 2497 Wirzeburg
1949 2426 2051 2482 ful-

404 2506 666 2563 minibus
719 2509 927 2561 exusta
971 2507 1074 2558 est.
1137 2500 1448 2556 Lutharius
1484 2516 1588 2556 rex
1634 2505 1943 2555 tonsuram
1996 2500 2052 2553 et

403 2576 826 2634 monachicum
855 2573 1130 2630 habitum
1157 2572 1420 2644 suscepit
1449 2570 1789 2626 moriturus.
1857 2601 1860 2604 ~

473 2671 595 2722 856.
629 2665 909 2722 Rabanus
939 2661 1421 2734 archiepiscopus
1453 2659 1635 2726 obiit;
1673 2658 1767 2714 cui
1798 2657 2048 2713 Karolus

403 2756 702 2811 successit.

471 2849 592 2900 857.
627 2843 876 2900 Karolus
895 2841 1059 2915 apud
1079 2839 1436 2912 Mogontiam
1452 2852 1741 2908 magnam
1766 2834 2048 2891 sinodum

400 2932 798 3002 congregavit.

473 3025 594 3076 858.
627 3019 977 3076 Ludowicus
1016 3017 1206 3073 ﬁlium
1255 3032 1432 3071 suum
1478 3012 1862 3070 Ludowicum
1908 3027 2046 3067 cum

398 3124 622 3178 magno
647 3107 904 3163 exercitu
933 3105 1095 3161 misit
1125 3105 1202 3161 ad
1231 3103 1548 3159 Abotritos.

469 3309 590 3360 859.
625 3301 996 3368 Ludowicus,
1031 3298 1298 3367 Karolus,
1331 3302 1388 3354 et
1430 3295 1743 3354 Lutharius
1791 3311 1924 3351 cum
1951 3294 2044 3365 ju-

395 3397 666 3449 ramento
696 3391 950 3448 invicem
979 3405 1191 3463 pacem
1218 3387 1625 3444 ﬁrmaverunt.

640 3659 785 3726 Udo,
831 3659 1064 3727 Ernust,
1119 3658 1392 3724 Bernger,
1439 3652 1682 3709 comites
1729 3654 1786 3707 et
1829 3648 2035 3705 Waldo

391 3748 550 3806 abba
582 3749 748 3820 (112),
779 3744 1108 3803 honoribus
1134 3742 1408 3817 depositi.

460 3927 582 3979 862.
612 3926 820 3980 Fames
845 3937 1068 3992 magna
1095 3925 1152 3978 et
1177 3919 1425 3976 morbus
1455 3919 1516 3974 in
1541 3915 1858 3974 Germania
1886 3918 1944 3970 et
1971 3913 2032 3970 in

388 4011 516 4067 aliis
544 4012 812 4085 partibus
842 4014 1108 4084 Europae.

458 4106 579 4158 863.
616 4101 863 4158 Karolus
892 4099 1377 4173 archiepiscopus
1410 4097 1593 4165 obiit;
1639 4094 1734 4150 cui
1777 4092 2032 4149 Luitber-

385 4195 478 4246 tus
505 4191 816 4248 successit.‘

453 4282 574 4336 864.
607 4278 957 4336 Ludowicus
971 4295 1074 4335 rex
1103 4278 1470 4334 Francorum
1494 4270 1803 4330 Ratzidum
1825 4284 2029 4338 regem

383 4366 816 4423 Marahensium
847 4366 959 4422 sibi
990 4365 1241 4435 subegit.

451 4459 572 4512 865.
609 4456 996 4514 Subitaneum
1023 4453 1313 4510 diluvium
1338 4456 1396 4508 et
1431 4450 1752 4507 vehemens
1795 4444 2027 4515 grando

378 4542 579 4614 fruges
611 4544 953 4619 assumpsit.

392 4727 394 4729 ’
599 4723 815 4777 Ventus
844 4719 1056 4787 ingens
1099 4733 1238 4773 cum
1286 4712 1522 4770 turbine
1554 4707 1744 4764 multa
1791 4706 2023 4764 ediﬁcia

376 4813 809 4956 suggfor‘ames
830 4898 1031 4955 valida
1052 4899 1112 4953 et
1133 4893 1459 4950 vehemens
1489 4892 1613 4944 tam
1642 4887 2020 4943 Germaniam

371 5003 559 5061 quam
585 4992 810 5045 ceteras
848 4990 1098 5059 Europae
1125 4978 1466 5056 provincias
1494 4975 1747 5033 nimium
1790 4973 2014 5032 afﬂixit.

441 5081 563 5134 869.
598 5077 831 5134 Lutheri
861 5092 970 5146 rex
991 5091 1028 5130 a
1071 5073 1733 5146 Beneventoreversus,
1762 5063 1886 5146 _qui
1937 5064 2016 5120 ob

369 5148 564 5204 fratris
593 5149 682 5203 sui
720 5145 1081 5202 discordiam
1131 5139 1429 5196 Ludowici
1460 5138 1733 5210 perrexit,
1762 5138 2014 5210 Romam

367 5219 545 5283 venit,
574 5219 775 5288 ibique
797 5217 884 5288 ab
900 5214 1158 5270 Adriano
1180 5227 1337 5288 papa
1357 5205 2012 5288 dampnatusLdom‘um

365 5277 602 5345 rediens
800 5286 921 5358 suis
950 5299 1120 5358 pen_e_
1133 5277 1412 5358 omnibus
1466 5277 1654 5358 periit.
1700 5281 1764 5358 Et
1799 5277 2011 5358 eodem

366 5375 528 5416 anno
547 5355 793 5421 Thiodo,
809 5349 970 5410 abba
983 5352 1287 5409 Fuldensis
1306 5349 1664 5415 monasterii,
1682 5349 2008 5422 depositus,

367 5434 424 5484 et
451 5429 541 5484 vir
555 5419 910 5481 venerabilis
933 5429 989 5482 et
1013 5424 1320 5496 religiosus
1367 5422 1622 5494 Sigihart
1649 5419 1870 5476 electus
1896 5423 2004 5474 est.

440 5597 483 5734 (1
499 5602 517 5650 1
533 5601 554 5650 1
569 5598 585 5734 ζ
611 5596 1162 5657 Herolfesfeldensis.

464 5669 560 5721 112
592 5707 606 5722 .
641 5667 1070 5729 Swarzahensis
1100 5673 1162 5731 ac'

464 5667 606 5731 112).
641 5667 1070 5729 Swarzahensis
1100 5672 1177 5731 ad
1207 5673 1478 5730 Rhenum
1507 5685 1560 5725 v.
1597 5669 1692 5726 SS.
1727 5671 1766 5723 l.
1795 5669 1917 5724 3⁵74.

1331 229 1583 284 ANNAL.
1625 215 2056 281 HILDESHEIN.
2098 211 2494 284 QUEDLIND.,
2526 219 2902 278 WEISSEMB.
3759 226 3848 278 488

2449 344 2771 404 ANNALES
2811 349 3557 412 QUEDLINBURGENSES.

2247 451 2370 505 846.
2404 451 2733 508 Ludovicus
2781 470 2904 525 rex,
2935 453 3091 509 ﬁlius
3136 453 3416 510 Ludovici
3459 454 3848 510 Pannoniam

2177 536 2428 608 subegit,
2461 545 2518 596 et
2545 542 2840 598 Bohemos
2869 543 3116 599 domum
3151 543 3385 600 rediens
3415 544 3730 601 vastavit.

2247 755 2367 808 847.
2402 754 2580 810 Otker
2621 756 3108 830 archiepiscopus
3157 757 3338 827 obiit;
3381 758 3483 814 cui
3529 759 3846 827 Rabanus,

2174 840 2365 899 abbas
2397 843 2700 901 Fuldensis
2725 847 3089 915 monasterii,
3121 848 3423 904 successit.

2243 1039 2365 1092 848.
2400 1037 2733 1095 Ludovicus
2763 1057 2866 1096 rex
2891 1041 3056 1113 apud
3087 1042 3453 1111 Moguntiam
3483 1042 3693 1100 habet
3729 1062 3846 1101 con-

2171 1125 2370 1181 cilium
2412 1127 2720 1198 synodale,
2763 1129 2965 1202 ibique
3021 1130 3476 1186 Ghodeschalck
3520 1131 3844 1190 haereticus

2169 1215 2478 1272 convictus
2505 1222 2596 1273 est
2622 1223 2678 1274 et
2707 1219 3048 1276 damnatus.

2392 1377 2557 1446 (849).
2606 1378 2854 1436 Basilica
2903 1378 3087 1435 sancti
3141 1379 3415 1436 Wicberti
3466 1381 3842 1440 confessoris

2165 1463 2438 1520 dedicata
2467 1469 2570 1520 est.

2236 1646 2360 1698 851.

2235 1735 2379 1801 852.)
2409 1731 2711 1788 lnchoatio
2756 1733 3320 1790 Gandesheimensis
3367 1737 3745 1794 monasterii
3791 1739 3842 1793 in

2163 1819 2484 1891 antiquiori
2512 1819 2664 1889 loco,
2705 1824 2762 1876 et
2799 1821 3086 1877 adventus
3127 1825 3475 1879 sanctorum
3527 1825 3842 1882 confesso—

2162 1921 2297 1962 rum
2328 1907 2620 1964 Anastasii
2646 1911 2825 1980 atque
2853 1909 3194 1966 Innocentii.

2232 1999 2355 2051 853.
2407 1999 2636 2068 Haymo
2685 1996 3005 2070 episcopus
3044 1997 3226 2067 obiit;
3283 1999 3379 2055 cui
3424 2000 3842 2072 Hildegrimus

2155 2083 2358 2154 junior
2389 2084 2687 2142 successit.

2233 2173 2355 2226 854.

2232 2264 2352 2314 355.
2389 2259 2644 2316 Ecclesia
2676 2261 2866 2316 sancti
2893 2261 3104 2317 Kiliani
3135 2262 3194 2317 in
3222 2263 3602 2335 Wirtzeburg
3633 2266 3836 2323 fulmi-

2157 2345 2337 2401 nibus
2369 2353 2576 2404 exusta
2617 2353 2725 2404 est.
2761 2351 3066 2406 Lotharius
3095 2367 3198 2406 rex
3230 2356 3550 2408 tonsuram
3605 2360 3671 2410 et
3723 2371 3839 2410 mo-

2156 2436 2476 2492 nachicum
2506 2437 2778 2494 habitum
2810 2439 3068 2512 suscepit
3095 2440 3443 2497 moriturus.

2229 2652 2349 2705 856.
2384 2637 2496 2705 Leo
2526 2666 2687 2723 papa
2715 2650 2879 2721 obiit,
2902 2656 2958 2708 et
2981 2653 3266 2710 Habonus
3302 2655 3833 2732 archiepiscopus,

2156 2737 2251 2793 cui
2282 2739 2522 2795 Carolus
2555 2741 2860 2795 successit.

2227 2830 2348 2883 857.
2404 2827 2647 2883 Carolus
2699 2829 3183 2902 archiepiscopus
3235 2831 3400 2904 apud
3446 2836 3835 2906 Moguntiam

2155 2931 2442 2984 magnam
2475 2916 2775 2988 synodum
2805 2920 3208 2989 congregavit.

2225 3006 2345 3058 858.
2404 3005 2737 3061 Ludovicus
2790 3005 2979 3062 ﬁlium
3031 3025 3210 3064 suum
3260 3010 3655 3069 Ludovicum
3699 3031 3831 3070 cum

2152 3109 2376 3164 magno
2405 3094 2663 3151 exercitu
2692 3096 2855 3151 misit
2880 3096 2958 3152 ab
2987 3097 3323 3155 Abodritos.

2221 3288 2343 3343 859.
2380 3286 2711 3342 Ludovicus
2740 3293 2797 3343 et
2823 3289 3068 3345 Carolus
3101 3295 3158 3346 et
3184 3291 3524 3360 Lotharius,
3559 3294 3687 3352 ﬁlii
3739 3300 3833 3353 Lo-

2149 3374 2320 3430 tharii
2350 3374 2542 3430 fratris
2581 3376 2710 3446 ejus
2754 3377 2917 3448 (H3),
2969 3395 3108 3434 cum
3149 3379 3501 3450 juramento
3562 3383 3830 3442 invicem

2146 3479 2358 3536 pacem
2381 3463 2845 3521 afﬁrmaverunt.

2217 3555 2338 3607 860.
2369 3553 2744 3622 Maginradus
2773 3555 3061 3614 heremita
3083 3557 3486 3615 martirizatus
3519 3567 3644 3619 est.

2215 3643 2338 3696 861.

2212 3909 2334 3962 862.
2363 3909 2572 3964 Fames
2604 3924 2828 3979 magna
2857 3914 2914 3967 et
2935 3909 3185 3967 morbus
3212 3911 3273 3967 in
3304 3913 3646 3974 Germania
3679 3924 3742 3975 et
3770 3920 3822 3974 in

2141 3993 2272 4050 aliis
2304 3996 2575 4068 partibus
2607 4001 2876 4070 EurOpae.

2211 4087 2332 4140 863.
2363 4085 2606 4142 Carolus
2629 4085 3113 4161 archiepiscopus
3143 4088 3306 4145 obiit.
3355 4090 3463 4146 Cui
3487 4093 3822 4152 Lutbertus

2139 4176 2439 4231 successit.

2208 4266 2328 4318 864.

2206 4443 2326 4496 865.
2362 4441 2751 4500 Subitaneum
2797 4443 3087 4501 diluvium
3117 4450 3175 4502 et
3201 4447 3537 4505 vehemens
3571 4455 3821 4523 grando

2133 4529 2330 4600 fruges
2360 4531 2727 4605 absumpsit;
2759 4535 3080 4590 Anscarius
3109 4535 3430 4609 episcopus
3462 4539 3652 4599 obiit.

2203 4621 2324 4674 866.
2359 4619 2631 4676 Nicolaus
2657 4637 2816 4693 papa
2847 4622 3011 4678 obiit.

2202 4709 2323 4763 867.
2356 4710 2574 4764 Ventus
2602 4708 2812 4778 ingens
2861 4726 3000 4766 cum
3030 4710 3265 4768 turbine
3295 4712 3493 4770 multa
3545 4719 3819 4777 aediﬁcia

2130 4795 2351 4851 stravit.

2199 4886 2318 4940 868.
2353 4885 2565 4941 Fames
2592 4885 2792 4942 valida
2818 4889 2874 4942 et
2904 4887 3228 4944 vehemens
3254 4893 3375 4945 tam
3402 4892 3817 4955 Germaniam

2125 4988 2310 5045 quam
2337 4979 2578 5031 caeteras
2613 4977 2862 5047 Europae
2901 4977 3238 5048 provincias
3264 4978 3532 5036 nimium
3572 4987 3814 5044 afﬂixit.

2196 5062 2316 5119 869.
2353 5063 2586 5119 Lutheri
2621 5079 2725 5119 rex
2753 5079 2791 5119 a
2820 5066 3153 5122 Benevento
3182 5082 3488 5139 reversus,
3546 5089 3692 5147 quo
3743 5077 3817 5132 ob

2123 5149 2318 5207 fratris
2349 5151 2440 5208 sui
2476 5151 2840 5208 discordiam
2883 5153 3164 5211 Ludovici
3203 5157 3486 5228 perrexit,
3543 5163 3816 5222 Romam

2127 5239 2299 5302 venit,
2329 5239 2530 5312 ibique
2552 5240 2630 5296 ab
2656 5241 2955 5297 Hadriano
2970 5258 3132 5314 papa
3151 5243 3507 5316 damnatus,
3542 5251 3816 5310 domum

2120 5328 2356 5384 rediens
2387 5345 2525 5385 cum
2553 5329 2677 5386 suis
2706 5347 2859 5403 pene
2889 5331 3172 5388 omnibus
3197 5333 3389 5405 periit.

2190 5667 2337 5732 (113)
2364 5664 2413 5718 Ι.
2447 5678 2494 5719 e.
2530 5663 2853 5720 Hludowici
2883 5666 3210 5722 Germaniae
3241 5667 3422 5737 regis.
