3958 6410
121 273 239 324 489

416 395 737 449 ΑΝΝΑΙΕΞ
759 394 1272 450 VVEISSEMBURG
1285 395 1521 450 ENSES.

206 504 336 555 846.
407 499 780 563 Ludowicus,
854 500 1010 554 filius
1042 499 1362 566 Ludowici,
1433 499 1802 554 Pannoniam

126 590 398 660 subegit,
433 594 490 646 et
511 590 822 645 Beheimos
854 589 1102 644 domum
1137 589 1374 645 rediens
1404 589 1673 645 vastavit.

207 825 336 878 847.
373 821 646 892 Otgarius
714 820 1202 892 archiepiscopus
1247 819 1425 886 obiit;
1469 819 1565 874 cui
1607 819 1801 875 Baba—

131 927 256 966 nus
291 911 593 966 successit.
1395 982 1400 987 .

209 1005 338 1056 848.
380 1001 701 1055 Ludowico
751 999 828 1056 ad
878 999 1240 1067 Mogontiam
1292 998 1498 1054 habito
1550 996 1803 1052 sinodali

131 1090 415 1158 concilio,
447 1089 843 1146 Godescalcus
867 1088 1160 1144 hereticus
1191 1093 1279 1143 est
1307 1087 1692 1160 dampnatus.

211 1323 337 1376 849.

197 1414 338 1465 .850.

212 1503 338 1555 851.
374 1497 758 1568 lrmingardis
789 1499 997 1568 regina
1028 1499 1192 1554 obiit.

211 1593 338 1645 852.

211 1878 338 1933 853.

209 2111 336 2163 854-.

209 2201 336 2253 855.
392 2196 749 2252 Ludowicus
791 2213 894 2252 rex
943 2213 1084 2252 cum
1117 2197 1377 2252 exercitu
1419 2211 1645 2266 magno
1676 2211 1805 2268 per-

139 2287 290 2343 rexit
347 2291 554 2342 contra
607 2285 915 2341 Ratzidum
963 2302 1168 2356 regem
1215 2287 1651 2342 Marahensum.
1694 2287 1805 2340 Lu-

137 2377 366 2433 tharius
391 2377 574 2432 etiam
612 2392 714 2432 rex
745 2381 1056 2432 tonsuram
1088 2381 1146 2432 et
1178 2376 1607 2432 monachicum
1635 2374 1805 2431 habi-

141 2465 536 2538 tumsuscepit
564 2469 839 2521 mortuus
871 2465 917 2536 (1
934 2466 1038 2536 14).

212 2559 338 2612 856.
383 2554 668 2612 Rabanus
711 2554 1197 2627 archiepiscopus
1236 2554 1424 2622 obiit;
1459 2554 1554 2610 cui
1588 2554 1804 2611 Karlus

143 2645 452 2701 successit.

213 2738 336 2790 857.
391 2733 602 2790 Karlus
643 2731 1128 2805 archiepiscopus
1185 2733 1246 2790 in
1303 2732 1600 2803 Mogontia
1647 2733 1805 2789 sino-

141 2824 290 2880 dum
323 2839 614 2894 magnam
643 2822 874 2879 habuit.

213 2917 336 2969 858.
372 2913 729 2969 Ludowicus
775 2928 879 2967 rex
925 2911 1337 2980 Ludowicum,
1377 2913 1570 2968 ﬁlium
1602 2928 1802 2980 suum,

141 3019 282 3060 cum
310 3003 572 3059 exercitu
599 3017 826 3072 magno
855 3001 1016 3058 misit
1047 3002 1126 3058 ad
1156 3002 1492 3059 Habitritos.

214 3237 335 3289 859.
399 3231 759 3288 Ludowicus
816 3237 874 3287 et
925 3231 1176 3288 Karolus
1229 3237 1407 3305 atque
1460 3232 1801 3302 Lutharius,

139 3322 295 3378 ﬁlius
345 3321 608 3377 Lutharii
657 3321 852 3376 fratris
877 3337 1108 3388 eorum,
1160 3338 1298 3376 cum
1325 3322 1668 3392 juramento
1699 3337 1804 3394 pa-

140 3428 270 3467 cem
300 3410 587 3466 fecerunt.
1629 3457 1634 3465 .

209 3502 332 3556 860.
367 3500 613 3572 Hiemps
641 3515 865 3570 magna
894 3504 950 3554 et
987 3498 1321 3555 mortalitas
1348 3499 1725 3555 animalium.

207 3592 330 3645 861.
366 3589 514 3658 Udo,
547 3591 838 3660 Berenger
866 3593 1046 3661 atque
1065 3591 1280 3645 Ernest
1308 3588 1566 3661 depositi
1607 3591 1799 3645 hono-

139 3677 326 3734 ribus.

208 3861 332 3913 862.

206 4038 330 4090 863.
361 4033 580 4090 Karlus
605 4033 924 4106 episcopus
953 4033 1116 4102 obiit,
1166 4038 1223 4090 et
1249 4033 1629 4090 Liutberthus
1660 4051 1794 4090 sue-

138 4124 334 4180 cessit.

204 4217 328 4270 864.
359 4213 717 4270 Ludowicus
746 4229 842 4270 rez
870 4213 1224 4282 Radzidum,
1257 4230 1463 4285 regem
1493 4215 1796 4272 Marahen-

134 4303 315 4374 sium,
343 4303 456 4361 sibi
479 4303 733 4375 subegit.

204 4397 329 4450 865.

204 4573 328 4626 866.

205 4662 330 4716 867.

203 4839 327 4892 868.

201 5086 323 5139 869.
352 5083 593 5140 Lutheri
617 5099 720 5139 rex
769 5100 806 5140 a
849 5087 1183 5140 Benevento
1211 5098 1486 5139 reversus
1535 5086 1790 5141 Romam

130 5173 308 5242 venit,
357 5172 561 5245 ibique
619 5173 698 5228 ab
758 5173 1022 5230 Adriano
1079 5172 1468 5248 dampnatus,
1535 5155 1789 5228 domum

129 5261 364 5317 rediens
415 5279 570 5334 pene
619 5279 758 5318 cum
814 5263 935 5319 suis
983 5262 1268 5319 omnibus
1316 5261 1507 5335 periit.
1565 5261 1789 5318 Eodem

127 5367 287 5407 anno
317 5351 564 5420 Thiodo,
597 5351 790 5408 abbas
818 5349 1150 5419 Fuldensis,
1179 5351 1508 5425 depositus,
1539 5357 1595 5408 et
1640 5350 1787 5422 Sigi-

127 5441 356 5498 hardus
383 5440 606 5498 electus
633 5442 768 5513 est(t
785 5441 888 5512 14‘)
918 5441 1091 5498 valde
1113 5441 1451 5512 religiosus.

200 5627 244 5714 s1
260 5623 528 5714 zemas
556 5621 902 5714 ωοιῖιωνξιεο

223 5694 360 5766 ΜΨ)
402 5695 530 5749 νοω
557 5694 649 5750 vir
679 5694 856 5751 deest.

223 5766 347 5836 115)
372 5765 518 5822 Hac
548 5766 762 5822 desunt
789 5766 847 5823 3.

374 5857 620 5913 PATROL.
665 5856 838 5912 CXLI.

883 271 967 323 ET
999 270 1340 324 LAMBERTI
1372 262 1954 324 ASCHAFNABURG.
1985 263 2162 319 PARS
2193 265 2468 320 ALTERA
2499 266 2828 321 GENUINA.

3469 269 3574 321 490

2379 392 2726 447 LAMBERTI
2761 391 3106 446 ANNALES.

1986 501 2106 552 846.
2164 498 2542 567 Ludowicus,
2601 498 2758 553 ﬁlius
2814 496 3137 565 Ludowici,
3202 497 3576 552 Pannoniam

1913 585 2166 656 subegit,
2194 591 2249 642 et
2270 587 2582 642 Beheimos
2603 587 2855 641 domum
2881 585 3117 640 rediens
3143 585 3419 643 vastavit.
3445 588 3575 643 Bun

1911 674 2107 730 abbas
2140 676 2556 732 Hcrveldensis
2587 676 2752 746 obiit,
2794 675 2888 730 cui
2918 677 3230 731 Brunwart
3269 675 3572 730 successit.

1985 768 2107 822 817.
2138 767 2411 835 Otgarius
2438 766 2927 838 archiepiscopus
2956 764 3250 834 Moguntie
3279 764 3446 835 obiit,
3480 763 3576 819 cui

1915 854 2107 910 abbas
2176 854 2490 910 Fuldensis
2550 858 2832 911 Rabanus
2887 852 3191 909 successit.
3252 852 3574 908 Abbatiam

1917 943 2135 998 Waldo
2161 944 2438 1016 suscepit.

1987 1037 2108 1089 818.
2163 1033 2250 1088 Λᾶ
2309 1033 2668 1104 Mogontiam
2721 1032 2927 1088 habito
2983 1031 3240 1088 sinodali
3297 1030 3571 1098 concilio,

1915 1122 2219 1179 GOtescalc
2250 1123 2561 1178 haereticus
2592 1123 2958 1195 dampnatus
2989 1127 3094 1178 est.

1987 1324 2109 1376 849.

1986 1415 2088 1467 850
2122 1407 2286 1480 (115).
2323 1411 2603 1466 Dedicata
2659 1414 2747 1465 est
2774 1409 3024 1465 ecclesia
3059 1408 3248 1465 sancti
3278 1408 3573 1479 Wigberti

1913 1505 1964 1555 5.
2000 1500 2302 1555 Kalendas
2362 1499 2712 1556 Novembris
2741 1515 2778 1554 a
2809 1498 3058 1555 Rabano
3111 1497 3573 1568 Mogontiacensi

1913 1588 2387 1660 archiepiscopo.

1983 1682 2106 1734 851.

1983 1772 2107 1824 852.
2162 1767 2488 1825 Translatio
2543 1767 2740 1824 suncti
2795 1766 2942 1824 Lulli
3009 1766 3070 1823 in
3119 1782 3292 1822 coena
3312 1764 3570 1823 Domini.

1983 1882 2107 1934 853.

1984 2133 2106 2184 854.

1986 2223 2107 2274 855.
2142 2216 2498 2273 Ludowicus
2555 2230 2658 2269 rex
2687 2229 2827 2268 cum
2872 2227 3100 2281 magno
3159 2211 3418 2266 exercitu
3443 2227 3574 2283 per-

1912 2309 2062 2364 rexit
2090 2313 2298 2364 contra
2349 2304 2658 2362 Ratzidum
2715 2319 2920 2373 regem
2967 2300 3426 2357 Maruhensium.
3470 2303 3579 2355 Lu-

1912 2398 2140 2454 tharius
2179 2398 2359 2453 etiam
2390 2412 2492 2450 rex
2526 2399 2834 2450 tonsuram
2865 2397 2921 2447 et
2945 2390 3372 2447 monachicum
3402 2389 3575 2445 habi-

1914 2494 2042 2545 tum
2073 2487 2333 2559 suscepit
2356 2484 2682 2540 moriturus
2710 2481 2770 2537 in
2801 2480 3053 2536 Promia.

1985 2582 2107 2633 856.
2163 2575 2448 2632 Rabanus
2532 2569 3019 2643 archiepiscopus
3084 2566 3576 2639 Mogontiacensis

1913 2667 2072 2737 (115⁸)
2106 2665 2251 2721 obiit
2283 2682 2296 2732 ;
2325 2662 2421 2719 cui
2450 2659 2708 2717 Karolus
2742 2657 3052 2714 successit.

1985 2760 2107 2811 857.
2153 2752 2411 2810 Karolus
2454 2749 2963 2822 archiepiscopus,
3014 2745 3075 2802 in
3126 2745 3423 2816 Mogontia
3451 2760 3577 2801 ma-

1914 2861 2100 2917 gnam
2131 2843 2435 2917 synodum
2465 2839 2696 2897 habuit.

1985 2939 2088 2991 858
2141 2932 2495 2990 Ludowicus
2551 2945 2655 2984 rex
2708 2925 3096 2982 Ludowicum
3150 2924 3340 2980 ﬁlium
3394 2940 3576 2979 suum

1912 3026 2073 3082 misit
2119 3040 2259 3080 cum
2289 3019 2550 3077 exercitu
2592 3032 2817 3088 magno
2859 3015 2939 3072 ad
2967 3014 3264 3070 Abitritos.
3298 3013 3577 3084 [Karolus

1913 3112 2400 3186 archiepiscopus
2428 3107 2742 3182 quandam
2771 3109 3005 3177 partem
3034 3103 3108 3158 de
3134 3102 3376 3175 reliquis
3408 3118 3579 3158 sanc-

1913 3210 1985 3262 ἴω
2042 3201 2398 3260 ΙΠΠΟΟθΠῐίίΒ
2430 3196 2727 3255 transtulit
2751 3197 2829 3251 ad
2856 3195 3002 3265 (116)
3032 3192 3459 3265 Erphesphurt.
3479 3196 3499 3246 1
3523 3192 3579 3261 3]

1984 3299 2106 3350 859.
2166 3290 2520 3348 Ludowicus
2586 3292 2642 3343 et
2694 3285 2952 3340 Karolus
3007 3289 3186 3356 atque
3239 3282 3573 3348 Lutharius,

1910 3385 2069 3440 ﬁlius
2127 3379 2386 3438 Lutharii
2415 3377 2608 3435 fratris
2666 3391 2894 3442 eorum,
2929 3390 3068 3430 cum
3095 3373 3440 3443 juramento
3475 3387 3579 3443 pa-

1911 3491 2042 3530 cem
2067 3473 2352 3528 fecerunt.

2138 3650 2284 3716 Udo,
2319 3651 2551 3713 Ernost,
2585 3646 2938 3713 Berngerus,
2958 3640 3300 3706 comites,et
3328 3638 3568 3707 Waldo,

1907 3742 2100 3799 abbas
2130 3738 2468 3806 Fuldensis,
2498 3733 2831 3791 honoribus
2853 3730 3110 3804 depositi
3139 3734 3277 3786 sunt
3302 3747 3315 3798 ;
3343 3729 3571 3785 Thiodo

1905 3831 2098 3889 abbas
2129 3827 2432 3886 successit.

1978 3942 2079 3992 862
2089 3979 2101 3992 .

1976 4030 2097 4082 863.
2132 4025 2388 4082 Karolus
2444 4021 2930 4095 archiepiscopus
2974 4015 3488 4091 [Mogontiacensis
3536 4019 3565 4069 3

1902 4119 1956 4172 4.
1991 4121 2041 4172 5.
2078 4115 2268 4186 ]obiit
2296 4133 2310 4183 ;
2339 4113 2435 4169 cui
2459 4111 2835 4168 Liutberthus
2867 4107 3170 4164 successit.

1973 4208 2097 4262 864.
2132 4203 2488 4260 Ludowicus
2518 4218 2613 4258 rez
2664 4198 2995 4268 Ratzidum,
3039 4213 3242 4269 regem
3264 4195 3568 4253 Marahen-

1902 4296 2080 4364 sium,
2111 4295 2223 4352 sibi
2254 4293 2509 4364 subegit.

1974 4389 2098 4442 865.

1973 4567 2098 4619 86.

1972 4654 2097 4707 867.

1972 4832 2040 4884 86

1973 5101 2094 5153 869.
2127 5094 2364 5152 Lutheri
2412 5108 2518 5149 rex
2546 5107 2583 5147 a
2610 5090 2950 5145 Benevento
3003 5099 3275 5141 reversus
3308 5085 3562 5156 Romam

1897 5187 2080 5257 venit,
2112 5177 2316 5257 ibique
2367 5183 2446 5238 ab
2474 5180 2736 5237 Adriano
2767 5177 3134 5248 dampnatus
3165 5177 3273 5230 est.
3309 5171 3417 5237 Qui
3459 5171 3564 5226 do-

1898 5294 2068 5334 mum
2098 5274 2356 5342 rediens,
2387 5287 2540 5345 pene
2567 5285 2706 5325 cum
2756 5266 2880 5322 suis
2912 5263 3196 5336 omnibus
3224 5262 3415 5336 periit.
3450 5265 3561 5317 Eo-

1897 5368 2038 5423 dem
2090 5380 2250 5422 anno
2280 5361 2527 5429 Thiodo,
2559 5358 2752 5416 abbas
2773 5354 3112 5426 Fuldensis,
3146 5351 3473 5426 depositus,
3506 5355 3564 5408 et

1824 5472 1831 5479 '
1900 5454 2263 5527 Sigebardus
2294 5452 2515 5508 electus
2540 5453 2646 5520 est,
2678 5448 2770 5503 vir
2795 5445 3133 5516 religiosus.

1973 5689 2125 5831 (H5;
2155 5689 2324 5742 Deest
2351 5689 2400 5740 1.
2433 5688 2486 5739 2.
2522 5685 2574 5737 6.

1973 5765 2098 5829 (116
2153 5761 2324 5814 Deest
2353 5760 2405 5813 3.

1972 5760 2122 5831 (ne)
2153 5761 2324 5814 Deest
2353 5760 2405 5813 3.
3248 5770 3330 5887 16η
