3958 6410
142 279 248 333 497

418 402 740 459 ANNALES
782 402 1539 463 VVEISSEMBURGENSES.

216 509 343 561 905.
386 508 649 562 Cuonrat
680 523 883 564 comes
912 509 1144 565 occisus
1174 514 1261 565 est
1291 510 1368 566 ab
1399 510 1735 567 Adelberto.

218 685 344 738 906.
388 683 631 752 Ungarii
661 689 1043 741 vastaverunt
1074 686 1417 743 Saxoniam.

218 776 344 828 907.
386 771 739 829 Adelbertus
783 791 988 830 comes
1034 776 1364 833 decollatus
1412 781 1518 844 est,
1564 776 1814 848 jubente

146 860 472 917 Ludowico
510 878 669 932 rege.

222 954 346 1007 908.
392 950 738 1008 Liutboldus
770 952 893 1008 dux
917 953 1150 1010 occisus
1179 958 1268 1011 est
1297 954 1377 1011 ab
1408 955 1701 1025 Ungariis.

223 1150 348 1203 909.
392 1146 799 1217 Burghardus,
831 1148 955 1203 dux
975 1149 1435 1218 Thuringorum,
1461 1150 1693 1205 occisus
1724 1153 1817 1205 est

148 1234 230 1290 ab
264 1234 558 1303 Ungariis.

222 1329 348 1381 910.
392 1324 748 1381 Ludowicus
775 1342 877 1382 rex
903 1328 1195 1399 pugnavit
1226 1344 1365 1382 cum
1398 1328 1687 1397 Ungariis.

222 1507 348 1559 911.
394 1504 633 1575 Ungarii
662 1508 1051 1561 vastaverunt
1076 1505 1408 1561 Franciam.

222 1687 349 1737 912.
375 1682 728 1738 Ludowicus
748 1699 851 1738 rex
874 1683 1046 1749 obiit;
1063 1683 1157 1738 cui
1184 1683 1493 1741 Conradus
1516 1684 1817 1739 successit.

224 1915 349 1967 913.

228 2393 355 2446 914.
397 2391 530 2447 Otto
562 2388 892 2446 Saxonicus
920 2389 1043 2444 dux
1074 2388 1238 2444 obiit.

226 2484 352 2534 915.
396 2478 638 2549 Ungarii
669 2477 967 2534 vastando
997 2481 1289 2533 venerunt
1327 2493 1518 2550 usque
1550 2478 1820 2535 Fuldam.

230 2660 356 2712 916.

221 2784 347 2836 917.

228 2910 356 2963 918.

226 2998 354 3050 919.
396 2992 751 3051 Cuonradus
806 3010 910 3050 rex
963 2993 1127 3062 obiit,
1183 2994 1278 3049 cui
1329 2994 1636 3050 Heinricus
1692 3010 1821 3050 suc-

154 3082 352 3139 cessit.

225 3465 355 3518 920.

227 3896 358 3950 921.
397 3898 525 3950 922.

227 3985 359 4039 923.

231 4214 357 4269 924.

232 4482 358 4535 925.

230 4572 357 4624 926.

220 5366 345 5422 929.

213 5758 361 5831 (141)
399 5758 463 5814 L.
497 5755 666 5812 deest
699 5758 747 5810 1.

870 281 954 335 ΕΤ
995 282 1337 337 LAMBERTI
1375 275 1968 339 ASCHAFNABURG.
2010 276 2187 330 PARS
2226 279 2832 335 ALTERAGENUINA.
3480 280 3581 333 498

2387 401 2730 454 LAMBERTI
2768 400 3110 455 ANNALES.

1991 509 2114 561 905.
2160 508 2421 562 Cuonrat
2448 521 2650 561 comes
2675 505 2911 561 occisus
2943 508 3031 561 est
3056 504 3139 587 ab
3170 503 3505 561 Adelberto.

1991 687 2115 739 906.
2161 683 2400 753 Ungarii
2430 688 2819 740 vastaverunt
2850 683 3192 741 Saxoniam.

1992 776 2114 828 907.
2158 773 2511 829 Adelbertus
2543 789 2744 828 comes
2773 772 3010 829 occisus
3038 776 3145 841 est,
3183 772 3432 843 jubente
3477 774 3585 827 Lu-

1921 860 2157 917 dowico
2187 878 2345 929 rege.

1992 954 2116 1007 908.
2161 950 2506 1007 Liutboldus
2537 950 2660 1006 dux
2687 950 2920 1007 occisus
2951 954 3039 1006 est
3067 949 3144 1006 ab
3182 949 3471 1020 Ungariis.

1992 1150 2116 1202 909.
2162 1144 2557 1211 Burchardus,
2590 1145 2715 1199 dux
2744 1144 3208 1215 Thuringorum,
3231 1144 3466 1200 occisus
3496 1148 3585 1201 est

1923 1234 2000 1290 ab
2033 1233 2326 1303 Ungariis.

1996 1327 2120 1379 910.
2164 1321 2517 1377 Ludowicus
2546 1337 2648 1377 rex
2680 1321 2969 1393 pugnavit
2999 1338 3138 1377 cum
3189 1320 3479 1391 Ungariis,
3529 1326 3587 1378 et

1925 1411 2117 1466 victus
2146 1414 2253 1465 est.

1998 1505 2121 1556 911.
2168 1499 2405 1569 Ungarii
2429 1502 2811 1554 vastaverunt
2840 1499 3171 1555 Franciam.

2001 1683 2123 1734 912.
2170 1678 2520 1733 Ludowicus
2551 1693 2654 1732 rex
2679 1676 2860 1743 obiit;
2921 1677 3016 1732 cui
3056 1678 3407 1733 Cuonradus
3461 1694 3590 1733 suc-

1929 1750 2120 1830 cessit.
2158 1753 2326 1805 Hatto
2356 1748 2844 1830 archiepiscopus
2874 1748 3360 1817 Mogontiacensis
3392 1749 3539 1804 obiit
3572 1767 3587 1817 ;

1930 1824 2024 1875 cui
2054 1824 2304 1891 Hereger
2325 1824 2627 1876 successit.

2004 1910 2126 1965 913.

2006 2395 2130 2447 914.
2176 2393 2307 2448 Otto
2340 2388 2669 2446 Saxonicus
2697 2402 2900 2443 comes
2930 2386 3095 2442 obiit.

2002 2485 2126 2535 915.
2170 2478 2410 2548 Ungarii
2439 2476 2740 2533 vastando
2788 2478 3078 2531 venerunt
3128 2490 3320 2546 usque
3368 2473 3429 2528 in
3470 2472 3602 2527 Ful-

1934 2570 2099 2624 dam.

2009 2660 2133 2712 916.

2006 2786 2130 2837 917.

2007 2910 2132 2962 918.
2179 2904 2532 2961 Cuonradus
2566 2918 2669 2957 rex
2700 2901 2809 2957 fuit
2834 2901 2894 2955 in
2914 2899 3352 2956 Herolfesfeldc.

2005 2999 2128 3050 919.
2174 2992 2526 3050 Cuonradus
2558 3008 2660 3047 rex
2702 2990 2890 3058 obiit;
2949 2990 3044 3045 cui
3096 2988 3398 3045 Heinricus
3442 2988 3597 3043 Saxo

1937 3082 2239 3139 successit.

2006 3461 2130 3513 920.

2008 3887 2132 3939 921.
2177 3885 2302 3937 922.

2006 3976 2132 4029 923.

2005 4209 2129 4262 924.
2172 4207 2425 4272 Hereger
2440 4198 2927 4272 archiepiscopus
2945 4192 3491 4265 Mogontiacensis(1
3505 4194 3598 4263 41)

1936 4295 2117 4362 obiit;
2145 4294 2239 4349 cui
2271 4292 2627 4347 Hildibertus
2659 4286 2873 4358 [abbas
2897 4282 3207 4339 Fuldensis
3231 4284 3266 4335 l.
3291 4284 3344 4333 4.
3469 4296 3600 4335 suc-

1934 4384 2129 4442 cessit.
2156 4381 2497 4454 [Abbatiam
2530 4377 2791 4448 suscepit
2820 4374 3198 4429 Hadamarus
3232 4374 3279 4423 1.
3307 4372 3360 4423 4.
3393 4368 3467 4436 5.]

2004 4478 2130 4529 925.

2006 4566 2131 4618 926.

2006 4745 2131 4797 927.
2174 4734 2527 4793 Diethardus
2562 4730 2767 4803 junior
2824 4728 3015 4784 abbas
3073 4719 3486 4778 Herveldensis
3511 4719 3595 4775 fa-

1934 4833 2063 4887 ctus
2094 4832 2202 4897 est,
2231 4841 2369 4882 cum
2403 4821 2654 4879 senioris
2689 4815 2992 4875 Diothardi
3018 4812 3264 4870 consilio
3295 4810 3465 4880 (142).

2004 5135 2131 5209 928-
2175 5128 2528 5209 Diethersius
2558 5112 3427 5209 abba?1°11???_[F‘§£‘iel€‘f’nii.s
3448 5112 3597 5209 ἒςῗῦ

1930 5186 2831 5332 θὲἰεήὸὲρυέέὲἱὶάθῗθὲῗξξεὲὲἶι.
2866 5192 2941 5262 5.]
2975 5186 3308 5257 ordinatus,
3355 5188 3411 5239 et
3459 5186 3615 5283 Bur-p

1934 5292 1968 5331 c
2013 5291 2080 5331 ar
2124 5291 2195 5329 us
2348 5287 2414 5327 as
2445 5286 2475 5324 e
2500 5286 2532 5325 e
2791 5307 2801 5319 .

2001 5367 2126 5420 929.

2005 5754 2155 5826 (142)
2194 5753 2504 5809 Consensu
2532 5751 2586 5803 2.
2619 5748 2651 5800 6
