3874 6382
381 282 485 341 499
1307 280 1560 338 ANNAL.
1603 276 2039 337 HILDESHEIM.
2083 273 2450 342 QUEDLINB.
2493 273 2869 331 WEISSEMB.
3701 267 3788 322 500

697 407 1014 463 ANNALES
1065 405 1719 461 HILDESHEIMENSES.
2409 401 2729 454 ANNALES
2783 392 3521 464 QUEDLINBURGENSES.

453 497 577 552 930.
618 495 917 552 Thiothart
948 495 1144 550 senior
1170 493 1329 549 abba
1356 493 1517 548 obiit.
2211 493 2332 544 930.
2377 491 2554 544 Facta
2583 494 2669 542 est
2698 502 2902 559 pugna
2932 483 3131 539 valida
3179 481 3506 536 adversum
3562 479 3783 537 Sclavos

2132 580 2304 650 juxta
2329 579 2562 634 Albiam
2594 593 2780 650 prope
2816 573 3084 639 [.unkiui,
3114 572 3175 627 in
3213 588 3337 644 qua
3370 572 3647 627 Saxones
3677 570 3783 639 glo-

451 672 778 728 riosissime
807 670 1094 739 vicerunt,
1122 670 1428 742 prostratis
1461 669 1806 726 Sclavorum
1834 672 1935 725 120
1959 666 2296 734 milibus,in
2327 666 2726 739 captivitatem
2751 677 2892 720 vero
2917 666 3022 718 800
3051 660 3247 716 ductis
3275 677 3288 727 ;
3322 672 3580 714 suorum
3605 663 3784 715 autem

450 757 691 817 duobus
715 758 1032 816 comitibus
1061 758 1350 816 Luthariis
1382 770 1521 813 cum
1549 757 1915 831 quibusdam
1943 756 2073 814 aliis
2095 756 2330 813 amissis
2357 770 2479 811 non
2507 753 2732 821 multis,
2761 751 3039 826 plurimis
3091 753 3295 805 autem
3319 746 3680 804 vulneratis.

450 853 573 906 931.
615 848 916 906 Heinricus
944 864 1048 905 rex
1078 848 1371 904 Abotritos
1401 847 1650 919 subegit.
2201 849 2324 902 931.
2367 847 2483 900 Rex
2512 842 2812 898 Heinricus
2843 856 2983 897 cum
3025 838 3286 894 exercitu
3335 851 3446 892 suo
3490 836 3784 909 profectus

2132 940 2219 991 est
2247 935 2398 1005 (147)
2425 933 2486 989 in
2515 931 2830 989 Abodritos
2862 931 3030 1002 (148),
3065 927 3365 984 subiciens
3396 939 3502 982 eos
3536 925 3672 982 sibi.

450 1029 574 1082 932.
617 1024 922 1081 Heinricus
978 1041 1080 1080 rex
1136 1024 1244 1080 fuit
1295 1025 1353 1079 in
1411 1023 1682 1080 Lonsicin
1736 1026 1903 1095 (143).
1965 1027 2031 1080 Et
2209 1026 2334 1079 932.

378 1114 607 1171 Thiodo
630 1115 799 1177 obiit.
831 1113 926 1170 cui
957 1114 1240 1170 Burchart
1269 1113 1568 1169 successit.

450 1207 575 1260 933.
616 1203 873 1274 Meingoz
905 1202 1066 1259 abba
1094 1201 1441 1273 eligebatur.
2207 1204 2330 1256 933.
2374 1202 2748 1269 Ungarorum
2772 1195 3062 1253 exercitus
3091 1210 3129 1252 a
3166 1208 3305 1264 rege
3335 1191 3616 1250 Heinrico
3645 1191 3786 1248 devi-

2137 1293 2266 1344 ctus
2296 1292 2402 1344 est.

449 1382 571 1436 934.
620 1379 923 1435 Heinricus
951 1395 1054 1436 rex
1081 1379 1141 1435 in
1175 1380 1488 1436 Wocronin
1516 1380 1660 1451 (144)
1692 1395 1830 1435 cum
1861 1395 2027 1436 exer-
2208 1382 2330 1434 934.
2374 1380 2493 1433 Rex
2544 1376 2847 1432 Heinricus
2894 1374 2954 1429 in
3003 1371 3322 1428 Wucronin
3367 1370 3676 1444 profectus
3712 1374 3786 1426 est

378 1468 496 1525 citu
526 1467 650 1524 fuit.
2137 1471 2288 1535 (149)
2320 1465 2642 1536 subjiciens
2669 1477 2772 1522 eos
2797 1463 2928 1520 sibi.

447 1649 575 1701 935.
2210 1649 2338 1701 935.

445 1734 548 1790 936
587 1733 732 1805 (935)
765 1733 930 1805 (145).
965 1735 1174 1803 Magna
1201 1732 1451 1789 sinodus
1482 1733 1680 1788 fuitin
1710 1731 2023 1806 Erpesfort.
2207 1737 2329 1789 936.
2373 1730 2534 1802 (935).
2577 1731 2788 1798 Magna
2841 1727 3088 1782 sinodus
3143 1725 3253 1782 fuit
3307 1725 3368 1781 in
3427 1725 3782 1799 Erphesfurt.

376 1825 444 1878 Et
465 1822 526 1878 in
547 1822 760 1878 eodem
790 1838 950 1878 anno
988 1822 1289 1878 Heinricus
1345 1834 1445 1877 rex
1496 1821 1673 1890 obiit;
1729 1821 1821 1877 cui
1874 1822 2024 1890 Otto,
2136 1822 2306 1891 (937).
2342 1819 2644 1875 Heinricus
2669 1833 2771 1872 rex
2797 1815 2942 1872 obiit
2972 1819 3022 1871 6.
3052 1818 3200 1871 Non.
3227 1813 3400 1882 Julii;
3434 1815 3608 1885 cujus
3638 1813 3787 1868 ﬁlius

374 1909 532 1965 ﬁlius
562 1911 710 1981 ejus,
745 1909 1029 1966 successit
1056 1910 1116 1965 in
1142 1925 1397 1979 regnum
1427 1911 1600 1980 (146).
2139 1911 2268 1965 Otto
2299 1908 2607 1980 pacificus,
2662 1906 2931 1963 Saxonite
2983 1905 3190 1973 decus,
3238 1905 3373 1974 jure
3420 1901 3787 1959 hereditario

2137 1997 2400 2068 paternis
2428 1997 2675 2065 elegitur
2701 1994 3018 2050 succedere
3045 1993 3263 2062 regnis.
3300 1991 3568 2049 Mechtild
3595 1990 3789 2046 inclita

443 2087 672 2156 regina,
703 2087 960 2142 obeuute
991 2087 1246 2157 conjuge
1274 2101 1404 2149 suo,
1432 2085 1680 2157 praefato
1705 2085 1925 2140 scilicet
1952 2101 2090 2155 rege
2119 2085 2407 2155 Heinrico,
2441 2083 2784 2140 coenobium
2843 2083 2904 2137 in
2953 2086 3156 2137 monte
3198 2079 3687 2150 Quedelingensi,
3735 2085 3789 2133 ut

445 2174 572 2246 ipse
597 2173 762 2246 prius
791 2173 1154 2242 decreverat,
1189 2177 1397 2228 sancta
1425 2172 1737 2228 devotione
1768 2177 2107 2228 construere
2134 2173 2328 2245 coepit.
2360 2176 2476 2228 Hoc
2503 2188 2758 2241 regnum
2785 2171 3060 2240 gentibus
3105 2186 3234 2225 esse
3261 2169 3470 2236 voluit,
3519 2167 3638 2223 hoc
3665 2167 3788 2222 totis

445 2260 675 2316 viribus
706 2260 882 2316 fovet.
913 2260 1017 2328 Ibi,
1046 2260 1190 2332 quia
1220 2259 1371 2316 bene
1410 2264 1551 2316 nata
1578 2276 1714 2316 raro
1745 2276 1815 2315 ac
1864 2259 2206 2316 difﬁcillime
2259 2261 2621 2330 degenerare
2677 2262 2944 2324 noverat,
3004 2273 3127 2314 non
3165 2257 3295 2313 vilis
3346 2271 3646 2329 personae,
3696 2253 3784 2308 sed

446 2364 698 2404 summas
726 2348 1129 2419 ingenuitatis,
1156 2348 1480 2405 tirunculas
1501 2349 1803 2404 canonica
1834 2349 2101 2418 religioni
2126 2350 2232 2405 rite
2266 2349 2662 2404 deservituras
2692 2347 2946 2417 collegit,
2969 2360 3190 2418 easque
3212 2361 3404 2419 usque
3429 2344 3509 2401 ad
3533 2349 3788 2401 extrema

443 2435 581 2492 vitae
603 2436 774 2492 istius
803 2436 1066 2504 caducae,
1089 2441 1360 2493 materno
1387 2453 1574 2504 more,
1601 2436 1997 2508 spiritualium
2028 2454 2138 2493 nec
2166 2449 2290 2494 non
2323 2437 2654 2493 carnalium
2681 2435 2870 2507 copiis
2899 2433 3365 2490 commodorum
3393 2433 3660 2489 enutrirc
3679 2448 3786 2488 non

448 2525 691 2581 destitit.

437 2645 541 2696 937
584 2641 746 2711 (936).
791 2642 919 2697 Otto
945 2655 1048 2695 rex
1079 2641 1269 2695 fuitin
1298 2641 1760 2707 Herolfesfelde;
1817 2645 1872 2696 et
1919 2657 2026 2696 αδο-
2206 2647 2328 2696 937.
2373 2639 2747 2696 Everhardus
2777 2639 2899 2694 dux
2934 2641 3320 2708 Francorum,
3373 2642 3432 2694 et
3486 2637 3790 2707 Wigman-

375 2730 552 2786 clesia
582 2730 774 2786 sancti
804 2730 1080 2786 Bonifacii
1111 2733 1320 2786 exusta
1349 2735 1454 2785 est.
2137 2745 2250 2785 nus
2286 2731 2635 2796 Saxonicus,
2673 2734 2852 2801 atque
2883 2727 3197 2801 improbus
3231 2728 3591 2797 Thancmer,
3642 2725 3790 2782 inani

2135 2834 2432 2874 consensu
2453 2817 2874 2890 conspiravere
2890 2817 2951 2871 in
2973 2832 3206 2886 regem:
3227 2815 3331 2871 sed
3357 2815 3456 2871 Dei
3478 2815 3679 2885 gratia
3692 2815 3791 2868 cito

439 2905 736 2963 revelante
766 2905 910 2976 regi,
938 2904 1038 2961 illa
1067 2905 1276 2978 iniqua
1308 2905 1673 2978 conspiratio
1707 2907 2008 2978 sapienter
2031 2921 2324 2978 oppressa
2349 2910 2454 2961 est.
2481 2910 2629 2961 Nam
2657 2908 2944 2961 Tancmer
2974 2903 3390 2959 miserabiliter
3415 2903 3680 2970 occisus,
3712 2900 3792 2957 alii

441 2998 641 3050 autem
674 2992 947 3059 truncati,
978 2993 1253 3066 suspensi
1287 2999 1442 3049 sunt.
1468 2994 1840 3050 Everhardus
1870 2994 2138 3066 privatus
2169 2993 2418 3061 honore,
2465 2991 2831 3064 degradatus
2862 2995 2950 3048 est
2979 3011 2992 3059 ;
3052 2991 3327 3062 Wigman
3384 3005 3532 3048 vero
3589 2990 3792 3063 suppli-

439 3082 634 3138 cando
664 3081 920 3154 pedibus
941 3083 1117 3151 regis,
1152 3082 1564 3137 reconciliatus
1594 3087 1699 3138 est.
1735 3085 1795 3138 In
1831 3081 2044 3137 eadem
2073 3087 2423 3154 tempestate
2476 3083 2778 3138 venientes
2826 3081 3067 3152 Ungari,
3122 3085 3517 3137 vastaverunt
3563 3079 3794 3137 Thurin-

437 3170 600 3241 giam
634 3189 646 3238 ;
681 3169 896 3225 deinde
925 3169 986 3225 in
1015 3170 1354 3236 Saxoniam,
1382 3170 1582 3242 ibique
1615 3170 1674 3226 in
1704 3170 2027 3243 paludibus
2058 3171 2402 3243 casterisque
2427 3170 2881 3226 difﬁcultatibus
2912 3170 3246 3242 perierunt.
3278 3169 3406 3225 Alia
3437 3174 3652 3225 autem
3672 3183 3795 3240 pars

440 3257 682 3313 nefandi
714 3258 1001 3313 exercitus
1033 3257 1316 3326 fugiendo
1347 3258 1406 3312 in
1439 3263 1656 3314 terram
1701 3274 1876 3313 suam
1906 3259 2121 3314 reversi
2166 3264 2320 3315 sunt.
2383 3259 2607 3315 Eodem
2658 3275 2820 3315 anno
2878 3258 3251 3314 Hildebertus
3309 3258 3792 3331 archiepiscopus

439 3346 815 3415 Moguntinus
846 3345 1008 3413 obiit,
1037 3346 1209 3418 eique
1239 3346 1564 3402 Fridericus
1593 3347 1899 3402 successit.

437 3475 541 3527 938
580 3472 746 3543 (937).
790 3471 1076 3527 Eberhart
1127 3487 1328 3527 comes
1386 3471 1756 3542 Heinricum,
1831 3471 2021 3528 ﬁlium
2203 3477 2328 3528 938.
2369 3472 2754 3528 Eburhardus
2784 3489 2988 3529 comes
3021 3473 3382 3544 Heinricum,
3413 3471 3622 3529 ﬁlium
3643 3470 3792 3528 Hein-

369 3559 621 3616 Heinrici
648 3560 823 3630 regis,
856 3564 1102 3632 captum
1130 3559 1379 3633 projecit
1406 3559 1466 3614 in
1495 3559 1750 3617 vincula.
2132 3561 2236 3616 rici
2267 3561 2441 3632 regis,
2466 3566 2710 3634 captum
2738 3563 2986 3635 projecit
3015 3564 3076 3619 in
3101 3562 3362 3619 vincula.

438 3653 539 3708 939
578 3651 747 3722 (938).
788 3650 1074 3707 Eberhart
1096 3655 1152 3706 et
1177 3649 1455 3708 Gisilbrat
1477 3649 1766 3707 interfecti
1792 3652 1948 3705 sunt.
2203 3653 2328 3705 939.
2371 3650 2491 3705 Hoc
2521 3665 2682 3705 anno
2725 3666 2865 3705 cum
2914 3654 3070 3706 esset
3121 3666 3225 3706 rex
3280 3649 3341 3705 in
3385 3648 3794 3722 superioribus

2132 3738 2406 3811 partibus
2447 3739 2630 3796 Rheni
2687 3739 2974 3810 ﬂuminis,
3033 3739 3336 3796 Heinricus
3388 3738 3589 3796 frater
3635 3740 3792 3810 regis,

441 3825 826 3881 Eburhardus
848 3827 972 3882 dux
1003 3830 1384 3891 Francorum,
1419 3830 1596 3900 atque
1629 3827 2054 3884 Gisilbrachtus
2085 3842 2287 3882 comes
2317 3827 2754 3894 Luthariorum,
2798 3833 3162 3899 congregato
3215 3827 3490 3885 nefando
3541 3830 3791 3887 exercitu

442 3917 812 3969 transeuntes
841 3915 1132 3986 Rhenum,
1165 3915 1494 3972 maximam
1516 3921 1745 3988 partem
1763 3915 1932 3985 regni
1953 3914 2301 3987 depopulati
2331 3921 2486 3972 sunt.
2514 3919 2662 3974 Cum
2692 3922 2892 3973 autem
2923 3919 3143 3974 reversi
3171 3921 3313 3973 sunt
3341 3918 3793 3988 gratulabundi,

443 4001 793 4057 nunciatum
825 4008 911 4059 est
942 4004 1129 4059 Udoni
1161 4004 1356 4061 amico
1386 4005 1541 4074 regis
1567 4023 1579 4072 ;
1611 4005 1716 4077 qui
1746 4019 1886 4059 cum
1917 4001 2042 4057 suis
2071 4008 2370 4074 repetente
2396 4004 2625 4060 irruens
2652 4005 2713 4060 in
2758 4021 2879 4062 eos.
2934 4005 3352 4062 Eburhardum
3401 4006 3469 4062 in
3504 4007 3652 4080 ipsa
3679 4008 3792 4079 ripa

442 4087 704 4144 ﬂuminis
732 4091 1036 4158 hostiliter,
1053 4093 1135 4147 uti
1165 4093 1384 4160 dignus
1409 4097 1554 4159 erat,
1580 4092 1928 4147 occiderunt
1952 4107 1964 4155 ;
1995 4089 2347 4147 Gisilbrecht
2371 4097 2572 4148 autem
2599 4093 2658 4147 in
2688 4093 2852 4148 brevi
2875 4094 3138 4148 ﬂuminis
3167 4094 3452 4164 voragine
3479 4096 3793 4158 dimersus,

443 4181 497 4230 et
526 4178 626 4249 qui
657 4196 794 4235 cum
818 4180 915 4236 illo
959 4187 1146 4251 erant,
1181 4181 1356 4236 simul
1390 4181 1757 4248 interierunt,
1792 4178 2097 4233 Heinricus
2128 4185 2348 4250 autem,
2382 4181 2560 4237 frater
2590 4183 2738 4252 ejus,
2773 4183 3100 4254 assumptis
3145 4183 3539 4253 adjutoribus
3587 4184 3794 4258 suppli-

445 4267 638 4322 cando
677 4271 820 4340 regi,
855 4272 1111 4341 gratiam
1145 4287 1321 4328 suam
1352 4270 1594 4343 recepit.

447 4373 571 4428 940.
2205 4377 2333 4431 940.
2380 4376 2679 4432 Dedicatio
2710 4376 3252 4433 Gaudeshemensis
3281 4377 3586 4437 ecclesia.

446 4459 573 4516 941.
2134 4467 2328 4537 “941.
2372 4466 2502 4521 Otto
2531 4481 2634 4521 rex
2662 4466 2736 4521 de
2766 4465 2994 4521 insidiis
3015 4467 3480 4537 conjuratorum
3512 4474 3728 4526 contra
3749 4483 3796 4521 se

2133 4533 2440 4610 liberatus,
2472 4537 2671 4592 statim
2699 4537 2928 4610 pascha
2955 4537 3015 4592 in
3067 4533 3547 4610 Quedelingensi
3579 4539 3795 4610 civitate

2134 4606 2432 4730 quosdam
2459 4606 2721 4730 qluoruni
2753 4608 3002 4664 nomina
3054 4613 3193 4665 sunt
3235 4606 3392 4676 Erilf,
3461 4609 3794 4674 Reinward,

2181 4692 2332 4730 arm.
2362 4684 2477 4730 Asc
2523 4694 2661 4730 erle.
2689 4681 2894 4730 Bacco.
2929 4681 3207 4730 Hermon-
3240 4680 3464 4730 occidi-
3501 4683 3794 4730 nnnsdnm

2181 4677 2332 4741 arin,
2362 4677 2661 4758 ascheric,
2689 4681 3208 4758 Baccotllermon,
3240 4680 3466 4752 occidi,
3501 4683 3795 4758 quosdam

2135 4763 2278 4803 vero
2298 4748 2472 4806 exilio
2498 4749 2746 4820 relegari
2763 4750 2962 4820 jussit.

446 4833 568 4889 942.
606 4835 836 4892 Treveri
861 4835 1142 4892 dedicata
1170 4835 1262 4888 est
1289 4828 1542 4887 basilica
1562 4831 1750 4888 sancti
1771 4832 2032 4891 Maximi-
2206 4838 2331 4892 942.

372 4918 436 4976 ni
461 4935 497 4977 a
521 4923 840 4982 Ruotberto
869 4921 1342 4994 archiepiscopo.

445 5013 568 5068 943.
612 5013 869 5071 Sinodus
897 5012 978 5068 ad
1002 5013 1280 5065 Bunnam
1309 5013 1672 5080 congregata
1695 5015 1802 5068 est.
2207 5013 2332 5068 943.

450 5100 577 5158 944.
2206 5104 2331 5158 944.
2373 5103 2710 5158 ϐτωοοιυιιω
2725 5118 2830 5159 rex
2859 5103 3056 5160 Ottoni
3079 5104 3205 5174 regi
3226 5108 3380 5174 (150)
3414 5111 3620 5168 xenia
3641 5109 3795 5168 misit.

446 5361 593 5571 E143)
633 5365 792 5416 terra
811 5359 1201 5416 Liutitiorum.
2134 5382 2346 5448 mayus
2364 5368 2569 5449 seculi
2595 5368 2690 5448 Χζ
2705 5369 2945 5438 scripsit
3003 5386 3018 5424 :
3078 5369 3387 5428 Heinricus
3417 5377 3678 5447 primus
3720 5391 3797 5432 rex

475 5432 598 5570 144)
637 5434 792 5486 terra
816 5430 1195 5502 chermark.
1494 5504 1504 5516 .
1819 5506 1828 5516 I
2135 5438 2408 5507 obiit,cui
2429 5440 2560 5495 Otto
2588 5455 2819 5511 primus
2841 5440 3140 5496 successit.

474 5503 573 5556 145
635 5504 942 5571 Annorum
981 5506 1212 5558 935-938
1241 5503 1656 5560 adnotationes
1690 5520 1864 5562 anms
1894 5509 2026 5563 936-
2208 5512 2357 5571 (147)
2394 5527 2454 5571 p.
2485 5525 2535 5565 e.
2570 5526 2682 5566 sec.
2707 5527 2912 5567 manu.

475 5430 598 5511 144)
637 5434 792 5511 terra
816 5430 1208 5511 cherniarlf.
1305 5503 1314 5511 ι
1410 5507 1419 5511 Α
1474 5504 1504 5511 __
1819 5506 1828 5511 _
1941 5510 1946 5511 ί
1979 5509 1986 5511 Α
2135 5437 2300 5507 obiit,
2314 5439 2408 5494 cui
2429 5440 2560 5495 Otto
2588 5430 3140 5511 primus'successit.

474 5503 597 5582 145)
635 5504 942 5582 annorum
981 5503 1656 5582 935-938adnotationes
1690 5506 1868 5582 annis
1894 5509 2026 5582 936-
2208 5503 2357 5582 (147)
2394 5527 2454 5582 p.
2485 5503 2682 5582 e._s'eC.
2707 5527 2912 5567 manu.

382 5570 488 5651 939
539 5570 1328 5651 assignandasAesAsepatet;
1377 5590 1454 5630 an
1509 5580 1565 5632 et
1617 5577 1911 5650 expeditio
1964 5579 2027 5634 in
2207 5570 2352 5651 (148)
2389 5570 2741 5638 Ᾰϋοάινίιιιω
2765 5585 2968 5651 prima
2991 5599 3198 5642 manu.

382 5579 488 5628 939
539 5579 934 5651 assignandas
986 5579 1328 5646 essepatet;
1377 5590 1454 5630 an
1509 5580 1565 5632 et
1617 5579 1911 5650 expeditio
1964 5579 2027 5634 in
2230 5583 2328 5635 148
2389 5579 2741 5638 Abodritum
2765 5585 2875 5651 pri:

378 5642 700 5697 Wucronin
727 5657 887 5700 anno
915 5649 1016 5702 935
1041 5645 1070 5700 ?
2230 5579 2352 5722 149)
2434 5668 2505 5707 .e
2552 5667 2738 5709 manu
2761 5669 2875 5710 sec.

451 5710 599 5781 (146)
641 5714 795 5770 Et—
847 5732 1102 5787 regnum
1149 5717 1345 5774 deleta
1391 5722 1550 5789 sunt,
1593 5731 1846 5790 quorum
1900 5717 2026 5777 loco
2205 5580 2352 5792 tuo)
2386 5667 2578 5780 gluttu
2605 5728 2657 5780 2.

451 5710 599 5781 (146)
641 5714 795 5770 Et—
847 5732 1102 5787 regnum
1149 5717 1345 5774 deleta
1391 5722 1550 5789 sunt,
1593 5731 1846 5790 quorum
1900 5717 2026 5777 loco
2205 5710 2352 5791 (150)
2387 5710 2578 5780 Maria
2605 5728 2657 5780 2.
