3874 6390
6 298 9 327 π
74 289 166 343 501
778 284 863 338 Π
902 282 1246 340 ιΑΠΒΕΒτι
1276 279 1849 337 ASCHAFNABURG.
1891 283 2068 339 PARS
2112 282 2391 339 ALTERA
2434 283 2767 342 GENUINA.
3377 289 3478 341 502

351 406 675 463 ANNALES
702 405 1435 463 WEISSEMBURGENSES.
2286 408 2635 464 LAMBERTI
2674 410 3017 468 ANNALES.

139 502 261 554 930.
1900 496 2023 551 930.
2057 495 2415 552 Diothardus
2445 496 2641 553 senior
2677 498 2841 554 obiit.

137 912 259 965 931.
294 902 603 965 Heinricus
631 922 736 963 rex
768 904 1069 963 Abatritos
1094 900 1349 977 subegit.
1901 912 2024 988 931.
2059 906 2364 963 Heinricus
2394 922 2496 962 rex
2518 907 2819 965 Abotritos
2847 909 3101 979 subegit.

139 1144 263 1196 932.
300 1138 610 1195 Heinricus
633 1150 738 1194 rex
763 1137 875 1193 fuit
900 1135 963 1194 in
990 1136 1242 1194 Losicin.
1900 1142 2024 1194 932.
2057 1138 2240 1194 Diedo
2260 1138 2577 1210 episcopus
2603 1138 3162 1211 [Wirezeburgensis
3178 1146 3229 1197 3.
3258 1144 3312 1197 4.
3334 1147 3386 1199 5.
3405 1142 3483 1214 6.]

1800 1266 1805 1271 η
1830 1226 1977 1283 obiit
1995 1246 2008 1295 ;
2029 1227 2122 1282 cui
2134 1228 2513 1284 Burehardus
2530 1227 2722 1284 abbas
2743 1228 3156 1285 Herveldensis
3173 1230 3481 1287 successit.

137 1321 259 1374 933.
1900 1320 2023 1373 933.
2057 1316 2357 1387 Megingoz
2380 1316 2570 1375 abbas
2599 1317 3013 1375 Herveldensis
3043 1318 3266 1376 electus
3300 1324 3407 1376 est.

136 1535 260 1590 934.
314 1528 621 1588 Heinricus
676 1547 781 1587 rex
811 1530 873 1587 in
920 1528 1251 1587 Wocronin
1289 1544 1427 1585 cum
1465 1526 1725 1585 exercitu
1902 1534 2025 1588 934.
2060 1529 2366 1587 Heinricus
2389 1546 2492 1587 rex
2522 1531 2842 1587 Wucronin
2881 1545 3018 1588 cum
3071 1531 3331 1587 exercitu
3352 1531 3478 1589 fuit.

60 1623 188 1679 fuit.

131 1841 260 1894 935.
1900 1838 2023 1890 935.

131 1930 236 1983 936
268 1927 658 1997 (935).Magna
681 1923 931 1979 sinodus
956 1922 1063 1977 fuit
1086 1922 1146 1977 in
1168 1920 1721 1995 Erpesfurt.Eodem
1900 1926 2001 1979 936
2031 1922 2193 1995 (935).
2222 1922 2367 1993 (151)
2408 1923 2618 1991 Magna
2679 1920 2949 1995 synodus
2978 1921 3086 1979 fuit
3121 1923 3183 1978 in
3231 1923 3480 1996 Erphes—

59 2030 225 2073 anno
258 2012 568 2071 Heinricus
594 2026 700 2069 rex
724 2011 871 2070 obiit
902 2031 915 2081 ;
949 2010 1045 2068 cui
1071 2010 1227 2067 ﬁlius
1253 2009 1381 2083 ejus
1426 2011 1556 2067 Otto
1586 2023 1720 2066 suc-
1829 2011 1946 2067 furt
1969 2012 2135 2083 (152).
2176 2010 2396 2067 Eodem
2454 2026 2614 2068 anno
2666 2011 2972 2069 Heinricus
3000 2028 3103 2070 rex
3132 2012 3278 2069 obiit
3303 2030 3318 2081 ;
3385 2014 3481 2071 cui

60 2104 261 2164 cessit.
1828 2100 1985 2159 filius
2014 2103 2144 2174 ejus
2176 2104 2307 2159 Otto
2338 2102 2643 2159 successit.

126 2750 233 2806 937
262 2745 438 2819 (936.)
468 2743 599 2803 Otto
628 2759 734 2800 rex
762 2741 872 2799 fuit
894 2742 955 2798 in
988 2739 1359 2798 Horoll‘esfelt
1390 2758 1405 2809 ;
1450 2742 1507 2797 et
1535 2738 1716 2797 eccle-
1896 2745 1997 2797 937
2021 2742 2187 2813 (936).
2212 2742 2341 2797 Otto
2371 2756 2474 2797 rex
2528 2740 2635 2796 fuit
2662 2740 2722 2796 in
2755 2739 3193 2795 Herolfesfelde.
3250 2738 3476 2797 Eodem

51 2840 144 2896 sia
171 2837 369 2895 sancti
391 2834 679 2892 Bonifacii
706 2838 916 2891 exusta
940 2836 1045 2889 est.
1825 2846 1986 2887 anno
2015 2830 2265 2887 ecclesia
2294 2830 2485 2887 sancti
2510 2829 2794 2887 Bonifacii
2824 2834 3033 2884 exusta
3063 2833 3169 2884 est.

115 3591 227 3645 938
261 3585 432 3656 (937).
465 3581 846 3639 Eberhardus
888 3593 1093 3637 comes
1135 3578 1495 3645 Heinricum,
1521 3576 1713 3634 ﬁlium
1891 3580 1995 3634 938
2025 3578 2170 3647 (937.
2206 3577 2583 3633 Eberhardus
2613 3591 2815 3632 comes
2863 3574 3225 3639 Heinricum,
3281 3572 3471 3630 ﬁlium

42 3675 316 3734 Heinrici
346 3672 521 3743 regis,
553 3676 798 3744 captum
828 3670 1077 3743 projecit
1103 3669 1165 3725 in
1185 3668 1443 3725 vincula.
1820 3667 2075 3723 Heinrici
2103 3667 2278 3737 regis,
2302 3670 2546 3737 captum
2563 3665 2812 3738 projecit
2840 3665 2901 3719 in
2924 3663 3182 3719 vincula.

113 3773 226 3826 939
257 3764 433 3837 (938).
468 3762 754 3819 Eberhart
776 3764 833 3818 et
862 3759 1187 3831 Sigibertus
1217 3757 1395 3814 occisi
1421 3762 1578 3813 sunt.
1889 3761 1993 3814 939
2018 3758 2189 3827 (938).
2220 3755 2596 3812 Eberhardus
2625 3759 2682 3811 et
2707 3754 3048 3811 Gisilbertus
3092 3752 3268 3809 occisi
3308 3756 3467 3809 sunt.

1819 3844 2180 3902 Hildibertus
2229 3842 2717 3916 archiepiscopus
2760 3840 3256 3913 Mogontiacensis
3298 3839 3467 3910 obiit,

1817 3934 1915 3993 cui
1940 3934 2268 3993 Fridericus
2294 3933 2601 3992 successit.

103 4534 247 4592 940.
1888 4527 2012 4581 940.

104 4626 249 4682 94η.
1886 4617 2011 4671 941.

98 5003 241 5059 942.
1884 4990 2011 5045 942.
2067 4987 2347 5044 Dedicata
2400 4989 2490 5041 est
2535 4983 2788 5043 ecclesia
2832 4983 3023 5041 sancti
3072 4982 3370 5041 Maximini
3404 4982 3467 5039 in

94 5182 239 5238 943.
276 5169 539 5227 Sinodus
566 5169 646 5227 ad
669 5169 946 5227 Bunnam
975 5168 1338 5237 congregata
1364 5168 1471 5221 est.

1813 5080 2321 5240 Ἰτξζξῗιέξτηοᾱιιε
2337 5162 2419 5224 ad
2446 5163 2724 5223 Bunnam
2747 5166 3113 5237 congregata
3146 5165 3252 5220 est.

94 5269 241 5328 944.
1883 5258 2007 5313 944.

88 5704 271 5849 (ιδίζ
292 5698 741 5765 DCCCCXXXVI.
772 5702 825 5765 3.
853 5699 1074 5830 νειίῖηιί
1101 5703 1204 5761 935
1232 5701 1528 5765 indicant.
1567 5777 1580 5789 θ

90 5785 244 5849 (452
331 5771 398 5830 In
436 5786 561 5847 qua
610 5772 742 5830 Otto
806 5786 911 5830 rex
940 5777 1161 5833 eectus
1221 5779 1329 5835 est.
1386 5774 1468 5835 Cf.
1517 5777 1618 5836 Vit:

630 5698 741 5828 ξγι.
772 5702 825 5765 3.
853 5699 1074 5830 νειίῖηιί
1101 5703 1204 5761 935
1232 5701 1528 5765 indicant.
1567 5777 1580 5789 θ
2064 5780 2076 5793 .
2151 5782 2160 5794 ⁸

658 5773 742 5830 tto
806 5786 911 5830 rex
940 5788 972 5831 e
996 5777 1161 5833 cetus
1221 5779 1329 5835 est.
1386 5774 1468 5835 Cf.
1517 5777 1708 5838 Vitam
1817 5780 1875 5837 S.
1903 5778 2160 5842 Matlnldi

90 5771 271 5860 @52)
331 5771 398 5830 In
436 5786 561 5847 qua
610 5772 742 5830 Otto
806 5786 911 5830 rex
940 5771 1161 5833 electus
1221 5779 1329 5835 est.
1386 5774 1468 5835 Cf.
1517 5777 1708 5838 Vitam
1817 5780 1875 5837 S.
1903 5778 2215 5842 Mathildis.
