3958 6408
408 279 513 332 503

710 398 1037 454 ANNALES
1068 394 1713 452 HILDESHEIMENSES

460 491 584 545 945.
614 488 815 557 Legati
847 487 1173 542 Grecorum
1228 486 1522 540 venerunt
1559 481 1637 537 ad
1659 495 1863 550 regem
1895 480 2050 536 Otto-

388 593 530 635 nem
560 593 699 633 cum
729 574 1105 631 muneribus.

459 688 561 741 946
593 684 761 755 (947).
816 682 1020 738 Etheid
1043 681 1255 752 regina
1280 680 1427 737 obiit
1454 685 1509 749 7,
1542 677 1674 734 Kal.
1710 677 1876 735 Febr.

459 971 584 1025 947.

459 1146 584 1200 948.
621 1143 877 1200 Sinodus
931 1142 1009 1198 ad
1063 1140 1474 1210 Engilenheim
1517 1143 1881 1209 congregata
1937 1142 2046 1207 est,

389 1233 485 1289 cui
512 1233 769 1289 Marinus
801 1231 1032 1301 legatus
1053 1228 1419 1303 apostolicus
1450 1228 1729 1301 presedit.

460 1325 584 1377 9-i9.
620 1320 975 1378 Cuonradns
1026 1320 1150 1375 dux
1182 1318 1295 1374 sibi
1345 1317 1633 1373 conduxit
1660 1317 1843 1372 ﬁliam
1894 1316 2049 1386 regis

389 1411 616 1467 Ottonis
643 1410 704 1465 in
734 1409 1150 1466 habitatricem
1187 1426 1199 1463 :
1247 1412 1305 1464 et
1356 1406 1559 1463 nuncii
1603 1409 1925 1464 Grecorum
1954 1423 2050 1462 ve-

386 1504 605 1555 nerunt
626 1499 893 1555 secundo
910 1498 989 1555 ad
1003 1514 1205 1570 regem
1220 1500 1495 1554 Ottonem
1516 1512 1657 1552 cum
1672 1496 2045 1553 muneribus.

458 1681 581 1734 950.
618 1676 842 1732 Bellum
869 1691 1163 1746 magnum
1188 1674 1413 1731 factum
1439 1678 1527 1730 est
1568 1673 1719 1730 inter
1745 1673 2048 1730 Bawarios

387 1772 444 1823 et
474 1764 784 1836 Ungarios.
1486 1818 1493 1825 κ

458 1861 583 1914 951.
615 1858 746 1913 Otto
772 1871 876 1911 rex
896 1855 956 1911 in
986 1853 1218 1911 Italiam
1256 1853 1534 1927 perrexit,
1567 1855 1624 1909 et
1652 1868 1789 1908 cum
1812 1866 1883 1908 eo
1914 1851 2046 1906 Liu-

385 1945 588 2002 dulfus
616 1944 775 2000 ﬁlius
803 1944 952 2015 ejus,
986 1948 1043 2000 et
1089 1943 1442 2001 Cuonradus
1495 1942 1639 2010 dux,
1697 1947 1877 2014 atque
1930 1940 2048 1996 Fri-

384 2036 656 2093 thuricus
689 2033 1180 2107 archiepiscopus
1205 2031 1711 2103 Mogonciacensis
1742 2030 2043 2088 eecclesiae.

386 2124 595 2196 Ibique
623 2124 753 2179 Otto
782 2138 888 2178 rex
918 2122 1241 2195 adquisivit
1268 2121 1380 2177 sibi
1426 2121 1506 2177 ad
1526 2121 1870 2177 societatem
1898 2118 2049 2175 Ada-

384 2212 652 2269 lheidam
676 2212 971 2281 reginam,
1005 2215 1063 2267 et
1114 2214 1518 2281 Berengerum
1546 2226 1751 2281 regem
1798 2209 1874 2265 de
1904 2211 2049 2265 Lan-

389 2301 678 2371 gobardi:
699 2302 811 2357 sibi
841 2301 1093 2372 subegit.
1278 2310 1281 2315 ·

462 2928 586 2981 952.

459 3016 584 3069 953.
622 3012 773 3068 Satis
798 3011 1017 3067 acerba
1038 3015 1096 3068 et
1146 3012 1404 3067 nimium
1462 3011 1719 3067 crudelis
1754 3010 2052 3068 dissensio

388 3088 593 3139 exorta
620 3088 708 3155 est
730 3082 882 3155 inter
913 3082 1479 3155 l.iudulfum,ﬁlium
1499 3083 1675 3155 regis,
1690 3087 1748 3138 et
1768 3087 2052 3155 patruum

388 3155 523 3234 ejus
555 3153 910 3234 Heinricum,
942 3154 1074 3225 ipso
1100 3171 1237 3234 rege
1266 3160 1470 3226 partes
1504 3153 1697 3234 fratris
1737 3153 1835 3234 sui
1882 3154 2051 3234 adju-

384 3230 563 3297 vante
600 3243 612 3288 ;
648 3225 987 3297 mansitque
1012 3242 1139 3297 per
1170 3225 1323 3297 duos
1379 3241 1574 3297 annos
1629 3225 1688 3280 in
1734 3225 2048 3297 incendiis,

386 3296 739 3368 caadibusget
762 3296 1353 3368 depbpulationibus,
1385 3296 1679 3368 multique
1710 3313 1832 3353 non
1854 3296 2051 3353 solum

386 3368 461 3423 de
490 3366 740 3441 populo,
773 3366 878 3422 sed
899 3366 1080 3423 etiam
1104 3367 1178 3441 de
1196 3366 1599 3441 optimatibus"
1615 3368 2046 3441 occubuerunt.

386 3438 511 3495 Hoc
533 3438 710 3494 etiam
743 3454 905 3494 anno
926 3438 1500 3507 Mogontia’obsessa
1528 3444 1633 3506 est,
1662 3445 1719 3495 et
1739 3440 2049 3496 castellum

385 3509 551 3584 quod
582 3509 874 3586 Rossadal
931 3512 1106 3586 (l53_)_
1138 3509 1485 3586 nominatur
1516 3529 1528 3579 ;
1562 3511 1907 3586 factumque
1959 3517 2052 3568 est

386 3581 683 3652 magnum
710 3581 937 3638 bellum
962 3581 1024 3637 in
1049 3581 1149 3637 illo
1180 3581 1333 3637 loco.

458 3675 583 3729 954.
616 3671 976 3728 Frithuricus
1021 3670 1509 3744 archiepiscopus
1559 3673 2049 3743 Mogontiacensis

387 3760 652 3816 ecclesiae
680 3759 845 3826 obiit,
869 3759 961 3814 vir
989 3775 1245 3815 summae
1268 3759 1658 3826 abstinentiae,
1683 3762 1742 3816 in
1764 3761 2049 3834 religione

388 3850 601 3903 sancta
629 3851 688 3902 et
712 3847 988 3903 doctrina
1017 3846 1310 3921 probatus
1335 3867 1347 3917 ;
1380 3853 1436 3904 et
1453 3849 1858 3923 Willihelmus,
1891 3850 2049 3908 ﬁlius

387 3935 567 4005 regis,
623 3936 911 3992 successit
938 3936 1000 3992 in
1027 3936 1231 3994 locum
1262 3954 1462 3996 suum.
1513 3939 1909 3997 Thiothardus
1932 3940 2048 4015 pia

389 4024 697 4080 memoriae
713 4024 1034 4100 episcopus
1060 4026 1205 4084 obiit
1234 4045 1248 4097 ;
1277 4027 1371 4084 cui
1426 4029 1692 4087 Otwinus
1746 4030 2047 4087 successit.

462 4117 586 4167 955.
612 4114 742 4169 Otto
774 4129 876 4169 rex
908 4116 1197 4186 Ungarios
1225 4133 1364 4173 cum
1390 4134 1616 4188 magno
1668 4119 1935 4191 periculo
1958 4119 2051 4175 sui

392 4216 763 4274 suorumque
785 4218 1013 4273 magna
1049 4208 1105 4259 et
1127 4209 1373 4262 cruenta
1412 4207 1555 4262 cede
1592 4207 1913 4280 prostravit
1945 4227 1958 4277 ;
1989 4208 2051 4263 in

388 4307 510 4363 quo
540 4295 743 4347 tamen
768 4292 925 4349 bello
952 4295 1303 4351 Cuonradus
1325 4296 1468 4365 dux,
1494 4314 1677 4368 gener
1703 4298 1882 4369 regis,
1913 4316 2050 4355 cum

390 4379 520 4436 aliis
545 4381 750 4436 multis
777 4383 1008 4438 occisus
1047 4390 1155 4441 est.
1192 4388 1257 4441 Et
1301 4387 1606 4443 Heinricus
1639 4388 1761 4443 dux
1785 4389 2053 4460 Bajowa-

388 4468 636 4537 riorum,
667 4469 846 4526 frater
881 4472 1038 4541 regis
1069 4474 1314 4540 Ottonis,
1345 4474 1510 4531 obiit.
1542 4479 1608 4533 Et
1644 4477 1857 4532 eodem
1891 4494 2052 4535 anno

389 4574 493 4613 rex
523 4560 654 4615 Otto
683 4559 1186 4632 periculosissime
1216 4579 1330 4620 con
1374 4566 1522 4637 (154)
1570 4567 1868 4624 Abotritos
1907 4583 2053 4623 con-

390 4648 557 4717 ﬂixit,
590 4665 745 4723 quos
781 4649 940 4707 ﬁlius
980 4657 1295 4711 matertere
1344 4655 1475 4726 ejus
1532 4656 1791 4728 Egberht
1844 4662 2054 4719 contra

387 4737 555 4794 illum
588 4741 990 4812 congregavit.

459 4902 583 4983 956.
618 4901 995 4983 Ruodbertus
1027 4902 1374 4983 'l‘_re_v_ericus
1431 4908 1936 4983 archiepiscopus,
1995 4919 2054 4971 et

387 4970 789 5051 Ijaldamarus
824 4974 1003 5051 abba
1055 4976 1361 5051 Fuldensis
1427 4970 1687 5038 coenobii
1751 4970 2047 5043 obierunt.

385 5042 612 5121 Quibus
638 5043 948 5121 Iieinricus
982 5048 1301 5121 episcopus
1325 5055 1381 5107 et
1410 5051 1585 5108 Hatto
1619 5054 1782 5111 abba
1806 5042 2054 5114 succes-

386 5116 724 5201 serunt-Alﬁ
758 5118 986 5201 eodem
1015 5116 1215 5177 'anno
1268 5121 1596 5201 Liudulfus,
1647 5126 1808 5182 ﬁlius
1864 5130 2046 5201 regis,

384 5187 644 5255 perrexit
665 5187 727 5246 in
758 5187 1009 5259 Italiam,
1035 5206 1294 5266 eamque
1320 5194 1573 5266 subegit.

458 5413 927 5507 (ξὲἒὶέρξξαιβι
949 5423 1012 5507 i2
1041 5426 1394 5507 praefectura
1419 5430 1793 5507 ςξιάρμδμιέε
1842 5434 2048 5507 circuli

384 5484 801 5620 galda’nétansis
840 5484 922 5548 in'
955 5484 1250 5567 Bajoaria.
1270 5484 1278 5485 ί
1300 5484 1393 5557 ίνῖ
1427 5484 1540 5560 Cl.“
1553 5484 1917 5561 ﬁed—alanti—
1931 5484 2047 5563 Mc:

454 5624 597 5764 (154)
628 5630 696 5687 ει.
724 5630 811 5689 ita
844 5636 1032 5694 eodem
1060 5642 1099 5696 ί.
1129 5657 1178 5699 e.
1211 5660 1351 5701 cum
1383 5645 1672 5704 abotritis.

482 5699 813 5764 ‘55)Uanu
838 5710 890 5763 2.
925 5708 1025 5764 Iu‘c
1052 5712 1320 5764 Liudam
1347 5723 1404 5764 et
1438 5719 1672 5764 Liuiam

1325 272 1583 327 ANNAL.
1618 265 2060 325 HILDESHEIM.
2090 266 2487 339 QUEDLIMB.,
2518 269 2899 327 WEISSEMB.

3726 273 3830 326 504

2435 396 2762 451 ANNALES
2799 392 3547 459 QIIEDLINBURGENSES.

2231 484 2354 537 9i5.

2232 678 2356 732 946.
2386 676 2558 732 Edith
2586 675 2814 745 regina,
2847 674 3196 731 contectalis
3226 674 3436 744 magni
3482 674 3712 731 Ottonis
3736 691 3829 731 re-

2162 765 2272 835 gis,
2304 781 2583 823 amarum
2613 765 2823 822 mortis
2851 765 3142 838 poculum
3195 764 3559 835 degustavit,
3610 765 3831 822 relictis

2157 860 2297 928 post
2327 872 2389 912 se
2419 856 2661 913 duobus
2676 855 2880 912 liberis
2914 854 3187 912 Liudolfo
3213 860 3271 912 et
3310 854 3646 928 Liutgarde.

2230 947 2354 1000 947.
2380 944 2758 1016 Privilegiam
2787 960 2824 1001 a
2844 959 3010 1018 papa
3038 943 3296 1017 Agapito
3315 934 3834 1014 Quedlinburgen-

2160 1032 2210 1089 si
2233 1034 2810 1108 congregationique
2839 1034 3030 1091 sancti
3082 1033 3330 1090 Servatii
3363 1032 3627 1090 defertur
3657 1034 3827 1105 (155).

2231 1127 2355 1180 948.
2389 1125 2669 1197 Synodus
2697 1124 2778 1181 ad
2831 1125 3241 1196 Eggilenheim
3294 1128 3661 1195 congregata
3717 1128 3829 1194 est,

2159 1213 2256 1268 cui
2282 1214 2540 1271 Marinus
2564 1215 2710 1288 (156)
2734 1214 2966 1286 legatus
2997 1214 3362 1289 apostolicus
3383 1213 3680 1287 prtesedit.

2230 1307 2353 1358 949.
2389 1304 2698 1360 Conradus
2751 1305 2875 1360 dux
2929 1304 3336 1373 Liutgardam,
3369 1304 3556 1360 ﬁliam
3600 1303 3831 1361 Ottonis

2157 1392 2313 1460 regis
2343 1397 2400 1448 et
2423 1393 2647 1461 Edittae,
2681 1393 2793 1450 sibi
2823 1394 2885 1449 in
2911 1410 3163 1452 uxorem
3187 1393 3375 1449 duxit.
3410 1393 3633 1449 Eodem
3663 1407 3829 1448 anno

2156 1486 2451 1538 venerunt
2504 1481 2774 1539 secundo
2830 1483 3035 1539 nuncii
3079 1485 3418 1539 Graecorum
3478 1481 3558 1537 ad
3620 1496 3828 1552 regem

2158 1572 2433 1627 Ottonem
2465 1589 2605 1628 cum
2632 1572 3007 1629 muneribus.

2228 1664 2352 1717 950.
2386 1662 2615 1718 Bellum
2644 1678 2939 1733 magnum
2993 1663 3219 1719 factum
3266 1667 3355 1718 est
3386 1662 3539 1718 inter
3564 1662 3828 1717 Bavaros

2156 1753 2214 1806 et
2245 1753 2537 1822 Ungaros.

2228 1843 2352 1914 951.
2382 1843 2646 1914 _Ott_o_rex
2675 1842 2934 1914 perrexit
2962 1842 3025 1897 in
3051 1841 3302 1914 Italiam,
3333 1845 3390 1914 e_t
3420 1856 3558 1914 cum
3590 1855 3663 1895 eo
3694 1838 3829 1909 ejus

2156 1910 2315 1985 ﬁlius
2341 1912 2642 1985 Liudolfus
2666 1910 2803 1985 pius
2832 1918 2890 1969 et
2919 1913 3229 1985 Conradus
3255 1910 3830 1985 audacissimus,ge-

2155 1998 2264 2057 ner
2291 1982 2480 2057 ipsius
2510 1981 2689 2057 regis;
2723 1989 2902 2057 atque
2958 1983 3291 2039 Fridericus
3332 1981 3830 2057 archiepiscopus

2157 2053 2658 2125 Moguntiacensis
2672 2053 2943 2111 ecclesiae
2984 2059 3456 2179 caeterorumqpe
3482 2053 3832 2109 innumera-

2157 2124 2294 2179 bilis
2322 2126 2642 2179 multitudo
2672 2142 2746 2179 ex
2773 2126 2940 2179 omni
2967 2141 3155 2179 regno
3185 2125 3357 2179 suo.I
3404 2124 3543 2179 ioue
3571 2123 3699 2179 inse
3720 2139 3832 2179 rex

2156 2123 2294 2197 bilis
2322 2126 2642 2183 multitudo
2672 2142 2746 2182 ex
2773 2126 2940 2197 omni
2967 2141 3155 2197 regno
3185 2140 3315 2181 suo.
3335 2123 3543 2197 Ibique
3571 2123 3699 2197 ipse
3720 2139 3832 2197 rex

2155 2196 2580 2253 invictissimus
2607 2200 2739 2254 Otto
2769 2194 3164 2254 Adelheidam
3193 2194 3488 2265 reginam,
3518 2194 3690 2250 vultu
3716 2194 3827 2250 de-

2157 2284 2386 2338 coram,
2415 2267 2664 2341 consilio
2688 2268 3029 2341 providam,
3063 2273 3120 2325 et
3144 2268 3424 2341 universa
3448 2282 3691 2322 morum
3716 2266 3829 2321 ho-

2122 2343 2388 2403 .nestate
2421 2339 2594 2395 valde
2649 2338 3023 2412 praeclaram,
3079 2343 3137 2395 et
3188 2338 3374 2412 regali
3399 2352 3659 2412 avorum
3680 2342 3828 2412 ata-

2158 2426 2494 2492 vorumque
2535 2408 2823 2493 prosapia
2850 2415 3065 2494 ortam,
3100 2408 3366 2492 conjuge
3395 2408 3825 2478 illustrissimo,

2158 2481 2697 2554 Lothariouscilicet
2732 2498 2894 2554 rege,
2935 2498 3072 2554 jam
3119 2485 3288 2554 tuncA
3310 2479 3643 2554 Viduatam,
3684 2495 3829 2554 con-

2157 2523 3543 2625 1111511111ἒίὺῖῗὶἶέώξδεῖοἱὲὶἙδῶωδάᾳῴε1ν11
3568 2571 3583 2621 ;
3628 2523 3737 2625 ’cuj
3745 2567 3824 2625 us

2158 2623 2633 2696 etiamuconsilio
2700 2640 2958 2694 regnum
3003 2620 3457 2696 Longobardiae,
3516 2620 3828 2696 quod

2156 2694 2536 2768 hereditario
2560 2693 2999 2768 jurecesserat,
3040 2693 3179 2768 cum
3233 2693 3559 2768 Beringero
3581 2693 3827 2768 tiranno

2158 2765 2367 2839 ditioni
2405 2783 2535 2839 suae,
2562 2764 2961 2839 'subjugatur.
2985 2764 2989 2765 ⁷
3014 2767 3239 2824 Eodem
3301 2764 3465 2824 anno
3489 2764 3824 2837 Heinricus,

2158 2836 2315 2893 ﬁlius
2347 2837 2600 2895 Heinrici
2626 2836 2818 2907 ducis,
2866 2842 3043 2896 natus
3073 2844 3180 2895 est.
3308 2846 3311 2849 ‘

2229 2928 2354 2981 952.

2230 3013 2354 3067 953.
2388 3013 2541 3069 Satis
2587 3014 2806 3072 acerba
2862 3021 2919 3071 et
2964 3016 3146 3072 nimis
3204 3014 3463 3072 crudelis
3528 3014 3827 3072 dissensio

2160 3087 2366 3159 exorta
2397 3089 2484 3159 est
2513 3085 2675 3159 inter
2722 3086 3083 3159 Liudolfum,
3144 3086 3336 3143 ﬁlium
3386 3086 3562 3156 regis,
3598 3091 3658 3159 et
3712 3103 3825 3159 pa-

2160 3158 2359 3235 truum
2405 3156 2534 3235 ejus
2577 3156 2939 3235 Heinricum,
2999 3159 3158 3235 ipso_
3188 3174 3327 3228 rege
3381 3163 3578 3235 partes
3627 3156 3827 3235 fratris

2161 3229 2252 3279 sui
2272 3229 2517 3296 juvante
2548 3246 2560 3295 ;
2595 3230 2936 3302 mansitque
3010 3229 3072 3285 ér
3123 3229 3277 3285 duos
3307 3229 3500 3286 annos
3538 3229 3599 3283 in
3628 3229 3830 3285 incen-

2159 3295 2290 3357 diis.
2325 3298 2592 3355 caedibus
2617 3304 2673 3356 et
2720 3247 3310 3357 deponuPationibus.
3353 3300 3647 3357 multique
3698 3316 3827 3357 non

2159 3316 2290 3363 uiis,
2325 3316 2592 3355 caecunus
2617 3316 2673 3356 et
2720 3316 3310 3375 aepopmanonmus,
3353 3316 3647 3373 multique
3698 3316 3825 3357 non

2159 3367 2355 3454 solum
2385 3370 2735 3454 de'populo,
2765 3373 2870 3428 sed
2895 3373 3077 3454 etiam
3124 3373 3199 3428 de
3220 3372 3611 3454 optimatibus
3642 3388 3825 3454 occuf

2159 3387 2355 3424 80mm
2385 3387 2459 3425 ae
2471 3387 2735 3497 1populo,
2765 3387 2870 3428 sed
2895 3387 3077 3429 etiam
3124 3387 3199 3428 de
3220 3387 3611 3454 optimatibus
3642 3388 3825 3428 occu-

2156 3437 2437 3514 buerunt.
2519 3458 2589 3498 oc
2620 3446 2801 3514 etiam
2828 3459 2990 3500 anno
3021 3446 3323 3514 Moguntia
3350 3443 3599 3500 obsessa
3627 3446 3736 3514 est,
3768 3447 3829 3500 et

2158 3510 2472 3588 castellum
2509 3513 2983 3588 qupd__Bosoda_l
3021 3510 3372 3588 nominatur
3405 3532 3419 3586 ;
3473 3510 3826 3588 factumque

2156 3585 2249 3637 est
2273 3584 2569 3654 magnum
2587 3584 2816 3642 bellum
2839 3586 2901 3642 in
2929 3586 3029 3644 illo
3059 3586 3213 3644 loco.

2229 3675 2353 3727 954.
2390 3673 2719 3731 Fridericus
2771 3676 3260 3751 archiepiscopus
3326 3676 3826 3747 Moguntiacensis

2158 3760 2421 3817 ecclesiae
2451 3761 2616 3831 obiit,
2650 3763 2740 3820 vir
2769 3781 3022 3821 summae
3050 3766 3444 3837 abstinentiae,
3476 3766 3538 3822 in
3586 3765 3828 3836 religio-

2157 3863 2233 3904 ne
2259 3855 2471 3908 sancta
2526 3856 2584 3908 et
2626 3852 2902 3910 doctrina
2953 3855 3291 3927 probatus;
3341 3860 3401 3913 et
3453 3855 3826 3924 Wilbelmus.

2156 3937 2315 3996 ﬁlius
2338 3941 2521 4013 regis,
2550 3944 2839 4001 successit
2864 3946 2925 4000 in
2953 3944 3157 4001 locum
3207 3962 3409 4004 suum.
3466 3945 3623 4003 Obiit
3674 3945 3830 4004 Liut-

2157 4029 2330 4099 gard,
2352 4030 2520 4101 regia
2550 4031 2771 4105 proles.

2230 4122 2353 4176 955.
2385 4121 2513 4177 Otto
2534 4138 2639 4178 rex
2666 4125 2935 4191 Ungaros
2988 4141 3128 4181 cum
3161 4139 3388 4198 magno
3416 4124 3685 4198 periculo
3730 4125 3829 4198 sui

2159 4206 2791 4269 suorumquemagna
2819 4200 2877 4251 et
2905 4201 3153 4269 cruenta
3193 4197 3356 4252 caede
3392 4196 3683 4269 postravit
3715 4196 3826 4269 ;_in

2158 4278 2283 4343 quo
2310 4266 2511 4343 tamen
2542 4265 2699 4343 b_ello_
2729 4267 3039 4343 Conradus
3094 4268 3236 4343 dux
3275 4265 3572 4343 cumqaliis
3619 4267 3828 4343 multis

2160 4338 2398 4407 occisus
2431 4341 2535 4391 est.
2563 4340 2629 4392 Et
2660 4338 2964 4393 Heinricus
2994 4339 3114 4393 dux
3140 4338 3829 4407 Bajowariorum,frater

2158 4405 2314 4480 regis
2346 4407 2775 4480 Oitonis,ohiit.
2811 4411 2973 4465 Cono
3023 4409 3147 4466 dux
3200 4405 3386 4480 fcrtis,
3437 4405 3692 4466 mortem
3720 4426 3830 4479 gu-

2161 4476 2333 4531 stavit
2358 4477 2435 4533 ab
2471 4479 2757 4548 Ungariis.
2789 4480 2901 4535 Sed
2923 4484 2979 4535 et
3007 4497 3111 4536 rex
3159 4483 3290 4538 Otto
3320 4476 3827 4548 periculosissime

2161 4552 2368 4625 contra
2398 4548 2719 4625 Abodritos
2745 4551 3028 4625 conflixit,
3079 4568 3233 4625 quos
3285 4548 3442 4609 ﬁlius
3488 4556 3828 4625 matertera;

2159 4618 2289 4689 ejus
2312 4620 2600 4693 Egbertus
2625 4627 2834 4678 contra
2870 4618 3039 4679 illum
3078 4618 3484 4693 congregavit.
3527 4623 3824 4693 Mechtild,

2160 4705 2404 4774 gemma
2424 4692 2751 4774 praelucida
2779 4694 2924 4774 (15ἶ)
2949 4710 2980 4749 e
3010 4692 3217 4774 medio
3259 4692 3519 4774 coronaa_
3537 4692 3826 4774 imperia;

2159 4761 2253 4835 lis,
2281 4761 2483 4835 decori
2512 4764 2635 4819 suis
2660 4769 2717 4820 et
2746 4761 2968 4835 gaudio
2995 4766 3224 4821 cunctis
3255 4767 3563 4824 nascendo
3589 4761 3821 4823 enituit.

2161 4833 2428 4889 Otwinus
2459 4833 2778 4909 episcopus
2808 4835 3139 4893 ordinatur.

2232 4926 2354 4978 956.
2384 4923 2709 4993 Liudolfus,
2736 4924 2897 4981 ﬁlius
2926 4926 3105 4995 regis,
3131 4926 3389 4999 perrexit
3413 4926 3823 4999 (I58)Italiam,

2159 5028 2415 5086 eamque
2447 5014 2658 5089 subegi
2704 5015 2959 5092 imperio
2983 5032 3112 5071 suo.

2155 5448 2281 5522 gia,
2313 5462 2473 5522 anno
2490 5452 2614 5505 949.
2642 5451 2962 5510 Mathildz
2988 5452 3278 5511 nativitas
3299 5466 3375 5508 ea:
3406 5450 3579 5507 Com.
3606 5451 3823 5522 Regio-

2155 5518 2251 5573 nis
2281 5518 2625 5589 adescripta
2653 5531 2814 5580 sunt.

2229 5590 2379 5730 (156)
2408 5591 2507 5647 Ita
2543 5596 2786 5650 correxi
2807 5596 3096 5652 Maximus
3127 5600 3180 5654 1.

2230 5663 2353 5727 (157
2408 5661 2475 5727 Q.
2499 5664 2587 5719 ita
2622 5667 2675 5720 2.
2708 5666 3022 5730 perlucida
3060 5671 3102 5723 1.

2230 5661 2375 5738 (157)
2408 5661 2475 5738 ρ.
2499 5664 2587 5719 ita
2622 5667 2675 5720 2.
2708 5666 3022 5738 perlucida
3060 5671 3102 5723 1.

2226 5730 2375 5806 (158)
2398 5734 2497 5793 Ita
2525 5730 2840 5804 emendavi
2868 5758 2884 5812 ;
2908 5739 3175 5814 respexit
3207 5740 3257 5796 1.
