3958 6408
409 261 511 315 607

716 385 1043 441 ANNALES
1083 383 1748 442 HlLDESHEIMENSES.

476 479 601 530 957.
639 473 949 529 Liudulfus
977 475 1036 529 in
1066 474 1230 530 Italia
1260 482 1533 530 mortuus
1564 481 1651 530 est
1678 493 1692 543 ;
1727 478 1783 530 et
1818 473 1958 530 inde
1989 473 2066 528 ad

404 561 766 631 Mogontiam
797 567 1254 636 transportatus,
1285 570 1341 621 et
1370 564 1448 620 ad
1471 568 1746 620 sanctum
1763 563 2066 620 Albanum

404 654 492 706 est
517 652 803 725 sepultus.

474 744 599 798 958.
635 741 883 813 Signum
913 740 1106 798 crucis
1137 741 1199 799 in
1227 743 1596 799 vestimentis
1615 743 1933 800 hominum
1963 758 2065 814 ap-

402 831 624 903 paruit,
655 831 766 887 illis
787 832 892 905 qui
951 832 1175 888 derisui
1213 833 1361 889 illud
1414 834 1745 905 habebant,
1806 834 2063 889 mortem

400 919 663 976 inferens
696 939 710 987 ;
737 921 851 977 illis
875 927 1076 978 autem
1102 923 1207 995 qui
1228 922 1322 995 pie
1371 927 1428 979 et
1454 923 1727 994 religiose
1774 922 1925 978 illud
1961 938 2063 977 ve-

401 1008 717 1080 nerabant,
743 1010 890 1066 nihil
918 1010 1062 1067 mali
1091 1011 1303 1067 intulit.

475 1103 599 1156 959.
614 1099 865 1170 Hagono
891 1100 1055 1157 abba
1079 1100 1315 1173 reliquit
1326 1100 1665 1157 dominium
1687 1100 1779 1155 sui
1794 1098 2059 1155 honoris.

472 1406 598 1459 960.
629 1406 930 1462 Venerunt
945 1405 1122 1476 legati
1152 1406 1380 1462 Rusciae
1413 1406 1606 1475 gentis
1639 1404 1718 1460 ad
1737 1419 1942 1475 regem
1971 1406 2062 1460 0t-

399 1495 625 1564 tonem,
657 1497 714 1549 et
745 1494 1048 1568 deprecati
1075 1499 1215 1550 sunt
1244 1511 1383 1550 eum
1416 1499 1482 1550 ut
1505 1495 1771 1568 aliquem
1814 1509 2061 1548 suorum

399 1581 827 1655 episcoporum
887 1585 1332 1649 transmitteret,
1374 1584 1478 1657 qui
1545 1585 1630 1640 eis
1722 1583 2065 1639 ostenderet

398 1670 562 1727 viam
591 1671 851 1730 veritatis
885 1692 898 1742 ;
932 1679 990 1730 et
1016 1673 1270 1747 professi
1301 1678 1441 1730 sunt
1469 1690 1529 1730 se
1588 1672 1739 1729 velle
1783 1671 2060 1728 recedere

397 1760 695 1832 paganico
719 1762 854 1826 ritu.
898 1768 953 1818 et
1008 1763 1277 1836 accipere
1331 1763 1682 1831 religionem
1737 1761 2064 1817 christiani-

398 1850 557 1906 tatis.
593 1853 660 1906 Et
713 1851 809 1908 ille
889 1853 1189 1908 consensit
1263 1851 1673 1926 deprecationi
1723 1867 1955 1921 eorum,
2005 1855 2062 1906 et

395 1940 1131 1998 transmisitAdalbertum
1145 1942 1500 2014 episcopum
1511 1941 1630 1998 ﬁde
1661 1941 2022 1997 catholicum
2044 1958 2057 2008 ;

398 2028 600 2100 illique
671 2046 777 2102 per
862 2031 1069 2086 omnia
1121 2031 1351 2086 mentiti
1413 2035 1572 2097 sunt,
1641 2030 1796 2085 sicut
1847 2034 2060 2102 postea

397 2121 645 2174 eventus
669 2119 754 2175 rei
783 2119 1078 2192 probavit.

469 2315 594 2367 961.
631 2313 745 2369 Isto
777 2329 938 2369 anno
963 2319 1252 2371 venerunt
1281 2315 1483 2371 nuncii
1513 2314 1593 2370 ad
1649 2330 1854 2384 regem
1903 2315 2057 2370 Otto-

397 2415 559 2470 nem,
587 2406 646 2458 et
673 2409 1044 2461 vocaverunt
1091 2421 1230 2460 eum
1282 2408 1534 2462 Romam
1572 2405 1635 2460 in
1688 2403 2056 2476 adjutorium

396 2491 689 2547 Johannis
737 2508 934 2565 papze,
983 2497 1049 2550 ut
1095 2493 1392 2565 mitigaret
1443 2493 1816 2549 severitatem
1875 2491 2055 2548 Adal-

395 2578 547 2636 berti
577 2582 757 2655 regis,
792 2599 980 2655 quam
1011 2585 1272 2640 exercuit
1297 2600 1477 2656 super
1505 2583 1946 2639 monarchiam.

467 2675 569 2727 962
598 2673 770 2745 (961).
803 2673 1023 2746 Illeque
1055 2674 1423 2747 apostolicus
1454 2678 1756 2743 gratanter
1793 2689 1932 2728 eum
1962 2690 2056 2728 su-

397 2761 603 2832 scepit,
637 2767 694 2818 et
717 2763 1047 2820 honoriﬁce
1102 2764 1413 2821 collocavit
1465 2779 1645 2835 super
1709 2763 2057 2819 cathedram

396 2852 730 2920 augustalis
762 2853 1157 2926 principatus,
1210 2854 1494 2927 auxitque
1552 2870 1736 2925 super
1763 2870 1902 2908 eum
1948 2869 2055 2908 au-

397 2941 693 3009 gustalem
722 2941 1224 3012 benedictionem,
1270 2949 1335 3000 ut
1387 2944 1712 3016 imperator
1763 2948 2057 3014 angustus

395 3035 714 3086 vocaretur
741 3036 800 3089 et
827 3037 985 3089 esset
1037 3035 1207 3105 (962.)
1239 3033 1525 3090 Guntheri
1551 3033 1714 3090 abba
1741 3033 1889 3091 obiit
1918 3051 1933 3102 ;
1961 3033 2058 3090 cui

397 3119 682 3178 successit
711 3120 1038 3192 Egillolfus.

466 3211 594 3264 963.
620 3210 744 3266 Hoc
763 3225 926 3268 anno
955 3225 1254 3268 manum
1286 3211 1559 3268 sinodale
1589 3211 1912 3268 concilium
1931 3211 2056 3268 fae-

395 3283 540 3356 tutn.
555 3285 642 3356 est
661 3284 851 3356 Bome
874 3283 938 3338 in
963 3282 1212 3339 ecclesia
1243 3282 1433 3340 sancti
1471 3282 1625 3339 Petri
1653 3301 1667 3350 ;
1688 3282 1892 3356 ibique
1909 3300 2058 3356 prag-

396 3348 630 3426 sidebat
652 3351 783 3426 Otto
812 3351 1137 3426 imperator
1156 3357 1470 3426 augustus,
1503 3348 1890 3424 cummag'na
1908 3348 2060 3411 inul-

396 3371 630 3407 SiueDaI
652 3371 783 3408 υῐιο
812 3371 1137 3426 imperator
1156 3371 1470 3480 augusrus,
1503 3371 1643 3410 cum
1662 3371 1890 3424 magna
1908 3371 2057 3411 mul-

395 3421 644 3496 titudine
677 3423 1123 3496 episcoporum,
1156 3426 1235 3482 ab
1284 3429 1470 3490 atum,
1501 3427 1966 3494 monachorum,
1986 3443 2057 3483 ac

398 3495 545 3569 (162)
577 3495 948 3569 clericorum.
981 3496 1221 3568 Illicque
1253 3498 1606 3552 Benedictus
1627 3513 1790 3569 papa
1811 3497 1890 3552 ab
1912 3514 2056 3569 apo-

395 3564 609 3640 stolica
632 3567 771 3640 sede
798 3567 1064 3637 dejectus
1091 3564 1198 3634 est,
1240 3584 1324 3640 eo
1342 3569 1506 3640 quod
1537 3564 1756 3639 injuste
1783 3564 2054 3625 vindica-

393 3635 948 3712 vit_s_ublimitatem
1010 3640 1263 3712 Romani
1313 3635 1567 3712 imperii,
1600 3635 1685 3694 'et
1736 3640 2054 3709 Adaldago

393 3708 846 3783 archiepiscopo
903 3711 1295 3783 commissus,»
1332 3708 1885 3783 in'Saxoniamque
1953 3708 2053 3767 die-

393 3775 887 3861 ductus—,illicque
917 3781 1105 3861 vitam
1134 3775 1350 3861 ﬁnivit.
1379 3784 1444 3836 Et
1471 3783 1532 3837 in
1563 3782 1694 3861 ipso
1727 3775 1889 3861 anno
1913 3799 2055 3839 seva

392 3851 723 3926 mortalitas
748 3851 1314 3926 invasit‘exercitum
1336 3851 1735 3926 imperat—oris,
1765 3859 1820 3926 et
1871 3855 1960 3926 in,
1982 3870 2056 3911 ea

391 3920 1214 4003 Eleinrnicushrchiepiscopus
1235 3920 1563 4003 Trevericag
1573 3924 1846 3994 civitatis,
1861 3925 2052 4003 etdux

396 3990 750 4068 Godefridus
761 3990 950 4049 vitam
958 3990 1367 4068 perdiderunt,
1392 3995 1688 4068 ceterique
1711 3990 2046 4068 non'pauci.

463 4010 946 4049 )ueiriausvuam
956 4010 1367 4118 perdiderunt,
1392 4010 1688 4068 ceterique
1711 4011 1834 4050 non
1833 4012 2046 4122 (pauci.

463 4065 588 4117 964.
623 4063 742 4144 Isto
767 4079 955 4147 anno.
1004 4066 1349 4147 erengarius
1380 4082 1482 4147 rex
1510 4066 1831 4147 .1_.angobar
1858 4084 2050 4147 orum

391 4132 680 4211 obsessus
709 4134 768 4211 in
792 4140 995 4211 monte
1028 4132 1214 4192 sancti
1247 4138 1475 4211 Leonis,
1505 4132 1707 4211 ibique
1734 4142 1952 4211 captus,
1996 4145 2052 4195 et

391 4217 532 4280 cum
553 4203 1074 4280 videductusuna
1110 4203 1513 4280 cumregin'a
1557 4203 1687 4280 ej'us
1741 4203 2050 4268 cohabita-

391 4274 532 4354 _t_ri_ce
561 4275 730 4333 Willa
747 4277 809 4354 in
835 4279 1179 4354 Bajoariam
1209 4279 1283 4336 ad
1316 4274 1630 4354 castellum
1676 4281 2048 4354 Bavenberg,

387 4346 595 4492 agape
623 4346 1022 4407 novissimum
1056 4351 1219 4408 diem
1271 4352 1581 4424 praesentis
1635 4353 1771 4410 vitm
1826 4346 2052 4412 dimisit

459 4493 584 4546 965.
616 4491 747 4565 Otto
788 4491 1113 4565 imperator
1165 4493 1238 4549 de
1289 4493 1709 4563 Langobardia
1754 4496 1919 4552 venit
1969 4497 2048 4552 ad

389 4563 834 4637 franconofort,
863 4563 920 4637 et
942 4564 1110 4621 illum
1138 4578 1367 4621 annum
1395 4565 1692 4637 integrum
1746 4567 1808 4622 in
1859 4581 2047 4637 regno

385 4633 693 4709 Saxonum
718 4635 1024 4704 manebat,
1055 4637 1413 4709 interimque
1443 4633 1654 4694 omnes
1694 4654 1836 4694 suos
1893 4633 2044 4695 adu-

385 4703 553 4778 navit
571 4705 651 4761 ad
674 4721 890 4778 pacem
921 4711 979 4764 et
997 4703 1076 4763 ad
1101 4703 1509 4765 concordiam.
1545 4712 1610 4764 Et
1636 4711 1799 4764 Brun
1823 4710 2048 4766 archie-

384 4774 1053 4853 piscopus—Agrippina;
1096 4779 1365 4853 civitatis,
1416 4779 1595 4836 frater
1642 4781 2041 4853 imperatoris,

382 4846 579 4903 vitam
601 4863 740 4921 cum
765 4846 922 4921 pace
953 4849 1159 4921 ﬁnivit.

457 4921 580 4995 966.
609 4919 1030 4995 Iterumtercia
1055 4921 1201 4995 vice
1233 4921 1380 4995 abiit
1423 4922 1939 4995 Ottoqimperator
1964 4924 2044 4980 ad

384 4987 635 5078 italiam,
660 4993 727 5078 iet
752 4991 894 5078 inde
909 4989 1130 5078 adiens
1167 4990 1600 5078 li‘minasancti
1618 4987 1810 5078 li’étri,
1835 4994 2044 5078 ibique

384 5060 506 5116 Deo
532 5065 825 5137 et_sancto
854 5065 1022 5118 Petro
1049 5063 1468 5137 supplicando,
1504 5060 1829 5134 gratiarum
1859 5060 2043 5122 actio-

383 5145 493 5186 nes
522 5131 802 5210 referens,
829 5149 900 5210 eo
930 5135 1097 5208 quod
1119 5131 1336 5192 cuncta
1365 5131 1532 5206 erga—
1555 5151 1696 5192 eum
1752 5152 2043 5210 prospero

386 5215 569 5258 cursu
597 5205 945 5261 egebantur.

457 5276 919 5351 βιβᾷ-..βρομιηο
938 5277 1269 5351 transmisit
1298 5277 1623 5351 imperator
1637 5278 1866 5351 legatos
1897 5296 2040 5351 suos

385 5343 464 5424 ad
495 5345 928 5424 Willihelmum
959 5343 1504 5424 archiepiscopum,
1538 5350 1595 5405 et
1615 5343 1864 5424 adfalios
1885 5350 2045 5424 prin-

385 5415 546 5495 cipes
575 5418 797 5488 ejus,ut
816 5420 1112 5495 Ottonem,
1133 5415 1526 5495 ﬁlium-suum
1542 5415 2045 5495 aequiyocurhque

385 5486 536 5558 ejus,
567 5486 706 5544 cum
737 5490 902 5546 omni
933 5486 1117 5561 regali
1172 5493 1456 5562 dignitate
1514 5486 1910 5564 pro’veherent
1946 5486 2044 5550 'ad

459 5754 607 5825 (162)
637 5754 706 5810 Il.
734 5771 815 5811 m.
847 5755 1332 5827 praepositorum,
1365 5757 1436 5814 cl.
1471 5759 1703 5816 Sazaw.

1335 261 1596 317 ANNAL.
1630 257 2080 317 HlLDESHEIM.
2113 255 2492 323 OUEDLIMB.
2523 257 2906 317 WEISSEIB.

2450 384 2781 441 ANNALES
2821 381 3558 450 QUEDLINBURGENSES.

2248 477 2371 528 957.
2429 473 2756 542 Liudolfus,
2815 474 2973 529 ﬁlius
3032 473 3257 530 Ottonis
3315 472 3493 542 regis,
3554 472 3614 528 in
3673 470 3839 528 Italia
3954 522 3958 528 .

2175 566 2450 619 mortuus
2482 568 2589 631 est,
2618 569 2674 620 et
2693 564 2833 620 inde
2863 565 2940 620 ad
2964 563 3334 633 Moguntiam
3376 566 3834 636 transportatus,

2175 653 2257 709 ad
2286 658 2562 710 sanctum
2587 655 2894 712 Albanum
2925 655 3196 728 sepultus
3229 658 3334 710 est.

2245 745 2369 800 958.
2407 741 2656 813 Signum
2677 743 2872 800 crucis
2898 742 2959 800 in
2980 742 3346 800 vestimentis
3377 741 3697 800 hominum
3737 759 3840 817 ap-

2173 832 2394 904 paruit,
2419 831 2532 888 illis
2553 833 2659 906 qui
2689 833 2910 891 derisui
2941 834 3091 890 illud
3120 833 3446 904 habebant,
3470 837 3730 890 mortem
3753 832 3838 889 in-

2172 916 2367 975 ferens
2401 939 2414 989 ;
2441 921 2556 977 illis
2585 923 2691 996 qui
2720 923 2817 997 pie
2847 928 2906 981 et
2934 924 3206 996 religiose
3259 924 3407 980 illud
3462 923 3840 981 veneraban-

2172 1010 2288 1076 tur,
2319 1009 2468 1067 nihil
2498 1011 2641 1070 mali
2670 1013 2885 1070 intulit.

2243 1103 2368 1156 959.

2242 1407 2367 1460 960.
2391 1406 2691 1462 Venerunt
2716 1406 2898 1478 legati
2923 1406 3152 1464 Ruscim
3183 1407 3376 1477 gentis
3404 1407 3483 1464 ad
3507 1421 3711 1477 regem
3743 1408 3836 1464 0t-

2169 1495 2394 1564 tonem,
2428 1496 2485 1550 et
2513 1494 2816 1567 deprecati
2849 1501 2988 1552 sunt
3016 1513 3154 1552 cum
3183 1500 3250 1552 ut
3279 1496 3543 1570 aliquem
3583 1511 3837 1552 suorum

2170 1582 2596 1655 episcoporum
2622 1586 3063 1656 transmitteret,
3086 1585 3284 1659 quieis
3310 1587 3651 1643 ostenderet
3667 1585 3836 1642 viam

2169 1673 2433 1729 veritatis
2457 1691 2472 1741 ;
2505 1678 2562 1729 et
2579 1675 2832 1748 professi
2865 1681 3005 1731 sunt
3029 1692 3090 1731 se
3113 1675 3264 1732 velle
3292 1676 3571 1732 recedere
3633 1692 3671 1732 a
3722 1692 3833 1748 pa-

2171 1762 2474 1832 ganismo,
2515 1769 2572 1820 et
2603 1765 2871 1838 accipere
2892 1781 3115 1821 nomen
3141 1769 3198 1820 et
3244 1765 3595 1835 religionem
3639 1765 3834 1822 chris-

2170 1851 2476 1909 tianitatis.
2506 1856 2573 1910 Et
2600 1853 2696 1909 ille
2729 1854 3034 1910 consensit
3061 1853 3467 1926 deprecationi
3510 1869 3747 1922 eorum,
3780 1858 3839 1909 et

2169 1941 2503 1999 transmisit
2522 1941 2915 1999 Adalbertum
2936 1943 3288 2015 episcopum
3298 1941 3417 1998 ﬁde
3445 1942 3834 1999 catholicum.

2169 2030 2375 2102 Illique
2403 2047 2510 2103 per
2563 2032 2770 2088 omnia
2821 2032 3052 2088 mentiti
3101 2036 3260 2100 sunt,
3306 2031 3456 2087 sicut
3497 2036 3706 2104 postea
3749 2035 3839 2090 rei

2165 2119 2447 2192 probavit
2476 2126 2725 2178 eventus
2751 2140 2764 2190 ;
2792 2122 2938 2194 quia
2965 2138 3077 2179 nec
3107 2123 3201 2178 ille
3230 2122 3547 2195 praedictus
3605 2123 3840 2194 episco-

2164 2225 2281 2282 pus
2309 2210 2497 2267 evasit
2527 2210 2744 2268 lethale
2769 2211 3104 2284 periculum
3147 2212 3226 2268 ab
3263 2211 3494 2267 insidiis
3523 2227 3756 2269 eorum.

2237 2320 2361 2372 961.
2387 2319 2686 2374 Venerunt
2708 2319 2910 2376 nuncii
2943 2319 3232 2377 Johannis
3289 2335 3486 2393 papae,
3545 2326 3836 2378 vocantes

2164 2405 2334 2461 illum
2362 2409 2634 2464 Romam.

2238 2657 2362 2710 962.

2238 3208 2362 3262 963.

2232 4077 2355 4130 964.

2228 4486 2355 4539 965.

2225 4930 2349 4985 966.

2226 5287 2350 5341 967.

2220 5763 2366 5834 (163)
2399 5765 2574 5820 Anno
2612 5767 2737 5822 966.
