3958 6438
66 294 197 350 509

380 422 705 479 ANNALES
746 419 1482 483 WEISSEMBURGENSES

147 531 287 582 957.
336 528 625 584 Liutolfus
676 530 735 585 in
768 530 930 587 Italia
976 537 1063 587 est
1092 509 1384 601 mortuus,
1419 538 1473 589 et
1502 534 1641 589 inde
1688 536 1763 591 ad

57 618 457 687 Mogontiam
488 624 783 691 portatus,
830 625 885 677 et
913 622 993 677 ad
1021 626 1300 679 sanctum
1347 623 1649 680 Albanum
1681 641 1766 680 se-

60 707 321 779 pultus.

147 818 287 871 958.
321 815 573 887 Signum
603 817 795 874 crucis
820 818 881 875 in
907 818 1274 875 vestimentis
1305 818 1603 893 apparuit.

149 1211 282 1263 959.
314 1208 657 1266 Patriarcha
685 1209 759 1266 de
789 1210 1059 1283 Aquileia
1087 1210 1245 1267 venit
1264 1210 1326 1267 in
1358 1211 1647 1267 Herisfelt.

147 1495 283 1549 960.

146 2439 273 2491 961.
302 2438 607 2491 Venerunt
632 2434 811 2505 legati
841 2435 1049 2491 domni
1089 2436 1402 2508 apostolici
1435 2437 1514 2493 ad
1544 2454 1749 2508 regem

72 2526 372 2592 Ottonem,
428 2530 485 2580 et
535 2530 905 2594 rogaverunt
933 2542 1072 2581 eum
1115 2529 1368 2583 Romam
1399 2543 1644 2599 pergere
1686 2528 1747 2583 in

71 2614 449 2683 adjutorium
472 2614 764 2669 Johannis
794 2630 989 2686 papae.

150 2812 276 2862 962.

145 3329 272 3382 963.

136 4061 258 4113 964.
294 4060 666 4126 Berengerus
693 4072 798 4111 rex
822 4056 1077 4112 obessus
1107 4061 1198 4112 est
1228 4057 1287 4112 in
1315 4062 1517 4113 monte
1550 4058 1741 4113 sancti

74 4147 297 4213 Leonis,
346 4146 553 4219 ibique
586 4150 797 4218 captus
827 4150 883 4202 et
933 4146 995 4202 in
1026 4146 1380 4216 Babenberg
1422 4147 1737 4203 deductus.

136 4364 256 4419 965.
292 4362 427 4418 Otto
475 4360 806 4433 imperator
836 4360 911 4416 de
962 4360 1129 4418 Italia
1172 4361 1527 4418 revertendo
1580 4362 1743 4418 venit

75 4451 147 4506 ad
178 4450 632 4508 Franconofurt.

139 4968 254 5023 966.
281 4968 417 5023 Otto
466 4964 798 5037 imperator
842 4966 1012 5023 tertia
1058 4966 1187 5022 vice
1242 4966 1321 5022 ad
1351 4965 1579 5023 Italiam
1609 4982 1741 5039 per-

76 5056 256 5125 gendo
282 5060 551 5113 Romam
580 5055 870 5127 pervenit.

134 5328 249 5382 967.

151 5715 265 5787 164)
297 5711 581 5787 primum
606 5712 660 5766 4.

151 5718 245 5771 164
297 5715 581 5787 primum
606 5715 659 5766 4.

151 5715 271 5860 165)
295 5786 487 5842 deest.
521 5784 574 5839 4.
607 5787 659 5839 5.

870 299 956 354 ΕΤ
980 294 1328 355 LAMBERTI
1350 298 1931 363 ASCHAFNABURG.
1957 310 2137 371 PARS
2166 318 2439 376 ALTERA
2461 322 2791 380 GENUINA.

3440 333 3545 387 510

2342 447 2688 504 LAMBERTI
2731 452 3074 509 ANNALES.

1946 551 2068 604 957.
2099 551 2403 609 Liudolfus
2438 555 2497 610 in
2530 556 2694 612 Italia
2742 564 2833 614 est
2874 564 3168 629 mortuus,
3202 566 3258 617 et
3290 562 3428 620 inde
3466 562 3545 621 ad

1873 638 2235 784 Mslgontiam
2279 647 2570 717 portatus,
2603 649 2660 702 et
2686 647 2766 703 ad
2806 653 3083 706 sanctum
3116 652 3419 709 Albanum
3450 672 3544 713 se-

1873 742 1915 784 D
1984 734 2100 784 tus.

1872 734 2100 799 pultus.

1943 841 2066 896 958.
2103 842 2349 912 Signum
2379 843 2571 899 crucis
2596 844 2657 900 in
2686 844 3058 903 vestimentis
3092 847 3394 920 apparuit.

1939 1222 2062 1275 959.
2120 1216 2394 1291 Hagano,
2443 1218 2637 1277 abbas
2693 1221 3130 1293 Herveldensis,
3182 1227 3538 1296 potestatem

1867 1324 2041 1363 suam
2070 1307 2307 1381 reliquit
2333 1308 2412 1365 ob
2442 1309 2851 1366 inﬁrmitatem
2878 1313 3149 1384 corporis
3180 1312 3273 1367 sui
3297 1331 3311 1381 ;
3344 1328 3539 1387 eoque

1864 1395 2119 1466 vivente,
2153 1397 2491 1453 Guntherus
2522 1398 2744 1454 electus
2770 1402 2858 1454 est
2888 1399 2949 1455 in
2975 1399 3177 1456 locum
3208 1401 3361 1472 ejus.

1935 1486 2057 1539 960.
2110 1487 2407 1542 Venerunt
2458 1484 2636 1557 legati
2693 1487 2919 1543 Rusciae
2964 1489 3154 1558 gentis
3201 1487 3279 1546 ad
3330 1503 3535 1560 regem

1864 1574 2137 1629 Ottonem
2190 1575 2355 1647 (164),
2408 1576 2823 1649 deprecantes,
2856 1581 2920 1632 ut
2968 1578 3232 1651 aliquem
3283 1595 3534 1635 suorum

1861 1662 2284 1736 episcoporum
2307 1665 2745 1733 transmitteret,
2776 1664 2881 1739 qui
2903 1667 3240 1724 ostenderet
3260 1667 3343 1724 eis
3368 1666 3533 1724 viam

1860 1752 2140 1808 veritatis.
2179 1753 2287 1819 Qui
2340 1754 2641 1810 consensit
2688 1755 3094 1827 deprecationi
3126 1773 3355 1824 eorum,
3403 1756 3533 1812 mit-

1861 1843 1990 1895 tens
2040 1840 2427 1897 Adelbertum
2457 1842 2811 1915 episcopum
2858 1843 2977 1899 ﬁde
3014 1844 3396 1916 catholicum,
3427 1845 3531 1917 qui

1860 1929 2040 1985 etiam
2069 1931 2169 1985 vix
2198 1932 2389 1987 evasit
2418 1948 2636 1987 manus
2666 1948 2898 1988 eorum.

1931 2434 2052 2484 961.
2088 2433 2384 2485 Venerunt
2431 2430 2609 2499 legati
2639 2432 2848 2486 domni
2876 2431 3187 2503 apostolici
3217 2430 3295 2488 ad
3323 2446 3529 2501 regem

1859 2518 2153 2587 Ottonem,
2196 2526 2480 2575 vocantes
2527 2536 2666 2575 eum
2717 2522 2992 2589 Romam,
3040 2520 3102 2576 in
3158 2519 3526 2591 adjutorium

1855 2609 2143 2665 Johannis
2167 2623 2363 2683 papse.
2398 2608 2577 2665 Filius
2603 2611 2732 2681 ejus
2751 2612 2881 2667 Otto
2911 2610 3213 2666 secundus
3232 2610 3294 2666 in
3320 2624 3525 2682 regem

1856 2698 2100 2767 ungitur
2125 2696 2506 2770 Aquisgrani.

1928 2808 2049 2859 962.
2086 2806 2215 2862 Otto
2263 2821 2367 2860 rex
2396 2803 2652 2878 perrexit
2695 2807 2969 2875 Romam,
3015 2821 3275 2878 eumque
3310 2805 3526 2861 Johan-

1854 2910 1961 2949 nes
2018 2911 2182 2967 papa
2241 2893 2379 2966 (165)
2434 2896 2734 2964 gratanter
2786 2894 3138 2967 suscipiens,
3196 2892 3524 2951 honoriﬁce

1855 3000 2039 3055 supra
2088 2983 2438 3039 cathedram
2487 2980 2863 3053 augustalem
2911 2983 3129 3057 posuit,
3164 2987 3220 3040 et
3247 2981 3526 3040 benedic-

1854 3072 2012 3127 tione
2043 3077 2222 3145 atque
2275 3072 2721 3129 consecratione
2755 3090 2863 3128 sua
2892 3072 3318 3145 imperatorem
3366 3073 3520 3129 fecit.

1853 3162 2190 3217 Guntherus
2238 3160 2653 3216 Herveldensis
2712 3162 2856 3231 (166)
2916 3161 3108 3217 abbas
3166 3161 3313 3217 obiit
3360 3179 3373 3216 :
3430 3162 3527 3217 cui

1854 3249 2069 3320 Egilolf
2094 3251 2397 3307 successit.

1923 3343 2045 3395 963.
2095 3344 2309 3411 Magna
2352 3340 2623 3413 synodus
2670 3340 2828 3396 facta
2872 3345 2960 3396 est
3002 3344 3223 3409 Romae,
3263 3340 3359 3395 cui
3391 3342 3523 3397 Otto

1849 3430 2177 3502 imperator
2201 3430 2589 3502 praesidebat,
2622 3447 2761 3486 cum
2798 3424 3113 3488 multitude
3143 3446 3372 3499 magna
3400 3430 3522 3503 epi-

1852 3534 2196 3589 scoporum,
2248 3518 2562 3587 abbatum,
2612 3520 3015 3588 sacerdotum,
3048 3518 3403 3575 clericorum
3450 3535 3520 3575 ac

1850 3607 2334 3673 monachorum;
2377 3607 2579 3679 ibique
2637 3608 2902 3678 dejectus
2954 3613 3039 3663 est
3084 3608 3436 3664 Benedictus
3484 3625 3520 3664 a

1851 3696 1993 3751 sede
2024 3695 2372 3768 apostolica.

1920 4038 2043 4091 964.
2077 4036 2408 4105 Berngerus
2461 4052 2563 4091 rex
2588 4035 2838 4091 obessus
2870 4041 2957 4091 est
2986 4036 3046 4091 in
3091 4040 3294 4092 monte
3330 4036 3520 4092 sancti

1851 4125 2079 4192 Leonis,
2112 4124 2314 4197 ibique
2354 4130 2565 4198 captus
2608 4129 2787 4197 atque
2817 4126 2879 4180 in
2917 4125 3276 4196 Babenhurg
3304 4126 3519 4181 ductus

1851 4220 1941 4271 est
1970 4229 2109 4271 cum
2138 4212 2320 4271 Willa
2349 4229 2535 4271 uxore
2564 4228 2693 4271 sua.

1921 4361 2047 4415 965.
2081 4359 2215 4414 Otto
2242 4357 2569 4431 imperator
2610 4358 2684 4414 de
2716 4358 2883 4415 Italia
2910 4359 3089 4415 venit.
3144 4361 3301 4415 Brun
3330 4357 3519 4413 archi-

1851 4447 2170 4519 episcopus
2212 4447 2604 4517 [Coloniensis
2628 4449 2682 4502 4.
2723 4453 2773 4502 5.
2807 4452 2859 4504 6.
2896 4454 2949 4504 et
2978 4465 3055 4503 m.
3089 4463 3208 4503 rec.
3240 4447 3320 4519 3.]
3348 4445 3514 4513 obiit,

1851 4535 1946 4591 cui
1980 4535 2321 4590 Folcmarus
2346 4535 2647 4591 successit.

1922 4966 2045 5017 966.
2075 4964 2209 5019 Otto
2239 4963 2564 5036 imperator
2587 4962 2759 5020 tertia
2784 4962 2910 5018 vice
2941 4964 3192 5017 Romam
3222 4959 3402 5017 venit.

1919 5338 2043 5390 967.
2091 5334 2222 5390 Otto
2262 5332 2586 5407 imperator
2617 5333 2768 5406 (167)
2797 5331 2958 5391 misit
3004 5332 3231 5405 legatos
3263 5352 3404 5393 suos
3434 5338 3515 5395 ad
3628 5366 3631 5367 ν

1847 5424 2281 5480 Willihelmum
2310 5423 2829 5495 archiepiscopum
2852 5428 2908 5479 et
2928 5423 3076 5480 alios
3101 5425 3424 5501 principes,
3448 5432 3515 5485 ut

1848 5516 2121 5571 Ottonem
2151 5514 2341 5569 ﬁlium
2364 5528 2541 5567 suum
2563 5528 2703 5567 cum
2727 5514 2892 5569 omni
2913 5514 3200 5585 dignitate
3228 5517 3415 5589 regali
3435 5518 3513 5574 ad

1913 5710 2067 5855 (166;
2098 5711 2278 5767 deest.
2316 5715 2366 5766 1.

1914 5785 2039 5851 (167
2092 5784 2150 5840 L.
2198 5783 2366 5841 deest.

1914 5783 2065 5851 (167)
2092 5784 2150 5840 L.
2198 5783 2375 5841 deest.
2429 5787 2479 5839 1.
2534 5786 2587 5839 4.
2646 5788 2698 5840 5.
