3958 6420
426 272 521 324 5H
1348 269 1609 323 ANNAL.
1642 265 2092 323 HILDESHEIM.
2129 264 2501 330 QUEDLINB.
2532 264 2923 324 WEISSEMB.

744 389 1075 445 ANNALES
1099 389 1766 447 HILDESHEIMENSES.

424 496 1122 579 Ιιδϋᾶω.“1ῌίοειμθ“ἱρεθ
1155 499 1285 553 Otto
1313 497 1512 553 senior
1547 498 1808 579 suscepit
1852 512 2012 579 eum,
2041 501 2099 552 et

427 567 911 650 secum_dedu1git
951 567 1205 650 Romam
1241 567 1875 650 ncommendavitque
1922 567 2097 650 illum

425 639 753 721 apostolico
782 638 1039 693 Iohanni
1069 638 1417 720 posteriore,
1441 645 1506 721 _ut
1527 639 1605 695 ab
1628 655 1698 695 eo
1721 638 2097 710 augustalem

424 710 903 791 benedictionem
948 715 1288 791 recepisset,
1326 716 1389 766 ut
1436 715 1765 791 Imperator
1801 715 2096 791 augustus

424 780 954 856 foretappellatus
1002 797 1038 837 a
1076 780 1324 851 cunctis,
1376 782 1480 856 qui
1523 780 1665 839 eum
1714 782 2099 852 agnovissent

422 853 603 909 veluti
634 852 806 923 pater
835 852 985 923 ejus.
1268 862 1271 867 '

495 926 600 980 968
624 922 1004 997 Wilihelmus
1036 923 1527 997 archiepiscopus
1556 924 1833 997 migravit
1856 940 1893 979 a
1932 939 2097 979 secu-

422 995 502 1052 lo.
536 994 844 1066 Egillulfus
890 994 1307 1051 Herveldensis
1356 994 1519 1051 abba
1566 994 1959 1051 transmissus
2005 999 2098 1051 est

424 1083 497 1123 ex
522 1065 691 1138 parte
722 1066 1097 1138 imperatoris
1126 1066 1200 1122 de
1234 1066 1416 1138 Italia,
1444 1070 1509 1122 ut
1535 1065 2097 1138 fratresiFuldenses

425 1136 863 1193 Wirinhariufn
894 1138 1175 1210 eligerent
1204 1138 1282 1193 ad
1317 1137 1621 1210 abbatem.
1656 1137 1922 1210 Indeque
1951 1136 2097 1210 adiit

424 1210 825 1291 Mogontiam,‘
853 1213 919 1263 ut
946 1208 1041 1264 ille
1074 1210 1296 1291 clerus”
1314 1209 1616 1291 simulque
1646 1212 1803 1291 totus
1822 1208 2096 1291 populus

424 1278 744 1335 Hattonem
774 1279 965 1335 virum
994 1279 1400 1335 venerabilem
1437 1278 1548 1336 sibi
1578 1278 2005 1336 constituerent
2034 1278 2096 1333 in

425 1351 743 1423 dominum
796 1349 1154 1423 pontiﬁcalis
1211 1351 1475 1407 honoris.
1536 1353 1606 1406 Et
1662 1351 1904 1423 eodemp
1934 1365 2096 1405 anno

421 1421 1314 1495 Adalbertusarchiepiscopus
1356 1422 1713 1478 constitutus
1755 1427 1847 1478 est
1892 1421 1955 1477 in
1980 1424 2096 1479 Ma-

425 1492 765 1548 nadabursr.

424 1507 765 1563 gaaanurg.

493 1585 617 1638 969.
648 1582 822 1638 Hatto
851 1581 1342 1655 archiepiscopus
1368 1582 1547 1652 obiit;
1595 1583 1691 1638 cui
1720 1582 2097 1638 Ruodbertus

423 1670 728 1726 successit.

491 1763 615 1815 970.
650 1758 958 1831 Egillulfus
992 1760 1155 1817 abba
1177 1760 1362 1828 obiit;
1395 1761 1493 1817 cui
1514 1759 1837 1816 Gozbertus
1866 1774 2098 1815 succes-

422 1848 517 1904 sit.

493 1937 620 1991 971.
668 1936 791 1992 Hoc
821 1951 982 1992 anno
1031 1941 1312 1992 exustum
1339 1941 1427 1993 est
1455 1937 1747 2010 palatium
1776 1936 1837 1993 in
1877 1937 2099 1992 Thorn-

419 2026 596 2095 burg.

492 2118 616 2170 972.
664 2113 859 2169 Ottoni
887 2112 1233 2185 imperatori
1277 2112 1503 2183 juniori
1543 2113 1703 2169 venit
1750 2112 2099 2186 imperatrix

423 2204 679 2256 Romam
721 2198 795 2254 de
838 2198 1351 2271 Constantinopoli
1386 2203 1472 2255 18.
1523 2197 1656 2254 Kal.
1710 2199 1838 2256 Mai.
1884 2203 2100 2255 octava

420 2303 641 2361 pascee.
673 2286 898 2343 Eodem
924 2302 1085 2342 anno
1125 2285 1286 2341 idem
1314 2288 1445 2343 Otto
1501 2286 1709 2357 junior
1736 2303 1877 2343 cum
1907 2286 2101 2343 senio-

421 2393 487 2435 re
514 2376 677 2433 venit
704 2377 779 2433 de
806 2376 994 2433 Italia.

492 2470 617 2523 973.
665 2468 796 2523 Otto
845 2465 1043 2522 senior
1091 2466 1417 2539 imperator
1471 2482 1612 2522 cum
1654 2465 1893 2537 juniore
1940 2466 2103 2523 venit

426 2556 959 2627 Quidelingaburg,
1001 2555 1207 2629 ibique
1247 2554 1702 2611 celebraverunt
1751 2557 1981 2629 pascha
2013 2561 2099 2613 IO.

425 2644 560 2703 Kal.
591 2646 827 2719 Aprilis,
861 2650 919 2703 et
946 2645 1086 2702 illuc
1115 2648 1409 2701 venerunt
1447 2644 1527 2700 ad
1555 2660 1657 2700 eos
1682 2644 1862 2715 legati
1892 2646 2103 2702 Greco-

422 2752 581 2807 rum,
614 2738 1192 2804 Beneventanorum,
1216 2734 1636 2807 Ungariorum,
1662 2735 2100 2806 Bulgariorum,

426 2828 754 2897 Danorum,
798 2824 1170 2891 Sclavorum,
1205 2839 1345 2879 cum
1390 2824 1569 2894 regiis
1599 2823 1954 2880 muneribus
1984 2842 1996 2880 :
2031 2841 2102 2881 ac

426 2928 553 2969 non
595 2913 774 2984 longe
818 2917 959 2986 post
1013 2914 1146 2968 Otto
1179 2911 1380 2967 senior
1427 2912 1564 2985 pius
1594 2913 1921 2986 imperator
1951 2918 2097 2971 Non.

429 3002 557 3057 Mai.
587 3001 735 3058 obiit
761 3020 773 3069 ;
803 3000 897 3057 cui
938 3000 1202 3056 domnus
1238 3002 1369 3056 Otto
1400 3002 1704 3057 successit.

538 3429 626 3482 74.
659 3426 966 3483 Heinricus
995 3426 1120 3482 dux
1150 3425 1624 3498 Bajowariorum
1666 3430 1757 3483 est
1784 3430 2017 3499 captus,
2046 3430 2104 3483 et

431 3514 512 3572 ad
533 3514 943 3587 Engilenheim
965 3516 1205 3571 missus.

539 4157 626 4208 75.
672 4151 969 4207 Hibernus
1018 4152 1128 4210 fuit
1167 4153 1407 4223 longus,
1447 4153 1661 4223 durus,
1704 4158 1761 4210 et
1804 4154 2016 4225 siccus,
2045 4157 2102 4209 et

430 4242 514 4299 Id.
549 4240 678 4297 Mai.
712 4256 937 4310 magna
989 4241 1091 4297 nix
1142 4242 1397 4310 cecidit;
1450 4260 1519 4299 ac
1569 4244 1630 4298 in
1675 4244 1888 4300 eodem
1938 4259 2100 4299 anno

428 4330 810 4388 Ruodbertus
864 4331 1353 4404 archiepiscopus
1397 4332 1561 4401 obiit,
1607 4334 1703 4389 cui
1768 4331 2099 4403 Willigisus

428 4414 734 4471 successit.

500 4506 624 4559 976.
667 4501 977 4559 Heinricus
1019 4503 1143 4559 dux
1178 4504 1668 4577 Bajowariorum,
1699 4522 1811 4563 sua
1839 4510 2099 4579 potesta-

427 4594 484 4647 te
549 4590 878 4664 depositus,
958 4595 1017 4648 et
1087 4592 1663 4662 excommunicatus,
1730 4593 1895 4665 degit
1956 4611 2097 4650 cum

431 4677 675 4735 Sclavis.

500 4770 625 4825 977.
659 4767 823 4824 Idem
854 4768 1163 4826 Heinricus
1195 4786 1335 4826 cum
1364 4770 1614 4826 consilio
1637 4770 1890 4827 minoris
1917 4770 2096 4827 Hein-

428 4856 534 4912 rici
582 4857 885 4913 Pataviam
932 4856 1230 4913 civitatem
1273 4857 1510 4925 invasit,
1560 4858 1765 4930 ibique
1798 4858 1876 4914 ab
1904 4857 2097 4931 impe-

428 4948 623 5002 ratore
647 4944 919 5015 obessus,
938 4950 995 5001 et
1014 4950 1256 5002 coactus
1282 4962 1409 5001 sese
1435 4946 1705 5003 subdidit
1726 4946 2094 5020 imperatori.

501 5253 939 5311 978.Heinricus
954 5257 1265 5329 quondam
1283 5256 1408 5313 dux
1423 5273 1563 5314 cum
1579 5258 1852 5316 Heinrico
1864 5259 2095 5317 minore

2486 392 2805 447 ANNALES
2835 389 3575 458 QUEDLINBURGENSES.

2275 926 2399 979 968.

2277 1588 2402 1641 969.

2275 1751 2401 1803 970.

2278 1932 2401 1984 971.

2277 2111 2401 2164 972.

2279 2470 2404 2523 973.

2211 3216 2682 3302 Hucusque
2744 3213 3143 3279 Annales
3216 3208 3630 3298 Herolfes

2280 3428 2405 3483 974.

2279 4162 2403 4214 975.

2278 4501 2401 4553 976.

2274 4784 2401 4838 977.

2274 5284 2399 5338 978.

3766 264 3871 316 512
