3958 6412
50 292 153 346 513

320 414 655 471 ANNALES
692 413 1447 471 WEISSEMBURGENSES.

120 929 245 983 968.
278 926 677 982 Willihelmus
706 925 1195 999 archiepiscopus
1227 926 1392 996 obiit,
1425 925 1521 982 cui
1552 928 1721 982 llatto

52 1017 359 1072 successit.

119 1537 241 1590 969.
277 1536 454 1590 Hatto
486 1532 976 1606 archiepiscopus
1006 1532 1186 1601 obiit;
1237 1533 1331 1601 cui
1362 1532 1716 1588 Ruotbortus

55 1617 357 1674 successit.

120 1710 241 1763 970.
285 1707 548 1779 Otgerus
596 1707 902 1777 episcopus
948 1707 1089 1779 (168)
1148 1706 1309 1762 obiit.
1360 1706 1716 1761 Baldericus

54 1792 356 1861 episcopus
385 1792 736 1847 ordinatur.

122 1883 241 1936 971.
284 1882 583 1937 Exustum
626 1884 683 1936 et
727 1879 1035 1935 famosum
1066 1878 1358 1951 templum
1389 1878 1451 1934 in
1497 1877 1719 1934 Thom-

58 1968 225 2039 burg.

122 2061 241 2114 972.
286 2058 527 2114 Domno
571 2058 769 2115 Ottoni
811 2057 1035 2129 juniori
1074 2057 1418 2131 imperatori
1446 2057 1630 2114 missa
1659 2062 1716 2114 et

58 2145 172 2202 ﬁlia
199 2146 583 2220 imperatoris
608 2145 683 2202 de
715 2146 939 2203 Grecia.

124 2434 241 2487 973.

61 3158 512 3236 feldenses
592 3161 1171 3240 pertinuisse
1252 3165 1707 3227 videntur.

124 3276 239 3329 974.
279 3275 553 3331 Domnus
581 3276 712 3331 Otto
751 3276 956 3346 junior
991 3276 1317 3349 imperator
1344 3278 1601 3352 perrexit
1632 3278 1712 3335 ad

62 3362 356 3419 castellum
403 3362 575 3436 quod
623 3363 837 3420 dicitur
886 3366 1139 3423 Bossuth
1171 3369 1337 3437 (169),
1372 3372 1428 3424 et
1465 3384 1708 3425 concre-

64 3451 234 3506 mavit
261 3452 428 3522 illud,
453 3457 636 3526 atque
659 3454 935 3510 custodes
964 3456 1357 3528 apprehendit
1384 3473 1710 3530 secumque

64 3537 313 3597 adduxit.

128 4146 242 4200 975.
284 4149 744 4225 Domnuswo‘tto
790 4150 1115 4225 imperator
1157 4153 1368 4211 habuit
1410 4171 1704 4225 magnum

66 4222 408 4300 conventum
548 4218 1340 4300 W_elm_are.'Eodem_anuo
1380 4218 1707 4300 imparath

67 4282 362 4367 Beheimos
387 4290 648 4367 vastavit
689 4297 746 4348 et
787 4295 1210 4364 concremavit,
1261 4301 1318 4353 et
1354 4282 1703 4356 revertendo

66 4359 210 4413 venit
232 4359 289 4417 in
319 4361 605 4418 Heristelt.
1198 4359 1206 4364 ⁷
1316 4384 1319 4387 ‘

128 4447 243 4503 976.

130 4678 243 4733 977.
285 4682 549 4738 Domnus
589 4685 721 4740 Otto
751 4683 1078 4758 imperator
1104 4706 1243 4747 cum
1281 4707 1507 4761 magno
1535 4708 1702 4749 exer-

69 4761 449 4852 cituperrexit
482 4770 563 4827 ad
592 4772 851 4842 Beheim,
884 4780 941 4833 et
969 4778 1301 4836 maximam
1333 4785 1565 4852 partem
1596 4785 1703 4837 ter-

68 4864 139 4905 ra:
164 4851 312 4911 illius
348 4862 769 4919 concremavit.

131 5189 245 5247 978.

132 5380 273 5519 (168)
313 5390 625 5462 Spirensis.

159 5457 269 5519 169)
309 5462 534 5519 Bossut.
568 5480 625 5519 οι

159 5457 269 5537 169)
309 5457 534 5537 Bossut,
568 5480 757 5537 prope
788 5467 842 5521 S.
877 5467 1164 5535 Ghislain,
1198 5468 1276 5524 ab
1300 5469 1524 5525 oriente
1557 5472 1705 5527 Con-

72 5520 392 5609 datiLhaud
418 5520 626 5604 procul
652 5520 1121 5609 a‘Caprimﬁdnte.

160 5599 275 5737 17οἶ
312 5599 487 5660 deest.
520 5610 568 5661 1.

162 5669 244 5723 171
310 5673 481 5731 deest.
515 5680 568 5733 4.

162 5669 272 5733 171)
310 5673 481 5731 deest.
515 5680 568 5733 4.

161 5740 275 5807 172)
314 5744 485 5803 deest.
514 5751 568 5804 4.
600 5753 651 5805 5.

136 5593 152 5805 ἓ

776 289 864 345 ΕΤ
904 286 1248 346 LAMBERTI
1286 282 1875 345 ASCHAFNABURG.
1918 284 2101 347 PARS
2140 291 2423 349 ALTERA
2464 294 2798 352 GENUINA.

3390 304 3494 357 514

2295 420 2638 475 LAMBERTI
2682 422 3027 477 ANNALES.

1832 522 2060 579 Italiam
2089 524 2405 581 mitterent.
2440 528 2630 592 Quem
2678 527 2808 600 ipse
2850 528 3207 601 suspiciens,
3241 533 3494 588 Romam

1830 613 2127 685 perduxit,
2149 619 2215 670 ut
2242 630 2404 687 papa
2428 616 2731 673 Iohannes
2757 616 3050 689 posterior
3068 618 3494 692 imperatorem

1831 704 2079 769 faceret;
2111 702 2277 776 quod
2304 708 2361 760 et
2386 703 2646 761 libentur
2678 705 2831 761 fecit.

1901 918 2024 969 968.
2060 914 2382 970 Willelmus
2414 916 2902 991 archiepiscopus
2934 920 3492 990 [Mongontiacensis

1828 1006 1880 1058 4.
1910 1009 1963 1059 5.
1997 1005 2077 1074 6.]
2106 1004 2270 1073 obiit,
2305 1005 2399 1060 cui
2445 1009 2611 1061 Hatto
2661 1006 2874 1076 [abbas
2907 1008 3217 1065 Fuldensis
3246 1015 3299 1067 2.
3330 1015 3382 1068 3.
3413 1013 3492 1083 6.]

1830 1093 2132 1148 successit.
2161 1093 2483 1150 Abbatiam
2508 1110 2650 1150 vero
2682 1096 2944 1168 suscepit
2973 1098 3363 1155 Wernherus.

1896 1526 2020 1577 969.
2062 1524 2233 1577 Hatto
2262 1522 2750 1596 archiepiscopus
2802 1527 3296 1595 Mogontiacensis
3341 1529 3487 1599 (170)

1824 1610 2004 1677 obiit;
2039 1611 2133 1666 cui
2168 1612 2482 1667 Rutbertus
2512 1614 2815 1670 successit.

1894 1703 2017 1755 970.
2053 1700 2336 1770 Egilolfus
2364 1702 2775 1758 Herveldensis
2796 1704 2987 1760 abbas
3010 1704 3188 1773 obiit;
3223 1705 3319 1761 cui
3350 1706 3491 1762 Goz-

1822 1784 2046 1842 berdus
2082 1788 2385 1844 successit.

1894 1880 1989 1931 971
2006 1920 2018 1931 .
2035 1879 2321 1934 Exustum
2334 1883 2422 1935 est
2432 1878 2739 1935 famosum
2752 1880 3043 1951 templum
3060 1880 3122 1937 in
3148 1881 3481 1955 Dornburg.

1893 2054 2015 2108 972.
2048 2054 2244 2111 Ottoni
2289 2055 2513 2125 juniori
2570 2056 2916 2128 imperatori
2969 2058 3153 2114 missa
3205 2060 3349 2131 (171)
3400 2065 3488 2117 est

1823 2142 1968 2213 (172)
1998 2143 2367 2215 Theophanu
2388 2144 2467 2200 ab
2489 2146 2847 2217 imperatore
2875 2146 2948 2200 de
2980 2147 3226 2203 Graecia.
3262 2148 3487 2204 Eodem

1821 2247 1984 2287 anno
2041 2234 2174 2287 Otto
2227 2232 2375 2304 (173)
2435 2234 2633 2290 senior
2685 2234 3013 2307 imperator
3070 2252 3208 2291 cum
3249 2236 3487 2307 juniore

1821 2319 2030 2373 Ottone
2060 2318 2134 2374 de
2167 2318 2331 2376 Italia
2352 2320 2610 2392 perrexit
2638 2322 2698 2376 in
2732 2322 3067 2379 Franciam.

1892 2409 2189 2483 9_7_3.__0_tto
2230 2408 2802 2483 imperatorsenior
2844 2427 2983 2466 cum
3035 2412 3271 2483 juniore
3324 2415 3487 2471 venit

1821 2477 2491 2555 Quidelinburg,_i_bique
2508 2480 2828 2537 celebravit
2852 2477 3126 2555 sanctum
3144 2485 3391 2555 pascha,
3424 2491 3485 2542 10

1821 2548 2125 2626 Kalendas
2137 2548 2372 2626 Aprilis.
2391 2548 2591 2626 Illucq
2599 2569 2668 2607 ue
2695 2558 2987 2626 venerunt
3003 2548 3182 2622 legati
3198 2548 3483 2626 plurima-

1819 2634 1955 2673 rum
1967 2619 2255 2689 gentium,
2268 2621 2333 2693 id
2351 2626 2439 2676 est
2464 2619 2894 2693 Romanorum,
2914 2619 3275 2692 Graecorum,
3298 2629 3480 2682 Bene-

1819 2694 2156 2766 ventorum,
2180 2691 2483 2766 Italorum,
2520 2691 2937 2763 Ungariorum,
2968 2691 3294 2766 Danorum,
3326 2698 3487 2753 Scla-

1820 2776 2056 2837 vorum,
2088 2761 2527 2837 Bulgariorum,
2560 2761 2739 2837 atoue
2786 2761 3141 2833 RusCorum,
3174 2761 3313 2822 cum
3357 2785 3484 2825 ma-

1820 2832 1952 2912 εξιίε
1984 2834 2357 2917 resecarina
2412 2832 3003 2917 Esdemfﬁnnqptto
3031 2837 3356 2917 imperator
3388 2856 3479 2917 εθ-

1818 2902 1956 2982 nior
1979 2903 2126 2959 obiit
2154 2904 2217 2982 iu_
2260 2905 2587 2982 Mimelieba
2627 2907 2806 2982 Nonis
2828 2907 2994 2982 Maii;
3042 2902 3322 2982 cuiﬁlius
3352 2912 3480 2982 ejus

1820 2973 1963 3050 (174)
1997 2975 2296 3050 secundus
2328 2978 2459 3031 Otto
2489 2978 2789 3050 successit.
2826 2979 3101 3050 [Sanctus
3128 2973 3481 3037 Oudalricus

1819 3045 2141 3119 episcopus
2178 3046 2326 3102 obiit
2354 3052 2404 3103 3.
2439 3048 2518 3118 5.]

1889 3280 2015 3350 974.
2046 3277 2369 3345 Heinricus,
2421 3278 2546 3350 dux
2592 3280 3020 3350 Bajoariorum,
3073 3286 3130 3338 et
3176 3282 3481 3339 Abraham

1818 3349 2139 3421 episcopus
2172 3366 2307 3404 cum
2345 3349 2732 3406 Bolisclaione
2776 3356 2832 3407 et
2862 3352 3180 3408 Misichone
3220 3353 3481 3410 inierunt

1819 3420 2039 3497 contra
2069 3420 2493 3497 imperatorem
2522 3438 2779 3493 pravum
2811 3423 3146 3497 consilium.
3188 3428 3259 3479 At
3288 3425 3478 3497 impe-

1818 3494 1979 3545 rator
2009 3491 2107 3545 tali
2136 3492 2398 3564 nefando
2444 3491 2751 3563 comperto
2791 3493 3066 3564 consilio,
3096 3491 3480 3564 congregavit

1817 3576 2029 3635 omnes
2058 3560 2356 3635 principes
2386 3578 2545 3635 suos,
2580 3560 2636 3617 et
2659 3563 2805 3635 quid
2836 3564 2985 3635 inter
3014 3560 3249 3631 faceret,
3284 3560 3475 3620 consi-

1816 3631 2184 3704 lium‘petiit.
2233 3631 2342 3697 Qui
2372 3633 2665 3689 dederunt
2678 3631 2743 3688 —ei
2776 3634 3093 3689 consilium
3130 3641 3195 3690 ut
3225 3637 3479 3691 mitteret

1817 3701 2164 3787 a‘dmduce‘m
2226 3704 2547 3787 llenricum
2605 3708 2684 3787 et“
2717 3705 3066 3776 Bopponem
3120 3707 3475 3787 episcopum

1819 3774 1959 3849 (176)
1984 3778 2041 3828 et
2065 3772 2485 3849 Gebehardum
2510 3772 2821 3849 comitem;
2835 3772 3063 3849 eosque
3086 3772 3175 3832 ad
3188 3772 3475 3849 placitum

1815 3844 2085 3919 invitaret
2114 3860 2221 3919 per
2249 3844 2531 3919 edictum.
2566 3846 2717 3911 Quid
2750 3846 2875 3919 sine
2906 3844 3209 3919 dilatione;
3231 3850 3349 3903 Deo
3374 3848 3476 3904 do-

1814 3922 2015 3981 nante,
2048 3915 2213 3971 dedit
2242 3932 2303 3971 se
2343 3916 2403 3971 in
2435 3921 2789 3989 potestatem
2820 3915 3215 3989 imperatoris.
3254 3920 3476 3975 Eodem

1814 4002 2057 4113 gugqlue
2082 4002 2243 4070 anno
2267 3988 2523 4059 perrexit
2554 3989 2877 4061 imperator
2906 3988 3115 4046 contra
3147 3991 3473 4047 Haraldum

1814 4075 1873 4113 1n
1948 4076 1977 4113 c
2003 4074 2245 4113 eoswm.

1813 4058 1873 4114 in
1908 4058 2245 4128 Séleoswig.

1886 4154 2008 4204 975.
2043 4150 2174 4205 Otto
2202 4148 2527 4221 imperator
2550 4148 2763 4205 habuit
2788 4166 3082 4220 magnum
3108 4157 3475 4208 conventum

1812 4238 1875 4295 in
1902 4240 2212 4295 Wehmare
2238 4240 2411 4309 (176).
2461 4238 2685 4295 Eodem
2730 4255 2892 4297 anno
2920 4241 3249 4315 imperator
3272 4243 3475 4299 Behei-

1812 4344 1947 4385 mos
1967 4328 2225 4386 vastavit
2250 4332 2309 4384 et
2338 4328 2741 4385 concremavit
2771 4330 2937 4403 (177).

1883 4457 2007 4511 976.
2044 4455 2190 4528 _(_)tto
2230 4452 2573 4528 imperator
2649 4454 2905 4528 perrexit
2975 4456 3055 4512 ad
3109 4456 3468 4528 Bajoariam,

1813 4529 1991 4607 atque
2032 4524 2385 4605 _Heinricum
2434 4524 2926 4607 ducem—expulit,
2974 4524 3289 4601 Ottonidue
3333 4524 3473 4585 duci

1812 4596 2151 4668 Bajoariam
2180 4596 2646 4653 commendavit.

1882 4690 2005 4758 977.
2049 4685 2377 4758 Imperator
2401 4701 2541 4758 cum
2569 4700 2796 4755 magno
2822 4686 3081 4742 exercitu
3107 4687 3364 4758 perrexit
3390 4687 3470 4745 ad

1812 4756 2229 4829 Beheimos,‘et
2253 4756 2583 4829 maximam
2612 4762 2845 4829 partem
2890 4762 3057 4829 terrae
3085 4756 3241 4815 illius
3270 4759 3470 4816 incen-

1810 4828 1911 4884 dio
1943 4828 2364 4901 concremavit.
2396 4828 2524 4901 Ipse
2550 4828 2793 4901 quoque
2821 4828 3125 4885 Heinricus
3159 4847 3299 4887 cum
3328 4831 3471 4888 alte-

1810 4914 1877 4954 ro
1910 4898 2179 4955 Heinrico
2226 4898 2592 4980 invaserant:
2610 4898 2924 4956 Baiowam
2954 4900 2970 4981 (
2982 4902 3120 4972 178).
3132 4901 3329 5027 iRuod
3357 4903 3469 4959 im-

1810 4975 2051 5027 perator
2078 4976 2145 5026 ut
2174 4970 2419 5027 audivit.
2451 4972 2731 5027 festinato
2778 4976 3102 5027 exercitum
3196 4989 3233 5027 ο
3263 4975 3465 5027 movit.

1810 4975 2051 5045 perator
2078 4976 2145 5026 ut
2174 4970 2419 5045 audivit,
2451 4970 2731 5045 festinato
2778 4970 3102 5045 exercitum
3132 4970 3233 5028 illo
3263 4975 3465 5045 movit,

1808 5041 2145 5114 urbemque
2174 5041 2425 5114 obsedit,
2460 5042 2512 5099 ei
2538 5042 2875 5114 Heinricum
2923 5042 3139 5099 ducem
3185 5045 3264 5100 ad
3294 5041 3467 5103 suam

1811 5112 2078 5181 graciam
2107 5113 2347 5184 recepit,
2379 5118 2559 5186 atque
2587 5113 2648 5169 in
2678 5114 2994 5169 Franciam
3022 5116 3299 5186 perrexit.

1881 5207 2005 5259 978.
2046 5202 2140 5258 Ad
2168 5202 2591 5275 imperatorem
2640 5205 2913 5260 Ottonem
2943 5203 3106 5259 venit
3151 5204 3213 5260 in
3240 5205 3470 5278 pascha

1914 5399 2036 5470 173)
2074 5400 2251 5455 deest.
2286 5404 2333 5455 1.
2368 5406 2419 5455 5.

1914 5475 2033 5525 174)
2074 5471 2251 5525 deest.
2284 5476 2336 5525 2.
2372 5476 2422 5527 6.

1884 5544 2035 5609 (175)
2076 5541 2608 5610 Wirzburgensem.

1888 5617 2036 5680 (176)
2076 5612 2347 5667 Weimar.

1914 5689 2034 5752 177)
2074 5688 2131 5739 et
2160 5700 2208 5737 c.
2242 5685 2455 5740 desunt
2487 5688 2538 5741 4.

1914 5689 2034 5752 177)
2074 5688 2131 5739 et
2160 5700 2208 5737 c.
2242 5685 2311 5739 de

1883 5684 2033 5827 $178)
2072 5758 2311 5811 Passau.
