3874 6384
483 259 587 316 515

797 379 1120 437 ANNALES
1160 379 1824 437 HlLDESHElMENSES.

487 494 544 549 et
571 490 861 576 Ekbertus
889 505 1090 549 comes
1113 490 1290 560 jussu
1320 489 1695 562 imperatoris
1724 490 2140 564 comprehensi

489 584 629 638 sunt
675 584 733 640 et
768 578 943 638 exilio
991 578 1277 651 deputati.
1328 578 1552 638 Eodem
1611 595 1772 639 anno
1820 580 2142 652 imperator

489 683 627 723 cum
657 683 882 738 magno
903 669 1164 725 exercitu
1182 667 1678 740 Galliamjinvasit
1702 685 1773 728 ac
1792 669 2135 731 devastavit.

555 901 679 954 979.
722 898 1040 955 Inﬁdelitas
1085 899 1329 954 Geronis
1375 898 1608 954 comitis
1654 915 1761 973 per
1790 899 2138 956 Waldonem

486 985 789 1058 publicata
815 991 904 1044 est
933 1004 945 1042 :
995 988 1153 1042 unde
1183 991 1240 1043 et
1267 987 1380 1059 ipsi
1413 991 1578 1043 extra
1612 987 1912 1046 civitatem
1942 991 2137 1057 Maga-

487 1075 723 1146 daburg
749 1075 810 1130 in
837 1091 1056 1148 campo
1079 1078 1248 1146 juxta
1274 1075 1512 1132 Albiam
1541 1077 1912 1143 dimicantes,
1945 1077 2024 1132 ab
2055 1077 2140 1132 in—

485 1164 678 1220 vicem
706 1165 991 1220 interfecti
1023 1170 1196 1232 sunt;
1250 1168 1308 1220 et
1355 1163 1432 1220 ad
1472 1164 1747 1223 ultimum
1778 1164 2138 1222 inﬁdelitatis

485 1267 622 1308 reus
643 1253 791 1309 Gero
813 1269 1013 1309 comes
1039 1252 1366 1308 decollatus
1389 1257 1494 1308 est.

556 1343 678 1396 980.
722 1340 1028 1396 Lotharius
1056 1357 1157 1396 rex
1197 1357 1335 1395 cum
1379 1339 1617 1409 magnis
1661 1336 2013 1392 muneribus
2060 1335 2138 1391 ad

485 1428 904 1500 imperatorem
936 1429 1201 1498 veniens,
1235 1445 1361 1484 sese
1409 1444 1548 1484 cum
1595 1425 1718 1482 ﬁlio
1761 1443 1869 1481 suo
1901 1424 2140 1496 subjicit

482 1517 773 1574 voluntati
802 1517 1206 1590 imperatoris;
1249 1521 1307 1573 et
1333 1517 1548 1574 eodem
1578 1531 1739 1572 anno
1769 1514 2006 1570 firmata
2033 1529 2138 1586 pa-

484 1621 549 1661 ce
574 1605 898 1679 imperator
927 1607 1154 1663 Italiam
1181 1607 1526 1678 penetravit.

552 1697 675 1750 981.
718 1698 1046 1766 Imperator
1071 1695 1302 1766 pascha
1326 1694 1648 1750 celebravit
1678 1693 1884 1748 Rome.

553 1979 675 2031 982.
719 1977 850 2032 Otto
906 1975 1229 2049 imperator
1287 1975 1578 2050 pugnavit
1633 1974 2136 2049 periculosissime

484 2069 690 2122 contra
715 2067 1071 2120 Sarracenos
1097 2065 1158 2119 in
1190 2063 1579 2121 Calabrorum
1610 2064 1902 2137 partibus,
1934 2064 2137 2136 ibique

484 2168 606 2208 non
637 2153 815 2226 pauci
838 2152 912 2208 de
938 2153 1326 2226 optimatibus
1357 2153 1786 2209 occubuerunt.
1820 2154 1887 2208 Et
1916 2152 1976 2208 in
2002 2152 2136 2224 ipso

485 2256 646 2298 anno
677 2243 827 2310 Otto,
858 2241 981 2297 dux
1021 2241 1509 2313 Bajowariorum,
1544 2241 1710 2298 obiit.

553 2528 676 2582 983.
717 2524 1045 2596 Imperator
1076 2525 1296 2578 Verone
1345 2522 1632 2594 placitum
1671 2521 1903 2585 habuit,
1933 2521 2137 2594 ibique

484 2609 784 2666 Heinricus
814 2610 1012 2665 minor
1054 2615 1127 2664 de
1159 2610 1333 2665 exilio
1365 2611 1599 2680 ductus,
1626 2609 1749 2665 dux
1781 2609 2135 2681 Bajowario-

483 2716 618 2757 rum
647 2698 932 2757 constitus
961 2702 1066 2755 est.
1119 2700 1187 2755 Et
1216 2698 1429 2754 eodem
1475 2714 1635 2756 anno
1663 2697 1856 2754 Sclavi
1884 2698 2134 2755 rebelles

483 2788 670 2846 effecti
700 2791 857 2847 sunt.
909 2788 992 2844 Ac
1025 2802 1146 2842 non
1189 2787 1366 2856 longe
1417 2791 1554 2858 post
1583 2791 1634 2842 8.
1671 2786 1754 2843 Id.
1798 2787 2138 2844 Decembris

483 2880 615 2936 Otto
644 2875 1109 2947 benignissimus
1157 2876 1481 2948 imperator
1516 2875 1682 2943 obiit,
1715 2875 1838 2932 ﬁlio
1876 2881 1933 2932 et
1969 2876 2136 2948 equi-

481 2982 634 3023 voco
663 2967 793 3036 ejus
820 2980 1007 3035 regna
1035 2963 1397 3036 relinquens.

555 3057 678 3110 984.
722 3051 956 3107 Filiolus
1003 3051 1397 3123 imperatoris,
1429 3052 1643 3107 tercius
1675 3051 1946 3107 videlicet
1984 3054 2135 3121 Otto,

485 3159 592 3217 per
621 3141 964 3198 unctionem
993 3140 1302 3207 Johannis,
1345 3141 1706 3196 Ravennatis
1749 3141 2137 3212 archiepisco-

485 3229 565 3302 pi,
599 3227 956 3300 Aquisgrani
983 3227 1044 3284 in
1074 3228 1168 3284 die
1194 3228 1408 3285 natalis
1455 3229 1689 3286 Domini
1719 3235 1931 3287 unctus
1961 3235 2047 3286 est
2073 3231 2133 3286 in

483 3335 706 3387 regem.
749 3317 861 3372 Sed
911 3322 1135 3388 postea,
1188 3323 1495 3389 comperta
1539 3334 1684 3373 nece
1739 3319 2131 3390 imperatoris,

486 3407 787 3463 Heinricus
826 3406 1136 3479 quondam
1169 3407 1291 3461 dux
1322 3407 1395 3462 de
1436 3406 1610 3463 exilio
1638 3424 1962 3477 regressus,
1995 3425 2133 3464 cum

485 3496 599 3554 sibi
640 3495 977 3553 faventibus
1005 3495 1395 3568 Agrippinam
1429 3495 1726 3553 civitatem
1775 3497 2031 3566 intravit,
2065 3514 2133 3554 ac

480 3601 685 3656 regem
712 3583 986 3652 retinuit;
1031 3599 1407 3657 regnumque
1432 3586 1562 3656 ejus
1589 3585 1929 3645 invadenda
1954 3587 2135 3662 pluri-

480 3690 614 3731 mos
642 3674 755 3730 sibi
781 3674 856 3729 de
883 3673 1223 3730 Saxonibus
1255 3673 1592 3745 associavit,
1615 3675 1720 3747 qui
1745 3692 1884 3731 eum
1911 3676 1972 3731 in
2001 3693 2134 3749 pro~

479 3764 643 3822 ximo
671 3763 899 3838 pascha
927 3762 1439 3834 Quidelingaburg
1469 3763 1547 3820 ad
1577 3781 1780 3837 regem
1806 3765 2127 3836 elegerunt.

482 3852 647 3912 Unde
673 3852 925 3925 quidam
954 3851 1028 3909 de
1075 3851 1463 3925 optimatibus
1510 3853 1648 3911 huic
1697 3855 1967 3912 electioni
2010 3870 2133 3913 non

482 3941 944 4010 consentientes,
976 3941 1080 3997 sed
1121 3941 1278 4012 regis
1316 3941 1509 4000 vicem
1551 3943 1746 4014 magis
1775 3943 2067 4010 dolentes,
2099 3959 2133 4001 e

483 4033 690 4086 contra
716 4027 882 4085 haud
906 4029 1213 4085 modicum
1255 4029 1725 4102 decertaverunt,
1753 4035 1813 4087 et
1838 4046 2042 4100 regem
2071 4031 2132 4086 in

480 4134 734 4190 regnum
762 4134 942 4174 suum
986 4118 1388 4187 restituerunt,
1423 4124 1481 4176 et
1527 4120 1869 4176 Heinricum
1915 4119 2132 4175 ducem

479 4208 938 4281 Bajowariorem
982 4207 1184 4264 denuo
1232 4208 1574 4265 effecerunt.
1618 4211 1687 4265 Et
1721 4208 1936 4264 eodem
1973 4224 2134 4266 anno

476 4298 796 4356 laudandm
833 4297 1138 4354 memoriae
1169 4299 1435 4358 Otwinus
1463 4299 1609 4370 (179)
1645 4298 1782 4371 pius
1825 4297 2027 4370 presul
2049 4299 2133 4355 vi-

477 4391 604 4448 tam
630 4388 836 4449 ﬁnivit.

1392 257 1650 314 ANNAL.
1693 253 2130 314 HILDESHEIM.
2173 253 2544 322 QUEDLINB.
2587 258 2963 323 WEISSEMB.
3764 253 3829 324 si!

2518 387 2842 447 ANNALES
2881 385 3631 453 QUEDLINBURGENSES.

2318 908 2440 960 979.

2317 1350 2440 1401 980.

2315 1705 2440 1758 981.

2317 1988 2438 2040 982.

2316 2537 2438 2589 983.

2315 3067 2437 3120 984.
2479 3061 2715 3118 Filiolus
2759 3061 3158 3134 imperatoris,
3190 3061 3395 3118 tertius
3425 3058 3693 3116 videlicet
3729 3057 3818 3111 Otto.

2243 3169 2350 3227 per
2371 3152 2717 3208 unctionem
2752 3150 3058 3221 Johannis,
3090 3149 3462 3208 Ravennatis
3503 3144 3821 3218 archiepiscc»

2242 3244 2324 3317 Pi.
2373 3241 2731 3315 Aquisgrani
2803 3241 2866 3298 in
2922 3241 3019 3298 die
3087 3239 3306 3299 natalis
3379 3239 3619 3301 Domini
3675 3237 3819 3294 unctus

2243 3337 2331 3389 est
2376 3332 2439 3388 in
2490 3346 2712 3400 regem.
2756 3329 2871 3386 Sed
2919 3333 3146 3402 postea,
3193 3334 3510 3402 comperta
3554 3330 3728 3384 morte
3763 3320 3822 3375 im;

2243 3419 2552 3493 peratoris,
2585 3419 2887 3477 Heinricus
2942 3418 3254 3490 quondam
3305 3417 3432 3476 dux
3477 3417 3554 3476 de
3599 3413 3747 3474 exilio
3773 3422 3822 3463 re-

2243 3525 2504 3579 gressus,
2539 3523 2677 3562 cum
2721 3507 2827 3563 sibi
2874 3506 3208 3562 faventibus
3241 3505 3677 3580 Aggrippinam
3697 3498 3825 3558 civita'

2242 3603 2360 3654 tem
2403 3596 2674 3662 intravit;
2728 3595 3019 3650 simulans
3067 3611 3128 3650 se
3169 3594 3369 3667 primo
3399 3593 3484 3650 ob
3506 3594 3607 3665 jus
3651 3597 3822 3663 propul-

2242 3685 2482 3758 quitatis
2511 3683 2781 3756 partibus
2813 3683 2967 3753 regis
2997 3683 3239 3739 infantis
3269 3681 3623 3738 ﬁdelissime
3651 3670 3825 3752 patrueL

2241 3777 2544 3838 naturum,
2563 3786 2766 3840 regem
2790 3770 3006 3838 tenuit;
3041 3770 3180 3826 dein
3211 3767 3614 3825 accrescentis
3643 3759 3821 3821 avsi-itii

2242 3861 2493 3918 stimulis
2541 3860 2818 3931 agitatus,
2849 3859 3236 3932 quorundam
3275 3858 3462 3915 etiam
3519 3851 3823 3932 persuasione

2241 3951 2396 4007 male
2425 3949 2672 4020 illectus,
2703 3964 2960 4020 regnum
3005 3947 3312 4022 tyrannice
3355 3947 3602 4015 invasit,
3635 3948 3777 4014 atque
3796 3936 3822 3988 ii

2240 4039 2304 4095 id
2355 4039 2624 4095 elationis
2689 4054 2880 4112 usque
2945 4038 3238 4111 prorupit,
3292 4042 3360 4093 ut
3409 4042 3472 4094 et
3525 4052 3628 4093 rex
3675 4029 3766 4088 dici
3801 4031 3827 4076 εἰ

2240 4129 2302 4184 in
2347 4143 2551 4198 regem
2623 4127 2897 4184 benedici
2951 4130 3275 4204 appeteret.
3339 4127 3465 4183 Sed
3535 4141 3639 4181 rex
3687 4117 3775 4176 dici
3811 4126 3828 4162 3

2239 4215 2447 4289 paucis
2500 4215 2794 4288 obtinuit;
2848 4215 2908 4272 in
2965 4231 3172 4287 regem
3215 4230 3360 4273 vero
3426 4209 3716 4278 benedici,
3753 4215 3829 4281 13W

2240 4304 2479 4361 hibente
2510 4308 2650 4375 Deo,
2668 4303 3022 4378 prohibente
3051 4303 3323 4360 ﬁdelium
3352 4303 3478 4365 sibi
3505 4318 3630 4362 non
3657 4305 3828 4356 consen-

2241 4394 2532 4462 tientium,
2567 4393 2676 4450 sed
2718 4393 2844 4464 regi
2872 4392 3057 4450 electo
3104 4398 3159 4450 et
3197 4397 3384 4450 uncto
3411 4395 3555 4466 jure
3584 4384 3830 4448 faventium

2239 4482 2636 4540 decertatione
2666 4499 2790 4540 non
2815 4482 3030 4539 meruit
3051 4483 3218 4554 (180).
3265 4480 3462 4539 Missis
3503 4479 3724 4538 interim
3747 4483 3829 4545 Ρω-

899 4566 1054 4622 batis
1083 4567 1162 4623 ad
1189 4567 1345 4638 regis
1373 4566 1573 4623 aviam
1621 4566 1685 4621 in
1716 4566 2220 4641 Longobardiam,
2253 4571 2472 4629 scilicet
2515 4572 2593 4628 ad
2635 4571 3076 4645 imperatricem
3116 4575 3454 4642 augustam
3489 4561 3826 4627 Adelheidamt

897 4654 1126 4724 legatis,
1156 4655 1218 4711 hi
1243 4655 1352 4728 qui
1390 4659 1591 4727 partes
1629 4654 1788 4724 regis
1808 4655 2070 4726 adjuturi
2095 4660 2267 4732 jurisj
2277 4661 2491 4718 orandi
2517 4660 2754 4718 vinculo
2768 4660 2844 4719 .id
2872 4661 2987 4717 hoc
3012 4659 3263 4717 ﬁrmiter
3286 4660 3726 4733 perduraturos
3748 4658 3823 4704 se“

900 4744 1401 4815 constrinxerant,
1420 4743 1578 4801 hanc
1604 4743 2083 4816 pertubationem
2105 4750 2313 4806 ordine
2336 4750 2702 4820 intimantes,
2729 4749 2778 4805 si
2803 4748 2951 4822 quid
2971 4749 3048 4805 de
3079 4763 3267 4820 regno
3293 4764 3369 4804 ac
3401 4753 3630 4822 nepote
3651 4738 3824 4802 omni

898 4834 1191 4892 adventus
1223 4832 1315 4888 sui
1343 4836 1401 4887 et
1448 4833 1676 4890 consilii
1707 4849 1821 4905 ope
1850 4835 1973 4892 suis
2026 4841 2092 4894 ut
2133 4839 2250 4897 cito
2295 4840 2440 4912 (181)
2473 4843 2860 4908 succurreret,
2895 4837 3176 4894 obnixius
3225 4852 3550 4908 rogavero.
3603 4836 3699 4892 Illa
3727 4838 3823 4882 vero.

898 4921 1212 4979 conciliato
1240 4920 1516 4993 primitus
1549 4922 1661 4979 sibi
1686 4922 1892 4983 divino
1917 4926 2210 4997 subsidio,
2239 4929 2566 4986 accelerato
2596 4929 2932 4987 admodum
2960 4927 3188 4997 itinere,
3212 4943 3356 4984 cum
3386 4944 3560 4986 nuru
3585 4940 3690 4983 sua
3711 4922 3825 4987 imi)?

900 5009 1112 5066 ratrice
1141 5009 1531 5081 Theophanu,
1563 5016 1752 5070 matre
1780 5014 1956 5085 regis,
1989 5032 2099 5073 nec
2122 5032 2247 5074 non
2288 5017 2496 5075 illustri
2536 5017 2844 5075 abbatissa
2878 5016 3185 5074 Machtilde
3212 5015 3340 5073 ﬁlia
3369 5033 3514 5086 sua,
3544 5015 3716 5074 amita
3739 5007 3829 5075 ei“?

902 5097 1043 5152 dem
1071 5097 1229 5167 regis
1261 5097 1524 5168 infantis,
1555 5102 1979 5160 comitantibus
2011 5106 2190 5163 fratre
2222 5123 2332 5164 suo
2360 5124 2498 5180 rege
2527 5107 2890 5179 Burgundite
2929 5105 3224 5174 Conrado,
3257 5109 3317 5162 et
3343 5105 3514 5164 duce
3548 5101 3825 5163 Francoruﬁ

903 5186 1032 5256 ejus
1057 5187 1388 5259 sequivoco,
1421 5205 1560 5247 cum
1606 5192 1783 5248 totius
1817 5194 2016 5268 Italiae,
2048 5195 2266 5267 Gallias,
2299 5196 2546 5263 Sueviae,
2586 5195 2874 5267 Francius,
2905 5193 3303 5264 Lotharingiaa
3333 5195 3565 5268 primis
3591 5213 3607 5263 ;
3656 5190 3828 5249 occ!!!“

901 5288 1143 5346 quoque
1163 5276 1490 5347 Saxonum,
1515 5279 1976 5355 Thuringorum,
1992 5284 2365 5353 Sclavorum,
2382 5300 2522 5342 cum
2547 5283 2842 5341 universis
2866 5279 3291 5356 optimatibus;
3325 5281 3446 5354 qui
3466 5280 3654 5339 unitis
3675 5272 3825 5334 animCr

547 5569 694 5647 (179)
733 5569 1123 5647 ξξῠάθωθηεὶε
1152 5579 1348 5647 glossa
1375 5595 1559 5636 manu
1587 5598 1741 5641 saec.

550 5643 697 5710 (180)
738 5644 808 5698 Μ.
841 5647 1113 5713 quamvis
1143 5643 1346 5719 regem
1374 5651 1540 5724 apud
1566 5669 1630 5711 se
1659 5659 1897 5718 teneret.
1933 5657 2123 5716 Chro-

2400 5589 2585 5644 Saxo.

2235 5603 2312 5644 no
2359 5629 2372 5643 .
2400 5603 2585 5644 o'axo.

2302 5604 2446 5730 881)
2486 5660 2584 5717 Ita
2612 5655 2961 5728 emendavi;
2989 5654 3124 5712 cibo
3156 5657 3204 5710 1.
