3874 6382
30 279 128 329 517
733 277 817 331 ΕΤ
856 278 1201 335 LAMBERTI
1241 272 1823 333 ASCHAFNABURG.
1866 276 2044 332 PARS
2081 279 2355 335 ALTERA
2394 279 2723 335 GENUINA.
3332 282 3435 338 518

305 400 622 455 ANNALES
648 402 1387 459 WEISSEMBURGENSES.
2246 402 2587 457 LAMBERTI
2628 405 2971 459 ANNALES.

1782 541 2126 628 Bolislavvo;
2176 544 2310 628 qui.
2336 544 2661 628 honoriﬁce
2716 550 3030 628 susceptus
3076 547 3435 628 magnisque

92 614 442 696 muneribus
569 614 927 696 imperatore
954 612 1631 696 (482)_oneratus,_re{liit
1669 611 1940 696 domum.
1983 611 2220 696 ﬁderat
2262 620 2317 671 et
2366 616 2668 696 Heinricus
2716 632 2856 673 cum
2893 611 3092 696 altero
3146 611 3435 687 Heinrfco,

91 686 194 762 qui
220 686 634 762 comprehensi
657 686 725 744 in
755 687 996 762 exilium
1027 686 1200 743 missi
1224 692 1389 762 sunt.
1424 686 1648 762 Eodem
1677 699 1838 762 anno
1860 686 2125 762 _Liutheri
2156 702 2257 762 rex
2288 702 2427 762 cum
2454 687 2638 745 electo
2667 703 2920 762 numero
2948 688 3205 745 militum
3226 686 3435 762 repené

94 755 146 832 te
175 755 387 814 invasit
421 758 1114 832 Aquisgranipalatium,
1139 758 1409 832 seditque
1431 758 1513 813 ibi
1544 755 1996 832 tribus_diebus.
2057 761 2127 813 At
2171 759 2300 814 Otto
2350 758 2986 832 imperatorpfestinato
3007 776 3146 815 cum
3176 755 3436 832 exercitu

92 828 392 884 insecutus
423 825 509 883 esi
538 825 903 902 Liutharium
935 825 1122 902 usque
1150 829 1209 902 in
1243 825 1522 902 Sigonem
1554 829 1702 902 (183)
1730 825 1982 882 ﬂuvium
2032 833 2087 883 et
2128 846 2321 901 usque
2382 825 2459 885 ad
2510 830 2697 886 sancti
2749 831 2992 887 Dionisii
3041 831 3384 887 coenobium
3417 850 3431 900 ;

91 916 350 972 eumque
376 915 499 955 non
531 900 945 972 apprehendit,
977 898 1121 973 quia
1154 900 1437 971 fugiendo
1468 898 1670 956 evasit.

89 992 213 1043 979.
1848 981 1972 1044 979.
2016 993 2163 1046 Gero
2194 1007 2393 1046 comes
2425 1006 2461 1047 a
2490 991 2773 1047 Waldone
2798 991 3069 1065 quodam
3096 996 3431 1065 accusatus,

1775 1078 1925 1135 dum
1956 1096 2097 1135 eum
2125 1080 2186 1135 in
2224 1081 2508 1149 singulari
2546 1082 2867 1137 certamine
2912 1083 3243 1153 occidisset,
3303 1084 3433 1157 ipse

1778 1171 1980 1223 tamen
1999 1168 2078 1225 ab
2106 1168 2463 1241 imperatore
2491 1169 2820 1226 decollatus
2848 1174 2953 1227 est.

85 1456 209 1509 980.
253 1456 521 1509 Domnus
575 1455 706 1510 Otto
764 1453 1087 1529 imperator
1133 1454 1389 1527 perrexit
1439 1454 1517 1510 ad
1555 1457 1666 1511 Ita-
1848 1458 1971 1511 980.
2016 1455 2145 1509 Otto
2169 1453 2495 1527 imperator
2523 1453 2779 1527 perrexit
2806 1454 2867 1509 in
2902 1454 3151 1522 Italiam,
3192 1459 3249 1512 et
3290 1458 3430 1511 Goz-

12 1542 178 1599 liam.
1774 1542 1981 1598 bertus
2014 1542 2204 1597 abbas
2230 1541 2546 1600 ecclesiam
2576 1543 2903 1599 construxit
2927 1542 2989 1597 in
3019 1541 3249 1599 Ordorf.

80 1794 204 1846 981.
248 1788 602 1845 Adelbertus
631 1788 1117 1861 archiepiscopus
1156 1788 1667 1861 Magadaburgen-
1848 1800 1970 1852 981.
2013 1794 2367 1851 Adelbertus
2415 1793 2985 1863 Magadaburgcnsis
3034 1792 3429 1865 archiepisco-

6 1881 85 1934 sis
118 1884 175 1935 et
200 1879 362 1937 abba
390 1880 904 1952 Wicenburgensis
937 1879 1100 1949 obiit,
1157 1881 1250 1935 cui
1296 1881 1665 1938 Sandraldus
1775 1903 1890 1959 pus
1924 1886 2087 1955 obiit,
2118 1885 2213 1941 cui
2242 1884 2563 1941 liisillarius
2603 1882 2902 1940 successit.
2962 1887 3288 1956 Imperator
3320 1898 3427 1940 na-

6 1969 323 2025 successit.
1776 1977 1955 2032 talem
1986 1974 2219 2031 Domini
2248 1977 2450 2029 Romae
2482 1973 2819 2029 celebravit.

71 2063 199 2115 982.
246 2060 583 2113 Destructus
635 2061 727 2113 est
780 2057 1157 2131 episcopatus
1204 2056 1264 2111 in
1294 2058 1657 2129 Mersiburg;
1846 2069 1969 2119 982,
2014 2067 2352 2118 Destructus
2404 2066 2490 2117 est
2541 2061 2922 2133 episcopatus
2964 2060 3425 2133 inimersiburg;

3 2154 53 2204 et
84 2149 241 2204 mire
272 2146 702 2217 magnitudinis
758 2148 1061 2204 editicium
1118 2146 1327 2203 cecidit
1374 2148 1435 2203 in
1480 2152 1533 2205 Μ.

1899 2132 2860 2220 aequenmagnitudinisnaedificium
2885 2132 3096 2220 cecidit
3237 2134 3429 2212 Maga-

3 2239 265 2308 deburg.
376 2204 410 2217 υ

1900 2204 2030 2277 ωῖε.
2057 2206 2279 2287 Eodem
2311 2220 2470 2285 anno
2501 2206 2630 2261 Otto
2654 2204 2978 2276 imperator
3002 2204 3430 2285 valdepericu-

1900 2296 1970 2334 Lm
2024 2277 2234 2334 habuit
2280 2276 2558 2334 nrcelium
2613 2291 2751 2332 cum
2794 2278 3133 2333 Sarracems
3170 2290 3234 2331 1n
3259 2274 3429 2332 Cala-

68 2283 265 2308 ,ωηεν

68 2349 205 2403 bria
234 2346 296 2401 in
326 2361 449 2417 quo
486 2346 696 2418 proelio
726 2347 957 2402 occisus
984 2350 1071 2401 est
1096 2346 1598 2417 Heinricus,Augu

72 2424 135 2471 In
166 2434 291 2471 auo
323 2417 502 2471 etiam
532 2418 742 2471 proelio
770 2418 906 2471 ldus
933 2418 1065 2471 Julii
1096 2418 1273 2471 occisi
1304 2425 1445 2471 sunt
1474 2420 1597 2471 mili

1898 2296 1970 2335 im
2024 2283 2234 2334 habuit
2280 2283 2558 2349 proelium
2613 2291 2751 2332 cum
2794 2283 3133 2333 Sarracenis
3170 2283 3234 2331 in
3259 2283 3428 2332 Cala-

1898 2349 2104 2432 :clesiae
2134 2348 2622 2471 episco(pus,cum
2652 2345 2780 2401 aliis
2806 2346 3081 2419 plurimis
3108 2346 3425 2471 episcolpis.

1898 2438 2043 2471 simi.
2077 2420 2135 2471 1d
2167 2425 2253 2471 est
2278 2423 2316 2471 U
2366 2436 2420 2471 ο.
2455 2417 2861 2471 Gebehardus.
2892 2418 3250 2471 Guntherus.
3337 2432 3428 2471 er-

71 2424 135 2474 ln
166 2434 291 2544 (ἶυο
323 2417 504 2472 etiam
532 2418 742 2489 proelio
770 2418 906 2473 ldus
933 2418 1065 2473 Julii
1096 2418 1273 2472 occisi
1304 2425 1445 2475 sunt
1474 2420 1686 2476 milites
1718 2420 2043 2486 fortissimi,
2076 2420 2135 2475 id
2167 2417 2253 2475 est
2278 2417 2420 2485 Udo,
2455 2417 2861 2497 Gebehardus,
2892 2417 3250 2483 Guntherus,
3294 2417 3399 2471 Ber

71 2492 175 2544 tho
202 2490 337 2544 dus.
371 2505 509 2543 cum
539 2489 667 2544 aliis
697 2490 916 2544 multis.
950 2494 1006 2544 et
1032 2492 1162 2544 Otto
1193 2490 1314 2544 dux
1353 2494 1532 2544 atque
1576 2494 1852 2544 Wernher
1889 2492 2080 2544 abbas
2135 2490 2466 2544 Fuldcnsis.
2526 2493 2652 2544 ipse
2709 2494 3034 2544 imperator
3080 2489 3203 2544 vita
3238 2488 3399 2543 comi

69 2489 337 2627 tholicilgus,
371 2505 509 2569 cum
539 2489 667 2616 aliits
697 2490 916 2557 multis,
950 2494 1006 2545 et
1032 2492 1162 2546 Otto
1193 2490 1314 2545 dux
1353 2494 1532 2563 atque
1576 2494 1852 2549 Wernher
1889 2492 2080 2548 abbas
2135 2490 2466 2546 Fuldcnsis.
2526 2493 2652 2561 [pse
2709 2489 3034 2560 imperator
3080 2489 3203 2544 vita
3238 2489 3428 2543 comi-

94 2579 124 2616 e
258 2583 287 2613 θ
344 2577 442 2614 ViX
469 2576 672 2616 evasr.

67 2628 195 2707 983.
241 2650 547 2704 Branthoh
578 2650 769 2705 abbas
795 2649 1101 2705 Fuldcnsis
1133 2650 1506 2707 constituitur
1538 2670 1551 2718 ;
1607 2656 1664 2708 et
1840 2656 1962 2709 983.
2006 2654 2137 2709 Otto
2167 2651 2467 2708 secundus
2490 2650 2816 2721 imperator
2840 2651 3091 2705 Romam
3113 2650 3249 2718 post
3269 2646 3428 2705 male

3 2738 108 2808 pia:
137 2738 449 2793 memoriae
481 2740 610 2795 Otto
637 2738 961 2811 imperator
984 2739 1285 2797 secundus
1315 2738 1462 2796 obiit
1492 2742 1657 2811 (184).
1767 2745 1965 2810 gestas
2014 2756 2107 2796 res
2160 2755 2467 2809 regressus
2523 2739 2576 2809 [6
2638 2737 2775 2793 ldus
2836 2736 3177 2793 Decembris
3206 2736 3335 2794 cod.
3369 2736 3423 2806 3]

1766 2828 1933 2900 obiit,
1946 2828 2292 2901 ibidemque
2315 2828 2581 2901 sepultus
2604 2830 2711 2883 est.
2728 2826 3038 2883 Heinricus
3070 2825 3197 2882 dux
3220 2824 3427 2895 Bajoa~

1764 2920 1869 2977 ria:
1896 2935 2154 2990 regnum
2176 2920 2431 2987 invasit;
2489 2918 2593 2975 sed
2636 2934 2673 2973 a
2710 2916 3084 2989 principibus
3108 2920 3199 2975 est
3223 2930 3427 2988 reproc

1764 3007 1964 3068 batus.

62 3296 192 3348 984.
244 3292 510 3347 Domnus
540 3292 672 3346 Otto
703 3307 853 3363 puer
896 3291 1111 3347 iterum
1162 3308 1266 3348 rex
1307 3292 1659 3348 constitutus
1839 3298 1963 3348 984.
2009 3294 2181 3348 Filius
2206 3292 2602 3364 imperatoris,
2654 3291 2857 3346 tertius
2901 3291 3053 3358 Otto,
3112 3289 3265 3343 Patri
3296 3304 3424 3343 suc-

6 3388 99 3453 :st,
132 3379 249 3455 qui
274 3379 571 3436 domuum
604 3380 991 3438 Bernharium
1048 3381 1332 3438 abbatem
1376 3382 1509 3438 fecit
1550 3382 1660 3438 fra—
1768 3382 1944 3437 cessit
1966 3382 2024 3436 in
2047 3398 2323 3451 regnum,
2358 3385 2572 3435 unctus
2624 3381 2685 3433 in
2736 3394 2938 3447 regem
2986 3377 3346 3448 Aquisgrani
3391 3392 3428 3431 a

5 3491 158 3529 mum
192 3470 723 3528 Hersfeldensium.
1766 3472 2041 3527 Johanne
2066 3468 2395 3527 Ravennati
2418 3469 2722 3540 episcopo.

49 5683 219 5763 (182)
264 5675 403 5763 .i.
424 5674 650 5763 desunt
678 5680 734 5741 1.

1838 5679 1984 5763 ς18ξ)
2024 5682 2109 5763 ῩῩ.
2138 5677 2589 5763 Ita'supp‘tevi:
2620 5684 2685 5739 Ο.
2718 5680 2757 5738 i.
2782 5697 2829 5739 s.
2855 5695 2914 5739 ο.
2939 5682 3167 5754 desunt
3192 5696 3255 5755 in
3285 5708 3336 5749 c.

50 5746 224 5833 (iga)
271 5746 460 5806 Scine.

1838 5746 1989 5821 (185)
2030 5755 2091 5809 V.
2125 5769 2177 5809 c.
2205 5751 2416 5807 desunt
2460 5753 2510 5809 1.
