3874 6504
449 407 551 462 519

1365 401 1632 456 ANNAL.‘
1659 399 2095 456 HILDESHEIM.
2138 397 2504 462 QUEDLINB.
2546 397 2922 454 WEISSEMB.
3683 406 3737 457 520

1594 525 1918 580 ANNADES
1958 523 2692 589 QUEDLINBURGENSES.

874 666 1009 705 rum
1032 647 1265 703 nisibus
1285 652 1387 703 aut
1411 664 1521 719 pro
1550 664 1686 717 rege
1718 648 1967 704 ﬁdeliter
1996 645 2287 717 morituri,
2321 650 2443 714 aut,
2475 645 2640 717 quod
2672 645 2770 700 Dei
2797 643 2986 714 gratia
3033 642 3256 698 factum
3285 647 3392 712 est,
3429 642 3614 700 victuri
3637 646 3735 715 (186,

871 742 1023 794 Roza
1055 737 1202 809 (187)
1249 752 1598 793 convenere.
1653 737 1981 810 Habitoque
2036 735 2180 791 inibi
2229 735 2475 790 consilio
2528 734 2813 804 maximo,
2872 732 3218 789 mirandum
3272 724 3765 808 memorandumque‘;

869 825 1122 899 posteris
1153 825 1411 896 signum,
1447 825 1614 882 stella
1644 825 1915 882 videlicet
1963 823 2272 897 perlucida
2323 823 2384 880 in
2432 823 2566 896 ipso
2614 823 2876 896 partium
2929 820 3226 888 conﬂictu,
3282 819 3470 878 medio
3517 821 3624 877 coeli
3666 833 3764 892 axe.)

870 914 1070 970 media
1099 913 1251 969 ultra
1279 929 1509 970 morem
1535 913 1651 979 die,
1683 914 1856 986 quasi
1885 914 2156 968 divinum
2181 912 2305 982 regi
2337 917 2512 984 capto
2544 911 2866 983 praebitura
2885 911 3195 980 juvamen,
3214 910 3433 964 cunctis
3463 911 3553 981 qui
3579 903 3766 995 adeunti

870 1002 1245 1058 cernentibus
1278 1001 1774 1075 stupentibusque
1801 1002 2074 1058 radiavit.
2111 1003 2238 1067 Qua
2262 1001 2414 1070 visa,
2447 999 2755 1072 perterrita
2803 1015 3065 1070 moxque
3119 997 3358 1054 cedente
3403 1003 3552 1070 parte
3584 998 3766 1069 injuste.-

875 1091 1176 1146 Eeinricus
1205 1091 1508 1163 prtefatus,
1539 1097 1831 1163 usurpato
1857 1091 2099 1146 nomine
2129 1095 2184 1144 et
2212 1106 2395 1158 regno
2423 1090 2555 1158 jure
2586 1089 2872 1160 privatus,
2907 1102 3110 1156 regem
3143 1086 3311 1154 aviae,
3342 1086 3504 1142 matri
3526 1091 3574 1142 et
3604 1087 3740 1142 amitis

867 1183 1228 1254 prmsentare
1258 1178 1524 1247 cogitur;
1556 1179 2008 1250 interventuque
2037 1177 2193 1247 regis
2239 1176 2493 1233 Conradi
2547 1175 2734 1231 soceri
2792 1174 2884 1230 sui
2941 1191 3011 1230 ac
3067 1173 3400 1246 principum
3445 1174 3742 1246 qualicunque

873 1267 1063 1337 gustia
1101 1267 1375 1333 donatus,
1404 1265 1464 1322 in
1485 1267 1742 1339 patriam
1772 1270 2021 1321 maestus
2047 1265 2320 1320 abcessit.
2357 1267 2613 1336 Accepto
2641 1263 2840 1335 itaque
2870 1263 3121 1336 pignore
3153 1261 3348 1332 unico,
3395 1261 3647 1334 praedictae
3682 1261 3741 1316 im-

870 1354 1117 1409 m-riales
1147 1353 1407 1409 dominae
1437 1353 1759 1410 Saxoniam
1789 1354 2063 1410 adierunt
2094 1371 2106 1408 :
2136 1369 2206 1408 ac
2235 1351 2429 1425 primo
2469 1367 2626 1424 saepe
2649 1351 2778 1422 jam
2826 1350 3050 1406 dictam
3093 1348 3560 1420 Quedelingensis
3601 1351 3741 1404 monti-

872 1441 990 1492 mm
1015 1441 1226 1497 vertice
1256 1442 1616 1498 eminentem
1642 1458 1833 1514 usque
1865 1441 2162 1497 civitatem
2187 1456 2308 1496 una
2338 1440 2762 1513 pervenientes,
2796 1438 3110 1495 dulcisona
3136 1436 3386 1494 laudum
3411 1435 3743 1504 melodia,cleri

875 1530 1095 1583 miucet
1119 1547 1188 1585 ac
1217 1531 1427 1603 populi
1457 1531 1802 1603 Christoque
1834 1531 1979 1586 inibi
2012 1530 2430 1586 famulantium
2458 1529 2754 1598 virginum
2803 1529 2946 1599 (188)
3006 1543 3260 1583 occursu
3303 1526 3541 1597 gemino,
3581 1524 3744 1595 gaudia

881 1632 1017 1670 mm
1047 1617 1263 1675 aﬁ'ectu
1293 1625 1348 1674 et
1371 1636 1480 1692 pro
1511 1624 1712 1692 optato
1730 1621 1872 1691 (189)
1893 1619 2171 1692 spiritalis
2200 1619 2404 1675 matris
2430 1618 2690 1673 adventu
2719 1622 2773 1672 et
2798 1631 2907 1689 pro
2938 1614 3284 1688 triumphali
3326 1614 3472 1685 regis
3505 1619 3677 1670 eventu
3696 1613 3744 1684 pie

875 1706 1322 1772 aratiuantium,
1351 1708 1788 1764 officiosissime
1821 1714 2130 1781 susceptas,
2161 1708 2327 1781 quod
2355 1706 2653 1780 reliquum
2683 1710 2808 1762 erat
2832 1706 2941 1761 viae
2972 1706 3123 1776 (190)
3156 1719 3398 1761 summo
3443 1719 3564 1759 cum
3600 1702 3747 1758 honore

874 1797 1181 1853 transiere.

1316 1869 1658 1940 (Hucusque
1685 1869 2018 1924 Annalium
2047 1866 2686 1937 Herolfesfeldensium
2713 1865 3082 1922 continuatio
3107 1864 3460 1934 pertinuisse
3481 1861 3688 1918 videtur.

472 2045 793 2101 ANNALES
825 2043 1481 2102 HXLDESHEIMENSES.

515 2154 640 2207 985.
681 2151 977 2206 Osdasms.
1019 2161 1109 2205 vir
1137 2167 1389 2207 summie
1420 2168 1514 2208 ca-

446 2236 634 2292 ritatis
659 2253 732 2292 ac
763 2238 1066 2295 maneatis.
1099 2240 1160 2294 in
1191 2245 1398 2295 sancta
1424 2256 1512 2294 re-

445 2323 667 2394 ligione
718 2329 1006 2396 premitus
1031 2368 1043 2379 ..
1095 2343 1231 2382 cum
1292 2344 1514 2398 magno

450 2427 750 2468 consensu
778 2410 914 2470 cieri
943 2429 1011 2468 ac
1036 2413 1228 2486 plebis
1261 2417 1340 2473 ad
1370 2432 1515 2488 pon-

451 2499 727 2556 tiﬁcalem
753 2502 1042 2559 honorem
1067 2511 1380 2574 promotus
1403 2510 1511 2561 est.

449 2590 513 2644 Et
530 2587 744 2645 eodem
761 2604 920 2647 anno
945 2593 1205 2649 Saxones
1226 2595 1515 2651 Sclaviam

447 2675 815 2748 invaserunt,
872 2679 1094 2752 quibus
1144 2682 1222 2738 ad
1280 2682 1514 2755 supple-

447 2770 717 2821 mentum
794 2768 1008 2824 Misaco
1083 2787 1221 2826 cum
1291 2786 1515 2841 magno

445 2853 707 2909 exercitu
731 2855 922 2924 venit;
949 2857 1052 2930 qui
1084 2863 1269 2914 totam
1296 2865 1514 2915 terram

443 2940 610 2997 illam
635 2941 926 3000 incendiis
957 2951 1013 3002 et
1059 2947 1321 3004 caedibus
1367 2948 1517 3003 mul-

444 3028 515 3084 tis
542 3029 1022 3090 devastaverunt.

1620 2047 1942 2102 ANNALES
1970 2042 2684 2110 QUEDLINBURGENSES
2961 2041 3311 2098 LAMBERTI
3347 2037 3640 2096 ANNALES.

1690 2155 1811 2208 985.
1856 2154 2120 2207 Saxones
2145 2149 2436 2207 Sclaviam
2456 2150 2682 2206 invase-
2860 2150 2984 2203 985.
3018 2141 3749 2218 Gozberdus[Hirsfeldensem

1619 2243 1775 2304 runt,
1807 2239 2028 2312 quibus
2069 2239 2146 2293 ad
2196 2238 2681 2311 supplementum
2791 2241 2842 2291 5.
2870 2237 2945 2307 6.]
2971 2233 3283 2292 abbatiam
3309 2231 3562 2299 reddidit,
3587 2228 3664 2286 cui
3681 2230 3753 2282 Beat.

1620 2327 1873 2382 Misacho
1903 2343 2041 2381 cum
2066 2341 2289 2396 magno
2309 2327 2566 2381 exercitu
2588 2342 2684 2380 ve-
2789 2325 3036 2380 nharius
3067 2324 3369 2381 successit.

1620 2416 1738 2483 nit;
1790 2415 1894 2486 qui
1920 2420 2102 2470 totam
2136 2420 2349 2470 terram
2398 2415 2560 2469 illam
2600 2414 2684 2469 in-

1622 2504 1843 2559 cendiis
1856 2508 1911 2559 et
1923 2504 2185 2559 caedibus
2201 2503 2681 2558 devastaverunt.

1622 2593 1858 2649 Interim
1905 2597 2270 2648 memoratus
2319 2591 2413 2647 ille
2463 2591 2685 2646 Heinri-

1622 2699 1746 2749 cus,
1772 2681 1974 2736 divino
1993 2681 2276 2736 instinctu
2298 2679 2378 2735 ad
2412 2696 2471 2735 se
2494 2696 2685 2735 rever-

1623 2787 1748 2836 sus,
1781 2770 1927 2842 quid
1957 2769 2159 2840 egerit,
2186 2769 2247 2824 in
2290 2773 2582 2841 quantum
2627 2784 2687 2823 se

1621 2860 1756 2931 plus
1786 2875 1958 2930 aequo
1998 2862 2055 2914 et
2099 2859 2348 2913 honesto
2397 2857 2686 2926 extulerit,

1619 2952 1678 3003 et
1707 2964 1777 3002 ex
1807 2950 2034 3019 quanto
2064 2945 2367 3014 deciderit,
2402 2945 2575 3000 anxie
2608 2961 2693 3000 se-

1622 3052 1761 3092 cum
1793 3050 1916 3091 non
1946 3033 2130 3089 semel
2149 3037 2538 3106 pertractans,
2559 3033 2692 3104 jux-

1623 3129 1682 3180 ta
1725 3122 2134 3192 evangelicam
2177 3121 2438 3176 veritatis
2481 3138 2692 3177 vocem

661 3223 771 3264 sua
800 3225 862 3265 se
891 3210 1244 3268 exaltatione
1268 3212 1650 3269 humiliatum
1679 3212 2074 3284 conspiciens,
2103 3210 2412 3266 dedecoris
2462 3211 2824 3267 conscientia
2871 3212 3180 3284 pungitur,
3228 3211 3421 3284 culpae
3463 3204 3630 3281 poeni-

662 3297 842 3353 tentia
867 3299 1179 3355 cruciatur.
1212 3301 1484 3357 Veniente
1507 3302 1567 3357 in
1600 3299 2051 3357 Frankanafurd
2077 3315 2214 3369 rege
2240 3298 2461 3354 infante
2492 3299 2658 3355 tertio
2691 3301 2938 3370 Othone,
2970 3300 3199 3356 ibidem
3229 3305 3288 3357 et
3316 3301 3442 3373 ipse
3471 3296 3629 3352 adve—

660 3385 829 3441 niens
856 3387 1188 3444 humiliavit
1221 3405 1282 3444 se
1303 3390 1480 3460 juste,
1510 3407 1633 3463 quo
1662 3405 1904 3462 poenam
1936 3387 2501 3444 evaderetelationis
2545 3387 2804 3459 injustas,
2848 3391 3094 3462 regique
3144 3389 3423 3464 puerulo,
3472 3399 3632 3459 quem

660 3474 942 3531 orbatum
973 3478 1394 3549 captivaverat.
1429 3480 1599 3550 cujus
1628 3494 1880 3548 regnum
1907 3477 2211 3550 tyrannice
2245 3477 2562 3543 invaserat,
2596 3478 2985 3549 praesentibus
3020 3478 3290 3536 dominis
3332 3473 3629 3550 imperiali-

657 3563 791 3631 bus,
824 3581 978 3636 quas
1006 3567 1173 3636 regni
1195 3583 1337 3622 cura
1364 3583 1568 3639 penes,
1597 3568 1752 3634 avia,
1786 3573 1972 3623 matre
2003 3571 2058 3622 et
2104 3566 2290 3622 amita
2318 3565 2472 3634 regis
2505 3566 2776 3636 ejusdem
2822 3567 3084 3637 infantis,
3131 3569 3385 3625 humilis
3426 3565 3632 3626 habitu,

654 3652 896 3708 humilis
921 3659 977 3709 et
1001 3660 1156 3724 actu,
1191 3655 1368 3712 totius
1396 3656 1457 3711 in
1489 3661 1733 3729 aspectu
1764 3655 1991 3729 populi,
2026 3654 2325 3710 ambabus
2356 3655 2415 3708 in
2443 3670 2630 3709 unum
2659 3654 3027 3727 complicatis
3057 3658 3376 3725 manibus,
3409 3655 3631 3712 militem

574 3746 582 3753 '
658 3757 719 3796 se
745 3746 801 3798 et
830 3758 969 3798 vera
998 3743 1241 3798 ulterius
1270 3743 1388 3799 ﬁde
1410 3744 1798 3800 militaturum
1829 3743 2062 3800 tradere
2090 3759 2211 3798 non
2244 3741 2499 3811 erubuit,
2523 3742 2604 3797 nil
2625 3743 2984 3815 paciscenda
3006 3744 3119 3800 nisi
3144 3745 3360 3818 vitam,
3387 3743 3470 3801 nil
3489 3756 3637 3799 orano

655 3829 734 3885 do
763 3831 876 3886 nisi
903 3831 1174 3901 gratiam.
1208 3836 1279 3888 At
1302 3832 1586 3902 dominae,
1634 3849 1912 3906 quarum,
1945 3837 2010 3889 ut
2031 3832 2314 3901 diximus,
2347 3847 2490 3886 cura
2514 3846 2766 3901 regnum
2796 3831 3073 3905 regisque
3103 3835 3434 3904 regebatur
3461 3831 3634 3888 infan-

654 3918 752 3985 tia,
783 3920 931 3974 tanti
956 3919 1060 3975 viri
1089 3920 1414 3976 summissa
1441 3921 1738 3978 deditione
1768 3921 2103 3978 admodum
2133 3919 2611 3990 gratulabundus,
2640 3951 2708 3959 —
2727 3920 2872 3992 quia
2899 3921 3174 3992 priorum
3201 3923 3397 3981 moris
3425 3926 3512 3980 est
3532 3933 3638 3976 non

657 4005 852 4061 solum
880 4006 1039 4063 mala
1063 4023 1173 4080 pro
1203 4007 1376 4064 bonis
1398 4009 1546 4079 (191)
1572 4025 1695 4065 non
1724 4010 1992 4078 reddere,
2025 4007 2130 4063 sed
2174 4008 2353 4063 etiam
2384 4023 2493 4079 pro
2524 4006 2697 4062 malis
2727 4007 2890 4064 bona
2937 4011 3298 4084 rependere,
3352 4044 3420 4052 —
3472 4010 3634 4079 digno

658 4110 796 4149 eum
823 4095 1047 4151 honore
1081 4102 1448 4170 susceptum,
1495 4099 1683 4169 gratia
1731 4098 1890 4154 ﬁdeli
1947 4097 2259 4165 donatum,
2319 4095 2588 4152 ductoria
2633 4095 2837 4152 itidem
2890 4097 3181 4168 dignitate
3241 4101 3637 4164 sublimatum,

657 4182 873 4240 deinde
903 4201 1024 4241 non
1054 4190 1286 4242 tantum
1314 4187 1464 4243 inter
1493 4188 1741 4257 amicos,
1773 4186 1878 4242 sed
1907 4185 2089 4240 etiam
2113 4184 2264 4240 inter
2293 4184 2707 4252 amicissimos,
2766 4186 2848 4241 uti
2889 4187 2991 4258 jus
3036 4189 3515 4263 propinquitatis
3543 4185 3641 4244 exi-

657 4273 853 4343 gebat,
887 4272 1086 4331 debito
1115 4275 1442 4333 dilectionis
1468 4280 1828 4332 venerantur
1857 4273 2092 4330 aﬁ‘ectu.
2144 4273 2482 4331 Thidericus
2533 4278 2590 4330 et
2635 4273 2893 4332 Ricdach
2941 4277 3340 4337 marchiones
3394 4273 3641 4353 praeclari

662 4360 957 4418 obierunt.

511 4542 637 4596 986.
680 4540 808 4596 Otto
834 4555 937 4597 rex
983 4540 1182 4597 adhuc
1217 4539 1505 4615 puerulus

442 4643 581 4684 cum
610 4643 835 4699 magno
891 4629 1150 4686 exercitu
1200 4632 1506 4687 Saxonum

441 4716 600 4773 venit
627 4716 690 4772 in
729 4717 1045 4787 Sclaviam,
1094 4718 1296 4791 ibique
1346 4715 1509 4773 venit

441 4803 520 4860 ad
549 4821 688 4861 eum
717 4806 929 4864 Misaco
958 4824 1097 4863 cum
1130 4805 1506 4862 multitudine

440 4891 646 4964 nimia,
663 4894 991 4969 obtulitque
1021 4895 1074 4950 ei
1102 4909 1293 4949 unum
1315 4906 1509 4948 came-

437 4979 565 5037 lum
612 4987 669 5038 et
720 4982 838 5041 alia
885 4981 1063 5039 xenia
1109 4981 1316 5048 multa,
1359 4983 1415 5035 et
1445 4995 1505 5034 se

436 5068 636 5141 ipsum
687 5072 866 5128 etiam
918 5068 1185 5126 subdidit
1229 5066 1507 5140 potestati

436 5156 614 5214 illius.
649 5159 758 5225 Qui
805 5157 984 5213 simul
1023 5160 1354 5228 pergentes,
1406 5155 1505 5211 de-

435 5251 819 5303 vastaverunt
864 5250 1049 5301 totam
1093 5247 1309 5298 terram
1340 5243 1504 5300 illam

436 5334 725 5391 incendiis
803 5339 860 5390 et
937 5331 1503 5404 depopulationibus

436 5423 659 5480 multis.

515 5649 657 5722 (186)
695 5653 784 5722 est
828 5649 1050 5722 fortiter
1077 5649 1300 5722 victuri,
1342 5653 1466 5707 sine
1523 5669 1695 5708 mora
1732 5667 2082 5708 convenere.

441 5716 655 5792 Habito
676 5718 891 5774 deinde
923 5736 970 5776 c.
1007 5721 1148 5778 Chr.
1178 5723 1242 5778 S.
1286 5716 1317 5792 ’,

511 5787 662 5932 (187)
697 5793 850 5846 Rara
880 5792 1195 5849 Thietmar.
1304 5787 1322 5814 ’·

540 5863 636 5916 188
712 5862 835 5917 Vox
862 5865 1079 5921 excidit
1109 5865 1171 5919 in
1202 5864 1335 5920 codi

540 5862 662 5921 188)
712 5862 835 5917 Vox
862 5865 1079 5921 excidit
1109 5865 1171 5919 in
1202 5864 1416 5921 codice.

1685 4541 1808 4595 986.
1852 4538 1982 4594 Otto
2010 4553 2114 4594 rex
2150 4537 2346 4596 adhuc
2387 4539 2674 4613 puerulus

1613 4642 1754 4683 cum
1802 4641 2027 4696 magno
2074 4627 2333 4684 exercitu
2373 4629 2677 4685 Saxonum

1615 4715 1872 4788 perrexit
1898 4715 1960 4770 in
2011 4715 2322 4787 Sclaviam,
2372 4717 2572 4791 ibique
2598 4717 2677 4774 ad

1614 4819 1754 4858 eum
1783 4803 1941 4859 venit
1967 4803 2222 4862 Misacho
2248 4821 2386 4861 cum
2415 4806 2677 4862 multitu-

1615 4891 1753 4948 dine
1776 4892 1984 4964 nimia,
2041 4893 2369 4968 obtulitque
2408 4895 2460 4952 ei
2486 4911 2676 4951 unum

1615 4981 1912 5039 camelum
1941 4985 1998 5038 et
2025 4981 2143 5039 alia
2169 4983 2347 5040 xenia
2375 4983 2584 5051 multa,
2613 4999 2675 5040 se

1613 5069 1811 5142 ipsum
1858 5070 2036 5126 etiam
2089 5071 2354 5128 subdidit
2403 5073 2680 5144 potestati

1610 5157 1785 5214 illius.
1819 5158 1929 5224 Qui
1982 5159 2158 5215 simul
2209 5160 2674 5232 progredientes,

1612 5245 2071 5302 devastaverunt
2125 5251 2312 5304 totam
2364 5254 2582 5304 terram
2612 5248 2676 5315 il_-

1610 5335 1731 5391 lam
1754 5335 2044 5391 incendiis
2087 5339 2144 5392 et
2185 5336 2676 5409 populationibus

1610 5423 1830 5479 multis.

2854 4544 2979 4597 986.
3022 4543 3157 4599 Otto
3191 4559 3307 4601 rex
3361 4561 3511 4619 puer
3554 4530 3764 4596 Bohemitl5

2783 4629 3055 4699 vastavit,
3108 4631 3226 4688 sed
3287 4633 3652 4692 Misichonem
3694 4630 3764 4677 cum

2784 4717 3138 4776 muneribus
3170 4721 3434 4781 obviam
3463 4715 3696 4790 suscepit.

2294 5659 2414 5736 189)
2455 5656 3042 5736 gaudioqueaﬂ‘ectu
3057 5661 3120 5736 et
3163 5668 3524 5736 peroptato.

2292 5728 2408 5798 190)
2451 5728 2544 5783 Ita
2582 5727 2821 5784 correxi
2847 5744 2859 5782 :
2889 5727 3014 5784 vitae
3049 5733 3096 5784 1.

2292 5801 2411 5860 191)
2452 5798 2610 5855 Malis
2641 5799 2786 5855 Chr.
2825 5799 3006 5857 Saxo.
