  <div class='ocr_page' id='page_1' title='image "/cluster/home/n/w/nwhite01/storage/ocr_20150623/140-141/uc1.31175018559917/836.png"; bbox 0 0 3958 6396; ppageno 0'>
   <div class='ocr_carea' id='block_1_1' title="bbox 110 260 3559 325">
    <p class='ocr_par' dir='ltr' id='par_1_1' title="bbox 110 260 3559 325">
     <span class='ocr_line' id='line_1_1' title="bbox 110 260 3559 325; baseline 0.003 -9"><span class='ocrx_word' id='word_1_1' title='bbox 110 265 214 316; x_wconf 82' lang='lat'>5‘21</span> <span class='ocrx_word' id='word_1_2' title='bbox 839 263 925 316; x_wconf 89' lang='grc' dir='ltr'>ΕΤ</span> <span class='ocrx_word' id='word_1_3' title='bbox 962 261 1308 317; x_wconf 79' lang='lat' dir='ltr'>LAMBERTI</span> <span class='ocrx_word' id='word_1_4' title='bbox 1349 260 1933 318; x_wconf 78' lang='lat' dir='ltr'>ASCHAFNABUBG.</span> <span class='ocrx_word' id='word_1_5' title='bbox 1974 261 2151 317; x_wconf 84' lang='lat' dir='ltr'>PARS</span> <span class='ocrx_word' id='word_1_6' title='bbox 2190 263 2464 319; x_wconf 79' lang='lat' dir='ltr'><strong>ALTERA</strong></span> <span class='ocrx_word' id='word_1_7' title='bbox 2503 266 2831 320; x_wconf 76' lang='lat' dir='ltr'>GENUINA.</span> <span class='ocrx_word' id='word_1_8' title='bbox 3456 273 3559 325; x_wconf 75' lang='lat'>522</span> 
     </span>
    </p>
   </div>
   <div class='ocr_carea' id='block_1_2' title="bbox 228 383 1082 441">
    <p class='ocr_par' dir='ltr' id='par_1_2' title="bbox 228 383 1082 441">
     <span class='ocr_line' id='line_1_2' title="bbox 228 383 1082 441; baseline -0.001 0"><span class='ocrx_word' id='word_1_9' title='bbox 228 388 395 441; x_wconf 82' lang='lat' dir='ltr'>ANN.</span> <span class='ocrx_word' id='word_1_10' title='bbox 434 383 1082 440; x_wconf 82' lang='lat' dir='ltr'>HILDESHEIMENSES</span> 
     </span>
    </p>
   </div>
   <div class='ocr_carea' id='block_1_3' title="bbox 1442 385 2162 448">
    <p class='ocr_par' dir='ltr' id='par_1_3' title="bbox 1442 385 2162 448">
     <span class='ocr_line' id='line_1_3' title="bbox 1442 385 2162 448; baseline -0.003 -6"><span class='ocrx_word' id='word_1_11' title='bbox 1442 389 1604 442; x_wconf 82' lang='grc' dir='ltr'>ΑΝΝ.</span> <span class='ocrx_word' id='word_1_12' title='bbox 1648 385 2162 448; x_wconf 77' lang='lat' dir='ltr'>QUEDLlNBURG.</span> 
     </span>
    </p>
   </div>
   <div class='ocr_carea' id='block_1_4' title="bbox 1243 503 2453 567">
    <p class='ocr_par' dir='ltr' id='par_1_4' title="bbox 1243 503 2453 567">
     <span class='ocr_line' id='line_1_4' title="bbox 1243 503 2453 567; baseline 0.003 -4"><span class='ocrx_word' id='word_1_13' title='bbox 1243 509 1465 564; x_wconf 89' lang='lat' dir='ltr'>Eodem</span> <span class='ocrx_word' id='word_1_14' title='bbox 1498 525 1658 564; x_wconf 91' lang='lat' dir='ltr'>anno</span> <span class='ocrx_word' id='word_1_15' title='bbox 1689 503 2121 564; x_wconf 79' lang='lat' dir='ltr'>monasterium</span> <span class='ocrx_word' id='word_1_16' title='bbox 2160 509 2220 565; x_wconf 91' lang='lat' dir='ltr'>in</span> <span class='ocrx_word' id='word_1_17' title='bbox 2251 515 2453 567; x_wconf 92' lang='lat' dir='ltr'>monte</span> 
     </span>
    </p>
   </div>
   <div class='ocr_carea' id='block_1_5' title="bbox 2708 387 3416 449">
    <p class='ocr_par' dir='ltr' id='par_1_5' title="bbox 2708 387 3416 449">
     <span class='ocr_line' id='line_1_5' title="bbox 2708 387 3416 449; baseline 0.007 -6"><span class='ocrx_word' id='word_1_18' title='bbox 2708 387 3053 443; x_wconf 75' lang='lat' dir='ltr'>LAMBERTI</span> <span class='ocrx_word' id='word_1_19' title='bbox 3093 391 3416 449; x_wconf 76' lang='lat' dir='ltr'>ANNALES</span> 
     </span>
    </p>
   </div>
   <div class='ocr_carea' id='block_1_6' title="bbox 376 595 3312 667">
    <p class='ocr_par' dir='ltr' id='par_1_6' title="bbox 376 595 3312 667">
     <span class='ocr_line' id='line_1_6' title="bbox 376 595 3312 667; baseline 0.002 -15"><span class='ocrx_word' id='word_1_20' title='bbox 376 596 732 652; x_wconf 81' lang='lat' dir='ltr'>occidentali</span> <span class='ocrx_word' id='word_1_21' title='bbox 783 595 1243 667; x_wconf 81' lang='lat' dir='ltr'>Quedelingcnsi</span> <span class='ocrx_word' id='word_1_22' title='bbox 1297 597 1357 652; x_wconf 91' lang='lat' dir='ltr'>in</span> <span class='ocrx_word' id='word_1_23' title='bbox 1406 599 1633 653; x_wconf 86' lang='lat' dir='ltr'>honore</span> <span class='ocrx_word' id='word_1_24' title='bbox 1688 601 1912 652; x_wconf 57' lang='lat' dir='ltr'>sanctae</span> <span class='ocrx_word' id='word_1_25' title='bbox 1967 597 2066 652; x_wconf 86' lang='lat' dir='ltr'>Dei</span> <span class='ocrx_word' id='word_1_26' title='bbox 2121 599 2419 667; x_wconf 76' lang='lat' dir='ltr'>genitricis</span> <span class='ocrx_word' id='word_1_27' title='bbox 2468 601 2680 666; x_wconf 63' lang='lat' dir='ltr'>Mariae,</span> <span class='ocrx_word' id='word_1_28' title='bbox 2732 600 2811 655; x_wconf 89' lang='lat' dir='ltr'>ob</span> <span class='ocrx_word' id='word_1_29' title='bbox 2870 601 3312 658; x_wconf 85' lang='lat' dir='ltr'>monimentum</span> 
     </span>
    </p>
   </div>
   <div class='ocr_carea' id='block_1_7' title="bbox 379 684 3312 758">
    <p class='ocr_par' dir='ltr' id='par_1_7' title="bbox 379 684 3312 758">
     <span class='ocr_line' id='line_1_7' title="bbox 379 684 3312 758; baseline 0.002 -18"><span class='ocrx_word' id='word_1_30' title='bbox 379 685 539 740; x_wconf 90' lang='lat' dir='ltr'>unici</span> <span class='ocrx_word' id='word_1_31' title='bbox 569 689 626 740; x_wconf 93' lang='lat' dir='ltr'>et</span> <span class='ocrx_word' id='word_1_32' title='bbox 651 684 845 740; x_wconf 90' lang='lat' dir='ltr'>dilecti</span> <span class='ocrx_word' id='word_1_33' title='bbox 875 685 1146 755; x_wconf 83' lang='lat' dir='ltr'>germani</span> <span class='ocrx_word' id='word_1_34' title='bbox 1194 685 1391 741; x_wconf 85' lang='lat' dir='ltr'>fratris</span> <span class='ocrx_word' id='word_1_35' title='bbox 1437 686 1548 756; x_wconf 91' lang='lat' dir='ltr'>sui,</span> <span class='ocrx_word' id='word_1_36' title='bbox 1585 686 1698 740; x_wconf 89' lang='lat' dir='ltr'>sub</span> <span class='ocrx_word' id='word_1_37' title='bbox 1746 684 2029 754; x_wconf 82' lang='lat' dir='ltr'>religione</span> <span class='ocrx_word' id='word_1_38' title='bbox 2074 687 2295 757; x_wconf 73' lang='lat' dir='ltr'>regulae</span> <span class='ocrx_word' id='word_1_39' title='bbox 2337 688 2522 743; x_wconf 84' lang='lat' dir='ltr'>sancti</span> <span class='ocrx_word' id='word_1_40' title='bbox 2571 689 2864 744; x_wconf 83' lang='lat' dir='ltr'>Benedicti</span> <span class='ocrx_word' id='word_1_41' title='bbox 2914 706 2948 744; x_wconf 91' lang='lat' dir='ltr'>a</span> <span class='ocrx_word' id='word_1_42' title='bbox 2989 691 3312 758; x_wconf 80' lang='lat' dir='ltr'>Mechtilde,</span> 
     </span>
    </p>
   </div>
   <div class='ocr_carea' id='block_1_8' title="bbox 375 773 3319 849">
    <p class='ocr_par' dir='ltr' id='par_1_8' title="bbox 375 773 3319 849">
     <span class='ocr_line' id='line_1_8' title="bbox 375 773 3319 849; baseline 0.002 -21"><span class='ocrx_word' id='word_1_43' title='bbox 375 773 672 846; x_wconf 76' lang='lat' dir='ltr'>imperiali</span> <span class='ocrx_word' id='word_1_44' title='bbox 702 789 944 843; x_wconf 86' lang='lat' dir='ltr'>gemma</span> <span class='ocrx_word' id='word_1_45' title='bbox 973 778 1028 828; x_wconf 91' lang='lat' dir='ltr'>et</span> <span class='ocrx_word' id='word_1_46' title='bbox 1054 773 1198 840; x_wconf 89' lang='lat' dir='ltr'>ﬁlia,</span> <span class='ocrx_word' id='word_1_47' title='bbox 1223 775 1680 830; x_wconf 73' lang='lat' dir='ltr'>studiiusissime</span> <span class='ocrx_word' id='word_1_48' title='bbox 1704 779 2110 829; x_wconf 89' lang='lat' dir='ltr'>constructum</span> <span class='ocrx_word' id='word_1_49' title='bbox 2136 780 2240 829; x_wconf 90' lang='lat' dir='ltr'>est.</span> <span class='ocrx_word' id='word_1_50' title='bbox 2267 775 2370 832; x_wconf 86' lang='lat' dir='ltr'>Ida</span> <span class='ocrx_word' id='word_1_51' title='bbox 2391 793 2634 849; x_wconf 90' lang='lat' dir='ltr'>quoque</span> <span class='ocrx_word' id='word_1_52' title='bbox 2651 777 2868 847; x_wconf 83' lang='lat' dir='ltr'>regalis</span> <span class='ocrx_word' id='word_1_53' title='bbox 2889 777 3158 846; x_wconf 85' lang='lat' dir='ltr'>domina,</span> <span class='ocrx_word' id='word_1_54' title='bbox 3180 797 3319 835; x_wconf 90' lang='lat' dir='ltr'>con-</span> 
     </span>
    </p>
   </div>
   <div class='ocr_carea' id='block_1_9' title="bbox 377 860 2164 932">
    <p class='ocr_par' dir='ltr' id='par_1_9' title="bbox 377 860 2164 932">
     <span class='ocr_line' id='line_1_9' title="bbox 377 860 2164 932; baseline 0 -14"><span class='ocrx_word' id='word_1_55' title='bbox 377 862 604 918; x_wconf 89' lang='lat' dir='ltr'>tectalis</span> <span class='ocrx_word' id='word_1_56' title='bbox 636 860 904 930; x_wconf 87' lang='lat' dir='ltr'>Liudolfi,</span> <span class='ocrx_word' id='word_1_57' title='bbox 937 861 1040 917; x_wconf 83' lang='lat' dir='ltr'>ﬁlii</span> <span class='ocrx_word' id='word_1_58' title='bbox 1071 863 1275 932; x_wconf 80' lang='lat' dir='ltr'>magni</span> <span class='ocrx_word' id='word_1_59' title='bbox 1309 863 1537 919; x_wconf 86' lang='lat' dir='ltr'>Ottonis</span> <span class='ocrx_word' id='word_1_60' title='bbox 1569 861 1969 931; x_wconf 84' lang='lat' dir='ltr'>imperatoris,</span> <span class='ocrx_word' id='word_1_61' title='bbox 1999 862 2164 918; x_wconf 88' lang='lat' dir='ltr'>obiit.</span> 
     </span>
    </p>
   </div>
   <div class='ocr_carea' id='block_1_10' title="bbox 192 951 1205 1007">
    <p class='ocr_par' dir='ltr' id='par_1_10' title="bbox 192 951 1205 1007">
     <span class='ocr_line' id='line_1_10' title="bbox 192 951 1205 1007; baseline -0.001 0"><span class='ocrx_word' id='word_1_62' title='bbox 192 955 322 1007; x_wconf 88' lang='lat'>987.</span> <span class='ocrx_word' id='word_1_63' title='bbox 364 955 580 1007; x_wconf 88' lang='lat' dir='ltr'>lterum</span> <span class='ocrx_word' id='word_1_64' title='bbox 611 952 874 1006; x_wconf 77' lang='lat' dir='ltr'>Saxones</span> <span class='ocrx_word' id='word_1_65' title='bbox 912 951 1205 1006; x_wconf 86' lang='lat' dir='ltr'>Sclaviam</span> 
     </span>
    </p>
   </div>
   <div class='ocr_carea' id='block_1_11' title="bbox 115 1039 1206 1111">
    <p class='ocr_par' dir='ltr' id='par_1_11' title="bbox 115 1039 1206 1111">
     <span class='ocr_line' id='line_1_11' title="bbox 115 1039 1206 1111; baseline 0 -17"><span class='ocrx_word' id='word_1_66' title='bbox 115 1046 384 1108; x_wconf 79' lang='lat' dir='ltr'>vastant,</span> <span class='ocrx_word' id='word_1_67' title='bbox 421 1039 578 1095; x_wconf 89' lang='lat' dir='ltr'>unde</span> <span class='ocrx_word' id='word_1_68' title='bbox 601 1039 679 1094; x_wconf 90' lang='lat' dir='ltr'>illi</span> <span class='ocrx_word' id='word_1_69' title='bbox 711 1039 1028 1111; x_wconf 86' lang='lat' dir='ltr'>compulsi,</span> <span class='ocrx_word' id='word_1_70' title='bbox 1050 1040 1206 1108; x_wconf 89' lang='lat' dir='ltr'>regis</span> 
     </span>
    </p>
   </div>
   <div class='ocr_carea' id='block_1_12' title="bbox 124 1127 1207 1197">
    <p class='ocr_par' dir='ltr' id='par_1_12' title="bbox 124 1127 1207 1197">
     <span class='ocr_line' id='line_1_12' title="bbox 124 1127 1207 1197; baseline 0 -15"><span class='ocrx_word' id='word_1_71' title='bbox 124 1127 342 1183; x_wconf 89' lang='lat' dir='ltr'>ditioni</span> <span class='ocrx_word' id='word_1_72' title='bbox 397 1145 457 1184; x_wconf 93' lang='lat' dir='ltr'>se</span> <span class='ocrx_word' id='word_1_73' title='bbox 510 1128 798 1197; x_wconf 88' lang='lat' dir='ltr'>subdunt,</span> <span class='ocrx_word' id='word_1_74' title='bbox 852 1132 907 1182; x_wconf 90' lang='lat' dir='ltr'>et</span> <span class='ocrx_word' id='word_1_75' title='bbox 965 1127 1207 1196; x_wconf 80' lang='lat' dir='ltr'>castella</span> 
     </span>
    </p>
   </div>
   <div class='ocr_carea' id='block_1_13' title="bbox 115 1216 1207 1288">
    <p class='ocr_par' dir='ltr' id='par_1_13' title="bbox 115 1216 1207 1288">
     <span class='ocr_line' id='line_1_13' title="bbox 115 1216 1207 1288; baseline -0.001 -16"><span class='ocrx_word' id='word_1_76' title='bbox 115 1217 300 1288; x_wconf 83' lang='lat' dir='ltr'>juxta</span> <span class='ocrx_word' id='word_1_77' title='bbox 329 1216 563 1272; x_wconf 75' lang='lat' dir='ltr'>Albiam</span> <span class='ocrx_word' id='word_1_78' title='bbox 594 1221 1023 1272; x_wconf 88' lang='lat' dir='ltr'>restaurantur.</span> <span class='ocrx_word' id='word_1_79' title='bbox 1040 1223 1207 1288; x_wconf 83' lang='lat' dir='ltr'>Aque</span> 
     </span>
    </p>
   </div>
   <div class='ocr_carea' id='block_1_14' title="bbox 119 1305 1207 1380">
    <p class='ocr_par' dir='ltr' id='par_1_14' title="bbox 119 1305 1207 1380">
     <span class='ocr_line' id='line_1_14' title="bbox 119 1305 1207 1380; baseline -0.001 -19"><span class='ocrx_word' id='word_1_80' title='bbox 119 1322 374 1380; x_wconf 88' lang='lat' dir='ltr'>quoque</span> <span class='ocrx_word' id='word_1_81' title='bbox 418 1305 845 1372; x_wconf 84' lang='lat' dir='ltr'>exundabant;</span> <span class='ocrx_word' id='word_1_82' title='bbox 911 1306 1207 1361; x_wconf 88' lang='lat' dir='ltr'>nihilomi-</span> 
     </span>
    </p>
   </div>
   <div class='ocr_carea' id='block_1_15' title="bbox 120 1385 1210 1458">
    <p class='ocr_par' dir='ltr' id='par_1_15' title="bbox 120 1385 1210 1458">
     <span class='ocr_line' id='line_1_15' title="bbox 120 1385 1210 1458; baseline 0.001 -18"><span class='ocrx_word' id='word_1_83' title='bbox 120 1402 242 1440; x_wconf 91' lang='lat' dir='ltr'>nus</span> <span class='ocrx_word' id='word_1_84' title='bbox 318 1390 375 1441; x_wconf 90' lang='lat' dir='ltr'>et</span> <span class='ocrx_word' id='word_1_85' title='bbox 439 1390 655 1441; x_wconf 90' lang='lat' dir='ltr'>ventus</span> <span class='ocrx_word' id='word_1_86' title='bbox 715 1386 890 1458; x_wconf 91' lang='lat' dir='ltr'>plura</span> <span class='ocrx_word' id='word_1_87' title='bbox 957 1385 1210 1441; x_wconf 64' lang='lat' dir='ltr'>aediﬁcia</span> 
     </span>
    </p>
   </div>
   <div class='ocr_carea' id='block_1_16' title="bbox 122 1475 358 1530">
    <p class='ocr_par' dir='ltr' id='par_1_16' title="bbox 122 1475 358 1530">
     <span class='ocr_line' id='line_1_16' title="bbox 122 1475 358 1530; baseline 0 0"><span class='ocrx_word' id='word_1_88' title='bbox 122 1475 358 1530; x_wconf 86' lang='lat' dir='ltr'>stravit.</span> 
     </span>
    </p>
   </div>
   <div class='ocr_carea' id='block_1_17' title="bbox 196 1563 1208 1619">
    <p class='ocr_par' dir='ltr' id='par_1_17' title="bbox 196 1563 1208 1619">
     <span class='ocr_line' id='line_1_17' title="bbox 196 1563 1208 1619; baseline -0.001 0"><span class='ocrx_word' id='word_1_89' title='bbox 196 1567 326 1619; x_wconf 90' lang='lat'>988.</span> <span class='ocrx_word' id='word_1_90' title='bbox 378 1563 619 1619; x_wconf 64' lang='lat' dir='ltr'>rEstatis</span> <span class='ocrx_word' id='word_1_91' title='bbox 654 1563 845 1619; x_wconf 82' lang='lat' dir='ltr'>fervor</span> <span class='ocrx_word' id='word_1_92' title='bbox 890 1564 1110 1618; x_wconf 88' lang='lat' dir='ltr'>nimius</span> <span class='ocrx_word' id='word_1_93' title='bbox 1140 1579 1208 1619; x_wconf 92' lang='lat' dir='ltr'>ac</span> 
     </span>
    </p>
   </div>
   <div class='ocr_carea' id='block_1_18' title="bbox 121 1652 1205 1724">
    <p class='ocr_par' dir='ltr' id='par_1_18' title="bbox 121 1652 1205 1724">
     <span class='ocr_line' id='line_1_18' title="bbox 121 1652 1205 1724; baseline 0 -16"><span class='ocrx_word' id='word_1_94' title='bbox 121 1653 480 1724; x_wconf 87' lang='lat' dir='ltr'>repentinus</span> <span class='ocrx_word' id='word_1_95' title='bbox 513 1653 597 1708; x_wconf 90' lang='lat' dir='ltr'>Id.</span> <span class='ocrx_word' id='word_1_96' title='bbox 617 1652 751 1707; x_wconf 87' lang='lat' dir='ltr'>Julii</span> <span class='ocrx_word' id='word_1_97' title='bbox 780 1669 972 1724; x_wconf 89' lang='lat' dir='ltr'>usque</span> <span class='ocrx_word' id='word_1_98' title='bbox 1006 1652 1205 1708; x_wconf 76' lang='lat' dir='ltr'>ld.Au-</span> 
     </span>
    </p>
   </div>
   <div class='ocr_carea' id='block_1_19' title="bbox 125 1741 1204 1810">
    <p class='ocr_par' dir='ltr' id='par_1_19' title="bbox 125 1741 1204 1810">
     <span class='ocr_line' id='line_1_19' title="bbox 125 1741 1204 1810; baseline 0.001 -15"><span class='ocrx_word' id='word_1_99' title='bbox 125 1743 288 1810; x_wconf 82' lang='lat' dir='ltr'>gusti</span> <span class='ocrx_word' id='word_1_100' title='bbox 319 1742 758 1796; x_wconf 89' lang='lat' dir='ltr'>immanissime</span> <span class='ocrx_word' id='word_1_101' title='bbox 789 1741 1204 1808; x_wconf 78' lang='lat' dir='ltr'>exardescens,</span> 
     </span>
    </p>
   </div>
   <div class='ocr_carea' id='block_1_20' title="bbox 122 1829 1210 1902">
    <p class='ocr_par' dir='ltr' id='par_1_20' title="bbox 122 1829 1210 1902">
     <span class='ocr_line' id='line_1_20' title="bbox 122 1829 1210 1902; baseline 0.002 -18"><span class='ocrx_word' id='word_1_102' title='bbox 122 1830 333 1900; x_wconf 88' lang='lat' dir='ltr'>fruges</span> <span class='ocrx_word' id='word_1_103' title='bbox 364 1829 720 1902; x_wconf 82' lang='lat' dir='ltr'>absumpsit.</span> <span class='ocrx_word' id='word_1_104' title='bbox 770 1833 890 1885; x_wconf 81' lang='lat' dir='ltr'>Rex</span> <span class='ocrx_word' id='word_1_105' title='bbox 935 1830 996 1886; x_wconf 93' lang='lat' dir='ltr'>in</span> <span class='ocrx_word' id='word_1_106' title='bbox 1036 1830 1210 1901; x_wconf 86' lang='lat' dir='ltr'>Engi-</span> 
     </span>
    </p>
   </div>
   <div class='ocr_carea' id='block_1_21' title="bbox 122 1918 1025 1974">
    <p class='ocr_par' dir='ltr' id='par_1_21' title="bbox 122 1918 1025 1974">
     <span class='ocr_line' id='line_1_21' title="bbox 122 1918 1025 1974; baseline 0 0"><span class='ocrx_word' id='word_1_107' title='bbox 122 1918 396 1974; x_wconf 90' lang='lat' dir='ltr'>lenheim</span> <span class='ocrx_word' id='word_1_108' title='bbox 427 1920 655 1974; x_wconf 85' lang='lat' dir='ltr'>Pascha</span> <span class='ocrx_word' id='word_1_109' title='bbox 686 1919 1025 1974; x_wconf 86' lang='lat' dir='ltr'>celebravit.</span> 
     </span>
    </p>
   </div>
   <div class='ocr_carea' id='block_1_22' title="bbox 197 2008 1203 2083">
    <p class='ocr_par' dir='ltr' id='par_1_22' title="bbox 197 2008 1203 2083">
     <span class='ocr_line' id='line_1_22' title="bbox 197 2008 1203 2083; baseline -0.002 -19"><span class='ocrx_word' id='word_1_110' title='bbox 197 2013 326 2064; x_wconf 92' lang='lat'>989.</span> <span class='ocrx_word' id='word_1_111' title='bbox 391 2008 763 2080; x_wconf 88' lang='lat' dir='ltr'>Theophanu</span> <span class='ocrx_word' id='word_1_112' title='bbox 839 2008 1203 2083; x_wconf 88' lang='lat' dir='ltr'>imperatrix,</span> 
     </span>
    </p>
   </div>
   <div class='ocr_carea' id='block_1_23' title="bbox 122 2095 1207 2168">
    <p class='ocr_par' dir='ltr' id='par_1_23' title="bbox 122 2095 1207 2168">
     <span class='ocr_line' id='line_1_23' title="bbox 122 2095 1207 2168; baseline -0.001 -16"><span class='ocrx_word' id='word_1_113' title='bbox 122 2102 323 2152; x_wconf 85' lang='lat' dir='ltr'>mater</span> <span class='ocrx_word' id='word_1_114' title='bbox 347 2095 785 2165; x_wconf 83' lang='lat' dir='ltr'>regis,Romam</span> <span class='ocrx_word' id='word_1_115' title='bbox 813 2096 1207 2168; x_wconf 86' lang='lat' dir='ltr'>perrexit,ibi-</span> 
     </span>
    </p>
   </div>
   <div class='ocr_carea' id='block_1_24' title="bbox 124 2184 1204 2258">
    <p class='ocr_par' dir='ltr' id='par_1_24' title="bbox 124 2184 1204 2258">
     <span class='ocr_line' id='line_1_24' title="bbox 124 2184 1204 2258; baseline -0.001 -18"><span class='ocrx_word' id='word_1_116' title='bbox 124 2203 249 2258; x_wconf 90' lang='lat' dir='ltr'>que</span> <span class='ocrx_word' id='word_1_117' title='bbox 277 2185 543 2241; x_wconf 87' lang='lat' dir='ltr'>natalem</span> <span class='ocrx_word' id='word_1_118' title='bbox 591 2184 824 2240; x_wconf 91' lang='lat' dir='ltr'>Domini</span> <span class='ocrx_word' id='word_1_119' title='bbox 867 2185 1204 2251; x_wconf 84' lang='lat' dir='ltr'>celebravit,</span> 
     </span>
    </p>
   </div>
   <div class='ocr_carea' id='block_1_25' title="bbox 126 2273 1208 2344">
    <p class='ocr_par' dir='ltr' id='par_1_25' title="bbox 126 2273 1208 2344">
     <span class='ocr_line' id='line_1_25' title="bbox 126 2273 1208 2344; baseline -0.002 -14"><span class='ocrx_word' id='word_1_120' title='bbox 126 2281 184 2329; x_wconf 89' lang='lat' dir='ltr'>et</span> <span class='ocrx_word' id='word_1_121' title='bbox 213 2290 462 2330; x_wconf 92' lang='lat' dir='ltr'>omnem</span> <span class='ocrx_word' id='word_1_122' title='bbox 509 2274 815 2344; x_wconf 86' lang='lat' dir='ltr'>regionem</span> <span class='ocrx_word' id='word_1_123' title='bbox 848 2273 970 2341; x_wconf 91' lang='lat' dir='ltr'>regi</span> <span class='ocrx_word' id='word_1_124' title='bbox 1000 2273 1208 2328; x_wconf 91' lang='lat' dir='ltr'>subdi-</span> 
     </span>
    </p>
   </div>
   <div class='ocr_carea' id='block_1_26' title="bbox 127 2360 1209 2433">
    <p class='ocr_par' dir='ltr' id='par_1_26' title="bbox 127 2360 1209 2433">
     <span class='ocr_line' id='line_1_26' title="bbox 127 2360 1209 2433; baseline -0.002 -15"><span class='ocrx_word' id='word_1_125' title='bbox 127 2363 235 2418; x_wconf 91' lang='lat' dir='ltr'>dit.</span> <span class='ocrx_word' id='word_1_126' title='bbox 266 2366 332 2418; x_wconf 84' lang='lat' dir='ltr'>Et</span> <span class='ocrx_word' id='word_1_127' title='bbox 351 2361 567 2418; x_wconf 90' lang='lat' dir='ltr'>eodem</span> <span class='ocrx_word' id='word_1_128' title='bbox 590 2377 751 2416; x_wconf 91' lang='lat' dir='ltr'>anno</span> <span class='ocrx_word' id='word_1_129' title='bbox 783 2361 1058 2431; x_wconf 91' lang='lat' dir='ltr'>Osdagus</span> <span class='ocrx_word' id='word_1_130' title='bbox 1089 2360 1209 2433; x_wconf 84' lang='lat' dir='ltr'>epi-</span> 
     </span>
    </p>
   </div>
   <div class='ocr_carea' id='block_1_27' title="bbox 129 2452 546 2524">
    <p class='ocr_par' dir='ltr' id='par_1_27' title="bbox 129 2452 546 2524">
     <span class='ocr_line' id='line_1_27' title="bbox 129 2452 546 2524; baseline -0.005 -16"><span class='ocrx_word' id='word_1_131' title='bbox 129 2469 353 2524; x_wconf 89' lang='lat' dir='ltr'>scopus</span> <span class='ocrx_word' id='word_1_132' title='bbox 378 2452 546 2507; x_wconf 89' lang='lat' dir='ltr'>obiit.</span> 
     </span>
    </p>
   </div>
   <div class='ocr_carea' id='block_1_28' title="bbox 201 2541 1208 2613">
    <p class='ocr_par' dir='ltr' id='par_1_28' title="bbox 201 2541 1208 2613">
     <span class='ocr_line' id='line_1_28' title="bbox 201 2541 1208 2613; baseline -0.004 -13"><span class='ocrx_word' id='word_1_133' title='bbox 201 2542 644 2612; x_wconf 88' lang='lat' dir='ltr'>990.Gerdagus</span> <span class='ocrx_word' id='word_1_134' title='bbox 657 2541 967 2597; x_wconf 87' lang='lat' dir='ltr'>ordinatur</span> <span class='ocrx_word' id='word_1_135' title='bbox 979 2541 1208 2613; x_wconf 89' lang='lat' dir='ltr'>episco-</span> 
     </span>
    </p>
   </div>
   <div class='ocr_carea' id='block_1_29' title="bbox 128 2631 1206 2706">
    <p class='ocr_par' dir='ltr' id='par_1_29' title="bbox 128 2631 1206 2706">
     <span class='ocr_line' id='line_1_29' title="bbox 128 2631 1206 2706; baseline -0.002 -18"><span class='ocrx_word' id='word_1_136' title='bbox 128 2650 246 2706; x_wconf 88' lang='lat' dir='ltr'>pus</span> <span class='ocrx_word' id='word_1_137' title='bbox 281 2636 346 2689; x_wconf 78' lang='grc'>14</span> <span class='ocrx_word' id='word_1_138' title='bbox 377 2632 505 2688; x_wconf 81' lang='lat' dir='ltr'>Kal.</span> <span class='ocrx_word' id='word_1_139' title='bbox 555 2631 837 2688; x_wconf 85' lang='lat' dir='ltr'>Februar.</span> <span class='ocrx_word' id='word_1_140' title='bbox 887 2634 1007 2687; x_wconf 86' lang='lat' dir='ltr'>Hoc</span> <span class='ocrx_word' id='word_1_141' title='bbox 1044 2647 1206 2688; x_wconf 91' lang='lat' dir='ltr'>anno</span> 
     </span>
    </p>
   </div>
   <div class='ocr_carea' id='block_1_30' title="bbox 128 2720 1207 2791">
    <p class='ocr_par' dir='ltr' id='par_1_30' title="bbox 128 2720 1207 2791">
     <span class='ocr_line' id='line_1_30' title="bbox 128 2720 1207 2791; baseline -0.005 -11"><span class='ocrx_word' id='word_1_142' title='bbox 128 2726 396 2780; x_wconf 83' lang='lat' dir='ltr'>Saxones</span> <span class='ocrx_word' id='word_1_143' title='bbox 426 2721 725 2778; x_wconf 75' lang='lat' dir='ltr'>Abotritos</span> <span class='ocrx_word' id='word_1_144' title='bbox 747 2720 841 2777; x_wconf 92' lang='lat' dir='ltr'>bis</span> <span class='ocrx_word' id='word_1_145' title='bbox 873 2720 1089 2791; x_wconf 88' lang='lat' dir='ltr'>grandi</span> <span class='ocrx_word' id='word_1_146' title='bbox 1131 2721 1207 2776; x_wconf 86' lang='lat' dir='ltr'>ir-</span> 
     </span>
    </p>
   </div>
   <div class='ocr_carea' id='block_1_31' title="bbox 125 2811 1201 2886">
    <p class='ocr_par' dir='ltr' id='par_1_31' title="bbox 125 2811 1201 2886">
     <span class='ocr_line' id='line_1_31' title="bbox 125 2811 1201 2886; baseline -0.003 -17"><span class='ocrx_word' id='word_1_147' title='bbox 125 2813 406 2886; x_wconf 88' lang='lat' dir='ltr'>ruptione</span> <span class='ocrx_word' id='word_1_148' title='bbox 437 2811 933 2868; x_wconf 85' lang='lat' dir='ltr'>vastabant.Multi</span> <span class='ocrx_word' id='word_1_149' title='bbox 955 2826 1201 2883; x_wconf 90' lang='lat' dir='ltr'>quoque</span> 
     </span>
    </p>
   </div>
   <div class='ocr_carea' id='block_1_32' title="bbox 1391 951 2391 1008">
    <p class='ocr_par' dir='ltr' id='par_1_32' title="bbox 1391 951 2391 1008">
     <span class='ocr_line' id='line_1_32' title="bbox 1391 951 2391 1008; baseline 0.002 -2"><span class='ocrx_word' id='word_1_150' title='bbox 1391 956 1515 1008; x_wconf 91' lang='lat'>987.</span> <span class='ocrx_word' id='word_1_151' title='bbox 1553 957 1817 1008; x_wconf 78' lang='lat' dir='ltr'>Saxones</span> <span class='ocrx_word' id='word_1_152' title='bbox 1851 951 2146 1007; x_wconf 86' lang='lat' dir='ltr'>Sclaviain</span> <span class='ocrx_word' id='word_1_153' title='bbox 2177 952 2391 1008; x_wconf 84' lang='lat' dir='ltr'>iterum</span> 
     </span>
    </p>
   </div>
   <div class='ocr_carea' id='block_1_33' title="bbox 1317 1022 2390 1096">
    <p class='ocr_par' dir='ltr' id='par_1_33' title="bbox 1317 1022 2390 1096">
     <span class='ocr_line' id='line_1_33' title="bbox 1317 1022 2390 1096; baseline 0.001 -19"><span class='ocrx_word' id='word_1_154' title='bbox 1317 1023 1682 1096; x_wconf 80' lang='lat' dir='ltr'>invaserunt,</span> <span class='ocrx_word' id='word_1_155' title='bbox 1725 1022 1904 1096; x_wconf 80' lang='lat' dir='ltr'>et_ad</span> <span class='ocrx_word' id='word_1_156' title='bbox 1954 1023 2228 1096; x_wconf 75' lang='lat' dir='ltr'>ultimum</span> <span class='ocrx_word' id='word_1_157' title='bbox 2279 1025 2390 1096; x_wconf 88' lang='lat' dir='ltr'>ipsi</span> 
     </span>
    </p>
   </div>
   <div class='ocr_carea' id='block_1_34' title="bbox 1320 1093 2390 1164">
    <p class='ocr_par' dir='ltr' id='par_1_34' title="bbox 1320 1093 2390 1164">
     <span class='ocr_line' id='line_1_34' title="bbox 1320 1093 2390 1164; baseline -0.001 -15"><span class='ocrx_word' id='word_1_158' title='bbox 1320 1094 1507 1149; x_wconf 90' lang='lat' dir='ltr'>Sclavi</span> <span class='ocrx_word' id='word_1_159' title='bbox 1549 1095 1703 1163; x_wconf 88' lang='lat' dir='ltr'>regis</span> <span class='ocrx_word' id='word_1_160' title='bbox 1767 1093 1974 1148; x_wconf 88' lang='lat' dir='ltr'>ditioni</span> <span class='ocrx_word' id='word_1_161' title='bbox 2027 1093 2390 1164; x_wconf 85' lang='lat' dir='ltr'>subduntur,</span> 
     </span>
    </p>
   </div>
   <div class='ocr_carea' id='block_1_35' title="bbox 1316 1164 2391 1234">
    <p class='ocr_par' dir='ltr' id='par_1_35' title="bbox 1316 1164 2391 1234">
     <span class='ocr_line' id='line_1_35' title="bbox 1316 1164 2391 1234; baseline 0.002 -16"><span class='ocrx_word' id='word_1_162' title='bbox 1316 1170 1374 1220; x_wconf 79' lang='lat' dir='ltr'>et</span> <span class='ocrx_word' id='word_1_163' title='bbox 1403 1165 1647 1219; x_wconf 88' lang='lat' dir='ltr'>castella</span> <span class='ocrx_word' id='word_1_164' title='bbox 1672 1167 1844 1234; x_wconf 83' lang='lat' dir='ltr'>juxta</span> <span class='ocrx_word' id='word_1_165' title='bbox 1889 1164 2125 1219; x_wconf 77' lang='lat' dir='ltr'>Albiam</span> <span class='ocrx_word' id='word_1_166' title='bbox 2167 1167 2391 1220; x_wconf 85' lang='lat' dir='ltr'>ﬂumen</span> 
     </span>
    </p>
   </div>
   <div class='ocr_carea' id='block_1_36' title="bbox 1317 1236 2393 1308">
    <p class='ocr_par' dir='ltr' id='par_1_36' title="bbox 1317 1236 2393 1308">
     <span class='ocr_line' id='line_1_36' title="bbox 1317 1236 2393 1308; baseline 0.001 -18"><span class='ocrx_word' id='word_1_167' title='bbox 1317 1236 1880 1308; x_wconf 86' lang='lat' dir='ltr'>denuorestaurata</span> <span class='ocrx_word' id='word_1_168' title='bbox 1904 1241 2059 1308; x_wconf 72' lang='lat' dir='ltr'>sunt.</span> <span class='ocrx_word' id='word_1_169' title='bbox 2089 1239 2150 1308; x_wconf 86' lang='lat' dir='ltr'>Et</span> <span class='ocrx_word' id='word_1_170' title='bbox 2173 1237 2232 1290; x_wconf 90' lang='lat' dir='ltr'>in</span> <span class='ocrx_word' id='word_1_171' title='bbox 2260 1254 2393 1308; x_wconf 89' lang='lat' dir='ltr'>pro-</span> 
     </span>
    </p>
   </div>
   <div class='ocr_carea' id='block_1_37' title="bbox 1315 1306 2392 1378">
    <p class='ocr_par' dir='ltr' id='par_1_37' title="bbox 1315 1306 2392 1378">
     <span class='ocr_line' id='line_1_37' title="bbox 1315 1306 2392 1378; baseline 0.001 -17"><span class='ocrx_word' id='word_1_172' title='bbox 1315 1307 1480 1378; x_wconf 82' lang='lat' dir='ltr'>xima</span> <span class='ocrx_word' id='word_1_173' title='bbox 1530 1307 1746 1378; x_wconf 79' lang='lat' dir='ltr'>hyeme</span> <span class='ocrx_word' id='word_1_174' title='bbox 1789 1322 1961 1378; x_wconf 63' lang='lat' dir='ltr'>aquae</span> <span class='ocrx_word' id='word_1_175' title='bbox 2003 1306 2392 1362; x_wconf 54' lang='lat' dir='ltr'>nimium—in-</span> 
     </span>
    </p>
   </div>
   <div class='ocr_carea' id='block_1_38' title="bbox 1317 1377 2392 1449">
    <p class='ocr_par' dir='ltr' id='par_1_38' title="bbox 1317 1377 2392 1449">
     <span class='ocr_line' id='line_1_38' title="bbox 1317 1377 2392 1449; baseline 0.001 -17"><span class='ocrx_word' id='word_1_176' title='bbox 1317 1377 1762 1449; x_wconf 82' lang='lat' dir='ltr'>nundaverunt,</span> <span class='ocrx_word' id='word_1_177' title='bbox 1817 1377 1872 1432; x_wconf 86' lang='lat' dir='ltr'>et</span> <span class='ocrx_word' id='word_1_178' title='bbox 1919 1383 2134 1432; x_wconf 86' lang='lat' dir='ltr'>ventus</span> <span class='ocrx_word' id='word_1_179' title='bbox 2179 1378 2392 1449; x_wconf 89' lang='lat' dir='ltr'>ingens</span> 
     </span>
    </p>
   </div>
   <div class='ocr_carea' id='block_1_39' title="bbox 1317 1448 2006 1504">
    <p class='ocr_par' dir='ltr' id='par_1_39' title="bbox 1317 1448 2006 1504">
     <span class='ocr_line' id='line_1_39' title="bbox 1317 1448 2006 1504; baseline -0.003 0"><span class='ocrx_word' id='word_1_180' title='bbox 1317 1448 1507 1504; x_wconf 86' lang='lat' dir='ltr'>multa</span> <span class='ocrx_word' id='word_1_181' title='bbox 1529 1448 1781 1503; x_wconf 74' lang='lat' dir='ltr'>aediﬁcia</span> <span class='ocrx_word' id='word_1_182' title='bbox 1813 1449 2006 1504; x_wconf 89' lang='lat' dir='ltr'>stavit.</span> 
     </span>
    </p>
   </div>
   <div class='ocr_carea' id='block_1_40' title="bbox 1390 1573 2392 1630">
    <p class='ocr_par' dir='ltr' id='par_1_40' title="bbox 1390 1573 2392 1630">
     <span class='ocr_line' id='line_1_40' title="bbox 1390 1573 2392 1630; baseline 0.001 -2"><span class='ocrx_word' id='word_1_183' title='bbox 1390 1577 1514 1629; x_wconf 90' lang='lat'>988.</span> <span class='ocrx_word' id='word_1_184' title='bbox 1567 1574 1802 1628; x_wconf 73' lang='lat' dir='ltr'>A-lstatis</span> <span class='ocrx_word' id='word_1_185' title='bbox 1858 1573 2050 1628; x_wconf 84' lang='lat' dir='ltr'>fervor</span> <span class='ocrx_word' id='word_1_186' title='bbox 2111 1573 2392 1630; x_wconf 88' lang='lat' dir='ltr'>immanis</span> 
     </span>
    </p>
   </div>
   <div class='ocr_carea' id='block_1_41' title="bbox 1319 1661 2387 1734">
    <p class='ocr_par' dir='ltr' id='par_1_41' title="bbox 1319 1661 2387 1734">
     <span class='ocr_line' id='line_1_41' title="bbox 1319 1661 2387 1734; baseline 0.002 -18"><span class='ocrx_word' id='word_1_187' title='bbox 1319 1678 1472 1734; x_wconf 89' lang='lat' dir='ltr'>pene</span> <span class='ocrx_word' id='word_1_188' title='bbox 1486 1666 1731 1716; x_wconf 91' lang='lat' dir='ltr'>cunctos</span> <span class='ocrx_word' id='word_1_189' title='bbox 1747 1661 1972 1716; x_wconf 79' lang='lat' dir='ltr'>fructus</span> <span class='ocrx_word' id='word_1_190' title='bbox 1993 1663 2387 1734; x_wconf 80' lang='lat' dir='ltr'>consumpsit.</span> 
     </span>
    </p>
   </div>
   <div class='ocr_carea' id='block_1_42' title="bbox 1320 1749 2391 1820">
    <p class='ocr_par' dir='ltr' id='par_1_42' title="bbox 1320 1749 2391 1820">
     <span class='ocr_line' id='line_1_42' title="bbox 1320 1749 2391 1820; baseline 0 -14"><span class='ocrx_word' id='word_1_191' title='bbox 1320 1753 1448 1806; x_wconf 83' lang='lat' dir='ltr'>Mox</span> <span class='ocrx_word' id='word_1_192' title='bbox 1506 1749 1752 1820; x_wconf 88' lang='lat' dir='ltr'>grandis</span> <span class='ocrx_word' id='word_1_193' title='bbox 1811 1749 2143 1806; x_wconf 86' lang='lat' dir='ltr'>mortalitas</span> <span class='ocrx_word' id='word_1_194' title='bbox 2201 1750 2391 1806; x_wconf 88' lang='lat' dir='ltr'>homi-</span> 
     </span>
    </p>
   </div>
   <div class='ocr_carea' id='block_1_43' title="bbox 1316 1839 1944 1894">
    <p class='ocr_par' dir='ltr' id='par_1_43' title="bbox 1316 1839 1944 1894">
     <span class='ocr_line' id='line_1_43' title="bbox 1316 1839 1944 1894; baseline -0.003 0"><span class='ocrx_word' id='word_1_195' title='bbox 1316 1855 1464 1894; x_wconf 88' lang='lat' dir='ltr'>num</span> <span class='ocrx_word' id='word_1_196' title='bbox 1493 1839 1816 1894; x_wconf 88' lang='lat' dir='ltr'>subsecuta</span> <span class='ocrx_word' id='word_1_197' title='bbox 1839 1843 1944 1894; x_wconf 92' lang='lat' dir='ltr'>est.</span> 
     </span>
    </p>
   </div>
   <div class='ocr_carea' id='block_1_44' title="bbox 1389 2019 2390 2087">
    <p class='ocr_par' dir='ltr' id='par_1_44' title="bbox 1389 2019 2390 2087">
     <span class='ocr_line' id='line_1_44' title="bbox 1389 2019 2390 2087; baseline 0 -15"><span class='ocrx_word' id='word_1_198' title='bbox 1389 2020 1512 2072; x_wconf 91' lang='lat'>989.</span> <span class='ocrx_word' id='word_1_199' title='bbox 1614 2019 1871 2072; x_wconf 69' lang='lat' dir='ltr'>Cometaa</span> <span class='ocrx_word' id='word_1_200' title='bbox 1959 2021 2390 2087; x_wconf 87' lang='lat' dir='ltr'>apparuerunt,</span> 
     </span>
    </p>
   </div>
   <div class='ocr_carea' id='block_1_45' title="bbox 1316 2103 2395 2176">
    <p class='ocr_par' dir='ltr' id='par_1_45' title="bbox 1316 2103 2395 2176">
     <span class='ocr_line' id='line_1_45' title="bbox 1316 2103 2395 2176; baseline 0.001 -18"><span class='ocrx_word' id='word_1_201' title='bbox 1316 2120 1469 2176; x_wconf 90' lang='lat' dir='ltr'>quas</span> <span class='ocrx_word' id='word_1_202' title='bbox 1499 2103 1835 2176; x_wconf 86' lang='lat' dir='ltr'>pestilentia</span> <span class='ocrx_word' id='word_1_203' title='bbox 1880 2103 2257 2175; x_wconf 89' lang='lat' dir='ltr'>subsequuta</span> <span class='ocrx_word' id='word_1_204' title='bbox 2305 2109 2395 2159; x_wconf 91' lang='lat' dir='ltr'>est</span> 
     </span>
    </p>
   </div>
   <div class='ocr_carea' id='block_1_46' title="bbox 1318 2191 2394 2263">
    <p class='ocr_par' dir='ltr' id='par_1_46' title="bbox 1318 2191 2394 2263">
     <span class='ocr_line' id='line_1_46' title="bbox 1318 2191 2394 2263; baseline 0.001 -17"><span class='ocrx_word' id='word_1_205' title='bbox 1318 2191 1564 2263; x_wconf 88' lang='lat' dir='ltr'>grandis</span> <span class='ocrx_word' id='word_1_206' title='bbox 1621 2192 1938 2247; x_wconf 87' lang='lat' dir='ltr'>hominum</span> <span class='ocrx_word' id='word_1_207' title='bbox 1991 2198 2046 2247; x_wconf 91' lang='lat' dir='ltr'>et</span> <span class='ocrx_word' id='word_1_208' title='bbox 2092 2193 2394 2262; x_wconf 88' lang='lat' dir='ltr'>jumento-</span> 
     </span>
    </p>
   </div>
   <div class='ocr_carea' id='block_1_47' title="bbox 1314 2280 2393 2349">
    <p class='ocr_par' dir='ltr' id='par_1_47' title="bbox 1314 2280 2393 2349">
     <span class='ocr_line' id='line_1_47' title="bbox 1314 2280 2393 2349; baseline 0.001 -14"><span class='ocrx_word' id='word_1_209' title='bbox 1314 2296 1470 2348; x_wconf 90' lang='lat' dir='ltr'>rum,</span> <span class='ocrx_word' id='word_1_210' title='bbox 1523 2286 1579 2335; x_wconf 92' lang='lat' dir='ltr'>et</span> <span class='ocrx_word' id='word_1_211' title='bbox 1622 2280 1881 2335; x_wconf 86' lang='lat' dir='ltr'>maxime</span> <span class='ocrx_word' id='word_1_212' title='bbox 1928 2280 2136 2335; x_wconf 87' lang='lat' dir='ltr'>boum.</span> <span class='ocrx_word' id='word_1_213' title='bbox 2191 2281 2393 2349; x_wconf 84' lang='lat' dir='ltr'>Osdag</span> 
     </span>
    </p>
   </div>
   <div class='ocr_carea' id='block_1_48' title="bbox 1316 2369 2392 2441">
    <p class='ocr_par' dir='ltr' id='par_1_48' title="bbox 1316 2369 2392 2441">
     <span class='ocr_line' id='line_1_48' title="bbox 1316 2369 2392 2441; baseline 0.002 -19"><span class='ocrx_word' id='word_1_214' title='bbox 1316 2385 1560 2441; x_wconf 89' lang='lat' dir='ltr'>quoque</span> <span class='ocrx_word' id='word_1_215' title='bbox 1607 2369 1928 2441; x_wconf 89' lang='lat' dir='ltr'>episcopus</span> <span class='ocrx_word' id='word_1_216' title='bbox 1976 2370 2247 2436; x_wconf 89' lang='lat' dir='ltr'>moritur,</span> <span class='ocrx_word' id='word_1_217' title='bbox 2296 2371 2392 2425; x_wconf 92' lang='lat' dir='ltr'>cui</span> 
     </span>
    </p>
   </div>
   <div class='ocr_carea' id='block_1_49' title="bbox 1258 2457 1957 2535">
    <p class='ocr_par' dir='ltr' id='par_1_49' title="bbox 1258 2457 1957 2535">
     <span class='ocr_line' id='line_1_49' title="bbox 1258 2457 1957 2535; baseline -0.001 -23"><span class='ocrx_word' id='word_1_218' title='bbox 1258 2529 1268 2535; x_wconf 86' lang='lat'><em>_</em></span> <span class='ocrx_word' id='word_1_219' title='bbox 1318 2457 1625 2526; x_wconf 88' lang='lat' dir='ltr'>Gerdagus</span> <span class='ocrx_word' id='word_1_220' title='bbox 1655 2457 1957 2512; x_wconf 73' lang='lat' dir='ltr'>successit.</span> 
     </span>
    </p>
   </div>
   <div class='ocr_carea' id='block_1_50' title="bbox 1388 2545 2390 2617">
    <p class='ocr_par' dir='ltr' id='par_1_50' title="bbox 1388 2545 2390 2617">
     <span class='ocr_line' id='line_1_50' title="bbox 1388 2545 2390 2617; baseline 0.001 -16"><span class='ocrx_word' id='word_1_221' title='bbox 1388 2549 1511 2601; x_wconf 88' lang='lat'>990.</span> <span class='ocrx_word' id='word_1_222' title='bbox 1542 2545 1787 2617; x_wconf 86' lang='lat' dir='ltr'>Eclipsis</span> <span class='ocrx_word' id='word_1_223' title='bbox 1823 2545 1963 2601; x_wconf 90' lang='lat' dir='ltr'>solis</span> <span class='ocrx_word' id='word_1_224' title='bbox 2003 2546 2160 2602; x_wconf 88' lang='lat' dir='ltr'>facta</span> <span class='ocrx_word' id='word_1_225' title='bbox 2197 2551 2285 2602; x_wconf 88' lang='lat' dir='ltr'>est</span> <span class='ocrx_word' id='word_1_226' title='bbox 2328 2551 2390 2603; x_wconf 81' lang='lat'>1&#39;2</span> 
     </span>
    </p>
   </div>
   <div class='ocr_carea' id='block_1_51' title="bbox 1317 2633 2390 2707">
    <p class='ocr_par' dir='ltr' id='par_1_51' title="bbox 1317 2633 2390 2707">
     <span class='ocr_line' id='line_1_51' title="bbox 1317 2633 2390 2707; baseline 0.002 -19"><span class='ocrx_word' id='word_1_227' title='bbox 1317 2633 1572 2689; x_wconf 83' lang='lat' dir='ltr'>Kalend.</span> <span class='ocrx_word' id='word_1_228' title='bbox 1633 2633 1921 2690; x_wconf 88' lang='lat' dir='ltr'>Novemb.</span> <span class='ocrx_word' id='word_1_229' title='bbox 1973 2634 2126 2690; x_wconf 89' lang='lat' dir='ltr'>hora</span> <span class='ocrx_word' id='word_1_230' title='bbox 2179 2635 2390 2707; x_wconf 89' lang='lat' dir='ltr'>quinta</span> 
     </span>
    </p>
   </div>
   <div class='ocr_carea' id='block_1_52' title="bbox 1317 2722 1456 2778">
    <p class='ocr_par' dir='ltr' id='par_1_52' title="bbox 1317 2722 1456 2778">
     <span class='ocr_line' id='line_1_52' title="bbox 1317 2722 1456 2778; baseline 0 -1"><span class='ocrx_word' id='word_1_231' title='bbox 1317 2722 1456 2778; x_wconf 91' lang='lat' dir='ltr'>diei.</span> 
     </span>
    </p>
   </div>
   <div class='ocr_carea' id='block_1_53' title="bbox 2574 958 3572 1014">
    <p class='ocr_par' dir='ltr' id='par_1_53' title="bbox 2574 958 3572 1014">
     <span class='ocr_line' id='line_1_53' title="bbox 2574 958 3572 1014; baseline 0.006 -5"><span class='ocrx_word' id='word_1_232' title='bbox 2574 960 2696 1011; x_wconf 88' lang='lat'>987.</span> <span class='ocrx_word' id='word_1_233' title='bbox 2733 959 2948 1011; x_wconf 90' lang='lat' dir='ltr'>lterum</span> <span class='ocrx_word' id='word_1_234' title='bbox 2981 973 3082 1010; x_wconf 79' lang='lat' dir='ltr'>rex</span> <span class='ocrx_word' id='word_1_235' title='bbox 3109 958 3455 1014; x_wconf 84' lang='lat' dir='ltr'>Bolicmiam</span> <span class='ocrx_word' id='word_1_236' title='bbox 3488 959 3572 1014; x_wconf 90' lang='lat' dir='ltr'>in-</span> 
     </span>
    </p>
   </div>
   <div class='ocr_carea' id='block_1_54' title="bbox 2503 1045 3573 1111">
    <p class='ocr_par' dir='ltr' id='par_1_54' title="bbox 2503 1045 3573 1111">
     <span class='ocr_line' id='line_1_54' title="bbox 2503 1045 3573 1111; baseline 0.005 -13"><span class='ocrx_word' id='word_1_237' title='bbox 2503 1045 2760 1111; x_wconf 86' lang='lat' dir='ltr'>travit,et</span> <span class='ocrx_word' id='word_1_238' title='bbox 2785 1061 2921 1100; x_wconf 90' lang='lat' dir='ltr'>eam</span> <span class='ocrx_word' id='word_1_239' title='bbox 2946 1045 3022 1100; x_wconf 89' lang='lat' dir='ltr'>ad</span> <span class='ocrx_word' id='word_1_240' title='bbox 3054 1045 3419 1102; x_wconf 88' lang='lat' dir='ltr'>deditionem</span> <span class='ocrx_word' id='word_1_241' title='bbox 3443 1065 3573 1104; x_wconf 90' lang='lat' dir='ltr'>coe-</span> 
     </span>
    </p>
   </div>
   <div class='ocr_carea' id='block_1_55' title="bbox 2503 1132 2601 1200">
    <p class='ocr_par' dir='ltr' id='par_1_55' title="bbox 2503 1132 2601 1200">
     <span class='ocr_line' id='line_1_55' title="bbox 2503 1132 2601 1200; baseline 0.02 -15"><span class='ocrx_word' id='word_1_242' title='bbox 2503 1132 2601 1200; x_wconf 88' lang='lat' dir='ltr'>git.</span> 
     </span>
    </p>
   </div>
   <div class='ocr_carea' id='block_1_56' title="bbox 2572 1575 3573 1635">
    <p class='ocr_par' dir='ltr' id='par_1_56' title="bbox 2572 1575 3573 1635">
     <span class='ocr_line' id='line_1_56' title="bbox 2572 1575 3573 1635; baseline 0.004 -5"><span class='ocrx_word' id='word_1_243' title='bbox 2572 1578 2695 1630; x_wconf 92' lang='lat'>988.</span> <span class='ocrx_word' id='word_1_244' title='bbox 2722 1575 2955 1630; x_wconf 61' lang='lat' dir='ltr'>distatis</span> <span class='ocrx_word' id='word_1_245' title='bbox 2984 1575 3180 1632; x_wconf 84' lang='lat' dir='ltr'>fervor</span> <span class='ocrx_word' id='word_1_246' title='bbox 3210 1577 3573 1635; x_wconf 84' lang='lat' dir='ltr'>nimius.Ru-</span> 
     </span>
    </p>
   </div>
   <div class='ocr_carea' id='block_1_57' title="bbox 2501 1666 3573 1739">
    <p class='ocr_par' dir='ltr' id='par_1_57' title="bbox 2501 1666 3573 1739">
     <span class='ocr_line' id='line_1_57' title="bbox 2501 1666 3573 1739; baseline 0.006 -23"><span class='ocrx_word' id='word_1_247' title='bbox 2501 1669 2704 1733; x_wconf 84' lang='lat' dir='ltr'>pertus</span> <span class='ocrx_word' id='word_1_248' title='bbox 2777 1666 3017 1734; x_wconf 75' lang='lat'>(192-95)</span> <span class='ocrx_word' id='word_1_249' title='bbox 3084 1666 3573 1739; x_wconf 86' lang='lat' dir='ltr'>archiepiscopus</span> 
     </span>
    </p>
   </div>
   <div class='ocr_carea' id='block_1_58' title="bbox 2500 1751 3574 1825">
    <p class='ocr_par' dir='ltr' id='par_1_58' title="bbox 2500 1751 3574 1825">
     <span class='ocr_line' id='line_1_58' title="bbox 2500 1751 3574 1825; baseline 0.003 -18"><span class='ocrx_word' id='word_1_250' title='bbox 2500 1751 2992 1818; x_wconf 80' lang='lat' dir='ltr'>Mogontiacensis</span> <span class='ocrx_word' id='word_1_251' title='bbox 3042 1755 3223 1825; x_wconf 80' lang='lat' dir='ltr'>obiit:</span> <span class='ocrx_word' id='word_1_252' title='bbox 3258 1756 3351 1810; x_wconf 90' lang='lat' dir='ltr'>cui</span> <span class='ocrx_word' id='word_1_253' title='bbox 3381 1756 3574 1810; x_wconf 82' lang='lat' dir='ltr'>Willi-</span> 
     </span>
    </p>
   </div>
   <div class='ocr_carea' id='block_1_59' title="bbox 2503 1839 3000 1907">
    <p class='ocr_par' dir='ltr' id='par_1_59' title="bbox 2503 1839 3000 1907">
     <span class='ocr_line' id='line_1_59' title="bbox 2503 1839 3000 1907; baseline 0.008 -15"><span class='ocrx_word' id='word_1_254' title='bbox 2503 1839 2664 1907; x_wconf 89' lang='lat' dir='ltr'>gisus</span> <span class='ocrx_word' id='word_1_255' title='bbox 2699 1840 3000 1896; x_wconf 85' lang='lat' dir='ltr'>successit.</span> 
     </span>
    </p>
   </div>
   <div class='ocr_carea' id='block_1_60' title="bbox 2576 2035 3570 2108">
    <p class='ocr_par' dir='ltr' id='par_1_60' title="bbox 2576 2035 3570 2108">
     <span class='ocr_line' id='line_1_60' title="bbox 2576 2035 3570 2108; baseline 0.004 -18"><span class='ocrx_word' id='word_1_256' title='bbox 2576 2035 3075 2106; x_wconf 89' lang='lat' dir='ltr'>989.Theophanu</span> <span class='ocrx_word' id='word_1_257' title='bbox 3099 2037 3442 2108; x_wconf 81' lang='lat' dir='ltr'>imperatrix</span> <span class='ocrx_word' id='word_1_258' title='bbox 3459 2043 3570 2094; x_wconf 76' lang='lat' dir='ltr'>Ro-</span> 
     </span>
    </p>
   </div>
   <div class='ocr_carea' id='block_1_61' title="bbox 2503 2125 3573 2198">
    <p class='ocr_par' dir='ltr' id='par_1_61' title="bbox 2503 2125 3573 2198">
     <span class='ocr_line' id='line_1_61' title="bbox 2503 2125 3573 2198; baseline 0.007 -22"><span class='ocrx_word' id='word_1_259' title='bbox 2503 2138 2668 2178; x_wconf 88' lang='lat' dir='ltr'>mam</span> <span class='ocrx_word' id='word_1_260' title='bbox 2703 2125 2975 2194; x_wconf 81' lang='lat' dir='ltr'>perrexit,</span> <span class='ocrx_word' id='word_1_261' title='bbox 3010 2142 3376 2198; x_wconf 88' lang='lat' dir='ltr'>omnemque</span> <span class='ocrx_word' id='word_1_262' title='bbox 3407 2128 3573 2183; x_wconf 86' lang='lat' dir='ltr'>illam</span> 
     </span>
    </p>
   </div>
   <div class='ocr_carea' id='block_1_62' title="bbox 2500 2211 3303 2282">
    <p class='ocr_par' dir='ltr' id='par_1_62' title="bbox 2500 2211 3303 2282">
     <span class='ocr_line' id='line_1_62' title="bbox 2500 2211 3303 2282; baseline 0.005 -16"><span class='ocrx_word' id='word_1_263' title='bbox 2500 2211 2805 2280; x_wconf 86' lang='lat' dir='ltr'>regionem</span> <span class='ocrx_word' id='word_1_264' title='bbox 2835 2213 2959 2282; x_wconf 90' lang='lat' dir='ltr'>regi</span> <span class='ocrx_word' id='word_1_265' title='bbox 2992 2213 3303 2270; x_wconf 80' lang='lat' dir='ltr'>subdidit?</span> 
     </span>
    </p>
   </div>
   <div class='ocr_carea' id='block_1_63' title="bbox 2571 2553 2695 2604">
    <p class='ocr_par' dir='ltr' id='par_1_63' title="bbox 2571 2553 2695 2604">
     <span class='ocr_line' id='line_1_63' title="bbox 2571 2553 2695 2604; baseline -0.008 0"><span class='ocrx_word' id='word_1_266' title='bbox 2571 2553 2695 2604; x_wconf 86' lang='grc'>990.</span> 
     </span>
    </p>
   </div>
   <div class='ocr_carea' id='block_1_64' title="bbox 125 2890 3421 2977">
    <p class='ocr_par' dir='ltr' id='par_1_64' title="bbox 125 2890 3421 2977">
     <span class='ocr_line' id='line_1_64' title="bbox 125 2890 3421 2977; baseline 0.002 -21"><span class='ocrx_word' id='word_1_267' title='bbox 125 2901 365 2957; x_wconf 89' lang='lat' dir='ltr'>illorum</span> <span class='ocrx_word' id='word_1_268' title='bbox 397 2905 454 2957; x_wconf 90' lang='lat' dir='ltr'>et</span> <span class='ocrx_word' id='word_1_269' title='bbox 482 2899 720 2972; x_wconf 90' lang='lat' dir='ltr'>penitus</span> <span class='ocrx_word' id='word_1_270' title='bbox 765 2899 1235 2956; x_wconf 90' lang='lat' dir='ltr'>nominatissimi</span> <span class='ocrx_word' id='word_1_271' title='bbox 1264 2890 1635 2971; x_wconf 88' lang='lat' dir='ltr'>interrempti</span> <span class='ocrx_word' id='word_1_272' title='bbox 1681 2903 1838 2969; x_wconf 92' lang='lat' dir='ltr'>sunt,</span> <span class='ocrx_word' id='word_1_273' title='bbox 1873 2899 1969 2955; x_wconf 91' lang='lat' dir='ltr'>alii</span> <span class='ocrx_word' id='word_1_274' title='bbox 2015 2898 2076 2955; x_wconf 90' lang='lat' dir='ltr'>in</span> <span class='ocrx_word' id='word_1_275' title='bbox 2105 2899 2352 2956; x_wconf 83' lang='lat' dir='ltr'>flumine</span> <span class='ocrx_word' id='word_1_276' title='bbox 2385 2901 2596 2960; x_wconf 90' lang='lat' dir='ltr'>necati.</span> <span class='ocrx_word' id='word_1_277' title='bbox 2634 2904 2898 2960; x_wconf 81' lang='lat' dir='ltr'>Saxones</span> <span class='ocrx_word' id='word_1_278' title='bbox 2931 2905 3030 2960; x_wconf 90' lang='lat' dir='ltr'>Dei</span> <span class='ocrx_word' id='word_1_279' title='bbox 3058 2906 3250 2977; x_wconf 89' lang='lat' dir='ltr'>gratia</span> <span class='ocrx_word' id='word_1_280' title='bbox 3281 2925 3421 2965; x_wconf 91' lang='lat' dir='ltr'>cum</span> 
     </span>
    </p>
   </div>
   <div class='ocr_carea' id='block_1_65' title="bbox 124 2988 3421 3063">
    <p class='ocr_par' dir='ltr' id='par_1_65' title="bbox 124 2988 3421 3063">
     <span class='ocr_line' id='line_1_65' title="bbox 124 2988 3421 3063; baseline 0.003 -19"><span class='ocrx_word' id='word_1_281' title='bbox 124 3007 272 3063; x_wconf 81' lang='lat' dir='ltr'>pace</span> <span class='ocrx_word' id='word_1_282' title='bbox 301 2995 359 3045; x_wconf 90' lang='lat' dir='ltr'>et</span> <span class='ocrx_word' id='word_1_283' title='bbox 389 2988 636 3045; x_wconf 87' lang='lat' dir='ltr'>victoria</span> <span class='ocrx_word' id='word_1_284' title='bbox 662 2989 984 3044; x_wconf 90' lang='lat' dir='ltr'>redierunt.</span> <span class='ocrx_word' id='word_1_285' title='bbox 1018 2989 1274 3044; x_wconf 87' lang='lat' dir='ltr'>Misacho</span> <span class='ocrx_word' id='word_1_286' title='bbox 1302 2994 1357 3044; x_wconf 91' lang='lat' dir='ltr'>et</span> <span class='ocrx_word' id='word_1_287' title='bbox 1384 2988 1716 3056; x_wconf 84' lang='lat' dir='ltr'>Bolizlawo,</span> <span class='ocrx_word' id='word_1_288' title='bbox 1740 2989 1924 3044; x_wconf 90' lang='lat' dir='ltr'>duces</span> <span class='ocrx_word' id='word_1_289' title='bbox 1957 2988 2328 3056; x_wconf 88' lang='lat' dir='ltr'>Sclavorum,</span> <span class='ocrx_word' id='word_1_290' title='bbox 2354 2991 2640 3059; x_wconf 88' lang='lat' dir='ltr'>gravibus</span> <span class='ocrx_word' id='word_1_291' title='bbox 2663 2991 2983 3048; x_wconf 89' lang='lat' dir='ltr'>inimicitiis</span> <span class='ocrx_word' id='word_1_292' title='bbox 3013 2994 3163 3051; x_wconf 89' lang='lat' dir='ltr'>inter</span> <span class='ocrx_word' id='word_1_293' title='bbox 3190 3013 3253 3051; x_wconf 91' lang='lat' dir='ltr'>se</span> <span class='ocrx_word' id='word_1_294' title='bbox 3285 3014 3421 3053; x_wconf 92' lang='lat' dir='ltr'>con-</span> 
     </span>
    </p>
   </div>
   <div class='ocr_carea' id='block_1_66' title="bbox 125 3077 3418 3152">
    <p class='ocr_par' dir='ltr' id='par_1_66' title="bbox 125 3077 3418 3152">
     <span class='ocr_line' id='line_1_66' title="bbox 125 3077 3418 3152; baseline 0.002 -17"><span class='ocrx_word' id='word_1_295' title='bbox 125 3079 421 3136; x_wconf 82' lang='lat' dir='ltr'>ﬂixerant.</span> <span class='ocrx_word' id='word_1_296' title='bbox 444 3081 508 3136; x_wconf 87' lang='lat' dir='ltr'>Et</span> <span class='ocrx_word' id='word_1_297' title='bbox 537 3077 752 3134; x_wconf 88' lang='lat' dir='ltr'>eodem</span> <span class='ocrx_word' id='word_1_298' title='bbox 778 3093 941 3134; x_wconf 85' lang='lat' dir='ltr'>anno</span> <span class='ocrx_word' id='word_1_299' title='bbox 970 3077 1227 3150; x_wconf 76' lang='lat' dir='ltr'>eclypsis</span> <span class='ocrx_word' id='word_1_300' title='bbox 1259 3077 1399 3133; x_wconf 90' lang='lat' dir='ltr'>solis</span> <span class='ocrx_word' id='word_1_301' title='bbox 1427 3078 1629 3145; x_wconf 76' lang='lat' dir='ltr'>ﬁebat,</span> <span class='ocrx_word' id='word_1_302' title='bbox 1657 3093 1780 3150; x_wconf 89' lang='lat' dir='ltr'>quo</span> <span class='ocrx_word' id='word_1_303' title='bbox 1807 3093 1930 3133; x_wconf 91' lang='lat' dir='ltr'>non</span> <span class='ocrx_word' id='word_1_304' title='bbox 1961 3078 2202 3133; x_wconf 90' lang='lat' dir='ltr'>modica</span> <span class='ocrx_word' id='word_1_305' title='bbox 2236 3079 2722 3152; x_wconf 88' lang='lat' dir='ltr'>subsequebatur</span> <span class='ocrx_word' id='word_1_306' title='bbox 2744 3082 3074 3139; x_wconf 89' lang='lat' dir='ltr'>mortalitas</span> <span class='ocrx_word' id='word_1_307' title='bbox 3100 3085 3418 3144; x_wconf 90' lang='lat' dir='ltr'>hominum</span> 
     </span>
    </p>
   </div>
   <div class='ocr_carea' id='block_1_67' title="bbox 121 3165 1514 3242">
    <p class='ocr_par' dir='ltr' id='par_1_67' title="bbox 121 3165 1514 3242">
     <span class='ocr_line' id='line_1_67' title="bbox 121 3165 1514 3242; baseline -0.004 -17"><span class='ocrx_word' id='word_1_308' title='bbox 121 3174 301 3242; x_wconf 85' lang='lat' dir='ltr'>atque</span> <span class='ocrx_word' id='word_1_309' title='bbox 325 3168 740 3240; x_wconf 87' lang='lat' dir='ltr'>jumentorum</span> <span class='ocrx_word' id='word_1_310' title='bbox 777 3172 840 3222; x_wconf 80' lang='grc'>12</span> <span class='ocrx_word' id='word_1_311' title='bbox 872 3165 1121 3222; x_wconf 84' lang='lat' dir='ltr'>Kalend.</span> <span class='ocrx_word' id='word_1_312' title='bbox 1153 3165 1514 3224; x_wconf 86' lang='lat' dir='ltr'>Novembris</span> 
     </span>
    </p>
   </div>
   <div class='ocr_carea' id='block_1_68' title="bbox 191 3343 1199 3417">
    <p class='ocr_par' dir='ltr' id='par_1_68' title="bbox 191 3343 1199 3417">
     <span class='ocr_line' id='line_1_68' title="bbox 191 3343 1199 3417; baseline -0.001 -16"><span class='ocrx_word' id='word_1_313' title='bbox 191 3349 320 3402; x_wconf 89' lang='lat'>991.</span> <span class='ocrx_word' id='word_1_314' title='bbox 397 3345 770 3417; x_wconf 90' lang='lat' dir='ltr'>Theophanu</span> <span class='ocrx_word' id='word_1_315' title='bbox 841 3343 1199 3416; x_wconf 86' lang='lat' dir='ltr'>imperatrix</span> 
     </span>
    </p>
   </div>
   <div class='ocr_carea' id='block_1_69' title="bbox 123 3433 1200 3506">
    <p class='ocr_par' dir='ltr' id='par_1_69' title="bbox 123 3433 1200 3506">
     <span class='ocr_line' id='line_1_69' title="bbox 123 3433 1200 3506; baseline -0.003 -16"><span class='ocrx_word' id='word_1_316' title='bbox 123 3435 288 3490; x_wconf 90' lang='lat' dir='ltr'>obiit.</span> <span class='ocrx_word' id='word_1_317' title='bbox 341 3434 618 3506; x_wconf 86' lang='lat' dir='ltr'>lgnisque</span> <span class='ocrx_word' id='word_1_318' title='bbox 649 3433 723 3488; x_wconf 92' lang='lat' dir='ltr'>de</span> <span class='ocrx_word' id='word_1_319' title='bbox 771 3434 966 3489; x_wconf 87' lang='lat' dir='ltr'>Hreno</span> <span class='ocrx_word' id='word_1_320' title='bbox 997 3448 1200 3489; x_wconf 90' lang='lat' dir='ltr'>ascen-</span> 
     </span>
    </p>
   </div>
   <div class='ocr_carea' id='block_1_70' title="bbox 122 3521 1202 3596">
    <p class='ocr_par' dir='ltr' id='par_1_70' title="bbox 122 3521 1202 3596">
     <span class='ocr_line' id='line_1_70' title="bbox 122 3521 1202 3596; baseline -0.001 -17"><span class='ocrx_word' id='word_1_321' title='bbox 122 3524 272 3580; x_wconf 89' lang='lat' dir='ltr'>dens</span> <span class='ocrx_word' id='word_1_322' title='bbox 320 3523 491 3578; x_wconf 83' lang='lat' dir='ltr'>villas</span> <span class='ocrx_word' id='word_1_323' title='bbox 531 3537 719 3594; x_wconf 90' lang='lat' dir='ltr'>prope</span> <span class='ocrx_word' id='word_1_324' title='bbox 766 3521 992 3596; x_wconf 90' lang='lat' dir='ltr'>positas</span> <span class='ocrx_word' id='word_1_325' title='bbox 1041 3538 1202 3578; x_wconf 91' lang='lat' dir='ltr'>com-</span> 
     </span>
    </p>
   </div>
   <div class='ocr_carea' id='block_1_71' title="bbox 122 3611 1198 3669">
    <p class='ocr_par' dir='ltr' id='par_1_71' title="bbox 122 3611 1198 3669">
     <span class='ocr_line' id='line_1_71' title="bbox 122 3611 1198 3669; baseline -0.002 -1"><span class='ocrx_word' id='word_1_326' title='bbox 122 3611 333 3668; x_wconf 91' lang='lat' dir='ltr'>bussit.</span> <span class='ocrx_word' id='word_1_327' title='bbox 391 3612 596 3667; x_wconf 76' lang='lat' dir='ltr'>Piratae</span> <span class='ocrx_word' id='word_1_328' title='bbox 673 3612 856 3669; x_wconf 89' lang='lat' dir='ltr'>etiam</span> <span class='ocrx_word' id='word_1_329' title='bbox 913 3613 1198 3667; x_wconf 88' lang='lat' dir='ltr'>Staverun</span> 
     </span>
    </p>
   </div>
   <div class='ocr_carea' id='block_1_72' title="bbox 126 3699 1196 3773">
    <p class='ocr_par' dir='ltr' id='par_1_72' title="bbox 126 3699 1196 3773">
     <span class='ocr_line' id='line_1_72' title="bbox 126 3699 1196 3773; baseline -0.002 -17"><span class='ocrx_word' id='word_1_330' title='bbox 126 3702 268 3772; x_wconf 88' lang='grc'>(196)</span> <span class='ocrx_word' id='word_1_331' title='bbox 323 3699 718 3773; x_wconf 90' lang='lat' dir='ltr'>depredando</span> <span class='ocrx_word' id='word_1_332' title='bbox 790 3704 1196 3772; x_wconf 87' lang='lat' dir='ltr'>vastaverunt,</span> 
     </span>
    </p>
   </div>
   <div class='ocr_carea' id='block_1_73' title="bbox 124 3787 1197 3862">
    <p class='ocr_par' dir='ltr' id='par_1_73' title="bbox 124 3787 1197 3862">
     <span class='ocr_line' id='line_1_73' title="bbox 124 3787 1197 3862; baseline -0.002 -16"><span class='ocrx_word' id='word_1_333' title='bbox 124 3790 364 3862; x_wconf 87' lang='lat' dir='ltr'>aliaque</span> <span class='ocrx_word' id='word_1_334' title='bbox 413 3789 475 3845; x_wconf 91' lang='lat' dir='ltr'>in</span> <span class='ocrx_word' id='word_1_335' title='bbox 523 3789 690 3846; x_wconf 76' lang='lat' dir='ltr'>litore</span> <span class='ocrx_word' id='word_1_336' title='bbox 739 3787 873 3844; x_wconf 90' lang='lat' dir='ltr'>loca</span> <span class='ocrx_word' id='word_1_337' title='bbox 920 3789 1197 3862; x_wconf 86' lang='lat' dir='ltr'>perdide-</span> 
     </span>
    </p>
   </div>
   <div class='ocr_carea' id='block_1_74' title="bbox 122 3879 1200 3948">
    <p class='ocr_par' dir='ltr' id='par_1_74' title="bbox 122 3879 1200 3948">
     <span class='ocr_line' id='line_1_74' title="bbox 122 3879 1200 3948; baseline -0.001 -14"><span class='ocrx_word' id='word_1_338' title='bbox 122 3883 281 3934; x_wconf 89' lang='lat' dir='ltr'>runt.</span> <span class='ocrx_word' id='word_1_339' title='bbox 319 3879 451 3934; x_wconf 90' lang='lat' dir='ltr'>Otto</span> <span class='ocrx_word' id='word_1_340' title='bbox 481 3894 586 3934; x_wconf 87' lang='lat' dir='ltr'>rex</span> <span class='ocrx_word' id='word_1_341' title='bbox 616 3894 754 3933; x_wconf 91' lang='lat' dir='ltr'>cum</span> <span class='ocrx_word' id='word_1_342' title='bbox 781 3893 1005 3948; x_wconf 89' lang='lat' dir='ltr'>magno</span> <span class='ocrx_word' id='word_1_343' title='bbox 1038 3893 1200 3933; x_wconf 86' lang='lat' dir='ltr'>exer-</span> 
     </span>
    </p>
   </div>
   <div class='ocr_carea' id='block_1_75' title="bbox 40 3966 1196 4039">
    <p class='ocr_par' dir='ltr' id='par_1_75' title="bbox 40 3966 1196 4039">
     <span class='ocr_line' id='line_1_75' title="bbox 40 3966 1196 4039; baseline 0.001 -17"><span class='ocrx_word' id='word_1_344' title='bbox 40 3981 52 3995; x_wconf 54' lang='grc' dir='ltr'><strong>κ</strong></span> <span class='ocrx_word' id='word_1_345' title='bbox 122 3968 243 4022; x_wconf 90' lang='lat' dir='ltr'>citu</span> <span class='ocrx_word' id='word_1_346' title='bbox 297 3968 606 4022; x_wconf 88' lang='lat' dir='ltr'>Saxonum</span> <span class='ocrx_word' id='word_1_347' title='bbox 662 3982 731 4022; x_wconf 88' lang='lat' dir='ltr'>ac</span> <span class='ocrx_word' id='word_1_348' title='bbox 779 3966 1196 4039; x_wconf 91' lang='lat' dir='ltr'>supplemento</span> 
     </span>
    </p>
   </div>
   <div class='ocr_carea' id='block_1_76' title="bbox 122 4055 1199 4125">
    <p class='ocr_par' dir='ltr' id='par_1_76' title="bbox 122 4055 1199 4125">
     <span class='ocr_line' id='line_1_76' title="bbox 122 4055 1199 4125; baseline -0.002 -13"><span class='ocrx_word' id='word_1_349' title='bbox 122 4056 380 4113; x_wconf 87' lang='lat' dir='ltr'>Misacon</span> <span class='ocrx_word' id='word_1_350' title='bbox 413 4055 854 4125; x_wconf 88' lang='lat' dir='ltr'>Brennanburg</span> <span class='ocrx_word' id='word_1_351' title='bbox 882 4055 1119 4111; x_wconf 87' lang='lat' dir='ltr'>obsedit</span> <span class='ocrx_word' id='word_1_352' title='bbox 1143 4059 1199 4110; x_wconf 93' lang='lat' dir='ltr'>et</span> 
     </span>
    </p>
   </div>
   <div class='ocr_carea' id='block_1_77' title="bbox 121 4144 1196 4214">
    <p class='ocr_par' dir='ltr' id='par_1_77' title="bbox 121 4144 1196 4214">
     <span class='ocr_line' id='line_1_77' title="bbox 121 4144 1196 4214; baseline 0 -14"><span class='ocrx_word' id='word_1_353' title='bbox 121 4145 388 4201; x_wconf 90' lang='lat' dir='ltr'>vicit.lllo</span> <span class='ocrx_word' id='word_1_354' title='bbox 411 4149 616 4201; x_wconf 88' lang='lat' dir='ltr'>autem</span> <span class='ocrx_word' id='word_1_355' title='bbox 636 4144 777 4200; x_wconf 92' lang='lat' dir='ltr'>inde</span> <span class='ocrx_word' id='word_1_356' title='bbox 801 4144 1196 4214; x_wconf 89' lang='lat' dir='ltr'>digrediente,</span> 
     </span>
    </p>
   </div>
   <div class='ocr_carea' id='block_1_78' title="bbox 122 4232 1197 4305">
    <p class='ocr_par' dir='ltr' id='par_1_78' title="bbox 122 4232 1197 4305">
     <span class='ocr_line' id='line_1_78' title="bbox 122 4232 1197 4305; baseline -0.002 -15"><span class='ocrx_word' id='word_1_357' title='bbox 122 4234 450 4290; x_wconf 87' lang='lat' dir='ltr'>Saxonicus</span> <span class='ocrx_word' id='word_1_358' title='bbox 491 4233 744 4305; x_wconf 91' lang='lat' dir='ltr'>quidam</span> <span class='ocrx_word' id='word_1_359' title='bbox 765 4232 909 4289; x_wconf 87' lang='lat' dir='ltr'>Kizo</span> <span class='ocrx_word' id='word_1_360' title='bbox 939 4233 1197 4288; x_wconf 91' lang='lat' dir='ltr'>eandem</span> 
     </span>
    </p>
   </div>
   <div class='ocr_carea' id='block_1_79' title="bbox 126 4321 1196 4378">
    <p class='ocr_par' dir='ltr' id='par_1_79' title="bbox 126 4321 1196 4378">
     <span class='ocr_line' id='line_1_79' title="bbox 126 4321 1196 4378; baseline -0.001 -1"><span class='ocrx_word' id='word_1_361' title='bbox 126 4323 343 4378; x_wconf 88' lang='lat' dir='ltr'>Urbem</span> <span class='ocrx_word' id='word_1_362' title='bbox 395 4322 756 4378; x_wconf 88' lang='lat' dir='ltr'>Liutizorum</span> <span class='ocrx_word' id='word_1_363' title='bbox 813 4321 1035 4378; x_wconf 86' lang='lat' dir='ltr'>auxilio</span> <span class='ocrx_word' id='word_1_364' title='bbox 1089 4337 1196 4377; x_wconf 91' lang='lat' dir='ltr'>au-</span> 
     </span>
    </p>
   </div>
   <div class='ocr_carea' id='block_1_80' title="bbox 121 4410 1198 4484">
    <p class='ocr_par' dir='ltr' id='par_1_80' title="bbox 121 4410 1198 4484">
     <span class='ocr_line' id='line_1_80' title="bbox 121 4410 1198 4484; baseline -0.001 -18"><span class='ocrx_word' id='word_1_365' title='bbox 121 4410 324 4467; x_wconf 90' lang='lat' dir='ltr'>dacter</span> <span class='ocrx_word' id='word_1_366' title='bbox 367 4411 511 4466; x_wconf 90' lang='lat' dir='ltr'>satis</span> <span class='ocrx_word' id='word_1_367' title='bbox 554 4416 762 4467; x_wconf 90' lang='lat' dir='ltr'>contra</span> <span class='ocrx_word' id='word_1_368' title='bbox 810 4411 966 4480; x_wconf 90' lang='lat' dir='ltr'>regis</span> <span class='ocrx_word' id='word_1_369' title='bbox 1006 4411 1198 4484; x_wconf 91' lang='lat' dir='ltr'>impe-</span> 
     </span>
    </p>
   </div>
   <div class='ocr_carea' id='block_1_81' title="bbox 120 4499 1196 4572">
    <p class='ocr_par' dir='ltr' id='par_1_81' title="bbox 120 4499 1196 4572">
     <span class='ocr_line' id='line_1_81' title="bbox 120 4499 1196 4572; baseline -0.001 -17"><span class='ocrx_word' id='word_1_370' title='bbox 120 4500 276 4556; x_wconf 90' lang='lat' dir='ltr'>rium</span> <span class='ocrx_word' id='word_1_371' title='bbox 333 4499 571 4569; x_wconf 89' lang='lat' dir='ltr'>invasit,</span> <span class='ocrx_word' id='word_1_372' title='bbox 630 4504 810 4572; x_wconf 89' lang='lat' dir='ltr'>atque</span> <span class='ocrx_word' id='word_1_373' title='bbox 882 4500 1196 4572; x_wconf 62' lang='lat' dir='ltr'>praedicto-</span> 
     </span>
    </p>
   </div>
   <div class='ocr_carea' id='block_1_82' title="bbox 40 4579 1200 4661">
    <p class='ocr_par' dir='ltr' id='par_1_82' title="bbox 40 4579 1200 4661">
     <span class='ocr_line' id='line_1_82' title="bbox 40 4579 1200 4661; baseline 0 -17"><span class='ocrx_word' id='word_1_374' title='bbox 40 4579 44 4586; x_wconf 72' lang='grc'><em>’</em></span> <span class='ocrx_word' id='word_1_375' title='bbox 121 4605 257 4644; x_wconf 90' lang='lat' dir='ltr'>rum</span> <span class='ocrx_word' id='word_1_376' title='bbox 315 4587 667 4645; x_wconf 89' lang='lat' dir='ltr'>Sclavorum</span> <span class='ocrx_word' id='word_1_377' title='bbox 721 4588 1042 4661; x_wconf 90' lang='lat' dir='ltr'>pertinatia</span> <span class='ocrx_word' id='word_1_378' title='bbox 1097 4588 1200 4644; x_wconf 90' lang='lat' dir='ltr'>ad-</span> 
     </span>
    </p>
   </div>
   <div class='ocr_carea' id='block_1_83' title="bbox 120 4676 1197 4749">
    <p class='ocr_par' dir='ltr' id='par_1_83' title="bbox 120 4676 1197 4749">
     <span class='ocr_line' id='line_1_83' title="bbox 120 4676 1197 4749; baseline 0.001 -17"><span class='ocrx_word' id='word_1_379' title='bbox 120 4693 364 4732; x_wconf 86' lang='lat' dir='ltr'>versum</span> <span class='ocrx_word' id='word_1_380' title='bbox 389 4677 491 4747; x_wconf 88' lang='lat' dir='ltr'>jus</span> <span class='ocrx_word' id='word_1_381' title='bbox 517 4676 736 4749; x_wconf 80' lang='lat' dir='ltr'>fasque</span> <span class='ocrx_word' id='word_1_382' title='bbox 771 4692 952 4733; x_wconf 90' lang='lat' dir='ltr'>omne</span> <span class='ocrx_word' id='word_1_383' title='bbox 979 4677 1197 4749; x_wconf 87' lang='lat' dir='ltr'>injuste</span> 
     </span>
    </p>
   </div>
   <div class='ocr_carea' id='block_1_84' title="bbox 122 4765 1197 4835">
    <p class='ocr_par' dir='ltr' id='par_1_84' title="bbox 122 4765 1197 4835">
     <span class='ocr_line' id='line_1_84' title="bbox 122 4765 1197 4835; baseline 0.002 -15"><span class='ocrx_word' id='word_1_384' title='bbox 122 4765 330 4821; x_wconf 86' lang='lat' dir='ltr'>ditioni</span> <span class='ocrx_word' id='word_1_385' title='bbox 360 4781 484 4820; x_wconf 69' lang='lat' dir='ltr'>suae</span> <span class='ocrx_word' id='word_1_386' title='bbox 528 4765 766 4835; x_wconf 87' lang='lat' dir='ltr'>subegit</span> <span class='ocrx_word' id='word_1_387' title='bbox 792 4785 804 4834; x_wconf 91' lang='lat'><strong>;</strong></span> <span class='ocrx_word' id='word_1_388' title='bbox 839 4767 1080 4822; x_wconf 89' lang='lat' dir='ltr'>crebras</span> <span class='ocrx_word' id='word_1_389' title='bbox 1110 4766 1197 4822; x_wconf 91' lang='lat' dir='ltr'>la-</span> 
     </span>
    </p>
   </div>
   <div class='ocr_carea' id='block_1_85' title="bbox 124 4854 1200 4927">
    <p class='ocr_par' dir='ltr' id='par_1_85' title="bbox 124 4854 1200 4927">
     <span class='ocr_line' id='line_1_85' title="bbox 124 4854 1200 4927; baseline 0.003 -18"><span class='ocrx_word' id='word_1_390' title='bbox 124 4854 511 4910; x_wconf 89' lang='lat' dir='ltr'>trociniarum</span> <span class='ocrx_word' id='word_1_391' title='bbox 536 4854 896 4927; x_wconf 87' lang='lat' dir='ltr'>irruptiones</span> <span class='ocrx_word' id='word_1_392' title='bbox 926 4855 987 4912; x_wconf 93' lang='lat' dir='ltr'>in</span> <span class='ocrx_word' id='word_1_393' title='bbox 1021 4857 1200 4912; x_wconf 83' lang='lat' dir='ltr'>Saxo-</span> 
     </span>
    </p>
   </div>
   <div class='ocr_carea' id='block_1_86' title="bbox 121 4941 1196 5014">
    <p class='ocr_par' dir='ltr' id='par_1_86' title="bbox 121 4941 1196 5014">
     <span class='ocr_line' id='line_1_86' title="bbox 121 4941 1196 5014; baseline 0.002 -16"><span class='ocrx_word' id='word_1_394' title='bbox 121 4941 284 4998; x_wconf 91' lang='lat' dir='ltr'>niam</span> <span class='ocrx_word' id='word_1_395' title='bbox 304 4943 482 5014; x_wconf 84' lang='lat' dir='ltr'>juxta</span> <span class='ocrx_word' id='word_1_396' title='bbox 503 4943 742 5000; x_wconf 81' lang='lat' dir='ltr'>Albiam</span> <span class='ocrx_word' id='word_1_397' title='bbox 766 4944 997 5000; x_wconf 86' lang='lat' dir='ltr'>ﬂumen</span> <span class='ocrx_word' id='word_1_398' title='bbox 1026 4945 1196 5000; x_wconf 89' lang='lat' dir='ltr'>moli-</span> 
     </span>
    </p>
   </div>
   <div class='ocr_carea' id='block_1_87' title="bbox 121 5033 1198 5105">
    <p class='ocr_par' dir='ltr' id='par_1_87' title="bbox 121 5033 1198 5105">
     <span class='ocr_line' id='line_1_87' title="bbox 121 5033 1198 5105; baseline 0.002 -17"><span class='ocrx_word' id='word_1_399' title='bbox 121 5037 213 5088; x_wconf 89' lang='lat' dir='ltr'>tus</span> <span class='ocrx_word' id='word_1_400' title='bbox 243 5037 355 5101; x_wconf 91' lang='lat' dir='ltr'>est,</span> <span class='ocrx_word' id='word_1_401' title='bbox 389 5049 426 5088; x_wconf 92' lang='lat' dir='ltr'>a</span> <span class='ocrx_word' id='word_1_402' title='bbox 460 5033 684 5104; x_wconf 87' lang='lat' dir='ltr'>quibus</span> <span class='ocrx_word' id='word_1_403' title='bbox 717 5034 818 5090; x_wconf 88' lang='lat' dir='ltr'>Dei</span> <span class='ocrx_word' id='word_1_404' title='bbox 850 5035 1041 5105; x_wconf 89' lang='lat' dir='ltr'>gratia</span> <span class='ocrx_word' id='word_1_405' title='bbox 1072 5051 1198 5090; x_wconf 91' lang='lat' dir='ltr'>non</span> 
     </span>
    </p>
   </div>
   <div class='ocr_carea' id='block_1_88' title="bbox 41 5121 1194 5197">
    <p class='ocr_par' dir='ltr' id='par_1_88' title="bbox 41 5121 1194 5197">
     <span class='ocr_line' id='line_1_88' title="bbox 41 5121 1194 5197; baseline 0.005 -22"><span class='ocrx_word' id='word_1_406' title='bbox 41 5183 46 5188; x_wconf 90' lang='lat'><strong>_</strong></span> <span class='ocrx_word' id='word_1_407' title='bbox 119 5121 326 5192; x_wconf 86' lang='lat' dir='ltr'>victor,</span> <span class='ocrx_word' id='word_1_408' title='bbox 358 5121 443 5177; x_wconf 85' lang='lat' dir='ltr'>sel</span> <span class='ocrx_word' id='word_1_409' title='bbox 472 5122 647 5178; x_wconf 87' lang='lat' dir='ltr'>veluti</span> <span class='ocrx_word' id='word_1_410' title='bbox 677 5123 962 5193; x_wconf 86' lang='lat' dir='ltr'>fugitivus</span> <span class='ocrx_word' id='word_1_411' title='bbox 983 5125 1194 5197; x_wconf 87' lang='lat' dir='ltr'>predo,</span> 
     </span>
    </p>
   </div>
   <div class='ocr_carea' id='block_1_89' title="bbox 119 5208 674 5282">
    <p class='ocr_par' dir='ltr' id='par_1_89' title="bbox 119 5208 674 5282">
     <span class='ocr_line' id='line_1_89' title="bbox 119 5208 674 5282; baseline 0.004 -17"><span class='ocrx_word' id='word_1_412' title='bbox 119 5208 407 5266; x_wconf 85' lang='lat' dir='ltr'>latitando</span> <span class='ocrx_word' id='word_1_413' title='bbox 442 5210 674 5282; x_wconf 85' lang='lat' dir='ltr'>aufugit</span> 
     </span>
    </p>
   </div>
   <div class='ocr_carea' id='block_1_90' title="bbox 1378 3344 2379 3417">
    <p class='ocr_par' dir='ltr' id='par_1_90' title="bbox 1378 3344 2379 3417">
     <span class='ocr_line' id='line_1_90' title="bbox 1378 3344 2379 3417; baseline -0.001 -17"><span class='ocrx_word' id='word_1_414' title='bbox 1378 3350 1502 3401; x_wconf 89' lang='grc'>991.</span> <span class='ocrx_word' id='word_1_415' title='bbox 1589 3345 1960 3417; x_wconf 90' lang='lat' dir='ltr'>Theophanu</span> <span class='ocrx_word' id='word_1_416' title='bbox 2034 3344 2379 3416; x_wconf 85' lang='lat' dir='ltr'>imperatrix</span> 
     </span>
    </p>
   </div>
   <div class='ocr_carea' id='block_1_91' title="bbox 1308 3433 2379 3506">
    <p class='ocr_par' dir='ltr' id='par_1_91' title="bbox 1308 3433 2379 3506">
     <span class='ocr_line' id='line_1_91' title="bbox 1308 3433 2379 3506; baseline 0.001 -17"><span class='ocrx_word' id='word_1_417' title='bbox 1308 3449 1447 3489; x_wconf 90' lang='lat' dir='ltr'>cum</span> <span class='ocrx_word' id='word_1_418' title='bbox 1490 3433 1611 3490; x_wconf 89' lang='lat' dir='ltr'>ﬁlio</span> <span class='ocrx_word' id='word_1_419' title='bbox 1658 3450 1768 3489; x_wconf 93' lang='lat' dir='ltr'>suo</span> <span class='ocrx_word' id='word_1_420' title='bbox 1813 3433 2170 3506; x_wconf 89' lang='lat' dir='ltr'>imperatore</span> <span class='ocrx_word' id='word_1_421' title='bbox 2213 3434 2379 3490; x_wconf 89' lang='lat' dir='ltr'>tertio</span> 
     </span>
    </p>
   </div>
   <div class='ocr_carea' id='block_1_92' title="bbox 1309 3521 2379 3594">
    <p class='ocr_par' dir='ltr' id='par_1_92' title="bbox 1309 3521 2379 3594">
     <span class='ocr_line' id='line_1_92' title="bbox 1309 3521 2379 3594; baseline -0.001 -17"><span class='ocrx_word' id='word_1_422' title='bbox 1309 3522 1519 3578; x_wconf 92' lang='lat' dir='ltr'>Ottone</span> <span class='ocrx_word' id='word_1_423' title='bbox 1536 3521 1822 3594; x_wconf 90' lang='lat' dir='ltr'>paschale</span> <span class='ocrx_word' id='word_1_424' title='bbox 1843 3521 2058 3576; x_wconf 89' lang='lat' dir='ltr'>festum</span> <span class='ocrx_word' id='word_1_425' title='bbox 2083 3521 2379 3593; x_wconf 87' lang='lat' dir='ltr'>imperiali</span> 
     </span>
    </p>
   </div>
   <div class='ocr_carea' id='block_1_93' title="bbox 1308 3609 2378 3683">
    <p class='ocr_par' dir='ltr' id='par_1_93' title="bbox 1308 3609 2378 3683">
     <span class='ocr_line' id='line_1_93' title="bbox 1308 3609 2378 3683; baseline -0.004 -15"><span class='ocrx_word' id='word_1_426' title='bbox 1308 3611 1494 3683; x_wconf 88' lang='lat' dir='ltr'>gloria</span> <span class='ocrx_word' id='word_1_427' title='bbox 1513 3611 1677 3683; x_wconf 91' lang='lat' dir='ltr'>apud</span> <span class='ocrx_word' id='word_1_428' title='bbox 1694 3609 2232 3678; x_wconf 86' lang='lat' dir='ltr'>Quedelingensem</span> <span class='ocrx_word' id='word_1_429' title='bbox 2247 3625 2378 3681; x_wconf 91' lang='lat' dir='ltr'>per-</span> 
     </span>
    </p>
   </div>
   <div class='ocr_carea' id='block_1_94' title="bbox 1307 3697 2379 3771">
    <p class='ocr_par' dir='ltr' id='par_1_94' title="bbox 1307 3697 2379 3771">
     <span class='ocr_line' id='line_1_94' title="bbox 1307 3697 2379 3771; baseline -0.004 -13"><span class='ocrx_word' id='word_1_430' title='bbox 1307 3701 1426 3771; x_wconf 91' lang='lat' dir='ltr'>egit</span> <span class='ocrx_word' id='word_1_431' title='bbox 1442 3699 1762 3766; x_wconf 88' lang='lat' dir='ltr'>civitatem;</span> <span class='ocrx_word' id='word_1_432' title='bbox 1786 3698 1891 3754; x_wconf 89' lang='lat' dir='ltr'>ubi</span> <span class='ocrx_word' id='word_1_433' title='bbox 1909 3697 2087 3755; x_wconf 89' lang='lat' dir='ltr'>etiam</span> <span class='ocrx_word' id='word_1_434' title='bbox 2109 3697 2379 3754; x_wconf 88' lang='lat' dir='ltr'>marchio</span> 
     </span>
    </p>
   </div>
   <div class='ocr_carea' id='block_1_95' title="bbox 2560 3348 3558 3427">
    <p class='ocr_par' dir='ltr' id='par_1_95' title="bbox 2560 3348 3558 3427">
     <span class='ocr_line' id='line_1_95' title="bbox 2560 3348 3558 3427; baseline 0.013 -26"><span class='ocrx_word' id='word_1_435' title='bbox 2560 3351 2682 3402; x_wconf 90' lang='lat'>991.</span> <span class='ocrx_word' id='word_1_436' title='bbox 2759 3348 3127 3422; x_wconf 89' lang='lat' dir='ltr'>Theophanu</span> <span class='ocrx_word' id='word_1_437' title='bbox 3213 3352 3558 3427; x_wconf 84' lang='lat' dir='ltr'>imperatrix</span> 
     </span>
    </p>
   </div>
   <div class='ocr_carea' id='block_1_96' title="bbox 2489 3435 3562 3514">
    <p class='ocr_par' dir='ltr' id='par_1_96' title="bbox 2489 3435 3562 3514">
     <span class='ocr_line' id='line_1_96' title="bbox 2489 3435 3562 3514; baseline 0.012 -24"><span class='ocrx_word' id='word_1_438' title='bbox 2489 3435 2653 3491; x_wconf 90' lang='lat' dir='ltr'>obiit.</span> <span class='ocrx_word' id='word_1_439' title='bbox 2687 3437 2844 3506; x_wconf 89' lang='lat' dir='ltr'>Ignis</span> <span class='ocrx_word' id='word_1_440' title='bbox 2882 3437 2956 3492; x_wconf 90' lang='lat' dir='ltr'>de</span> <span class='ocrx_word' id='word_1_441' title='bbox 2989 3441 3151 3496; x_wconf 84' lang='lat' dir='ltr'>Reno</span> <span class='ocrx_word' id='word_1_442' title='bbox 3185 3444 3470 3514; x_wconf 90' lang='lat' dir='ltr'>ascendit,</span> <span class='ocrx_word' id='word_1_443' title='bbox 3505 3453 3562 3503; x_wconf 90' lang='lat' dir='ltr'>et</span> 
     </span>
    </p>
   </div>
   <div class='ocr_carea' id='block_1_97' title="bbox 2487 3523 3558 3604">
    <p class='ocr_par' dir='ltr' id='par_1_97' title="bbox 2487 3523 3558 3604">
     <span class='ocr_line' id='line_1_97' title="bbox 2487 3523 3558 3604; baseline 0.013 -27"><span class='ocrx_word' id='word_1_444' title='bbox 2487 3523 2659 3578; x_wconf 91' lang='lat' dir='ltr'>villas</span> <span class='ocrx_word' id='word_1_445' title='bbox 2692 3524 2998 3595; x_wconf 80' lang='lat' dir='ltr'>proximas</span> <span class='ocrx_word' id='word_1_446' title='bbox 3044 3527 3400 3604; x_wconf 84' lang='lat' dir='ltr'>absumpsit.</span> <span class='ocrx_word' id='word_1_447' title='bbox 3445 3537 3558 3591; x_wconf 77' lang='lat' dir='ltr'>Go—</span> 
     </span>
    </p>
   </div>
   <div class='ocr_carea' id='block_1_98' title="bbox 2489 3611 3557 3705">
    <p class='ocr_par' dir='ltr' id='par_1_98' title="bbox 2489 3611 3557 3705">
     <span class='ocr_line' id='line_1_98' title="bbox 2489 3611 3557 3705; baseline 0.013 -39"><span class='ocrx_word' id='word_1_448' title='bbox 2489 3611 2772 3667; x_wconf 86' lang='lat' dir='ltr'>tehardus</span> <span class='ocrx_word' id='word_1_449' title='bbox 2823 3614 3158 3705; x_wconf 71' lang='lat' dir='ltr'>mqnachus</span> <span class='ocrx_word' id='word_1_450' title='bbox 3207 3622 3398 3679; x_wconf 88' lang='lat' dir='ltr'>factus</span> <span class='ocrx_word' id='word_1_451' title='bbox 3446 3630 3557 3680; x_wconf 90' lang='lat' dir='ltr'>est.</span> 
     </span>
    </p>
   </div>
   <div class='ocr_carea' id='block_1_99' title="bbox 1303 3787 2970 3858">
    <p class='ocr_par' dir='ltr' id='par_1_99' title="bbox 1303 3787 2970 3858">
     <span class='ocr_line' id='line_1_99' title="bbox 1303 3787 2970 3858; baseline -0.001 -10"><span class='ocrx_word' id='word_1_452' title='bbox 1303 3795 1713 3848; x_wconf 83' lang='lat' dir='ltr'>Tuscanorum</span> <span class='ocrx_word' id='word_1_453' title='bbox 1744 3789 1915 3858; x_wconf 88' lang='lat' dir='ltr'>Hugo</span> <span class='ocrx_word' id='word_1_454' title='bbox 1946 3793 2002 3844; x_wconf 92' lang='lat' dir='ltr'>et</span> <span class='ocrx_word' id='word_1_455' title='bbox 2027 3787 2152 3843; x_wconf 83' lang='lat' dir='ltr'>dux</span> <span class='ocrx_word' id='word_1_456' title='bbox 2181 3787 2567 3844; x_wconf 89' lang='lat' dir='ltr'>Sclavonicus</span> <span class='ocrx_word' id='word_1_457' title='bbox 2598 3789 2794 3846; x_wconf 84' lang='lat' dir='ltr'>Misico</span> <span class='ocrx_word' id='word_1_458' title='bbox 2829 3806 2970 3846; x_wconf 91' lang='lat' dir='ltr'>cum</span> 
     </span>
    </p>
   </div>
   <div class='ocr_carea' id='block_1_100' title="bbox 1306 3876 2975 3949">
    <p class='ocr_par' dir='ltr' id='par_1_100' title="bbox 1306 3876 2975 3949">
     <span class='ocr_line' id='line_1_100' title="bbox 1306 3876 2975 3949; baseline -0.002 -12"><span class='ocrx_word' id='word_1_459' title='bbox 1306 3879 1530 3937; x_wconf 59' lang='lat' dir='ltr'>caeteris</span> <span class='ocrx_word' id='word_1_460' title='bbox 1566 3882 1813 3949; x_wconf 76' lang='lat' dir='ltr'>Europae</span> <span class='ocrx_word' id='word_1_461' title='bbox 1860 3877 2070 3949; x_wconf 88' lang='lat' dir='ltr'>primis</span> <span class='ocrx_word' id='word_1_462' title='bbox 2121 3876 2347 3933; x_wconf 90' lang='lat' dir='ltr'>ibidem</span> <span class='ocrx_word' id='word_1_463' title='bbox 2397 3877 2839 3934; x_wconf 88' lang='lat' dir='ltr'>conﬂuentibus</span> <span class='ocrx_word' id='word_1_464' title='bbox 2890 3879 2975 3936; x_wconf 87' lang='lat' dir='ltr'>af-</span> 
     </span>
    </p>
   </div>
   <div class='ocr_carea' id='block_1_101' title="bbox 1305 3964 2978 4040">
    <p class='ocr_par' dir='ltr' id='par_1_101' title="bbox 1305 3964 2978 4040">
     <span class='ocr_line' id='line_1_101' title="bbox 1305 3964 2978 4040; baseline -0.001 -16"><span class='ocrx_word' id='word_1_465' title='bbox 1305 3969 1488 4036; x_wconf 89' lang='lat' dir='ltr'>fuere,</span> <span class='ocrx_word' id='word_1_466' title='bbox 1523 3966 1601 4022; x_wconf 90' lang='lat' dir='ltr'>ad</span> <span class='ocrx_word' id='word_1_467' title='bbox 1628 3965 1990 4037; x_wconf 87' lang='lat' dir='ltr'>obsequium</span> <span class='ocrx_word' id='word_1_468' title='bbox 2019 3964 2386 4038; x_wconf 90' lang='lat' dir='ltr'>imperatorii</span> <span class='ocrx_word' id='word_1_469' title='bbox 2409 3965 2818 4038; x_wconf 49' lang='lat' dir='ltr'>honorisque:</span> <span class='ocrx_word' id='word_1_470' title='bbox 2848 3966 2978 4040; x_wconf 88' lang='lat' dir='ltr'>qui-</span> 
     </span>
    </p>
   </div>
   <div class='ocr_carea' id='block_1_102' title="bbox 1303 4054 2974 4130">
    <p class='ocr_par' dir='ltr' id='par_1_102' title="bbox 1303 4054 2974 4130">
     <span class='ocr_line' id='line_1_102' title="bbox 1303 4054 2974 4130; baseline -0.002 -15"><span class='ocrx_word' id='word_1_471' title='bbox 1303 4057 1448 4115; x_wconf 83' lang='lat' dir='ltr'>libet</span> <span class='ocrx_word' id='word_1_472' title='bbox 1463 4055 1899 4130; x_wconf 89' lang='lat' dir='ltr'>pretiosissima</span> <span class='ocrx_word' id='word_1_473' title='bbox 1918 4054 2405 4128; x_wconf 88' lang='lat' dir='ltr'>possederat,pro</span> <span class='ocrx_word' id='word_1_474' title='bbox 2421 4055 2613 4110; x_wconf 88' lang='lat' dir='ltr'>xeniis</span> <span class='ocrx_word' id='word_1_475' title='bbox 2629 4055 2974 4125; x_wconf 89' lang='lat' dir='ltr'>deferendo;</span> 
     </span>
    </p>
   </div>
   <div class='ocr_carea' id='block_1_103' title="bbox 1304 4144 2978 4221">
    <p class='ocr_par' dir='ltr' id='par_1_103' title="bbox 1304 4144 2978 4221">
     <span class='ocr_line' id='line_1_103' title="bbox 1304 4144 2978 4221; baseline -0.002 -16"><span class='ocrx_word' id='word_1_476' title='bbox 1304 4164 1337 4205; x_wconf 88' lang='lat' dir='ltr'>e</span> <span class='ocrx_word' id='word_1_477' title='bbox 1365 4147 1587 4221; x_wconf 88' lang='lat' dir='ltr'>quibus</span> <span class='ocrx_word' id='word_1_478' title='bbox 1613 4145 1812 4203; x_wconf 85' lang='lat' dir='ltr'>Misico</span> <span class='ocrx_word' id='word_1_479' title='bbox 1860 4144 2080 4217; x_wconf 88' lang='lat' dir='ltr'>aliique</span> <span class='ocrx_word' id='word_1_480' title='bbox 2120 4160 2310 4217; x_wconf 89' lang='lat' dir='ltr'>quam</span> <span class='ocrx_word' id='word_1_481' title='bbox 2363 4144 2607 4216; x_wconf 90' lang='lat' dir='ltr'>plurimi</span> <span class='ocrx_word' id='word_1_482' title='bbox 2649 4145 2978 4202; x_wconf 82' lang='lat' dir='ltr'>honorifice</span> 
     </span>
    </p>
   </div>
   <div class='ocr_carea' id='block_1_104' title="bbox 1305 4233 2977 4307">
    <p class='ocr_par' dir='ltr' id='par_1_104' title="bbox 1305 4233 2977 4307">
     <span class='ocr_line' id='line_1_104' title="bbox 1305 4233 2977 4307; baseline -0.002 -15"><span class='ocrx_word' id='word_1_483' title='bbox 1305 4236 1513 4293; x_wconf 89' lang='lat' dir='ltr'>donati</span> <span class='ocrx_word' id='word_1_484' title='bbox 1543 4235 1602 4290; x_wconf 93' lang='lat' dir='ltr'>in</span> <span class='ocrx_word' id='word_1_485' title='bbox 1636 4233 1896 4307; x_wconf 89' lang='lat' dir='ltr'>patriam</span> <span class='ocrx_word' id='word_1_486' title='bbox 1943 4233 2268 4290; x_wconf 90' lang='lat' dir='ltr'>redierunt.</span> <span class='ocrx_word' id='word_1_487' title='bbox 2322 4233 2495 4303; x_wconf 91' lang='lat' dir='ltr'>Hugo</span> <span class='ocrx_word' id='word_1_488' title='bbox 2545 4249 2686 4290; x_wconf 90' lang='lat' dir='ltr'>vero</span> <span class='ocrx_word' id='word_1_489' title='bbox 2714 4250 2852 4289; x_wconf 91' lang='lat' dir='ltr'>cum</span> <span class='ocrx_word' id='word_1_490' title='bbox 2877 4249 2977 4290; x_wconf 90' lang='lat' dir='ltr'>ea-</span> 
     </span>
    </p>
   </div>
   <div class='ocr_carea' id='block_1_105' title="bbox 1305 4321 2980 4396">
    <p class='ocr_par' dir='ltr' id='par_1_105' title="bbox 1305 4321 2980 4396">
     <span class='ocr_line' id='line_1_105' title="bbox 1305 4321 2980 4396; baseline -0.002 -15"><span class='ocrx_word' id='word_1_491' title='bbox 1305 4325 1445 4381; x_wconf 92' lang='lat' dir='ltr'>dem</span> <span class='ocrx_word' id='word_1_492' title='bbox 1471 4323 1847 4396; x_wconf 90' lang='lat' dir='ltr'>imperatrice</span> <span class='ocrx_word' id='word_1_493' title='bbox 1871 4321 2116 4394; x_wconf 88' lang='lat' dir='ltr'>ﬁlioque</span> <span class='ocrx_word' id='word_1_494' title='bbox 2147 4338 2660 4394; x_wconf 90' lang='lat' dir='ltr'>suo,quocunque</span> <span class='ocrx_word' id='word_1_495' title='bbox 2689 4322 2857 4393; x_wconf 89' lang='lat' dir='ltr'>regni</span> <span class='ocrx_word' id='word_1_496' title='bbox 2884 4321 2980 4378; x_wconf 87' lang='lat' dir='ltr'>vel</span> 
     </span>
    </p>
   </div>
   <div class='ocr_carea' id='block_1_106' title="bbox 1305 4409 2978 4487">
    <p class='ocr_par' dir='ltr' id='par_1_106' title="bbox 1305 4409 2978 4487">
     <span class='ocr_line' id='line_1_106' title="bbox 1305 4409 2978 4487; baseline -0.003 -17"><span class='ocrx_word' id='word_1_497' title='bbox 1305 4411 1672 4487; x_wconf 89' lang='lat' dir='ltr'>imperando</span> <span class='ocrx_word' id='word_1_498' title='bbox 1725 4410 1820 4466; x_wconf 88' lang='lat' dir='ltr'>vel</span> <span class='ocrx_word' id='word_1_499' title='bbox 1895 4410 2161 4480; x_wconf 90' lang='lat' dir='ltr'>regendo</span> <span class='ocrx_word' id='word_1_500' title='bbox 2237 4409 2714 4482; x_wconf 87' lang='lat' dir='ltr'>proﬁciscuntur,</span> <span class='ocrx_word' id='word_1_501' title='bbox 2786 4410 2978 4466; x_wconf 85' lang='lat' dir='ltr'>famu-</span> 
     </span>
    </p>
   </div>
   <div class='ocr_carea' id='block_1_107' title="bbox 1304 4499 2978 4575">
    <p class='ocr_par' dir='ltr' id='par_1_107' title="bbox 1304 4499 2978 4575">
     <span class='ocr_line' id='line_1_107' title="bbox 1304 4499 2978 4575; baseline -0.004 -15"><span class='ocrx_word' id='word_1_502' title='bbox 1304 4503 1490 4560; x_wconf 91' lang='lat' dir='ltr'>lando</span> <span class='ocrx_word' id='word_1_503' title='bbox 1544 4500 1949 4575; x_wconf 89' lang='lat' dir='ltr'>prosequitur,</span> <span class='ocrx_word' id='word_1_504' title='bbox 2009 4515 2201 4572; x_wconf 90' lang='lat' dir='ltr'>usque</span> <span class='ocrx_word' id='word_1_505' title='bbox 2250 4499 2398 4554; x_wconf 91' lang='lat' dir='ltr'>dum</span> <span class='ocrx_word' id='word_1_506' title='bbox 2450 4500 2787 4568; x_wconf 83' lang='lat' dir='ltr'>Niumagon</span> <span class='ocrx_word' id='word_1_507' title='bbox 2842 4514 2978 4571; x_wconf 89' lang='lat' dir='ltr'>per-</span> 
     </span>
    </p>
   </div>
   <div class='ocr_carea' id='block_1_108' title="bbox 1305 4587 2979 4660">
    <p class='ocr_par' dir='ltr' id='par_1_108' title="bbox 1305 4587 2979 4660">
     <span class='ocr_line' id='line_1_108' title="bbox 1305 4587 2979 4660; baseline -0.003 -13"><span class='ocrx_word' id='word_1_508' title='bbox 1305 4597 1552 4650; x_wconf 88' lang='lat' dir='ltr'>ventum</span> <span class='ocrx_word' id='word_1_509' title='bbox 1582 4595 1670 4647; x_wconf 89' lang='lat' dir='ltr'>est</span> <span class='ocrx_word' id='word_1_510' title='bbox 1727 4590 1810 4646; x_wconf 93' lang='lat' dir='ltr'>lbi</span> <span class='ocrx_word' id='word_1_511' title='bbox 1837 4588 2156 4659; x_wconf 90' lang='lat' dir='ltr'>ergo,dum</span> <span class='ocrx_word' id='word_1_512' title='bbox 2185 4587 2456 4660; x_wconf 90' lang='lat' dir='ltr'>quadam</span> <span class='ocrx_word' id='word_1_513' title='bbox 2482 4587 2658 4659; x_wconf 88' lang='lat' dir='ltr'>quasi</span> <span class='ocrx_word' id='word_1_514' title='bbox 2687 4587 2979 4660; x_wconf 91' lang='lat' dir='ltr'>compede</span> 
     </span>
    </p>
   </div>
   <div class='ocr_carea' id='block_1_109' title="bbox 1309 4676 2980 4749">
    <p class='ocr_par' dir='ltr' id='par_1_109' title="bbox 1309 4676 2980 4749">
     <span class='ocr_line' id='line_1_109' title="bbox 1309 4676 2980 4749; baseline -0.004 -11"><span class='ocrx_word' id='word_1_515' title='bbox 1309 4687 1500 4738; x_wconf 90' lang='lat' dir='ltr'>totum</span> <span class='ocrx_word' id='word_1_516' title='bbox 1553 4697 1664 4736; x_wconf 89' lang='lat' dir='ltr'>sua</span> <span class='ocrx_word' id='word_1_517' title='bbox 1716 4679 1941 4735; x_wconf 90' lang='lat' dir='ltr'>ditione</span> <span class='ocrx_word' id='word_1_518' title='bbox 1995 4677 2335 4747; x_wconf 90' lang='lat' dir='ltr'>colligasset</span> <span class='ocrx_word' id='word_1_519' title='bbox 2387 4676 2732 4749; x_wconf 90' lang='lat' dir='ltr'>imperium,</span> <span class='ocrx_word' id='word_1_520' title='bbox 2798 4676 2980 4732; x_wconf 89' lang='lat' dir='ltr'>Theo-</span> 
     </span>
    </p>
   </div>
   <div class='ocr_carea' id='block_1_110' title="bbox 1304 4764 2977 4845">
    <p class='ocr_par' dir='ltr' id='par_1_110' title="bbox 1304 4764 2977 4845">
     <span class='ocr_line' id='line_1_110' title="bbox 1304 4764 2977 4845; baseline -0.004 -18"><span class='ocrx_word' id='word_1_521' title='bbox 1304 4771 1516 4845; x_wconf 90' lang='lat' dir='ltr'>phanu</span> <span class='ocrx_word' id='word_1_522' title='bbox 1547 4770 1699 4841; x_wconf 88' lang='lat'>(197)</span> <span class='ocrx_word' id='word_1_523' title='bbox 1729 4766 2079 4842; x_wconf 88' lang='lat' dir='ltr'>imperatrix</span> <span class='ocrx_word' id='word_1_524' title='bbox 2099 4771 2522 4822; x_wconf 89' lang='lat' dir='ltr'>consummato</span> <span class='ocrx_word' id='word_1_525' title='bbox 2543 4765 2604 4821; x_wconf 93' lang='lat' dir='ltr'>in</span> <span class='ocrx_word' id='word_1_526' title='bbox 2633 4764 2811 4821; x_wconf 90' lang='lat' dir='ltr'>bonis</span> <span class='ocrx_word' id='word_1_527' title='bbox 2842 4765 2977 4820; x_wconf 65' lang='lat' dir='ltr'>vitae</span> 
     </span>
    </p>
   </div>
   <div class='ocr_carea' id='block_1_111' title="bbox 1308 4853 2976 4931">
    <p class='ocr_par' dir='ltr' id='par_1_111' title="bbox 1308 4853 2976 4931">
     <span class='ocr_line' id='line_1_111' title="bbox 1308 4853 2976 4931; baseline -0.005 -14"><span class='ocrx_word' id='word_1_528' title='bbox 1308 4877 1431 4917; x_wconf 76' lang='lat' dir='ltr'>suae</span> <span class='ocrx_word' id='word_1_529' title='bbox 1463 4876 1662 4926; x_wconf 90' lang='lat' dir='ltr'>cursu,</span> <span class='ocrx_word' id='word_1_530' title='bbox 1691 4857 1847 4931; x_wconf 90' lang='lat' dir='ltr'>proh</span> <span class='ocrx_word' id='word_1_531' title='bbox 1875 4857 2047 4913; x_wconf 90' lang='lat' dir='ltr'>dolor</span> <span class='ocrx_word' id='word_1_532' title='bbox 2071 4856 2083 4912; x_wconf 73' lang='grc' dir='ltr'><strong>ι</strong></span> <span class='ocrx_word' id='word_1_533' title='bbox 2118 4855 2284 4928; x_wconf 92' lang='lat' dir='ltr'>quod</span> <span class='ocrx_word' id='word_1_534' title='bbox 2305 4860 2394 4912; x_wconf 91' lang='lat' dir='ltr'>est</span> <span class='ocrx_word' id='word_1_535' title='bbox 2419 4854 2762 4912; x_wconf 89' lang='lat' dir='ltr'>miserabile</span> <span class='ocrx_word' id='word_1_536' title='bbox 2792 4853 2976 4925; x_wconf 87' lang='lat' dir='ltr'>dictu,</span> 
     </span>
    </p>
   </div>
   <div class='ocr_carea' id='block_1_112' title="bbox 1303 4943 2978 5016">
    <p class='ocr_par' dir='ltr' id='par_1_112' title="bbox 1303 4943 2978 5016">
     <span class='ocr_line' id='line_1_112' title="bbox 1303 4943 2978 5016; baseline -0.003 -12"><span class='ocrx_word' id='word_1_537' title='bbox 1303 4949 1634 5004; x_wconf 87' lang='lat' dir='ltr'>immatura</span> <span class='ocrx_word' id='word_1_538' title='bbox 1664 4946 2008 5003; x_wconf 89' lang='lat' dir='ltr'>dissolvitur</span> <span class='ocrx_word' id='word_1_539' title='bbox 2038 4950 2229 5001; x_wconf 90' lang='lat' dir='ltr'>morte</span> <span class='ocrx_word' id='word_1_540' title='bbox 2260 4949 2322 5000; x_wconf 86' lang='lat'>17</span> <span class='ocrx_word' id='word_1_541' title='bbox 2354 4945 2488 5001; x_wconf 89' lang='lat' dir='ltr'>Kal.</span> <span class='ocrx_word' id='word_1_542' title='bbox 2515 4944 2648 5000; x_wconf 88' lang='lat' dir='ltr'>Julii</span> <span class='ocrx_word' id='word_1_543' title='bbox 2673 4963 2685 5012; x_wconf 92' lang='lat'><strong>;</strong></span> <span class='ocrx_word' id='word_1_544' title='bbox 2716 4943 2978 5016; x_wconf 88' lang='lat' dir='ltr'>indeque</span> 
     </span>
    </p>
   </div>
   <div class='ocr_carea' id='block_1_113' title="bbox 1305 5031 2979 5108">
    <p class='ocr_par' dir='ltr' id='par_1_113' title="bbox 1305 5031 2979 5108">
     <span class='ocr_line' id='line_1_113' title="bbox 1305 5031 2979 5108; baseline -0.004 -16"><span class='ocrx_word' id='word_1_545' title='bbox 1305 5035 1550 5106; x_wconf 89' lang='lat' dir='ltr'>lugubri</span> <span class='ocrx_word' id='word_1_546' title='bbox 1623 5033 2024 5108; x_wconf 88' lang='lat' dir='ltr'>imperatoris,</span> <span class='ocrx_word' id='word_1_547' title='bbox 2099 5031 2203 5088; x_wconf 90' lang='lat' dir='ltr'>ﬁlii</span> <span class='ocrx_word' id='word_1_548' title='bbox 2258 5032 2478 5088; x_wconf 90' lang='lat' dir='ltr'>scilicet</span> <span class='ocrx_word' id='word_1_549' title='bbox 2549 5031 2661 5099; x_wconf 89' lang='lat' dir='ltr'>sui,</span> <span class='ocrx_word' id='word_1_550' title='bbox 2741 5035 2979 5087; x_wconf 67' lang='lat' dir='ltr'>caetero-</span> 
     </span>
    </p>
   </div>
   <div class='ocr_carea' id='block_1_114' title="bbox 1304 5118 2980 5196">
    <p class='ocr_par' dir='ltr' id='par_1_114' title="bbox 1304 5118 2980 5196">
     <span class='ocr_line' id='line_1_114' title="bbox 1304 5118 2980 5196; baseline -0.003 -17"><span class='ocrx_word' id='word_1_551' title='bbox 1304 5140 1562 5196; x_wconf 89' lang='lat' dir='ltr'>rumque</span> <span class='ocrx_word' id='word_1_552' title='bbox 1609 5138 1859 5178; x_wconf 87' lang='lat' dir='ltr'>suorum</span> <span class='ocrx_word' id='word_1_553' title='bbox 1888 5120 2159 5178; x_wconf 82' lang='lat' dir='ltr'>fidelium</span> <span class='ocrx_word' id='word_1_554' title='bbox 2203 5119 2492 5176; x_wconf 87' lang='lat' dir='ltr'>comitatu</span> <span class='ocrx_word' id='word_1_555' title='bbox 2521 5123 2726 5175; x_wconf 90' lang='lat' dir='ltr'>evecta</span> <span class='ocrx_word' id='word_1_556' title='bbox 2757 5118 2836 5174; x_wconf 91' lang='lat' dir='ltr'>ad</span> <span class='ocrx_word' id='word_1_557' title='bbox 2884 5133 2980 5174; x_wconf 92' lang='lat' dir='ltr'>ur-</span> 
     </span>
    </p>
   </div>
   <div class='ocr_carea' id='block_1_115' title="bbox 1304 5207 2979 5284">
    <p class='ocr_par' dir='ltr' id='par_1_115' title="bbox 1304 5207 2979 5284">
     <span class='ocr_line' id='line_1_115' title="bbox 1304 5207 2979 5284; baseline -0.004 -14"><span class='ocrx_word' id='word_1_558' title='bbox 1304 5213 1446 5270; x_wconf 89' lang='lat' dir='ltr'>bem</span> <span class='ocrx_word' id='word_1_559' title='bbox 1491 5211 1755 5269; x_wconf 87' lang='lat' dir='ltr'>defertur</span> <span class='ocrx_word' id='word_1_560' title='bbox 1802 5210 2218 5284; x_wconf 79' lang='lat' dir='ltr'>Agrippinam,</span> <span class='ocrx_word' id='word_1_561' title='bbox 2275 5208 2457 5282; x_wconf 88' lang='lat' dir='ltr'>inque</span> <span class='ocrx_word' id='word_1_562' title='bbox 2506 5208 2759 5265; x_wconf 88' lang='lat' dir='ltr'>ecclesia</span> <span class='ocrx_word' id='word_1_563' title='bbox 2785 5207 2979 5264; x_wconf 86' lang='lat' dir='ltr'>sancti</span> 
     </span>
    </p>
   </div>
   <div class='ocr_carea' id='block_1_116' title="bbox 1303 5296 2978 5372">
    <p class='ocr_par' dir='ltr' id='par_1_116' title="bbox 1303 5296 2978 5372">
     <span class='ocr_line' id='line_1_116' title="bbox 1303 5296 2978 5372; baseline -0.005 -12"><span class='ocrx_word' id='word_1_564' title='bbox 1303 5301 1679 5360; x_wconf 89' lang='lat' dir='ltr'>Pantaleonis</span> <span class='ocrx_word' id='word_1_565' title='bbox 1711 5300 2009 5372; x_wconf 87' lang='lat' dir='ltr'>martyris,</span> <span class='ocrx_word' id='word_1_566' title='bbox 2043 5304 2108 5354; x_wconf 90' lang='lat' dir='ltr'>ut</span> <span class='ocrx_word' id='word_1_567' title='bbox 2145 5299 2278 5370; x_wconf 90' lang='lat' dir='ltr'>ipsa</span> <span class='ocrx_word' id='word_1_568' title='bbox 2322 5298 2688 5366; x_wconf 91' lang='lat' dir='ltr'>decreverat,</span> <span class='ocrx_word' id='word_1_569' title='bbox 2723 5296 2978 5369; x_wconf 87' lang='lat' dir='ltr'>stipante</span> 
     </span>
    </p>
   </div>
   <div class='ocr_carea' id='block_1_117' title="bbox 1303 5387 2975 5467">
    <p class='ocr_par' dir='ltr' id='par_1_117' title="bbox 1303 5387 2975 5467">
     <span class='ocr_line' id='line_1_117' title="bbox 1303 5387 2975 5467; baseline -0.006 -16"><span class='ocrx_word' id='word_1_570' title='bbox 1303 5394 1753 5467; x_wconf 89' lang='lat' dir='ltr'>episcoporum,</span> <span class='ocrx_word' id='word_1_571' title='bbox 1813 5389 2256 5446; x_wconf 88' lang='lat' dir='ltr'>monachorum</span> <span class='ocrx_word' id='word_1_572' title='bbox 2311 5387 2734 5459; x_wconf 89' lang='lat' dir='ltr'>virginumque</span> <span class='ocrx_word' id='word_1_573' title='bbox 2795 5390 2975 5453; x_wconf 69' lang='lat' dir='ltr'>coetu,</span> 
     </span>
    </p>
   </div>
   <div class='ocr_carea' id='block_1_118' title="bbox 189 5567 2018 5636">
    <p class='ocr_par' dir='ltr' id='par_1_118' title="bbox 189 5567 2018 5636">
     <span class='ocr_line' id='line_1_118' title="bbox 189 5567 2018 5636; baseline 0.001 -14"><span class='ocrx_word' id='word_1_574' title='bbox 189 5572 454 5635; x_wconf 77' lang='lat'>(192-95)</span> <span class='ocrx_word' id='word_1_575' title='bbox 488 5567 791 5635; x_wconf 81' lang='lat' dir='ltr'>Rupertus</span> <span class='ocrx_word' id='word_1_576' title='bbox 823 5599 891 5610; x_wconf 88' lang='lat'>-——</span> <span class='ocrx_word' id='word_1_577' title='bbox 921 5570 1198 5626; x_wconf 79' lang='lat' dir='ltr'>successit</span> <span class='ocrx_word' id='word_1_578' title='bbox 1221 5585 1294 5626; x_wconf 86' lang='lat' dir='ltr'>ex</span> <span class='ocrx_word' id='word_1_579' title='bbox 1323 5572 1482 5627; x_wconf 89' lang='lat' dir='ltr'>Ann.</span> <span class='ocrx_word' id='word_1_580' title='bbox 1513 5569 1801 5636; x_wconf 84' lang='lat' dir='ltr'>Hildesh.,</span> <span class='ocrx_word' id='word_1_581' title='bbox 1835 5584 1873 5624; x_wconf 87' lang='lat' dir='ltr'>a</span> <span class='ocrx_word' id='word_1_582' title='bbox 1895 5573 2018 5624; x_wconf 76' lang='grc'>975.</span> 
     </span>
    </p>
   </div>
   <div class='ocr_carea' id='block_1_119' title="bbox 187 5638 670 5710">
    <p class='ocr_par' dir='ltr' id='par_1_119' title="bbox 187 5638 670 5710">
     <span class='ocr_line' id='line_1_119' title="bbox 187 5638 670 5710; baseline -0.002 -15"><span class='ocrx_word' id='word_1_583' title='bbox 187 5639 341 5710; x_wconf 88' lang='lat'>(196)</span> <span class='ocrx_word' id='word_1_584' title='bbox 369 5642 437 5710; x_wconf 82' lang='lat' dir='ltr'>In</span> <span class='ocrx_word' id='word_1_585' title='bbox 468 5638 670 5705; x_wconf 88' lang='lat' dir='ltr'>Frisia,</span> 
     </span>
    </p>
   </div>
   <div class='ocr_carea' id='block_1_120' title="bbox 193 5707 2654 5781">
    <p class='ocr_par' dir='ltr' id='par_1_120' title="bbox 193 5707 2654 5781">
     <span class='ocr_line' id='line_1_120' title="bbox 193 5707 2654 5781; baseline -0.001 -16"><span class='ocrx_word' id='word_1_586' title='bbox 193 5707 347 5780; x_wconf 43' lang='lat'>(197&#39;)</span> <span class='ocrx_word' id='word_1_587' title='bbox 378 5707 483 5765; x_wconf 88' lang='lat' dir='ltr'>Th.</span> <span class='ocrx_word' id='word_1_588' title='bbox 518 5724 705 5781; x_wconf 77' lang='lat' dir='ltr'>usque</span> <span class='ocrx_word' id='word_1_589' title='bbox 735 5724 859 5765; x_wconf 72' lang='lat' dir='ltr'>suae</span> <span class='ocrx_word' id='word_1_590' title='bbox 887 5726 1066 5768; x_wconf 85' lang='lat' dir='ltr'>cursu</span> <span class='ocrx_word' id='word_1_591' title='bbox 1096 5712 1309 5768; x_wconf 79' lang='lat' dir='ltr'>desunt</span> <span class='ocrx_word' id='word_1_592' title='bbox 1345 5717 1396 5771; x_wconf 94' lang='lat'>1.</span> <span class='ocrx_word' id='word_1_593' title='bbox 1425 5711 1748 5770; x_wconf 72' lang='lat' dir='ltr'>Leibm‘tius</span> <span class='ocrx_word' id='word_1_594' title='bbox 1775 5725 1843 5767; x_wconf 85' lang='lat' dir='ltr'>ea</span> <span class='ocrx_word' id='word_1_595' title='bbox 1875 5725 1949 5767; x_wconf 73' lang='lat' dir='ltr'>ex</span> <span class='ocrx_word' id='word_1_596' title='bbox 1979 5710 2130 5770; x_wconf 82' lang='lat' dir='ltr'>Chr.</span> <span class='ocrx_word' id='word_1_597' title='bbox 2158 5711 2306 5766; x_wconf 66' lang='lat' dir='ltr'>Sam.</span> <span class='ocrx_word' id='word_1_598' title='bbox 2337 5707 2654 5777; x_wconf 76' lang='lat' dir='ltr'>supplevit.</span> 
     </span>
    </p>
   </div>
   <div class='ocr_carea' id='block_1_121' title="bbox 369 5793 873 5855">
    <p class='ocr_par' dir='ltr' id='par_1_121' title="bbox 369 5793 873 5855">
     <span class='ocr_line' id='line_1_121' title="bbox 369 5793 873 5855; baseline 0.002 -2"><span class='ocrx_word' id='word_1_599' title='bbox 369 5795 664 5854; x_wconf 77' lang='lat' dir='ltr'>PATROL.</span> <span class='ocrx_word' id='word_1_600' title='bbox 702 5793 873 5855; x_wconf 79' lang='lat' dir='ltr'>CXLI.</span> 
     </span>
    </p>
   </div>
   <div class='ocr_carea' id='block_1_122' title="bbox 3279 5797 3333 5844">
    <p class='ocr_par' dir='ltr' id='par_1_122' title="bbox 3279 5797 3333 5844">
     <span class='ocr_line' id='line_1_122' title="bbox 3279 5797 3333 5844; baseline -0.019 0"><span class='ocrx_word' id='word_1_601' title='bbox 3279 5797 3333 5844; x_wconf 82' lang='lat' dir='ltr'>l7</span> 
     </span>
    </p>
   </div>
  </div>
