3958 6416
1390 241 1648 296 ΑΝΝΑΙ...
1678 235 2107 303 HlLDESHElM

2299 239 2440 294 ΜΛΝ
2450 241 2505 293 Β.
2540 240 2919 298 WEISSEMB.
3772 242 3874 296 524

549 365 712 420 ΑΝΝ.
733 362 1397 421 HILDESHEIMENSES.
1867 366 2029 419 ANN.
2069 363 2113 428 Ο

2299 366 2371 420 ,ΙΝ
2380 366 2437 419 Β.
2980 363 3324 419 LAMBERTI
3350 363 3694 420 ANNALES.

1514 456 1746 509 astante
1778 452 1957 508 etiam
1988 451 2153 507 omni
2184 452 2341 508 clero
2381 469 2451 508 ac
2477 454 2723 527 populo,
2768 453 2977 509 ultimo
3008 452 3175 507 ﬂebi-

1512 541 1642 598 liter
1670 541 2000 598 tumulatur
2028 542 2277 604 honore,
2312 540 2535 598 Eodem
2565 558 2725 598 anno
2768 541 3176 598 Ercanbaldus

1514 632 1687 701 (198),
1712 629 2051 699 Biligrimus
2081 628 2368 702 episcopi,
2400 628 2759 685 Frithuricus
2786 629 3178 702 archiepisco-

1512 732 1630 792 pus
1662 715 2136 787 Saltzburgensis
2187 716 2483 774 obierunt.
2518 721 2585 773 Et
2614 718 2853 774 Emnild
2878 718 3000 773 tilia
3030 718 3176 773 Bru-
3234 734 3239 737 ‘

1512 806 1709 864 nonis.
1762 805 2079 875 Manogold
2143 822 2408 878 quoque,
2466 822 2589 863 non
2650 807 2895 863 infimus
2950 806 3175 862 Suevire

1512 898 1723 953 matris
1753 895 1935 966 ﬁlius,
1988 894 2260 951 Saxoniae
2290 896 2456 964 obiit,
2489 913 2558 953 ac
2588 902 2831 969 propter
2860 895 3032 953 ﬁdele
3061 913 3177 951 ser-

1512 985 1720 1041 vitium
1768 982 2134 1057 imperatrici
2158 982 2499 1041 Adelheidae
2542 1002 2649 1058 per
2682 1003 2742 1041 se
2774 990 2924 1054 (199)
2953 982 3175 1041 exhibi-

1512 1080 1662 1143 tum,
1719 1074 1851 1146 ipsa
1898 1073 2221 1130 comitante
2291 1074 2828 1145 Quedelingcnsem
2868 1074 3180 1131 advehitur

1512 1164 1832 1231 civitatem,
1854 1162 2057 1234 ibique
2086 1162 2415 1219 honoriﬁce
2446 1164 2746 1236 sepelitur.

1693 1255 1817 1308 992.
1850 1250 2289 1306 Gloriosissima
2328 1255 2383 1307 et
2421 1251 2694 1308 famosis-

443 244 546 297 523

514 1259 637 1311 992.
670 1257 799 1311 Otto
829 1271 933 1310 rex
963 1270 1101 1310 cum
1134 1254 1337 1311 valida
1369 1271 1510 1311 suo-

440 1361 576 1399 rum
606 1361 792 1400 manu
821 1344 1032 1400 iterum
1076 1344 1514 1413 Brennanburg

2873 1254 3137 1309 992.0tto
3161 1270 3261 1308 rex
3286 1250 3679 1325 Brandeburg
3703 1251 3879 1310 obse-

1623 1337 1776 1395 sima
1800 1339 2098 1395 dedicatio
2121 1344 2340 1395 sanctae
2360 1338 2692 1396 Halversta-
2801 1341 2906 1397 dit.
2932 1340 3166 1397 Gerdah
3193 1341 3722 1398 Hildesheimensis
3752 1342 3879 1414 epi-

441 1433 605 1501 adiit,
645 1433 925 1506 venitque
974 1433 1055 1490 ad
1102 1450 1242 1489 eum
1291 1432 1515 1488 Heinri-

440 1541 545 1580 cus
576 1524 700 1579 dux
731 1524 1159 1595 Barjariorum,
1183 1529 1241 1581 et
1256 1524 1512 1581 Bolizlao

440 1616 885 1671 Boemanorum
917 1614 1216 1689 princeps,
1249 1632 1388 1671 cum
1429 1616 1514 1671 in-

442 1704 602 1775 genti
658 1703 1037 1760 multitudine
1094 1706 1170 1776 ;in
1222 1702 1511 1759 auxilium

440 1792 584 1863 regi.
639 1791 897 1849 Bolizlao
944 1808 1108 1861 vero,
1138 1791 1511 1851 ‘Mizachonis

440 1880 620 1944 ﬁlius,
654 1896 762 1953 per
791 1880 1057 1953 seipsum
1087 1880 1165 1937 ad
1194 1879 1513 1936 dominum

441 1985 646 2040 regem
667 1968 869 2025 venire
892 1985 1283 2041 nequaquam
1305 1969 1511 2025 valens

444 2089 514 2099 —
532 2056 888 2113 imminebat
916 2057 1142 2130 quippe
1172 2056 1253 2112 illi
1285 2056 1511 2127 grande

445 2150 655 2202 contra
682 2145 1009 2201 Ruscianos
1038 2143 1264 2201 bellum
1284 2177 1353 2185 —
1370 2161 1512 2201 suos

448 2233 564 2289 sibi
613 2234 764 2304 (200)
819 2234 961 2289 satis
1002 2232 1253 2289 ﬁdeliter
1297 2232 1511 2289 milites

444 2323 506 2378 in
559 2321 954 2378 ministerium
1002 2322 1157 2393 regis
1194 2322 1507 2378 direxerat.

446 2415 663 2468 Verum
693 2411 977 2467 dominus
1006 2428 1130 2479 rex,
1149 2411 1325 2467 bonis
1358 2410 1511 2468 Scla-

443 2515 662 2555 vorum
747 2498 1250 2573 promissionibus
1335 2499 1512 2555 conﬁ-

445 2587 618 2656 dens,
670 2588 913 2660 suisque
959 2586 1334 2660 principibus
1378 2586 1515 2643 resi-

450 2682 599 2733 stere
639 2676 874 2744 nolens,
924 2692 1140 2751 pacem
1156 2676 1268 2731 illis
1297 2676 1512 2732 iterum

447 2766 760 2833 concessit,
789 2770 846 2821 et
869 2765 1008 2822 inde
1040 2764 1101 2821 in
1141 2764 1399 2838 patriam
1429 2781 1514 2820 re-

445 2855 687 2912 meavit.
701 2855 815 2910 Sed
840 2854 920 2910 illi
941 2870 1108 2911 more
1142 2852 1316 2909 solito
1347 2869 1513 2909 men-

445 2943 533 3000 titi
565 2948 705 2999 sunt
728 2959 836 3016 per
866 2936 1324 2999 omnia.Eodem
1351 2956 1512 2997 anno

447 3030 755 3103 Gerdagus
822 3031 1141 3104 episcopus
1206 3032 1391 3087 Rome
1452 3028 1517 3085 li-

444 3120 612 3176 mina
640 3118 829 3176 sancti
849 3119 999 3175 Petri
1015 3118 1299 3175 orationis
1329 3134 1514 3175 causa

445 3209 620 3277 adiit;
670 3209 930 3281 indeque
978 3212 1279 3263 revertens
1314 3207 1513 3265 Cumis

444 3299 591 3355 obiit
632 3306 660 3354 7
694 3298 778 3354 Id.
820 3296 1179 3353 Decembris.
1214 3297 1324 3363 Qui
1364 3296 1515 3352 sedit

441 3389 505 3445 in
531 3389 882 3463 episcopatu
908 3405 1101 3445 annos
1129 3387 1307 3456 duos,
1340 3403 1511 3444 men-

443 3495 536 3534 ses
565 3484 619 3548 2,
643 3478 770 3535 dies
804 3481 888 3534 14.
912 3478 1137 3534 Misaco
1164 3476 1313 3549 (201)
1343 3474 1508 3547 obiit,

438 3569 832 3639 successitque
853 3568 908 3623 ei
927 3567 1091 3637 ﬁlius
1124 3566 1290 3621 illius
1315 3564 1513 3621 Bolz'z-

442 3659 597 3714 lavo.

1622 1427 1823 1483 densis
1876 1427 2143 1483 ecclesiae
2177 1428 2334 1484 facta
2361 1433 2450 1484 est
2478 1433 2563 1484 17.
2590 1430 2695 1485 Ca-

1620 1515 1781 1571 lend.
1816 1516 2105 1571 Novemb.
2140 1532 2176 1572 a
2223 1516 2550 1572 venerabili
2582 1534 2692 1575 suo

1622 1604 1929 1677 provisore
1963 1602 2343 1661 Hildewardo
2383 1606 2689 1680 episcopo,

1622 1708 1783 1750 anno
1811 1710 1931 1749 suae
1957 1694 2350 1751 ordinationis
2380 1699 2468 1764 24,
2503 1712 2691 1769 quam

1623 1797 1828 1838 secum
1857 1782 1918 1837 in
1945 1786 2090 1855 typo
2118 1782 2461 1855 apestolicae
2492 1782 2691 1856 digni-

2803 1448 3022 1504 scopus
3053 1430 3199 1487 obiit
3228 1432 3375 1504 (208)
3405 1450 3417 1499 ;
3470 1429 3669 1488 donus
3698 1436 3876 1488 Bern-

2801 1520 3046 1576 Wardus
3063 1521 3260 1591 regius
3282 1520 3761 1588 cancellarius,in
3790 1520 3879 1576 di-

2803 1606 2957 1665 vinis
2983 1615 3041 1666 et
3068 1606 3351 1666 humanis
3376 1609 3556 1676 rebus
3588 1608 3879 1665 sollertis-

2802 1715 2957 1766 mus,
2992 1697 3295 1765 successit,
3344 1700 3406 1752 18
3438 1698 3579 1769 (209)
3614 1696 3877 1755 Kalend.

2806 1786 3080 1843 Februar.
3117 1785 3429 1843 ordinatus
3457 1787 3630 1858 (210).

1622 1872 1754 1928 tatis
1784 1866 2162 1928 duodenario
2192 1888 2445 1929 numero
2480 1878 2536 1929 11
2571 1874 2692 1946 epi-

1623 1962 1788 2035 scopi
1815 1967 2333 2031 consecraverunt,
2383 1962 2658 2020 videlicet
2702 1964 3021 2034 Willigisus
3060 1960 3284 2019 archie-

1621 2050 1909 2123 piscopus
1929 2051 2326 2121 Moguntinus,
2378 2051 2729 2109 Gisilharius
2760 2049 3286 2123 Magdeburgensis

1622 2139 2129 2211 archiepiscopus,
2162 2139 2418 2196 Lievitzo
2466 2141 2942 2211 Hamburgensis
2989 2138 3285 2214 archiepi-

1624 2227 2189 2301 scopus,Liudolfus
2218 2232 2603 2300 Augustanus
2633 2231 2970 2304 episcopus,
2992 2229 3288 2286 Hildebol-

1621 2316 1736 2372 dus
1760 2314 2217 2373 Wormatiensis
2248 2318 2590 2392 episcopus,
2618 2320 2931 2376 Retharius
2956 2320 3287 2376 Padarbur—

1622 2405 1826 2462 nensis
1856 2405 2176 2479 episcopus
2234 2407 2404 2479 (202),
2450 2408 2566 2481 Erp
2616 2409 3017 2465 Fardunensis
3060 2410 3286 2482 episco-

1622 2510 1757 2568 pus,
1804 2497 1986 2550 Ursus
2039 2493 2372 2551 Paduanus
2416 2496 2757 2569 episcopus,
2811 2499 2944 2568 Hug
2990 2497 3287 2555 Citizensis

1623 2583 1963 2655 episcopus,
2018 2580 2415 2654 Raginbratus
2459 2582 3016 2656 Mikilanburgensis
3063 2586 3288 2659 episco-

1620 2689 1756 2746 pus,
1780 2672 1869 2728 Ad
1897 2672 2027 2728 haec
2055 2672 2204 2742 Agio
2236 2675 2561 2746 Capuanus
2588 2674 3102 2747 archiepiscopus,
3123 2672 3290 2729 Rein-

1619 2760 1844 2819 vardus
1896 2761 2272 2817 Tridentinus
2329 2762 2675 2835 episcopus,
2744 2766 2944 2820 Manso
2999 2761 3285 2819 Cassinus

1621 2851 1833 2919 abbas,
1893 2850 2272 2908 Thiatmarus
2327 2852 2519 2908 abbas
2577 2853 2883 2925 Corbejus,
2934 2854 3088 2910 Luzo
3142 2853 3287 2925 (203)

1622 2938 2106 3011 Lunaburgensis
2146 2937 2358 3007 abbas,
2408 2940 2707 2997 Othradus
2756 2941 2948 2998 abbas
2988 2940 3287 2998 Mersbur—

1622 3028 1843 3099 gensis,
1898 3028 2253 3085 Lantbrecht
2304 3026 2641 3100 Longhelus
2692 3033 2839 3103 (204)
2884 3029 3096 3100 abbas,
3140 3047 3288 3104 prae-

1622 3123 1785 3174 sente
1812 3134 1951 3187 rege
1984 3134 2195 3175 sereno
2226 3119 2393 3175 tertio
2427 3121 2657 3187 Ottone,
2694 3137 2927 3194 suaque
2958 3122 3094 3177 avia
3119 3116 3290 3176 Adel-

1619 3207 1794 3264 heidc
1823 3212 2082 3279 augusta
2110 3208 2418 3280 praselara,
2452 3214 2508 3265 et
2549 3208 2673 3265 ﬁlia
2704 3228 2813 3266 sua
2841 3226 3084 3280 gemma
3111 3209 3287 3279 regiae

1623 3296 1822 3368 stirpis
1852 3295 2179 3368 prtelucida
2210 3298 2354 3368 (205)
2376 3298 2689 3355 Machtilda
2714 3300 2882 3371 (206),
2906 3304 2961 3355 et
2980 3305 3158 3373 nepte
3177 3315 3289 3356 sua

1620 3380 1834 3441 Hadwi
1878 3384 2223 3441 veneranda
2273 3384 2584 3444 abbatissa
2625 3390 2795 3461 (207),
2847 3389 3001 3445 duce
3044 3405 3289 3462 quoque

1619 3472 1987 3543 Bernhardo,
2038 3478 2094 3530 et
2148 3472 2417 3531 Leidulfo
2440 3464 2663 3532 comite
2706 3480 3013 3551 Capuano,
3060 3483 3119 3535 et
3143 3494 3291 3551 prae-

1618 3560 1784 3618 fectis
1840 3566 2019 3634 atque
2072 3562 2421 3634 proceribus
2494 3562 2789 3637 plurimis,
2834 3565 2909 3638 let
2949 3566 3291 3636 ,innumera

1619 3655 1798 3724 atque
1825 3650 2309 3725 inaequiparabili
2354 3652 2737 3711 multitudine
2793 3652 2933 3711 cleri
2980 3671 3051 3711 ac
3080 3650 3291 3729 populi

1616 3733 1677 3796 in
1702 3733 1947 3797 laudem
1977 3740 2079 3796 Dei
2103 3740 2648 3815 conclamantibus,
2683 3740 3029 3801 dedicantes
3073 3744 3289 3818 praefa-

1614 3833 1742 3885 tam
1775 3828 2089 3885 ecclesiam
2117 3829 2351 3886 orando
2369 3831 2672 3902 juverunt.

587 3927 671 3979 12.
706 3921 950 3979 Calend.
985 3914 1335 3978 Novembris
1382 3916 1576 3975 totum
1608 3918 1825 3975 coelum
1856 3923 1945 3975 ter
1973 3918 2037 3973 in
2080 3924 2253 3975 nocte
2278 3920 2478 3979 visum
2518 3925 2606 3977 est
2631 3922 2885 3978 rubrum
2916 3920 3118 3977 fuisse.
3152 3924 3273 3979 Hoc
3305 3922 3521 3980 eodem
3554 3938 3715 3979 anno
3747 3923 3891 3980 Ger-

580 4012 775 4081 dagus
801 4008 1322 4066 Hildesheimensis
1343 4007 1662 4081 episcopus
1684 4007 1971 4063 orationis
2000 4023 2186 4064 causa
2214 4011 2468 4064 Romam
2500 4011 2778 4082 perrexit,
2804 4015 2861 4066 et
2878 4010 3038 4075 inde,
3062 4026 3360 4082 reversus,
3378 4011 3440 4067 in
3459 4011 3893 4082 Longobardia

582 4098 768 4156 obivit
798 4103 854 4155 et
882 4098 1196 4173 presbyter
1222 4113 1367 4152 suus
1401 4092 1819 4163 Suideboldus,
1854 4100 1909 4151 et
1934 4094 2230 4152 diaconus
2290 4114 2434 4153 suus
2464 4097 2651 4167 Bodo,
2694 4100 2948 4173 ejusque
2976 4097 3157 4155 frater
3203 4099 3540 4174 Hroprecht
3564 4104 3622 4156 et
3673 4116 3891 4158 came-

582 4188 774 4245 rarius
806 4204 971 4243 suus.
1003 4182 1296 4245 Successit
1324 4189 1527 4241 autem
1553 4185 1665 4241 sibi
1696 4183 2049 4241 Berwardus
2080 4184 2424 4258 episcopus.

510 4282 636 4335 993.
656 4276 1077 4347 Bernwardus,
1096 4274 1294 4347 regius
1322 4274 1514 4347 capelf

438 4349 665 4419 Ianus,
704 4353 924 4405 sanctae
978 4344 1513 4419 Hildinesheménsi

440 4418 722 4476 aeccleSiae
743 4419 1054 4476 ordinatur
1068 4418 1406 4490 episcopus
1425 4419 1510 4490 18_.

440 4492 574 4547 Kal.
610 4491 776 4547 Febr.
806 4491 970 4557 Kiso,
996 4486 1308 4562 qui—antea
1328 4486 1517 4562 rebel-

440 4563 516 4619 lis
549 4563 819 4619 extiterat
844 4566 900 4618 et
914 4558 1335 4631 refﬁga,tidem
1361 4558 1515 4616 Sola-

438 4635 531 4691 vis
572 4634 939 4707 jampridem
978 4632 1341 4707 promissam
1384 4646 1517 4685 eva-

442 4703 652 4776 cuans,
676 4703 942 4777 seipsum
972 4703 1111 4760 cum
1140 4703 1265 4777 suis
1292 4707 1351 4758 et
1379 4714 1518 4777 cum

442 4774 712 4850 predicta
733 4774 881 4850 urbe
902 4774 1338 4850 brennanburg
1361 4774 1517 4842 regis

442 4847 651 4904 ditioni
703 4847 986 4903 subdidit.
1026 4850 1146 4902 Rex
1192 4860 1334 4901 vero
1383 4860 1520 4899 san-

446 4924 609 4975 ctum
648 4918 809 4974 diem
861 4917 1105 4991 pascha;
1146 4914 1207 4971 in
1249 4914 1519 4991 Engilenf

1006 4988 1170 5045 heim
1196 4985 1517 5042 celebravit

517 5098 663 5169 (198)
694 5100 753 5153 E.
782 5093 1263 5169 Strazburgensis
1296 5092 1624 5149 Annalista
1646 5093 1834 5150 Saxo.

520 5167 671 5240 (199)
696 5171 949 5240 Persepe
981 5168 1125 5223 Chr.
1154 5167 1338 5222 Saxo.

523 5234 667 5309 (200)
702 5240 769 5295 Η.
804 5234 919 5296 υοῖτ
938 5242 1071 5309 jam
1104 5250 1278 5295 erasa
1297 5251 1321 5306 ;
1339 5237 1380 5291 ἱ.
1411 5251 1457 5291 e.
1493 5234 1707 5291 Ottoni.

525 5314 677 5379 (201)
708 5312 775 5365 M.
804 5327 860 5365 ο.
895 5328 942 5365 8.
970 5310 1042 5366 ei.
1076 5310 1115 5364 f.
1140 5310 1182 5363 ἱ.
1214 5310 1277 5362 Β.
1309 5323 1494 5363 manu
1520 5312 1574 5374 2,
1609 5321 1829 5364 comm.

530 5382 675 5451 (202)
722 5380 1048 5436 Hildericus
1079 5379 1581 5447 Havelburgensis
1630 5379 1969 5451 episcopus,
2005 5382 2119 5451 Erp

458 5455 570 5505 etc.
598 5450 743 5506 Chr.
785 5452 1330 5521 Halberstadense;
1373 5457 1427 5506 et
1458 5455 1614 5508 certe
1660 5450 1869 5507 homeh
1902 5450 2123 5507 deside-

460 5524 658 5575 ratur.

538 5592 683 5659 (203)
708 5590 755 5643 Ι.
786 5606 832 5645 e.
868 5591 1225 5646 Liudericus.

538 5661 683 5801 (201)
711 5662 1035 5729 Longensis
1066 5663 1209 5718 Chr.
1241 5662 1425 5718 Halb.

560 5733 686 5801 205)
714 5733 807 5787 Ita
838 5733 1037 5801 corigo
1067 5748 1141 5801 ea;
1168 5734 1392 5789 Chron.
1424 5784 1425 5787 η

560 5733 686 5802 205)
714 5733 807 5787 Ita
838 5733 1037 5804 corigo
1067 5748 1141 5803 ea;
1168 5734 1392 5789 Chron.
1424 5732 1960 5807 Hatberstademz’;
1980 5748 2121 5808 per-

1694 4276 1797 4330 993
1862 4275 1927 4329 In
1993 4278 2168 4329 nocte
2227 4274 2446 4331 natalis
2512 4276 2700 4333 sancti
2811 4282 2913 4335 993

1623 4342 1925 4427 §tephani
1981 4347 2438 4427 protomartyris
2487 4347 2565 4427 id
2616 4353 2705 4404 est

1623 4420 1676 4472 7.
1707 4416 1950 4488 Calend.
1982 4416 2269 4488 Januarii,
2318 4416 2660 4481 inauditum
2696 4418 2908 4474 seculis
2931 4418 3291 4476 miraculum

1622 4487 1908 4570 vidimus,
1944 4487 2218 4570 videlicet
2261 4488 2420 4544 circa
2467 4491 2749 4570 primum;
2765 4490 3133 4570 gallicinium
3150 4496 3291 4570 tam

1625 4558 1983 4634 tam__lucem_
2016 4558 2212 4634 subito
2243 4576 2316 4634 ex
2337 4558 2629 4634 aquilone
2657 4558 2988 4629 eﬂlulsisse,
3013 4566 3077 4617 ut
3090 4562 3291 4634 pluri-

1625 4630 1708 4706 mi
1734 4629 1999 4685 dicerent
2020 4629 2179 4685 diem
2210 4630 2369 4706 oriri.
2404 4629 2568 4706 Stetit
2598 4639 2801 4706 autem
2832 4649 3019 4706 unam
3048 4629 3294 4706 plenam

1625 4702 1839 4757 horam
1862 4719 1875 4768 ;
1895 4706 2129 4774 postea,
2160 4702 2410 4776 rubente
2444 4703 2842 4776 aliquatulum
2874 4702 3130 4772 cmlofin
3162 4705 3295 4760 soli-

1626 4777 1765 4849 uim,
1783 4772 2146 4849 conversum
2166 4776 2262 4829 est
2291 4772 2574 4849 colorem.
2592 4776 2772 4849 Dodo
2801 4776 3120 4849 episcopus
3145 4777 3295 4847 (211)

1625 4844 1794 4914 obiit,
1824 4843 1923 4898 cui
1964 4843 2246 4913 Suigerus
2275 4845 2367 4900 vir
2395 4845 2658 4912 illustris,
2709 4843 2933 4904 sanctae
2964 4843 3297 4904 Halversta4

1624 4914 1838 4991 densis
1859 4914 2121 4991 ecclesia:
2149 4916 2474 4991 coenobita,
2510 4920 2818 4991 successit.
2844 4918 3137 4991 Egbertus
3169 4921 3297 4975 Tre-

1622 4984 1873 5041 virensis
1902 4985 2386 5060 archiepiscopus
2418 4984 2583 5047 obiit.

2217 5093 2421 5153 lucida
2449 5112 2500 5153 c.

2320 5173 2422 5222 206
2474 5166 2795 5224 Abbatissa
2824 5163 3385 5233 Quedlinburgensi.

2320 5170 2447 5307 207)
2478 5238 2910 5305 (iemrodensi;
2944 5253 3017 5291 ex
3048 5237 3263 5291 Chron.
3288 5232 3385 5292 Hal

2320 5173 2422 5222 206
2474 5172 2795 5224 Abbatissa
2824 5172 3385 5233 Quedlinburgensi.

2299 5172 2447 5309 (207)
2478 5238 2910 5305 (iemrodensi;
2944 5253 3017 5291 ex
3048 5237 3263 5291 Chron.
3288 5232 3798 5309 Halberstadensi.

2300 5307 2445 5387 (208)
2475 5312 2538 5387 ρ·
2573 5310 2668 5364 cui
2697 5309 3029 5387 bemus?!
3057 5307 3419 5387 5.1199555823-

2326 5385 2450 5443 209)
2484 5382 2575 5435 Ita
2605 5381 2879 5449 correxi;
2912 5379 3029 5432 VlII
3063 5383 3111 5443 1,
3148 5381 3213 5432 lll
3244 5382 3297 5446 4,
3325 5382 3412 5436 XV

2326 5390 2450 5443 209)
2484 5390 2575 5435 Ita
2605 5392 2879 5449 corram;
2918 5390 3027 5432 v1u
3063 5390 3111 5443 1,
3148 5390 3213 5432 Ill
3244 5390 3297 5446 4,
3325 5390 3407 5436 xv

2300 5390 2445 5519 (210)
2476 5451 2793 5507 Ordinatus
2839 5449 2951 5506 sibi
2973 5449 3228 5505 Heinrici
3256 5466 3411 5506 com.
3447 5450 3752 5507 Heinricus
3785 5455 3893 5509 Uto

2230 5522 2539 5591 Sigifridus
2567 5527 2773 5578 contra
2801 5521 3026 5594 piratos
3072 5527 3342 5593 pugnat;
3388 5539 3649 5594 quorum
3684 5523 3705 5575 l
3744 5524 3893 5579 occi-

2231 5610 2358 5661 cus,
2395 5596 2445 5649 11
2483 5600 2620 5649 sunt
2649 5593 2818 5665 capti
2846 5593 3079 5648 addunt
3113 5597 3163 5661 5,
3198 5597 3251 5649 6.
3278 5593 3425 5650 Haec
3458 5595 3671 5652 desunt
3698 5596 3760 5651 in
3790 5598 3891 5650 iis-

2231 5666 2361 5721 dem
2392 5665 2693 5721 codicibus
2723 5682 2777 5721 a.
2808 5668 2933 5719 994.

2303 5737 2384 5807 (21
2402 5737 2452 5806 1)
2481 5733 3162 5809 Minrigardevurdensis.
