3958 6416
94 279 208 332 525
828 277 915 331 ET
954 278 1299 334 LAMBERTI
1336 273 1919 333 ASCHAFNABURG.
1962 276 2144 333 PARS
2182 279 2460 335 ALTERA
2498 279 2827 336 GENUINA.

3438 287 3542 342 526

1306 427 1629 483 ANNALES
1677 425 2347 486 HILDESHEIMENSES.

97 567 443 623 celebravit.
482 571 546 623 Et
594 568 733 623 inde
801 584 836 623 a
904 569 1208 624 nativitate
1252 568 1443 625 sancti
1490 568 1736 624 Joannis
1784 567 2059 641 baptista:
2118 586 2313 644 usque
2344 569 2404 627 in
2450 577 2500 628 5.
2555 570 2638 627 Id.
2692 572 3043 629 Novembris
3087 588 3241 647 pene
3298 591 3544 632 omnem

96 661 374 712 aestatem
410 662 466 712 et
497 662 861 713 autumnum
896 658 1130 713 siccitas
1159 658 1346 713 nimia
1370 663 1425 713 et
1448 658 1921 713 fervorinmanis
1948 659 2086 725 fuit;
2120 660 2201 717 ita
2230 666 2291 716 ut
2318 659 2788 717 innumerabiles
2806 662 3004 731 fruges
3028 679 3151 719 non
3172 666 3546 737 pervenirent

97 746 180 802 ad
210 751 669 819 temporaneam
702 747 1107 803 maturitatem
1138 753 1382 820 propter
1414 748 1555 803 solis
1579 747 1878 816 ardorem;
1903 765 2025 821 quo
2047 765 2171 805 non
2191 750 2499 805 modicum
2521 749 3002 823 subsequebatur
3025 752 3295 823 frigus,et
3321 770 3546 823 magna

91 836 204 891 nix
258 836 491 903 cecidit,
544 852 892 908 magnaque
943 837 1126 909 pestis
1162 837 1342 892 simul
1392 843 1447 893 et
1498 836 1832 892 mortalitas
1885 838 2203 895 hominum
2234 845 2412 912 atque
2458 839 2875 910 jumentorum
2922 841 3137 899 evenit.
3193 845 3260 899 Et
3284 860 3355 899 eo
3381 860 3543 901 anno

98 928 377 982 Saxones
406 926 598 981 tribus
630 925 864 981 vicibus
897 926 1340 998 expeditionem
1378 930 1749 999 paraverunt
1774 926 1834 981 in
1864 926 2125 991 Sclavos,
2158 932 2215 984 et
2244 927 2390 983 nihil
2436 927 2816 1002 profecerunt
2845 948 2858 999 ;
2892 946 2923 986 e
2954 935 3161 988 contra
3193 932 3382 990 Sclavi
3421 949 3543 989 cre-

97 1014 227 1070 bris
260 1016 407 1087 (212)
441 1016 775 1071 latrociniis
799 1016 1131 1071 Saxoniam
1172 1017 1538 1086 fatigabant.

706 1194 1065 1249 ANNALIUM
1105 1193 1873 1249 WEISSEMBURGENSIUM
1914 1193 2405 1252 CONTINUATIO.
2446 1200 2612 1253 ANNI
2651 1202 2938 1255 985-1147.

172 1334 303 1390 985.
338 1334 469 1390 Otto
500 1333 645 1403 dux,
679 1333 837 1389 ﬁlius
870 1332 1167 1389 Cuonradi
1191 1333 1378 1398 ducis,
1409 1333 1571 1388 istud
1594 1347 1771 1388 ceno—
1810 1340 1855 1389 Α
1962 1339 2115 1391 1018.
2154 1336 2528 1407 Swidegerus
2558 1354 2721 1411 papa
2750 1339 2932 1409 obiit;
2962 1340 3059 1397 cui
3085 1344 3296 1415 Puppo
3327 1341 3532 1415 episoo

95 1420 277 1479 bium
304 1422 365 1477 id
395 1426 487 1478 est
518 1423 894 1493 Wicenburg,
938 1422 995 1478 vi
1022 1422 1253 1490 invasit,
1286 1423 1419 1479 loca
1448 1422 1767 1479 distribuit.
1878 1438 1993 1497 pus
2027 1425 2341 1480 Brissanus
2372 1428 2674 1483 successit.

170 1514 303 1569 986.
338 1512 701 1569 Baldericus
732 1515 1037 1582 episcopus
1069 1514 1210 1568 obiit
1240 1513 1617 1581 Ruoppertus
1648 1513 1770 1582 epi—
1955 1518 2111 1569 1050.
2146 1517 2411 1569 Domnus
2462 1518 2614 1570 Brun
2644 1514 2933 1573 Tullensis
2972 1517 3292 1592 episcopus
3336 1518 3398 1575 in
3449 1533 3538 1575 se-

99 1616 320 1671 scopus
352 1605 695 1658 ordinatur.
1878 1600 2018 1656 dem
2051 1602 2445 1673 apostolicam
2476 1603 2757 1660 elevatur.

175 1695 305 1747 989.
357 1691 708 1747 Gisilharius
742 1690 934 1748 abbas
988 1691 1150 1757 obiit,
1211 1690 1307 1745 cui
1337 1690 1608 1746 Gerricus
1637 1705 1771 1745 suc-

100 1779 303 1836 cessit.

171 1872 307 1926 993.
348 1869 629 1941 Synodus
661 1870 879 1943 Aequis
918 1870 1074 1926 facta
1102 1884 1209 1942 per
1238 1868 1634 1939 Dominicum,
1662 1870 1772 1923 Ro-

97 1972 307 2013 manae
338 1957 621 2014 mcclesiae
653 1959 1005 2031 episcopum
1031 1960 1197 2030 (213).

179 2047 341 2123 1000.
370 2046 655 2115 Adelgeid
687 2048 1035 2118 imperatrix
1068 2047 1231 2101 obiit.

170 2136 337 2188 1001.
368 2134 639 2189 Gerricus
669 2133 990 2190 abbaciam
1033 2133 1311 2201 reddidit,
1360 2137 1417 2188 et
1449 2132 1777 2204 Sigebodo-

98 2238 247 2277 nem
289 2220 483 2291 elegit.

182 2317 345 2368 1002.
377 2315 507 2369 Otto
524 2313 731 2369 tertius
762 2312 1088 2386 imperator
1116 2312 1281 2381 obiit,
1330 2313 1428 2369 cui
1471 2311 1773 2368 Heinricus

105 2401 415 2457 successit.
469 2402 768 2471 Sigebodo
819 2402 1011 2458 abbas
1060 2401 1226 2471 obiit,
1269 2402 1364 2457 cui
1416 2400 1774 2456 Luithardus

104 2492 413 2548 successit.

182 2582 342 2636 1004.
392 2580 738 2637 Waltherus
770 2582 1078 2650 episcOpus
1109 2579 1451 2636 ordinatur.
1484 2582 1773 2636 Monaste-

106 2667 267 2722 rium
298 2667 458 2723 istud
486 2668 873 2724 combustum
904 2674 1009 2723 est.

182 2761 342 2813 1007.
374 2758 646 2812 Gerricus
678 2758 814 2830 pius
846 2755 1037 2812 abbas
1068 2756 1232 2813 obiit.

182 2851 341 2903 1009.
376 2848 532 2902 Brun
565 2863 884 2921 eplscopus
915 2847 1202 2918 martyrio
1236 2849 1574 2901 coronatur.

184 2940 343 2991 1014.
378 2935 688 2992 Heinricus
721 2940 920 2992 Romae
949 2936 1285 3009 appellatus
1317 2941 1407 2991 est
1436 2949 1625 2990 cesar.

184 3029 342 3080 1024.
381 3024 741 3082 Cuonradus
770 3025 1065 3082 secundus
1096 3040 1207 3081 rex
1236 3025 1502 3093 efficitur
1540 3026 1593 3079 6.
1628 3023 1771 3078 Idus

114 3115 275 3185 Sept.

184 3209 341 3259 1025.
376 3203 685 3260 Heinricus
715 3204 1041 3277 imperator
1084 3202 1250 3269 obiit,
1285 3201 1379 3258 cui
1420 3200 1773 3260 Cuonradus

115 3292 417 3350 successit.

186 3387 345 3439 1026.
383 3385 651 3438 Domnus
678 3380 973 3437 Brunicho
1004 3380 1319 3453 presbyter
1349 3384 1406 3435 et
1435 3378 1771 3435 monachus

114 3472 274 3528 obiit.

186 3565 343 3618 1033.
381 3560 731 3616 Dedicatum
777 3564 865 3616 est
894 3558 1221 3615 oratorium
1274 3557 1461 3613 sancti
1511 3557 1660 3613 Petri
1713 3557 1773 3612 in

116 3651 470 3720 Wizenburg
522 3666 558 3706 a
604 3649 995 3719 Reginboldo,
1060 3647 1324 3720 Spirensi
1355 3647 1663 3719 episeopo,
1720 3650 1777 3702 et

114 3742 347 3816 eclipsis
378 3741 534 3797 facta
565 3744 652 3796 est
677 3740 738 3795 in
768 3740 1074 3796 nativitate
1103 3737 1537 3810 apostolorum.

184 3835 343 3887 1038.
376 3829 671 3887 Dissentio
706 3830 863 3885 facta
892 3833 980 3885 est
1003 3829 1077 3883 de
1109 3827 1373 3883 adventu
1404 3825 1637 3881 Domini
1669 3840 1777 3897 per

112 3920 560 3987 Willihelmum,
594 3918 1116 3988 Argentinensium
1150 3916 1523 3990 episcopum.

184 4013 343 4066 1039.
381 4009 737 4067 Cuonradus
771 4008 1100 4081 imperator
1139 4005 1305 4072 obiit,
1340 4005 1435 4062 cui
1466 4003 1775 4061 Heinricus

110 4100 266 4155 ﬁlius
295 4098 599 4154 successit.

186 4193 344 4244 1042.
381 4186 620 4257 Ungarii
654 4201 855 4255 regem
882 4200 1060 4241 suum
1093 4182 1469 4257 expulerunt.

186 4281 343 4334 1043.
380 4276 556 4333 Gisila
603 4274 949 4349 imperatrix
994 4272 1159 4329 obiit.
1216 4271 1527 4328 Folmarus
1582 4269 1776 4327 abbas

114 4366 275 4434 obiit,
310 4366 405 4422 cui
437 4364 740 4421 Arnoldus
769 4362 1072 4419 successit.
1118 4359 1422 4417 Heinricus
1452 4374 1557 4415 rex
1587 4364 1776 4429 Agne-

114 4460 230 4511 tem
258 4453 431 4510 duxit
452 4454 748 4523 reginam.

186 4548 342 4600 1044.
386 4546 508 4599 Rex
536 4541 845 4597 Heinricus
890 4556 1029 4595 cum
1057 4538 1317 4594 exercitu
1373 4535 1660 4607 Ungarios
1690 4536 1778 4591 in-

114 4634 267 4689 vasit
296 4638 353 4689 et
372 4632 651 4706 praelium
683 4630 1061 4687 committens
1084 4627 1317 4697 devicit,
1343 4641 1670 4698 regemque
1688 4624 1773 4680 eis

114 4721 380 4777 restituit.
408 4724 470 4775 In
502 4719 635 4792 ipso
665 4718 824 4773 bello
857 4716 965 4772 fuit
984 4716 1133 4788 ipse,
1167 4720 1222 4770 et
1254 4712 1641 4769 Gebehardus
1668 4715 1775 4766 Ra-

116 4807 505 4881 dixponensis
559 4807 906 4880 episcopus,
958 4810 1015 4861 et
1069 4808 1227 4859 Brun
1272 4799 1773 4870 Wirzeburgensis

116 4897 453 4970 episcopus,
486 4900 541 4952 et
570 4896 764 4951 czeteri
792 4894 983 4949 multi.

184 4989 340 5041 1045.
376 4986 551 5039 Brun
582 4985 888 5053 episcopus
919 4982 1060 5037 obiit
1100 4980 1269 5049 (214).

185 5078 340 5131 1047.
376 5072 687 5129 Heinricus
712 5088 818 5129 rex
847 5074 1214 5127 conventum
1244 5080 1539 5136 magnum
1568 5066 1771 5120 Romae

109 5161 337 5230 habuit,
382 5160 589 5233 ibique
633 5160 900 5232 dejectus
942 5173 1127 5231 papa,
1174 5159 1231 5212 et
1262 5152 1636 5222 Swidegerus
1668 5155 1771 5209 Ba-

110 5249 544 5323 benbergensis
572 5251 892 5324 episcopus
944 5249 1005 5305 in
1056 5247 1195 5304 sede
1228 5244 1559 5319 apostolica
1587 5242 1769 5298 collo-

111 5347 291 5409 catur,
326 5358 363 5397 a
393 5357 517 5414 quo
561 5356 666 5396 rex
720 5342 846 5413 ipse
901 5342 1213 5409 augustus,
1278 5341 1475 5405 Agnes
1524 5346 1768 5404 quoque

110 5429 454 5503 imperatrix
485 5434 625 5485 sunt
650 5426 953 5501 appellati.

180 5594 322 5663 (212)
356 5594 423 5647 H.
456 5607 533 5665 re.
746 5588 1009 5665 {.Agnanu
1037 5586 1301 5665 secunda
1354 5586 1417 5639 in
1451 5585 1577 5638 loco
1607 5596 1763 5665 raso.

112 5659 401 5722 Nam
454 5662 860 5717 DCCCCXClV.
916 5673 1104 5716 manu
1147 5659 1400 5726 prmia;
1454 5670 1588 5725 qua:
1629 5659 1768 5724 jam

113 5740 441 5809 sequuntur
465 5732 717 5789 diversis
748 5729 1022 5786 manibus
1051 5729 1282 5797 scripta
1309 5732 1471 5783 sunt.

1955 1693 2110 1745 1052.
2144 1693 2353 1759 Magna
2384 1690 2632 1747 sinodus
2679 1698 3044 1763 congregata
3073 1698 3161 1749 est
3212 1694 3273 1750 in
3300 1697 3537 1764 Mogon-

1879 1776 1960 1832 tia
1992 1778 2087 1832 cui
2136 1780 2249 1833 Leo
2279 1794 2440 1851 papa
2470 1784 2527 1836 et
2556 1779 2861 1836 Heinricus
2909 1780 3238 1854 imperator
3260 1782 3542 1856 praesideh

1880 1864 2046 1920 bant.

1956 1958 2112 2009 1053.
2148 1957 2414 2011 Domnus
2447 1958 2623 2027 Brun,
2657 1957 2762 2029 qui
2800 1961 2857 2013 et
2889 1960 3002 2014 Leo
3032 1974 3214 2032 papa,
3248 1974 3387 2016 cum
3414 1974 3539 2017 ma-

1882 2057 2001 2112 gna
2029 2059 2219 2099 manu
2251 2047 2612 2101 Francorum
2643 2050 2823 2118 atque
2857 2046 3202 2103 Latinorum
3248 2048 3539 2121 pugnavit

1880 2136 2088 2188 contra
2144 2136 2587 2201 Nortmannos;
2629 2139 2716 2190 set
2745 2135 2865 2190 heu
2921 2137 3076 2208 proh
3108 2135 3317 2193 dolor!
3378 2153 3534 2210 pene

1882 2222 1973 2277 sui
2003 2238 2213 2278 omnes
2242 2223 2592 2280 deciderunt
2643 2225 2997 2296 pugnando,
3050 2229 3107 2281 et
3154 2225 3280 2299 ipse
3308 2225 3407 2282 vix
3438 2242 3537 2283 ur-

1880 2311 2049 2367 bium
2083 2312 2413 2367 monitione
2445 2314 2611 2383 (214')
2640 2312 2926 2370 salvatus.

1956 2403 2112 2456 1051.
2144 2402 2409 2456 Domnus
2439 2404 2554 2457 Leo
2574 2417 2737 2474 papa
2776 2418 2977 2458 nonus
3022 2403 3169 2460 obiit
3192 2403 3255 2460 in
3285 2404 3535 2461 Christo.

1884 2489 2183 2559 Sigebodo
2208 2490 2501 2562 Spirensis
2529 2490 2851 2564 episcopus
2876 2491 3040 2548 obiit.

1957 2579 2112 2632 1055.
2172 2579 2517 2649 Conjuratio
2563 2580 2790 2653 Welphi
2835 2580 3006 2636 ducis
3055 2581 3542 2638 Karendlnorum

1813 2700 1852 2753 Β
1885 2670 2092 2722 contra
2130 2666 2576 2739 imperatorem.

1954 2761 2108 2812 1056.
2142 2760 2408 2812 Domnus
2438 2773 2601 2830 papa
2638 2756 3050 2826 Gebehardus,
3101 2758 3207 2832 qui
3237 2764 3294 2816 et
3320 2759 3537 2831 Victor,

1880 2844 2167 2912 Goslaria,
2202 2844 2383 2912 venit,
2415 2846 2620 2918 ibique
2652 2846 2958 2903 Heinricus
2989 2850 3400 2905 Romanorum
3426 2848 3540 2904 im-

1878 2938 2121 3005 perator
2152 2939 2447 3003 angustus
2480 2936 2683 2991 tertius
2712 2934 2858 2993 obiit
2883 2953 2897 3004 ;
2939 2936 3035 2992 cui
3067 2936 3350 2993 Henricus
3378 2937 3540 2993 filius

1883 3022 2014 3093 ejus
2069 3024 2374 3079 successit.

1960 3116 2113 3168 1058.
2144 3112 2450 3169 Heinricus
2481 3128 2685 3170 comes
2714 3114 3038 3180 Palatinus.
3067 3115 3285 3172 mentis
3307 3116 3545 3173 insania

1884 3206 2115 3273 captus,
2135 3206 2447 3259 tonsuram
2464 3206 2520 3257 et
2544 3203 2972 3261 monachicum
2997 3204 3273 3261 habitum
3292 3205 3542 3277 accepit,

1880 3306 1953 3347 ac
1985 3291 2421 3347 monasterium
2475 3292 2693 3348 Gorziae
2725 3292 2841 3348 sub
2889 3293 3088 3365 specie
3119 3293 3422 3364 religionis
3452 3295 3544 3353 in-

1884 3379 2092 3447 travit;
2125 3379 2231 3434 sed
2286 3396 2425 3435 eum
2470 3396 2654 3453 quem
2683 3380 3025 3450 ingressum
3053 3382 3186 3438 vitae
3216 3388 3417 3454 posuit
3447 3399 3548 3455 pe-

1884 3466 2023 3523 dem
2046 3468 2308 3532 retraxit,
2329 3484 2579 3539 seseque
2604 3468 2665 3524 in
2697 3485 2837 3525 eum
2862 3485 3044 3541 quem
3075 3470 3347 3542 despexit
3371 3487 3547 3527 mun-

1884 3555 2033 3611 dum
2064 3556 2222 3610 male
2264 3572 2447 3611 sanus
2478 3557 2698 3626 injecit,
2754 3558 3000 3629 insuper
3028 3563 3084 3613 et
3112 3558 3407 3617 domnam
3432 3564 3547 3618 Ma.-

1886 3645 2160 3712 thildam,
2195 3645 2449 3700 Gozelini
2481 3646 2651 3700 ducis
2702 3645 2911 3713 ﬁliam,
2961 3663 3079 3719 que
3111 3646 3226 3702 sibi
3254 3647 3316 3703 in
3346 3649 3547 3705 matri-

1884 3734 2091 3789 monio
2135 3734 2347 3805 juncta
2378 3733 2506 3801 fuit,
2538 3735 2659 3790 heu
2686 3733 2890 3790 infelix
2921 3735 3240 3807 parracida
3270 3739 3542 3808 peremit.

1888 3822 2109 3877 Eodem
2142 3837 2303 3877 anno
2332 3820 2683 3876 Liutboldus
2723 3822 3210 3896 archiepiscopus
3233 3823 3399 3880 obiit.

1962 3915 2117 3967 1059.
2147 3910 2454 3966 Heinricus
2481 3926 2684 3967 comes
2715 3910 2931 3968 iterum
2970 3913 3298 3986 penitentia
3328 3913 3545 3972 ductus

1884 4000 2323 4057 monasterium
2348 4000 2653 4070 ingressus
2682 4006 2789 4058 est.

1960 4091 2116 4145 1060.
2152 4089 2504 4147 Cuonradus
2536 4090 2855 4164 episcopus
2906 4092 3198 4165 Spirensis
3228 4092 3393 4162 obiit,
3451 4093 3548 4151 cui

1886 4178 2223 4235 Einhardus
2251 4178 2554 4235 successit.
3114 4186 3117 4187 ⁷

1960 4271 2115 4325 1061.
2159 4269 2367 4325 Cuono
2418 4269 2541 4325 dux
2592 4268 3080 4328 Karendinorum
3135 4269 3298 4327 obiit.
3348 4276 3546 4341 Agnes

1884 4357 2160 4415 velamen
2192 4357 2514 4413 testimonii
2545 4358 2792 4432 accepit.

1961 4449 2116 4501 1062.
2149 4449 2321 4501 Anno
2355 4445 2723 4501 Coloniensis
2753 4446 3078 4518 episcopus
3101 4461 3305 4515 regem
3321 4445 3545 4502 Heinri-

1884 4549 2023 4589 cum
2054 4532 2230 4588 matri
2260 4531 2578 4604 subripuit,
2611 4548 2862 4605 seseque
2892 4532 2975 4588 illi
3005 4533 3365 4603 magistrum
3395 4548 3544 4606 prae-

1884 4621 2037 4678 fecit.
2081 4620 2305 4676 Eodem
2358 4636 2603 4692 quoque
2628 4635 2789 4676 anno
2838 4623 3094 4676 Romam
3144 4620 3351 4677 directi
3404 4626 3545 4678 sunt

1882 4728 2059 4785 papae
2084 4710 2226 4777 duo,
2259 4708 2593 4765 Parmensis
2623 4709 2943 4782 episcopus
2970 4714 3026 4765 et
3058 4710 3356 4777 Lucensis,
3386 4710 3541 4767 inter

1881 4816 2038 4874 quos
2069 4815 2261 4872 usque
2290 4798 2369 4853 ad
2400 4798 2710 4868 sanguinis
2739 4798 3093 4854 effusionem
3110 4802 3401 4855 certatum
3428 4804 3538 4855 est.

1956 4893 2112 4946 1065.
2162 4887 2465 4944 Heinricus
2494 4890 2745 4959 quartus
2773 4887 2835 4941 in
2895 4886 3062 4943 tertia
3100 4887 3247 4943 feria
3291 4888 3537 4960 paschae

1884 4978 2151 5049 gladium
2205 4976 2385 5032 cinxit
2430 4976 2799 5044 Wormaeiaa,
2869 4975 3251 5033 Heberhardo
3306 4976 3536 5033 archie-

1877 5068 2131 5140 piscopo
2160 5063 2502 5121 Treverensi
2524 5063 2933 5120 benedicente.

1958 5152 2112 5206 1066.
2167 5150 2411 5205 Cometa
2443 5148 2741 5220 apparuit.
2784 5146 3140 5204 Adalbertus
3202 5150 3537 5206 Bremensis

1880 5239 2223 5313 episcopus,
2236 5238 2421 5292 homo
2452 5251 2737 5308 nequam,
2772 5235 3145 5292 consiliarius
3172 5238 3427 5295 Heinrici
3448 5256 3537 5295 re-

1880 5328 1971 5398 gis
2001 5329 2152 5383 inter
2180 5325 2343 5381 mala
2388 5342 2526 5399 quae
2565 5328 2847 5396 operatus
2876 5330 2965 5381 est
3004 5325 3200 5397 plura,
3232 5327 3532 5397 abbatias,

1875 5416 2300 5491 praeposituras
2325 5419 2382 5469 et
2400 5429 2580 5470 omne
2599 5413 2766 5486 quod
2791 5413 2867 5469 de
2887 5420 3235 5472 sanctorum
3250 5415 3534 5473 domibus

1968 5582 2090 5650 213')
2126 5581 2205 5633 W.
2238 5578 2382 5632 Have
2411 5592 2595 5631 manu
2626 5580 2679 5631 3.

1969 5650 2634 5741 Ξὲἒὶιλῖἓξίέβέέἒέἔίέ

1968 5719 2115 5791 214⁵)
2147 5719 2220 5775 Id
2244 5722 2327 5775 est
2357 5719 2707 5774 munitione.
