3958 6400
466 279 567 331 527
1391 279 1646 333 ΑΝΝΛῐι.
1691 275 2029 333 HiLDESHE

2329 272 2542 329 DLINB.
2572 276 2948 334 WEISSEMB.
3788 277 3892 331 528

1406 403 1728 459 ANNALES
1767 392 2506 457 WEISSEMBURGENSES
2545 402 2610 454 Α.
2654 403 2947 456 967-1147.

463 488 755 544 abradere
785 488 996 561 potuit,
1024 505 1146 543 sua:
1177 488 1457 561 nequitiae
1484 489 1818 547 fautoribus
1844 506 1952 563 per
1992 502 2116 544 ma-
2154 488 2202 539 Α
2230 487 2386 542 Deus
2410 486 2609 544 dilecti
2630 489 2722 544 sui
2753 487 2992 546 Sebaldi
3020 488 3235 544 merita
3262 504 3372 561 per
3400 486 3691 544 virtutum
3712 504 3903 562 opera

461 593 577 632 nus
606 578 761 648 regis
796 578 947 633 tradi
977 577 1134 649 fecit,
1184 578 1431 651 insuper
1479 579 1635 635 duas
1667 580 1956 635 abbacias
1986 579 2122 633 Cor-
2231 576 2462 632 mundo
2488 578 2791 634 revelavit.

460 667 659 721 beiam
686 672 741 722 et
770 667 1110 722 Laurissam
1144 666 1257 722 sibi
1284 667 1633 724 vindicavit.
1687 669 1888 726 Milites
1920 670 2124 723 autem
2306 670 2460 722 1071.
2490 667 2818 723 Ruodolfus
2850 670 3180 724 Suevorum
3201 666 3328 722 dux
3347 666 3674 738 conjugem
3697 683 3899 733 suam,

462 754 969 810 Laurissamensis
1002 754 1243 810 abbatis
1285 755 1435 811 illud
1479 772 1617 825 egre
1667 757 1921 812 ferentes
1952 755 2120 826 (215),
2230 771 2415 827 quam
2448 772 2554 828 per
2585 756 2808 812 malam
2844 756 3075 812 famam
3116 755 3352 827 abjecit,
3392 771 3599 811 coram
3640 755 3902 812 Alexan-

459 842 538 897 ad
560 843 957 898 resistendum
987 844 1353 900 ediﬁcabant
1392 845 1779 914 munitiones,
1825 848 2119 918 ponentes
2230 843 2340 899 dro
2370 860 2532 917 papa
2561 849 2963 917 expurgatam
2993 845 3209 900 iterum
3249 844 3490 916 recepit.
3545 844 3825 901 Monachi
3850 848 3906 900 et

458 930 519 985 in
565 931 678 986 illis
729 932 1051 988 custodias.
1099 932 1376 989 Similiter
1422 935 1745 1007 episcopus
1813 932 2122 1003 Mogontiaa
2230 932 2457 989 familia
2500 933 2867 990 Stabulensis
2899 933 3134 990 cenobii
3163 933 3401 1006 patroni
3432 933 3527 988 sui
3576 933 3769 990 sancti
3798 936 3903 989 Re-

461 1019 792 1089 Sigifridus,
827 1022 1123 1094 ceterique
1166 1022 1454 1094 episcopi,
1486 1023 1669 1078 duces
1712 1027 1767 1078 et
1798 1022 2120 1095 principes,
2230 1022 2410 1078 macli
2460 1023 2682 1079 auxilio
2726 1023 2801 1079 de
2848 1022 3088 1093 magnis
3136 1022 3414 1095 periculis
3467 1021 3700 1079 liberati
3732 1027 3901 1078 sunt.

458 1126 792 1182 omnesque
839 1114 1162 1166 sectatores
1206 1110 1460 1182 justiciee
1509 1112 1923 1184 conspirantes
1957 1110 2122 1182 apud
2230 1113 2442 1180 Magna
2468 1110 2719 1167 sinodus
2766 1112 2975 1168 habita
3002 1115 3093 1168 est
3121 1111 3181 1166 in
3233 1111 3550 1180 Mogontia,
3583 1110 3677 1167 cui
3723 1111 3905 1167 Hein-

457 1197 808 1265 'l‘riburiam,
842 1200 1055 1255 hortati
1086 1203 1227 1255 sunt
1252 1214 1459 1268 regem
1493 1204 1554 1255 ut
1574 1215 1958 1273 quecumque
1987 1215 2124 1254 con—
2230 1199 2389 1255 ricus
2434 1217 2537 1255 rex
2579 1206 2637 1256 et
2691 1200 3204 1274 archiepiscopus,
3263 1200 3442 1269 legati
3489 1215 3633 1256 vero
3682 1199 3906 1256 domni

458 1285 587 1340 silio
617 1285 882 1358 episcopi
907 1290 1041 1342 acta
1071 1286 1321 1343 fuissent
1356 1287 1521 1343 irrita
1548 1288 1786 1359 faceret,
1838 1293 1895 1344 et
1942 1288 2021 1343 ab
2050 1302 2122 1342 eo
2231 1287 2560 1360 apostolici,
2592 1294 2649 1344 et
2676 1288 3055 1345 diversarum
3072 1288 3520 1362 provinciarum
3542 1287 3817 1361 episcopi
3846 1291 3907 1344 et

456 1380 714 1430 cessaret
743 1392 754 1442 ;
788 1374 955 1446 quod
985 1376 1339 1448 episcopum
1368 1392 1490 1432 non
1522 1377 1694 1433 latuit
1727 1395 1739 1445 ;
1770 1393 1915 1433 nam
1945 1380 2121 1432 nocte
2230 1375 2479 1431 abbates
2517 1377 2938 1449 praesidebant.
2991 1378 3077 1433 lbi
3107 1378 3325 1434 Karlus
3368 1377 3691 1450 episcopus
3740 1381 3901 1435 Con-

454 1462 694 1519 nemine
724 1470 1117 1536 persequente
1149 1464 1399 1536 aufugit.
1432 1467 1522 1522 Sic
1570 1482 1676 1538 per
1720 1466 1977 1536 gratiam
2020 1466 2117 1521 Dei
2231 1466 2615 1521 stantinensis
2658 1466 2961 1534 azcclesite,
2995 1466 3270 1523 nondum
3320 1471 3523 1523 tamen
3553 1466 3900 1535 ordinatus,

456 1569 623 1607 sacer
660 1552 754 1607 ille
802 1552 972 1607 locus
1021 1554 1212 1609 sancti
1272 1555 1494 1611 Nazarii
1541 1572 1681 1611 curn
1737 1555 1945 1612 ceteris
1974 1555 2120 1610 locis
2229 1555 2392 1626 quod
2416 1571 2538 1610 non
2561 1571 2668 1627 per
2690 1557 2910 1611 ostium
2937 1561 3025 1611 set
3041 1572 3147 1628 per
3169 1555 3585 1628 symoniacam
3606 1555 3901 1621 heresim,

454 1659 625 1714 equm
675 1642 823 1711 legis
873 1642 1136 1699 salvatus
1182 1649 1290 1700 est.
1326 1645 1550 1699 Eodem
1604 1661 1765 1701 anno
1814 1645 2120 1700 Heinricus
2227 1642 2288 1697 id
2320 1650 2406 1699 est
2434 1644 2778 1716 pecuniam,
2826 1645 2889 1700 in
2918 1645 3071 1700 ovile
3119 1644 3441 1713 intraverit,
3484 1648 3807 1701 accusatus
3845 1648 3907 1698 et

451 1748 557 1787 rex
588 1734 819 1787 Bertam
869 1732 1142 1802 reginam
1172 1732 1343 1788 duxit
1379 1733 1608 1789 Ottonis
1640 1733 2006 1789 marchionis
2053 1733 2119 1788 ﬁ-
2229 1732 2552 1800 convictus,
2613 1733 2692 1788 ab
2742 1733 3093 1806 episcopatu
3150 1733 3399 1804 ejicitur.
3459 1735 3590 1789 Otto
3643 1732 3905 1803 Bajuva-

451 1820 616 1875 liam.
663 1820 756 1875 Pie
815 1821 1248 1876 recordationis
1305 1822 1685 1877 Eberhardus
1742 1822 2116 1879 Treverensis
2154 1837 2196 1892 Β
2226 1821 2452 1883 riorum
2501 1821 2646 1884 dux,
2697 1821 2870 1895 quasi
2898 1822 3268 1892 conjurasset
3309 1821 3372 1876 in
3421 1836 3625 1890 regem
3674 1819 3908 1876 Heinri-

454 1908 947 1981 arcbiepiscopus
978 1909 1163 1964 obiit:
1195 1908 1257 1964 in
1289 1910 1463 1981 cujus
1495 1910 1698 1966 locum
1728 1928 1868 1967 cum
1894 1911 2118 1967 electus
2228 1929 2389 1980 cum,
2434 1913 2626 1969 hostis
2652 1913 2958 1984 judicatus
2988 1916 3096 1982 est,
3147 1916 3205 1967 et
3250 1912 3444 1967 honor
3472 1911 3602 1981 ejus
3630 1910 3711 1967 ad
3744 1910 3901 1967 alios

453 2001 608 2052 esset
639 2001 864 2067 Cuono,
918 1997 1178 2053 Coloniae
1234 1998 1615 2070 praepositus,
1677 2000 1887 2073 populi
1915 2003 2120 2056 Treve—
2226 2001 2568 2057 translatus.

451 2101 658 2140 rorum
690 2084 1074 2154 indignantes
1103 2084 1427 2141 noluerunt
1456 2077 1595 2142 eum
1629 2088 1949 2160 suscipere,
2011 2086 2118 2143 sed
2303 2090 2780 2161 1072.8igifridus
2810 2089 3119 2159 Mogontize
3142 2088 3650 2161 archiepiscopus,
3669 2088 3899 2144 ductus

453 2189 680 2244 magna
709 2189 895 2228 manu
928 2179 1301 2229 armatorum
1346 2175 1593 2231 collecta
1623 2181 1799 2232 nocte
1831 2194 1969 2232 eum
2015 2192 2117 2247 ag—
2228 2180 2456 2253 spiritu,
2508 2179 2820 2236 Cluniense
2868 2177 3189 2234 cenobium
3234 2177 3543 2247 ingressus
3575 2180 3710 2245 est;
3762 2177 3899 2250 qui,

454 2263 662 2333 gressi,
690 2279 900 2319 omnes
931 2262 1043 2318 sibi
1075 2264 1416 2319 resistentes
1440 2270 1881 2337 percusserunt,
1913 2266 2115 2339 ipsum
2225 2269 2507 2324 reductus
2539 2284 2575 2324 a
2603 2268 2852 2337 civibus,
2881 2268 2942 2322 in
2971 2271 3110 2322 voto
3141 2282 3264 2321 non
3296 2264 3644 2338 permansit.

452 2352 749 2407 domnum
779 2356 833 2408 et
858 2352 1013 2421 regis
1044 2353 1319 2421 missum,
1368 2354 1705 2426 Spirensem
1760 2355 2115 2428 episcopum
2300 2362 2456 2414 1073.
2504 2356 2808 2412 Heinricus
2856 2372 2961 2411 rex
2993 2372 3132 2411 cum
3176 2354 3240 2410 in
3291 2354 3493 2409 multis
3541 2353 3903 2409 offendisset

454 2442 823 2510 Enhardum,
885 2459 1217 2514 omnesque
1264 2443 1526 2515 optimos
1578 2449 1633 2499 et
1661 2460 1754 2500 res
1786 2461 1994 2500 eorum
2028 2461 2117 2501 se-
2224 2444 2523 2517 principes
2575 2444 2745 2514 regni
2797 2445 2948 2515 ejus,
3005 2443 3257 2499 oderant
3301 2459 3463 2511 eum,
3496 2442 3645 2515 quin
3698 2441 3899 2498 immo

451 2547 591 2585 cum
619 2530 941 2601 (luxerunt,
974 2535 1029 2585 et
1072 2547 1196 2586 non
1225 2534 1361 2603 post
1390 2531 1568 2601 longe
1602 2531 1944 2604 Spirensem
1988 2533 2113 2606 epi-
2226 2536 2346 2588 tota
2374 2532 2634 2589 Saxonia
2661 2531 2836 2604 quasi
2883 2533 2974 2587 vir
3014 2548 3173 2588 unus
3201 2530 3451 2587 recessit
3489 2530 3567 2586 ab
3606 2545 3677 2586 eo
3708 2533 3770 2587 et
3800 2545 3896 2585 re-

450 2636 705 2691 scopum
743 2625 799 2675 et
838 2635 979 2675 suos
1016 2619 1272 2676 libertati
1298 2620 1532 2691 dantes,
1574 2621 1888 2694 praefatum
1923 2623 2114 2678 senio-
2224 2621 2485 2678 bellavit.

447 2724 571 2763 rem
606 2712 893 2765 Cunonen
938 2708 1266 2764 miserabili
1320 2712 1617 2766 tormento
1677 2711 1797 2766 heu
1847 2710 2112 2767 infelices
2299 2715 2455 2767 1074.
2490 2711 2794 2767 Heinricus
2842 2727 2946 2767 rex
2993 2714 3423 2781 coangustatus
3461 2707 3659 2779 nimis,
3694 2707 3898 2764 oravit

449 2802 889 2870 percusserunt.
926 2802 1139 2855 Comes
1170 2797 1576 2867 Willihelmus,
1609 2799 1714 2871 qui
1734 2803 1792 2855 et
1818 2801 2109 2867 Basthart,
2224 2800 2546 2856 Dominum
2574 2800 2796 2856 intente
2835 2800 3229 2873 promisitque
3261 2798 3673 2870 penitentiam,
3706 2802 3767 2853 et
3798 2813 3897 2852 re-

447 2888 933 2957 Anglossaxones
964 2893 1021 2943 et
1050 2903 1255 2957 regem
1281 2887 1522 2942 illorum
1552 2888 1788 2960 occidit,
1828 2904 2114 2958 regnum-
2223 2904 2412 2959 gnum
2441 2890 2571 2960 ejus
2593 2888 3015 2944 conﬁrmatum
3038 2893 3144 2944 est.
3168 2888 3390 2943 Eodem
3408 2902 3570 2942 anno
3592 2885 3899 2959 dissipata

449 2992 565 3048 que
595 2976 869 3031 obtinuit.
2223 2980 2362 3031 sunt
2385 2976 2627 3032 castella
2646 2993 2784 3048 quae
2814 2992 2917 3031 rex
2948 2975 3084 3031 fecit
3113 2975 3173 3030 in
3222 2975 3655 3031 offendiculum
3701 2976 3900 3031 Saxo-

524 3094 679 3144 1067.
710 3090 798 3144 Ad
829 3088 1217 3160 sepulchrum
1249 3089 1551 3144 Cuononis
1603 3090 1883 3161 martyris
1934 3089 2087 3162 plura

2333 3093 2356 3119 ε.
2390 3071 2520 3139 Ipse
2551 3072 2639 3121 est
2662 3082 2762 3121 rex
2804 3065 3128 3133 Heinricus,
3171 3064 3275 3137 qui
3317 3065 3560 3119 excluso
3600 3063 3896 3137 episcopo

448 3182 603 3234 Deus
633 3177 1056 3233 misericordiae
1083 3192 1205 3231 suas
1247 3192 1440 3248 sygna
1470 3178 1626 3249 cepit
1651 3177 1905 3250 operari.
1939 3181 2011 3233 He

2308 3153 2335 3209 μὶ
2367 3153 2502 3208 fecit
2530 3153 2897 3208 Wormaciae.

444 3267 671 3323 hardus
713 3266 1004 3340 Spirensis
1060 3265 1380 3338 episcopus
1433 3266 1598 3334 obiit,
1657 3267 1754 3322 cui
1806 3267 2112 3323 Heinricus
2478 3242 2788 3340 Ηθξηωουῗ
2810 3256 2915 3295 rex
2934 3254 3276 3340 “Eversa!”
3299 3248 3575 3340 Peisius“
3592 3243 3901 3340 °9ntfa¥1t

446 3327 772 3411 successit:
788 3327 1142 3411 Godefridtis
1176 3327 1591 3410 Loutariorum
1621 3355 1747 3410 dux
1777 3355 2113 3428 periclitan-
2219 3329 2872 3428 Pilifiam»l_in$ente{n
2897 3327 3141 3428 “suum?
3171 3331 3542 3428 _e§§rcjtum’
3561 3332 3661 3428 "et

445 3451 564 3502 tem
597 3450 849 3501 Romam
881 3448 938 3500 et
968 3444 1230 3499 hostium
1264 3444 1540 3499 incursus
1574 3417 1883 3501 timent‘em
1905 3446 2110 3502 (idem
2221 3423 2458 3476 Unstrot
2514 3418 2769 3475 ﬂuvium
2818 3417 3042 3473 bellum
3098 3417 3295 3473 intulit
3355 3417 3693 3474 Saxonibus
3729 3436 3742 3485 ;
3812 3419 3899 3474 ibi

443 3536 584 3591 dere
616 3535 884 3591 mittitur.
2216 3508 2419 3564 multis
2464 3508 2708 3565 milibus
2739 3507 3039 3579 utrimque
3070 3506 3459 3579 interemptis,
3504 3522 3608 3561 rex
3635 3506 3897 3564 tandem

925 3642 1369 3665 εμωληηηι
1428 3645 1629 3665 "MM
1685 3646 1735 3665 ,ι
1770 3647 1900 3665 ηι,
1938 3643 2073 3665 ,_,__
2214 3599 2401 3655 victor
2453 3598 2697 3653 effectus
2746 3602 2851 3652 est.
2904 3594 3301 3652 Herimannus
3362 3594 3897 3665 Babenbergensis

516 3648 671 3699 1068.
706 3648 889 3715 Aquae
922 3642 1389 3697 inundaverunt.
1426 3645 1637 3710 Magna
1680 3646 1737 3698 et
1767 3647 1905 3698 ante
1934 3643 2106 3700 inau-
2227 3642 2392 3700 "7""
2454 3642 2697 3698 “’““’“”ἷ”“’
2747 3642 2851 3652 “’”“”
2905 3642 3309 3714 “”““““ξ““ῗ”.
3363 3642 3894 3695 “’“’“”’ῖ””“⁰“““”

488 3733 557 3763 “ﬂ
592 3732 861 3763 “unum”,
894 3732 1011 3763 Mm-
1048 3736 1101 3763 η,
1123 3730 1284 3763 mm;
1319 3730 1469 3763 ron,"
1508 3737 1592 3763 Μ,
2214 3706 2554 3763 episcopus,
2588 3704 2675 3744 Vll‘
2703 3686 2967 3742 mendax
3009 3691 3066 3742 et
3096 3702 3366 3741 avaricue
3416 3685 3676 3754 deditus,
3712 3692 3894 3758 post-

488 3733 496 3742 .
714 3732 765 3743 ..
938 3732 947 3741 .
1004 3732 1011 3738 .
1275 3730 1284 3740 .
2214 3730 2244 3746 υ
2293 3730 2414 3745 ..ων
2469 3730 2554 3755 ....,
2704 3730 2967 3742 meum...
3009 3730 3066 3742 νυ
3096 3730 3366 3741 meum...
3417 3730 3676 3754 ..........-,
3715 3730 3865 3758 rw.

441 3734 563 3788 dita
592 3733 863 3788 sterihtas
894 3748 1015 3786 vim
1046 3736 1103 3787 et
1121 3747 1289 3803 pomi
1319 3730 1476 3786 facta
1507 3737 1612 3787 est.
2211 3730 2398 3851 grtiam
2419 3730 2471 3831 1’s
2476 3792 2506 3831 θ
2511 3776 2595 3831 dit
2643 3790 2837 3831 annos
2873 3777 2957 3840 10,
3011 3772 3125 3828 sub
3183 3772 3465 3842 Gregorio
3492 3787 3652 3844 papa
3693 3771 3894 3843 digna

517 3853 672 3936 1969·
706 3852 966 3919 “.YemPS
997 3862 1224 3936 magna
1244 3850 1306 3936 ei,
1327 3862 1561 3919 aspera:
1597 3851 1654 3901 et
1682 3863 1787 3936 1'91
1813 3849 2103 3905 Henricus
2211 3849 2612 3923 damnacione
2641 3862 2950 3936 depositus
3005 3865 3114 3917 est.
3168 3864 3389 3917 lterum
3416 3877 3521 3916 rex
3572 3859 3891 3917 Heinricus

441 3934 736 3989 barbaros
792 3939 951 3989 trans
1000 3934 1233 4005 Alpiam
1274 3934 1501 3989 ﬂumen
1556 3935 1910 3992 constitutos
1966 3954 2105 3993 cum
2211 3973 2350 4012 cum
2382 3959 2618 4011 armato
2668 3934 2853 4008 milite
2886 3951 3207 4009 Saxoniam
3247 3950 3573 4018 ingressus,
3609 3950 3888 4007 Saxones

441 4023 702 4118 εδθιόίξιι
748 4022 1013 4118 ίηνίξὲίῖν-
1041 4021 1337 4094 ΡΟΡΠῙΠΙΠ
1368 4022 1631 4118 Ψυηξληῆ
1684 4024 1922 4118 φοοίάίίν
1967 4026 2105 4118 οί-Ῡί·
2210 4062 2454 4118 quoque
2485 4060 2699 4117 pacem
2728 4046 2995 4116 petentes
3024 4040 3304 4113 suscepit,
3340 4044 3426 4096 set
3447 4039 3666 4096 sevicia
3682 4042 3891 4112 magis

443 4115 590 4168 tates
633 4111 941 4179 destruxit,
990 4112 1130 4166 fana
1172 4127 1309 4165 cum
1361 4110 1739 4167 simulacliris
1774 4114 2102 4184 succendit,
2209 4110 2397 4208 (iuth
2430 4110 2622 4203 ἔδειίᾶ
2646 4110 2952 4187 ίηέθουιηε
2985 4134 3077 4184 est
3102 4110 3440 4185 uni—versos.

439 4201 843 4273 captivitatem
905 4217 1195 4271 magnam
1254 4216 1393 4256 eum
1448 4200 1696 4257 victoria
1753 4209 2002 4274 reporta

2319 4200 2458 4293 076,
2497 4226 2654 4289 4077,
2711 4224 2867 4291 4078,
2920 4222 3466 4286 1079,1080,1081,
3520 4221 3882 4290 1082,1083,

441 4291 664 4345 Eodem
720 4306 882 4345 anno
942 4289 1104 4357 Dedi,
1161 4289 1434 4344 marchio
1494 4290 1841 4356 Saxonicus,
1887 4292 2004 4349 levz

1194 4289 1446 4381 marchio
1482 4290 1841 4381 Saxonicus,
1887 4292 2105 4351 levavit
2213 4315 2370 4381 1084,
2406 4289 2564 4377 1⁷085,
2602 4312 2757 4365 1086.

438 4396 692 4434 manum
719 4383 926 4434 contra
968 4394 1193 4448 regem,
1226 4384 1282 4434 et
1335 4378 1516 4433 nichil
1547 4379 1876 4451 przevaluit.
1930 4386 2001 4437 AL

2320 4378 2439 4456 087.
2469 4400 2702 4456 Bertha
2716 4397 3079 4467 imperatrz‘x
3107 4396 3270 4452 obiit.
3290 4396 3651 4453 Counradus
3667 4397 3883 4466 factus

436 4467 575 4523 heid
603 4469 823 4539 conjux
863 4468 1136 4524 Buodolﬁ
1180 4468 1371 4537 ducis,
1404 4468 1569 4540 quod
1613 4469 1944 4526 castitatem
1976 4488 2099 4528 non
2138 4532 2180 4555 η
2212 4495 2296 4545 εει
2330 4504 2441 4544 γεω
2471 4492 2523 4545 3,
2552 4487 2700 4542 Καί,
2738 4485 2914 4540 Junii
2939 4485 3334 4555 Aquisgrani,

436 4559 759 4613 servaverit
817 4557 968 4614 falso
1031 4563 1333 4626 accusata,
1387 4562 1444 4613 et
1491 4558 1707 4615 marito
1758 4564 1812 4615 et
1870 4560 1999 4617 bon

1358 4532 1444 4613 vet
1491 4558 1707 4615 marito
1758 4564 1812 4615 et
1870 4560 2098 4617 honore
2137 4532 2181 4586 Β
2212 4532 2442 4633 W465;

437 4647 668 4719 ΡιἾνδιίδ
700 4651 805 4703 θεία
2208 4667 2397 4722 Manu
2419 4662 2763 4721 swculiXII
2784 4660 3024 4717 tandem
3041 4660 3310 4731 subjecta
3334 4666 3417 4717 est
3441 4661 3658 4716 ultima
3679 4669 3827 4717 nota
3857 4677 3881 4718 .'

512 4759 666 4811 t070.
701 4754 1053 4810 Godefridus
1107 4754 1563 4810 Luothariorum
1608 4755 1750 4824 diu,
1812 4756 1902 4811 vir
1932 4757 2097 4814 mirae
2283 4759 2439 4810 1147.
2470 4756 2591 4809 Rex
2630 4750 2943 4809 Clmradus
2984 4766 3225 4807 crucem
3256 4749 3516 4821 suscepit
3570 4750 3648 4805 ad
3698 4766 3879 4823 expe-

434 4843 720 4911 audaciae,
753 4844 812 4898 in
873 4842 1059 4898 natali
1115 4842 1350 4898 Domini
1380 4842 1543 4897 obiit.
1610 4847 1751 4898 Item
1809 4846 2097 4902 Dominus
2207 4844 2508 4901 dicionem
2537 4840 3082 4897 lherolosimorum.

1030 4933 1391 4987 ANNALIUM
1432 4932 2190 4996 QUEDLINBUBGENSIUM
2229 4932 2722 4990 GONTINUATIO.
2764 4932 2930 4985 ANNI
2971 4931 3263 4985 994-1025.

502 5027 569 5076 99
584 5026 624 5076 i.
637 5020 959 5076 Liuldolfus
975 5020 1332 5076 Trevirensis
1354 5018 1617 5075 ecclesiae
1640 5020 1953 5077 ordinatur
1973 5024 2094 5095 epi-
2204 5022 2363 5078 facta
2381 5024 2469 5076 est
2488 5018 2853 5092 pluviarum,
2870 5016 3014 5072 utin
3030 5014 3333 5087 plerisque
3350 5010 3577 5079 stagnis
3598 5016 3652 5068 et
3673 5012 3875 5084 pisces

433 5128 673 5182 scopus.
710 5112 822 5181 Erp
846 5107 1247 5165 Fardunensis
1288 5106 1609 5178 episcopus
1642 5107 1807 5175 obiit,
1842 5109 1937 5163 cui
1963 5111 2093 5164 Ber-
2203 5114 2597 5175 morerentur,
2641 5107 2786 5164 etin
2833 5105 3001 5162 terris
3027 5102 3274 5159 arbores
3304 5097 3578 5172 plurima:
3627 5102 3872 5172 penitus

432 5200 699 5254 nhardus
739 5198 1039 5253 successit.
1096 5197 1289 5251 Hiems
1316 5195 1639 5251 durissima
1682 5200 1733 5251 3.
1793 5200 1940 5253 Non.
1986 5200 2095 5253 No-
2203 5201 2558 5262 arescerent,
2573 5202 2630 5251 et
2649 5196 2849 5263 fruges
2876 5191 3137 5266 perirent
3160 5193 3217 5245 et
3244 5188 3455 5244 linum.
3488 5188 3874 5262 Subsequuta

430 5287 909 5353 vembr.cxorta,
937 5302 1127 5358 usque
1150 5288 1356 5341 3.Non.
1400 5283 1530 5341 Maii
1572 5284 1743 5352 stetit,
1774 5285 2092 5341 rarissimis
2201 5303 2444 5361 quoque
2488 5290 2545 5341 et
2600 5282 2845 5353 grandis
2895 5278 3232 5354 pestilentia
3271 5276 3608 5345 hominum,
3660 5295 3872 5352 porco-

432 5374 768 5427 intermissa
797 5374 1029 5429 diebus.
1052 5375 1272 5430 Deinde
1295 5373 1587 5446 pestiferis
1614 5378 1670 5428 et
1701 5373 1926 5444 frigidis
1946 5375 2093 5431 ﬂan—
2201 5394 2356 5443 rum,
2392 5376 2579 5431 boum
2603 5377 2661 5428 et
2680 5372 2887 5427 ovium
2916 5388 2928 5425 :
2956 5374 3130 5443 prata
3161 5369 3339 5425 etiam
3367 5368 3429 5423 in
3451 5367 3749 5441 plerisque
3778 5370 3866 5425 lo-

436 5462 591 5514 tibus
622 5463 829 5525 ventis,
859 5463 1447 5535 noctibus'plurimis
1471 5480 1581 5535 pro
1610 5480 1742 5519 rore
1768 5465 2091 5520 hibernum
2198 5465 2283 5519 cis
2300 5464 2383 5518 ita
2403 5465 2784 5529 exaruerunt,
2808 5458 2989 5515 veluti
3009 5458 3145 5527 igne
3171 5462 3380 5514 exusta
3399 5456 3864 5514 fuissent.Sclavi

434 5551 646 5604 cecidit
675 5550 880 5619 frigus.
929 5554 1015 5606 Ad
1068 5553 1345 5609 ultimum
1377 5558 1523 5609 Non.
1555 5554 1690 5609 Julii
1721 5554 1951 5624 grande
1998 5558 2091 5610 est
2194 5553 2445 5624 insuper
2474 5565 2707 5616 omnes,
2732 5548 2996 5621 exceptis
3022 5548 3284 5617 Sorabis,
3317 5562 3354 5602 a
3395 5546 3732 5603 Saxonibus
3765 5546 3864 5601 de-

434 5638 656 5693 factum
680 5638 833 5706 gelu,
854 5644 1127 5712 lentaque
1147 5642 1378 5698 siccitas
1398 5643 1719 5699 ﬂiuninum
1747 5648 1801 5699 et
1832 5643 2085 5716 penuria
2196 5640 2481 5708 fecerunt,
2502 5636 2777 5711 Liutpold
2799 5636 3088 5709 Bajoarici
3107 5636 3310 5694 limitis
3335 5635 3605 5692 marchio
3635 5634 3850 5703 clarus,

509 5724 651 5794 (215)
701 5727 898 5781 Vocem
930 5730 1223 5796 supplevz’.

945 5730 1223 5796 rupplevz'.
2504 5742 2508 5753 '

1442 6358 1491 6368 Δ
1534 6356 1617 6370 ῃ
1638 6358 1759 6372 ,κ
1890 6370 1907 6373 -
2114 6363 2194 6375 _‘

1442 6374 1709 6390 -μ
1782 6358 2098 6400 ii"-

1390 6377 1493 6386 _-
