3958 6418
50 273 197 327 529

810 269 896 323 ET
933 268 1280 324 LAMBERTI
1318 263 1904 323 ASCHAFNABURG.
1951 268 2126 325 PARS
2164 276 2441 330 ALTERA
2482 278 2809 333 GENUINA.

3425 286 3528 339 530

1059 364 1383 421 ANNALES
1423 360 2161 428 QUEDLINBURGENSES.
2204 373 2272 426 A.
2316 378 2570 429 995-996.

48 488 134 544 in
176 488 418 545 civitate
443 486 778 558 Wirtzburg
796 488 858 543 in
879 487 1139 561 hospitio
1172 503 1280 543 suo
1296 502 1404 560 per
1427 485 1753 573 fenestram
1791 484 1838 536 Α
1870 487 2239 548 Landbertus
2266 496 2569 551 successit.
2596 496 3007 553 Hildewardus
3033 501 3389 556 venerabilis
3413 502 3531 573 epi-

54 594 231 634 cum
260 576 478 647 sagitta
534 576 858 650 improvise
906 577 1277 644 vulneratus,
1331 583 1360 631 7
1417 578 1565 630 Non.
1603 571 1758 628 Junii

54 668 233 723 obii.
270 668 563 744 Egbertus
614 682 838 735 comes,
870 665 1269 739 prudentibus
1322 663 1648 737 sapientior
1705 665 1761 716 et

55 756 350 813 fortibus
381 755 692 823 audacior,
726 758 872 811 Non.
908 754 1125 828 Aprilis
1167 771 1198 809 e
1237 753 1438 809 medio
1489 749 1757 807 excessit.

58 845 425 916 Heinricus,
455 844 706 902 Sifridus
735 848 791 900 et
821 844 949 901 Udo
979 844 1188 900 fratres
1218 860 1358 900 cum
1391 843 1515 898 suis
1565 839 1763 896 navali

56 934 302 1010 praelio
328 934 689 991 dimicantes
720 938 929 989 contra
959 933 1438 1001 Nordemannos,
1469 930 1607 986 victi
1626 932 1765 983 sunt

61 1030 140 1083 et.
177 1024 343 1098 capti
371 1043 385 1093 ;
418 1040 492 1080 ex
516 1023 742 1097 quibus
774 1023 900 1079 Udo
925 1040 1063 1079 cum
1095 1022 1369 1096 plurimis
1409 1021 1565 1077 bello
1614 1017 1765 1075 occi-

64 1132 199 1171 sus
231 1113 537 1184 occubuit,
569 1112 764 1168 creteri
793 1129 930 1169 cum
966 1116 1196 1185 septem
1250 1111 1493 1167 milibus
1523 1109 1766 1165 talento-

59 1219 230 1261 rum
253 1201 552 1276 redempti
577 1204 734 1257 sunt.
764 1204 975 1257 Fames
1006 1202 1189 1257 etiam
1219 1201 1331 1255 hoc
1357 1216 1518 1255 anno
1537 1212 1765 1266 magna

68 1290 255 1348 facta
279 1294 371 1347 est
396 1290 672 1363 pluribus
697 1289 759 1345 in
788 1289 935 1345 locis
969 1290 1263 1347 Saxonite.

164 1381 296 1437 995.
329 1378 671 1437 Saxonibus
693 1379 864 1451 pejor
885 1394 1082 1433 annus
1098 1378 1294 1451 priore
1318 1376 1598 1432 exoritur.
1620 1378 1767 1430 Nam

71 1472 268 1526 tanta
293 1468 356 1524 in
383 1483 487 1523 eos
511 1466 615 1540 qui
636 1471 930 1522 vocantur
951 1465 1244 1523 Osterludi
1296 1466 1461 1536 (216),
1494 1463 1770 1536 pestilen-

74 1558 172 1614 tia
197 1556 443 1625 exarsit,
477 1559 541 1611 ut
569 1571 781 1610 eorum
810 1570 934 1610 non
963 1554 1162 1609 solum
1190 1554 1431 1620 domus,
1459 1552 1565 1607 sed
1588 1552 1769 1607 etiam

76 1647 253 1703 villae
280 1646 558 1720 plurimm
588 1645 841 1701 mortuis
868 1645 1305 1700 habitatoribus
1339 1659 1539 1699 vacute
1572 1657 1769 1698 rema-

80 1740 333 1793 nerent.
362 1738 540 1791 Fame
569 1734 817 1806 insuper
839 1750 1065 1804 magna
1087 1733 1439 1806 compressi,
1468 1736 1591 1787 tam
1620 1731 1771 1786 assi—

1867 592 2088 649 scopus
2112 580 2172 635 in
2206 584 2760 654 Stitterlingheburg
2786 586 2931 655 (218)
2955 587 3186 642 civitate
3206 590 3526 645 cenobium

1866 670 2193 725 construxit
2218 671 2518 741 virginum
2554 679 2637 729 12.
2669 674 2908 731 Calend.
2944 678 3216 742 Augusti.

1938 754 1999 810 ln
2032 758 2540 816 Halberstadensis
2566 762 2857 818 territorio
2886 765 3168 829 ecclesiae,
3200 767 3532 839 Hordorpio

1867 846 2131 917 nomine,
2156 855 2331 905 natus
2360 856 2448 907 est
2478 852 2695 922 infans,
2744 852 2891 908 nihil
2923 855 3191 927 corporis
3232 857 3465 911 habens
3497 873 3533 911 a

1869 937 2209 1007 posteribus
2258 940 2561 1007 deorsum,
2613 958 2727 997 nec
2786 959 2978 1007 crura,
3040 960 3149 1000 nec
3188 947 3532 1001 membrum

1868 1022 2033 1078 virile
2087 1028 2191 1080 aut
2243 1026 2553 1094 muliebre,
2608 1029 2713 1084 sed
2758 1032 3180 1086 tantummodo
3250 1032 3535 1087 dimidius

1870 1110 2074 1178 homo,
2098 1113 2330 1169 habens
2360 1116 2689 1188 posteriora
2720 1118 2892 1190 quasi
2923 1118 3049 1174 avis
3110 1120 3235 1174 sine
3287 1120 3533 1192 plumis,

1871 1215 2077 1255 aurem
2110 1202 2382 1259 dextram
2433 1207 2729 1276 majorem
2761 1208 3020 1274 sinistra,
3083 1213 3139 1263 et
3194 1209 3436 1264 oculum
3470 1210 3540 1264 si-

1873 1290 2089 1346 militer
2127 1293 2366 1349 sinistro
2418 1296 2760 1365 majorem;
2820 1297 3100 1352 dentibus
3153 1314 3297 1353 vero
3346 1298 3537 1354 crocei

1874 1380 2088 1436 coloris
2108 1382 2428 1453 horribilis,
2460 1384 2696 1440 sinistro
2727 1385 2974 1441 brachio
3011 1387 3241 1458 absque
3279 1392 3541 1459 quatuor

1874 1466 2072 1535 digitis
2126 1467 2252 1521 solo
2301 1485 2438 1523 cum
2497 1468 2709 1541 pollice
2764 1470 3011 1540 integer,
3066 1470 3272 1525 dextro
3302 1470 3538 1543 penitus

1876 1561 2002 1611 erat
2017 1557 2265 1611 brachio
2296 1557 2601 1629 privatus;
2633 1559 2737 1630 qui
2768 1565 2903 1614 ante
2936 1560 3305 1631 baptismum
3326 1559 3539 1613 attoni-

1876 1651 1974 1702 tus
2005 1646 2214 1700 videns
2263 1647 2470 1717 oculis,
2522 1653 2654 1719 post
2705 1648 3073 1721 baptismum
3134 1653 3331 1704 autem
3392 1650 3539 1719 (219)

1879 1735 2086 1790 oculos
2118 1751 2431 1807 nunquam
2476 1737 2771 1808 aperiens,
2813 1741 3028 1808 quarto
3061 1754 3179 1791 suae
3221 1736 3544 1791 nativitatis

80 1825 239 1881 duis
302 1823 658 1882 Sclavorum
715 1823 1160 1879 incursionibus
1226 1822 1652 1892 fatigabantur,
1711 1825 1775 1875 ut
1813 1831 1853 1884 Β
1884 1825 1978 1879 die
2010 1824 2322 1879 infandum
2356 1826 2604 1880 moritur
2633 1832 2991 1881 monstrum.
3014 1829 3344 1883 Commune
3370 1826 3544 1880 dam-

82 1914 368 1988 peccatis
428 1913 554 1968 suis
608 1912 1092 1986 promerentibus
1141 1912 1297 1983 juste
1359 1911 1433 1966 de
1481 1910 1566 1965 eis
1625 1908 1772 1965 illud

80 2003 527 2078 propheticum
556 2002 784 2057 dictum
814 2001 1087 2057 videatur
1143 2020 1155 2056 :
1208 2002 1447 2056 Mittam
1472 2016 1653 2069 super
1680 2014 1772 2055 eos

88 2094 225 2149 tria
240 2092 489 2162 judicia
510 2092 793 2161 pessima,
821 2096 1062 2160 pestem,
1108 2090 1382 2160 gladium
1423 2095 1477 2145 et
1526 2090 1770 2159 famem.

86 2186 222 2238 Rex
280 2196 529 2254 quoque
603 2179 809 2236 tertius
858 2182 991 2236 Otto
1050 2195 1191 2234 cum
1250 2194 1475 2248 magno
1515 2178 1775 2233 exercitu

92 2268 431 2344 Apodritos
471 2273 530 2324 et
585 2268 884 2341 quasdam
930 2267 1339 2324 Wlotaborum
1390 2269 1539 2338 (217)
1590 2270 1776 2322 terras

92 2358 426 2424 invadens,
459 2353 751 2413 incendiis
799 2361 857 2412 et
910 2356 1460 2430 depraedationibus
1505 2354 1775 2427 plurimis

96 2448 386 2514 vastavit,
418 2447 555 2503 licet
584 2451 817 2502 motum
844 2463 1053 2502 eorum
1075 2446 1240 2501 nullo
1264 2446 1448 2501 modo
1477 2461 1780 2517 compres-

99 2539 267 2595 serit.
330 2541 624 2593 Reversus
680 2536 940 2608 denique
988 2535 1067 2591 ab
1112 2535 1214 2591 illa
1269 2534 1666 2607 expeditione,
1717 2533 1777 2587 in

98 2626 584 2695 Quedelingensi
615 2624 849 2680 civitate
875 2641 911 2680 a
940 2629 1274 2680 memorata
1305 2629 1360 2679 et
1383 2638 1620 2695 semper
1658 2639 1779 2677 me-

98 2714 411 2773 moranda
429 2715 618 2770 amita
650 2730 779 2783 sua,
817 2713 1122 2770 Mechtilde
1182 2712 1512 2777 abbatissa,
1565 2711 1781 2781 regalis

96 2804 417 2880 praeconio
472 2802 670 2858 laudis
725 2802 905 2873 digne
958 2802 1296 2874 suscipitur.
1360 2800 1444 2855 Ibi
1492 2800 1781 2855 Adelheid

97 2908 405 2965 germana
429 2891 588 2947 illius
619 2907 810 2961 soror,
840 2890 1154 2964 aaquivoca
1185 2889 1405 2945 scilicet
1447 2890 1597 2945 aviae
1656 2904 1779 2942 sure

100 2982 514 3056 imperatricis
541 2980 883 3051 Adelheide,
907 2981 1120 3053 spretis
1147 2996 1258 3052 pro
1308 2979 1522 3036 Christi
1578 2993 1782 3034 amore

100 3072 359 3143 regibus
411 3070 613 3143 procis
663 3075 720 3125 et
773 3086 983 3126 eorum
1041 3069 1300 3138 nunciis,
1348 3068 1782 3141 promissisque

102 3177 235 3218 non
287 3160 487 3216 solum
542 3160 862 3228 thesauris,
910 3159 1014 3213 sed
1063 3158 1242 3213 etiam
1274 3158 1427 3213 ultra
1454 3156 1778 3213 valentiam

105 3250 313 3308 aureis
365 3248 673 3304 montibus
725 3253 781 3303 et
836 3247 1106 3314 urbibus,
1169 3247 1283 3301 sub
1326 3246 1475 3317 jugo
1531 3245 1790 3316 regulari

107 3338 407 3397 canonice
439 3337 806 3407 degendum,
841 3341 1071 3392 astante
1117 3350 1406 3406 germano
1438 3334 1614 3390 fratre
1678 3351 1787 3390 suo

107 3430 481 3502 imperatore
498 3426 667 3483 tertio
698 3428 929 3497 Ottone,
962 3426 1141 3481 totius
1170 3426 1232 3480 in
1264 3428 1511 3497 aspectu
1544 3428 1786 3479 senatus

111 3535 184 3575 ac
215 3517 435 3591 plebis,
468 3521 817 3573 sanctorum
844 3514 1109 3588 Dionysii
1126 3519 1182 3569 et
1209 3512 1455 3570 Servatii
1477 3512 1787 3584 obsequiis

113 3623 250 3664 sese
299 3623 413 3680 pro
463 3606 659 3679 patria
706 3605 945 3673 dicavit,
1022 3605 1356 3676 eademque
1410 3604 1560 3659 hora
1634 3602 1785 3657 sacri

111 3695 440 3753 velaminis
497 3695 796 3751 arrabone
841 3694 1092 3756 Christo.
1141 3708 1366 3766 sponso
1410 3691 1652 3758 caelesti,
1707 3690 1785 3746 ab

110 3783 376 3839 antistite
427 3782 700 3854 ejusdem
755 3783 1019 3839 ecclesias
1096 3781 1500 3849 Hildewardo,
1560 3778 1785 3834 czeteris

108 3872 296 3929 etiam
340 3872 810 3945 archiepiscopis
858 3876 917 3928 et
970 3870 1272 3944 episcopis
1324 3886 1530 3925 coram
1579 3872 1786 3923 astan-

108 3960 301 4026 tibus,
346 3961 700 4032 consignata
741 3965 846 4017 est.
895 3964 1014 4016 Hoc
1061 3961 1240 4015 etiam
1289 3975 1450 4015 anno
1499 3956 1785 4028 Bajoarize

107 4049 381 4120 regionis
406 4050 530 4105 dux
565 4049 873 4105 Heinricus
905 4049 1207 4104 secundus
1238 4047 1563 4103 immatura
1595 4051 1785 4102 morte

107 4138 319 4194 obivit.
356 4138 456 4193 Hic
499 4137 682 4208 enim,
743 4142 981 4193 mortuo
1030 4137 1390 4209 imperatore
1440 4138 1649 4192 Ottone
1703 4151 1790 4190 se-

113 4227 562 4295 cundo,aliena
593 4227 794 4299 potius
817 4244 1004 4299 quam
1053 4227 1297 4300 propria
1349 4226 1653 4281 voluntate
1710 4224 1788 4280 ad

109 4316 533 4373 invadendum
558 4331 810 4385 regnum
840 4320 1089 4372 eatenus
1118 4315 1347 4371 illectus
1378 4319 1485 4385 est,
1511 4319 1597 4384 ut,
1626 4330 1788 4369 com-

114 4408 421 4478 prehenso
450 4405 829 4478 imperatoris
889 4405 1033 4472 ﬁlio,
1093 4405 1221 4478 ipse
1273 4420 1377 4460 rex
1421 4404 1785 4475 eligeretur;

1880 1930 2027 1969 num
2082 1914 2143 1969 in
2194 1914 2527 1985 pestilentia
2576 1931 2902 1984 porcorum
2958 1920 3013 1970 et
3056 1915 3242 1970 boum
3302 1930 3545 1969 omnem

1883 2001 2264 2057 Germaniam
2293 2006 2486 2056 vexat.
2511 2001 2910 2057 Theodoricus
2966 2018 3168 2057 comes
3226 2001 3545 2063 Palatinus,

1883 2096 1939 2146 et
1967 2091 2146 2145 frater
2175 2091 2305 2161 ejus
2356 2090 2703 2160 Sigibertus,
2768 2093 3032 2147 Saxones
3082 2090 3352 2163 prmclari
3402 2090 3549 2159 (220)

1883 2180 2178 2237 obierunt.

1955 2273 2079 2326 996.
2112 2273 2231 2325 Lux
2257 2269 2419 2325 clara
2449 2274 2671 2325 sanctae
2702 2270 3096 2337 Augustensis
3123 2267 3385 2323 ecclesias
3421 2266 3552 2321 Liu-

1886 2359 2146 2431 dolphus
2173 2360 2493 2432 episcopus
2524 2364 2575 2414 8.
2607 2358 2848 2415 Calend.
2875 2358 3124 2427 Augusti
3151 2357 3291 2413 huic
3322 2355 3553 2411 mundo

1888 2449 2247 2513 subtractus,
2279 2448 2499 2503 caelesti
2530 2448 2964 2503 adnumeratur
2983 2446 3224 2501 familiae
3251 2464 3264 2512 ;
3327 2445 3419 2500 cui
3453 2447 3555 2500 Ge-

1886 2537 2185 2594 vehardus
2219 2538 2388 2608 (221),
2418 2537 2567 2592 inter
2595 2536 2866 2605 egregios
2897 2536 3149 2591 abbates
3191 2533 3551 2607 praecipuus,

1891 2626 2320 2682 subordinatur
2346 2626 2687 2697 episcopus.
2724 2624 2943 2678 Dehinc
2975 2624 3375 2695 praecurrente
3408 2627 3553 2675 tem-

1890 2732 2058 2789 pore,
2086 2731 2224 2770 cum
2251 2713 2472 2768 multos
2493 2730 2529 2768 a
2558 2712 2899 2767 sanctuario
2921 2710 3152 2765 Domini
3170 2709 3437 2764 divinum
3461 2724 3553 2762 ra-

1891 2809 2057 2880 peret
2076 2803 2392 2875 judicium,
2421 2817 2663 2871 gemma
2692 2801 2871 2855 etiam
2899 2799 3279 2854 sacerdotum
3323 2802 3379 2852 et
3436 2796 3555 2869 epi-

1895 2891 2151 2963 scopalis
2184 2907 2434 2946 aureum
2465 2889 2648 2944 decus
2675 2889 2999 2959 dignitatis,
3033 2886 3393 2942 venerandus
3427 2885 3555 2940 Hal-

1892 2980 2294 3037 verstadensis
2348 2979 2610 3034 ecclesiae
2667 2977 3081 3033 Hildewardus
3130 2975 3449 3047 episc0pus
3499 2980 3552 3028 7.

1895 3071 2135 3129 Calend.
2158 3069 2496 3125 Decembris
2515 3068 2593 3123 ab
2616 3068 2797 3137 hujus
2820 3066 3082 3121 vanitate
3105 3064 3286 3119 seculi
3305 3063 3556 3129 solutus,

1823 3175 1864 3227 C
1894 3179 2048 3217 vera?
2075 3160 2353 3226 caritatis,
2384 3175 2517 3231 quae
2540 3157 2801 3214 Christus
2829 3160 2933 3223 est,
2967 3157 3362 3227 praesentatur
3387 3154 3557 3208 obtu-

1898 3252 2076 3319 tibus,
2103 3251 2260 3306 illius
2292 3247 2642 3304 humilitatis
2666 3251 2721 3301 et
2753 3245 3107 3310 dilectionis,
3144 3258 3325 3314 super
3373 3258 3560 3314 quam

1896 3341 2055 3397 credi
2086 3338 2463 3412 potest(222),
2497 3336 2591 3408 pie
2649 3335 2910 3390 imitator
2955 3333 3218 3388 effectus.
3279 3330 3381 3386 Cui
3436 3347 3563 3385 suc-

1895 3430 2074 3487 cessit
2104 3427 2400 3493 Arnolfus,
2434 3424 2643 3481 illustri
2672 3424 2847 3478 valde
2874 3422 3156 3495 prosapia
3176 3424 3435 3485 exortus,
3457 3420 3561 3474 sed

1897 3518 2165 3574 moribus
2191 3515 2448 3571 nobilior
2497 3516 2554 3568 et
2608 3512 2840 3566 sincera
2893 3510 3166 3579 largitate
3213 3507 3557 3581 praeclarus.

1897 3608 2085 3678 Hujus
2126 3606 2305 3659 etiam
2335 3603 2474 3658 anni
2534 3600 2757 3656 vernali
2814 3597 3415 3670 tempore'praefatus
3458 3612 3561 3650 rex

1896 3699 2048 3761 Otto,
2099 3696 2417 3764 compacta
2463 3690 2614 3745 inter
2672 3690 2936 3742 Saxones
2990 3692 3046 3741 et
3104 3685 3345 3741 Sclavos
3386 3699 3556 3756 pace.

1898 3784 2123 3841 italiam
2182 3779 2456 3854 perrexit,
2516 3781 2573 3832 et
2645 3774 3010 3831 dominicam
3064 3771 3559 3828 resurrectionem

1894 3873 2086 3946 Papiae
2100 3868 2369 3943 paschali
2399 3867 2566 3937 (223),
2597 3881 2763 3920 more
2796 3862 3129 3919 celebravit.
3159 3860 3377 3916 Dehinc
3395 3858 3558 3915 oumi

1896 3978 2081 4035 regno
2128 3963 2400 4033 potenter
2438 3956 2660 4027 potitus
2715 3953 2930 4018 Italico,
2992 3955 3245 4007 Romam
3315 3949 3562 4004 veniens

1894 4052 2084 4107 beatae
2116 4046 2420 4104 memoriae
2445 4045 2782 4100 Johannem
2836 4043 2985 4111 (221)
3042 4056 3269 4112 papam
3313 4037 3562 4093 defunc-

1896 4147 2024 4198 tum
2056 4139 2298 4196 invenit.
2332 4136 2437 4191 Cui
2464 4139 2746 4208 nepotem
2778 4148 2954 4187 suum
2982 4134 3342 4199 Brunonem,
3367 4128 3562 4182 virum

1895 4231 2067 4288 valde
2094 4227 2470 4301 praeclarum,
2499 4240 2622 4280 non
2656 4222 2853 4277 solum
2885 4220 2988 4275 sed
3018 4224 3074 4275 et
3131 4218 3404 4274 omnium
3458 4217 3566 4269 Ro-

1896 4334 2221 4375 manorum
2252 4312 2526 4370 unanimi
2553 4316 2693 4367 voto
2743 4310 2963 4365 civium
3014 4307 3359 4379 pontificem
3418 4302 3564 4356 elec-

1895 4412 2046 4474 tum,
2121 4401 2435 4471 subrogari
2495 4399 2591 4472 pie
2666 4396 2984 4463 consensit,
3050 4411 3232 4466 quem
3285 4390 3560 4458 Romani,

116 4496 226 4552 sed
279 4500 419 4552 ante
472 4495 984 4551 consecrationem
1038 4494 1388 4567 poenitentia
1464 4493 1783 4554 abductus,
1823 4522 1869 4575 ι)
1900 4497 2145 4567 dempto
2179 4489 2468 4548 Brunonis
2497 4487 2764 4552 nomine,
2796 4483 3144 4553 Gregorium
3176 4482 3556 4537 vocaverunt.

113 4601 378 4655 regnum
429 4583 693 4656 respuit;
744 4588 803 4639 et
824 4584 951 4654 regi
1002 4582 1301 4639 humiliter
1331 4582 1658 4653 subjectus,
1688 4583 1813 4643 Ba—_

111 4674 349 4746 joarico
378 4673 709 4729 honorifice
731 4673 994 4729 donatus
1023 4678 1111 4729 est
1148 4688 1355 4741 regno.
1390 4676 1454 4727 ln
1506 4688 1629 4744 quo
1676 4686 1788 4742 pro

117 4760 553 4833 componenda
574 4776 723 4833 pace
746 4762 828 4817 ita
858 4761 1015 4817 ultra
1043 4761 1271 4834 priores
1303 4760 1577 4825 efﬂoruit,
1610 4763 1674 4813 ut
1711 4758 1789 4814 ab

117 4850 278 4905 illius
312 4849 523 4904 incolis
553 4849 723 4919 regni
752 4849 1057 4905 Heinricus
1089 4849 1377 4922 paciﬁcus
1407 4853 1463 4904 et
1493 4853 1662 4920 pater
1688 4862 1791 4923 pa-

117 4941 244 4995 triae
277 4938 702 5011 appellaretur.
738 4941 867 5004 Quo
898 4944 1157 5009 mortuo,
1192 4939 1349 4993 ﬁlius
1382 4955 1527 4992 suus
1571 4935 1793 4991 Heinri-

119 5046 246 5093 cus,
291 5044 397 5084 rex
430 5028 681 5088 futurus,
718 5030 1093 5099 Bajoaricum
1126 5029 1435 5091 ducatum,
1471 5044 1605 5091 rege
1629 5029 1789 5082 Otto-

117 5135 193 5174 ne
218 5118 391 5173 tertio
416 5118 700 5179 donante.
736 5118 1018 5190 suscepit,
1045 5117 1467 5173 Ghevehardus
1500 5122 1784 5171 (loustan

118 5208 326 5263 tiensis
353 5208 619 5263 ecclesiae
669 5209 990 5281 episcopus
1048 5207 1429 5264 venerandus
1481 5207 1646 5273 obiit,
1697 5206 1792 5262 cui

255 5369 345 5441 16)
385 5369 437 5441 Ῑ.
468 5383 516 5426 e.
552 5367 860 5441 Ostt‘alahi.

214 5439 349 5511 217)
389 5440 438 5495 Ι.
475 5454 523 5495 e.
556 5439 1023 5511 Welataborum,
1045 5440 1404 5495 Wiltzorum.

213 5513 343 5653 218g
388 5510 905 5581 Stoterlingeburg
931 5511 1083 5567 inter
1103 5513 1397 5568 Ovacram
1428 5515 1485 5568 et
1533 5511 1792 5567 llsinam.

216 5586 323 5638 219
387 5583 485 5637 Ita
506 5583 574 5636 L.
599 5587 736 5638 ante
767 5598 818 5638 ε’.
974 5613 977 5616 -

199 5613 347 5728 ὶὲἑῗύ
387 5613 489 5728 ὶῗᾷ
506 5613 884 5728 ³ἆῇλῂ
903 5613 1089 5710 sm.
1109 5653 1359 5728 praedati
1372 5670 1438 5728 _c.

198 5723 348 5796 (221)
388 5723 782 5780 Gebehardus
825 5723 1273 5796 Elewangénsis
1291 5724 1585 5782 abbatum
1635 5738 1799 5794 egre-

1898 4587 1997 4644 Hic
2046 4597 2188 4651 ergo
2244 4579 2383 4635 sede
2438 4575 2827 4631 intronizatus
2885 4571 3213 4644 apostolica
3263 4569 3560 4622 domuum

1862 4676 2193 4734 'Ottonem.
2243 4669 2362 4723 huc.
2414 4679 2607 4736 usque
2662 4666 2945 4718 vocatum
2996 4675 3220 4729 regem,
3294 4672 3415 4712 non
3469 4671 3561 4710 so-

1864 4752 2025 4820 ’lum
2085 4764 2376 4819 Romano,
2432 4753 2538 4808 sed
2595 4756 2651 4807 et
2705 4766 2859 4823 pene
2916 4748 3096 4804 totius
3152 4750 3400 4817 Europae
3457 4760 3562 4816 po-

1896 4851 2041 4924 pulo
2097 4845 2487 4907 acclamante,
2548 4843 2609 4895 12
2667 4836 2906 4895 Calend.
2966 4834 3143 4902 Junii,
3202 4834 3263 4887 in
3310 4832 3441 4924 ipsa
3472 4847 3562 4885 as-

1899 4918 2195 4995 censionis
2247 4930 2453 4989 Ciu‘isti
2483 4926 2788 4983 festivitate
2837 4923 3194 4987 veneranda,
3238 4918 3560 4975 indictione

1900 5032 1951 5095 9,
1982 5028 2403 5096 imperatorem
2453 5013 2823 5072 consecravit
2874 5015 3217 5069 augustum.
3268 5011 3397 5061 Post
3433 5007 3557 5059 ιι·νο

1905 5117 2100 5172 Italic-0
2134 5113 2234 5166 ri.e
2268 5108 2555 5180 disposito
2583 5120 2791 5171 regno,
2819 5101 3123 5157 Franciam
3158 5098 3479 5151 I‘mvl'iitmz
3508 5101 3557 5149 et

1899 5208 1962 5262 in
1995 5201 2320 5276 Agrippina
2352 5196 2596 5253 Colonia
2619 5190 2840 5248 summi
2868 5188 3242 5262 imperatoris
3259 5186 3561 5255 condigno

1903 5364 2036 5436 gius
2069 5378 2117 5436 s.
2149 5375 2200 5436 e_.
2223 5359 2387 5413 Ann.
2417 5354 2599 5436 saxo.

1975 5434 2125 5504 (222)
2163 5434 2222 5485 P.
2246 5443 2424 5483 verus
2450 5423 2708 5480 Israelita
2735 5437 2796 5494 p.

1904 5509 2066 5562 Ann.
2095 5506 2279 5579 Sagra.
2325 5568 2362 5579 η

2000 5576 2125 5641 223)
2164 5568 2366 5639 Regali
2385 5568 2528 5641 Chr.
2769 5635 2828 5641 Μ
3016 5634 3049 5641 Α
3351 5631 3360 5641 ,

2000 5581 2102 5632 223
2164 5576 2366 5639 Regali
2385 5576 2528 5624 Chr.

1972 5576 2125 5717 (224)
2176 5644 2380 5698 Vocem
2394 5655 2468 5696 ex
2486 5640 2648 5694 Ann.
2674 5642 2727 5694 et
2753 5635 2978 5692 Chron.
3003 5634 3147 5691 Sam.
3163 5631 3379 5702 recepi,
3408 5629 3566 5684 deest

1909 5736 1975 5775 ιη
2005 5735 2056 5774 ε.

2929 5435 2981 5476 e.
3009 5419 3233 5476 Chron.
3261 5418 3445 5476 Saxo.
3479 5416 3562 5486 cf,
