3968 6372
412 269 507 323 531
1333 265 1589 320 ANNAL.
1632 251 2065 320 HILDESHEIM
2129 258 2498 328 QUEDLINB.
2542 261 2918 320 WEISSEMB.

3745 267 3847 322 532

1387 390 1715 445 ANNALES
1757 387 2497 453 QUEDLINBURGENSES.
2542 390 2607 442 Α.
2650 392 2892 444 997-998

413 516 643 570 honore
673 513 829 570 diem
863 513 1122 571 celebrat
1152 514 1436 570 natalem.
1461 514 1818 570 Adalbertus
1849 511 2077 584 cpisco—
2115 513 2162 565 Α
2190 509 2432 565 natione
2457 513 2711 578 Grmcus,
2741 511 3080 568 conditione
3111 527 3342 583 servus,
3378 516 3517 568 astu
3583 511 3858 568 callidisi-

414 619 533 677 pus
565 604 639 659 de
673 607 859 674 Praga
887 603 1121 660 civitate
1149 604 1406 661 aPrueis
1426 603 1685 673 glorioso
1710 600 1996 674 martyrio
2024 605 2076 657 9.

418 692 661 750 Calend.
691 693 821 750 Maii
853 689 1194 750 coronatur.
1229 693 1611 749 Bernhardus
1658 693 1822 765 (225),
1882 691 2082 745 Wirtz-

425 781 742 854 burgensis
783 782 1104 856 episcopus
1150 782 1435 849 ecclesiae,
1485 782 1872 856 imperatoria
1925 781 2084 851 lega-

424 869 583 926 tione
615 871 1195 944 Constantinopolim
1224 871 1468 941 missus,
1500 871 1561 926 in
1591 871 1817 927 Achaia
1844 869 2084 943 provin-

418 957 512 1014 cia
545 960 816 1016 moritur.
865 961 967 1016 Cui
1007 960 1339 1028 Heinricus,
1381 960 1693 1016 clarissimi
1745 958 2082 1015 cancellarii

420 1045 688 1103 Hiriberti
722 1047 918 1117 frater,
951 1047 1147 1104 clarus
1178 1052 1235 1104 et
1260 1048 1409 1121 ipse,
1437 1048 1813 1104 substituitur
1854 1047 2082 1121 episco-

400 1144 556 1208 ‘pus.

492 1230 616 1282 997.
661 1223 852 1282 Sclavi
877 1224 1088 1281 innata
1114 1225 1227 1281 sibi
1253 1226 1508 1299 perﬁdia
1537 1227 1696 1293 tacti,
1750 1226 1916 1300 pacis
1965 1224 2080 1281 fre-

421 1316 634 1383 gerunt
658 1317 926 1386 pactum,
952 1313 1361 1387 terminosque
1395 1315 1715 1371 Saxonices
1755 1313 2079 1370 latrociniis

419 1401 800 1452 corroserunt
823 1397 1072 1454 furtivis.
1107 1399 1269 1464 Quos
1301 1403 1510 1454 contra
1531 1403 1870 1455 commotus
1895 1398 2081 1469 impe-

417 1490 578 1542 rator
609 1485 1030 1542 Ztodoraniam
1079 1503 1267 1559 quam
1325 1487 1502 1557 vulgo
1563 1487 1886 1544 Heveldum
1934 1487 2078 1558 (226)

417 1577 659 1643 vocant,
688 1574 992 1644 egregiam
1011 1573 1164 1631 inter
1188 1574 1565 1631 Sclavanicas
1589 1580 1831 1646 terram,
1855 1590 2080 1644 magno

415 1660 632 1720 invasit
658 1663 937 1731 exercitu,
967 1663 1124 1732 vicit,
1159 1664 1469 1735 praedavit,
1497 1664 1798 1737 victorque
1848 1665 1906 1719 in
1962 1668 2080 1721 Ma-

419 1752 788 1822 gadeburch,
820 1752 1192 1827 praecipuam
1220 1753 1492 1810 Saxoniae
1540 1753 1774 1821 urbem,
1824 1753 2078 1823 gloriose

418 1841 792 1899 subintravit.
826 1842 1064 1898 Interim
1091 1846 1293 1899 autem
1319 1843 1465 1899 dum
1511 1843 1835 1916 imperator
1864 1859 2082 1912 augus-

418 1934 537 1998 tus,
572 1930 775 1988 tertius
804 1931 1079 1988 videlicet
1108 1933 1260 2002 Otto,
1317 1932 1640 1988 Heveldum
1701 1932 2078 1988 devastando

416 2020 729 2092 percurrit,
759 2021 1106 2090 congregati
1137 2021 1389 2078 Wlotabi
1438 2022 1792 2091 Bardangac
1841 2021 2080 2094 provin-

417 2109 574 2164 ciam
604 2110 917 2182 improvisi
942 2111 1166 2184 rapinis
1196 2111 1400 2166 multis
1431 2112 1702 2181 aggressi
1734 2117 1871 2167 sunt
1901 2116 1956 2166 et
1995 2111 2078 2166 in-

417 2199 663 2256 cendiis.
697 2200 868 2264 Quod
896 2201 1168 2258 videntes
1219 2201 1537 2270 Westfalai,
1594 2219 1748 2276 quos
1797 2201 2077 2274 praefatus

413 2287 742 2361 imperator
765 2288 826 2345 in
852 2289 1295 2362 expeditionem
1319 2305 1576 2363 pergens
1608 2290 1684 2346 ad
1733 2288 2076 2345 custodien-

415 2375 560 2434 dam
584 2376 905 2450 reliquerat
931 2378 1302 2452 provinciam
1351 2379 1614 2435 celeriter
1639 2378 1938 2435 Liuthicos
1967 2377 2081 2434 for-

415 2466 549 2523 titer
566 2465 890 2540 excipiunt,
908 2467 1142 2541 ipsique
1173 2484 1313 2524 cum
1339 2467 1518 2541 pauci
1547 2474 1769 2536 essent,
1806 2468 2079 2523 innume-

412 2566 546 2608 ram
575 2565 956 2624 paganorum
982 2551 1425 2609 multitudinem
1443 2557 1608 2608 tanta
1639 2553 1799 2608 caede
1823 2557 2078 2625 proster-

413 2644 584 2696 nunt.
613 2643 964 2713 tantamque
995 2640 1073 2696 ab
1102 2639 1173 2696 iis
1202 2641 1476 2714 praedam
1503 2640 1809 2714 diripiunt,
1852 2645 1916 2695 ut
1969 2656 2076 2696 nec

413 2728 595 2786 caedis
621 2729 779 2786 illius
810 2745 921 2786 nec
938 2730 1158 2803 praedae
1185 2746 1475 2787 numerus
1498 2730 1618 2786 ullo
1641 2729 1825 2786 modo
1860 2730 2076 2786 huma-

412 2834 493 2876 no
523 2819 724 2890 posuit
748 2819 1033 2894 explicari
1061 2836 1356 2876 sermone.
1389 2823 1508 2877 Hoc
1531 2836 1692 2877 anno
1721 2820 2076 2876 instauratio

413 2913 633 2964 sanctae
655 2909 1227 2981 Metropolitanensis
1249 2909 1533 2966 ecclesiae.
1568 2910 1809 2976 Quedeli
1825 2910 2077 2980 ngnensi

412 2995 676 3065 castello,
691 2997 866 3066 jussu
883 2996 1210 3070 imperialis
1227 2997 1362 3053 ﬁlice
1379 2998 1709 3054 Machtildis
1732 2998 2073 3064 abbatissae,

411 3083 579 3139 omni
600 3083 796 3140 studio
821 3083 1144 3156 peragitur.
1174 3086 1368 3150 Quam
1392 3102 1531 3141 cum
1553 3085 1631 3141 ab
1653 3102 1768 3142 avo
1796 3085 2073 3159 aviaque,

410 3172 656 3265 regibus
679 3172 902 3229 scilicet
924 3172 1189 3229 Heinrico
1211 3178 1266 3230 et
1293 3174 1610 3265 litacthilde
1646 3178 2071 3265 constructam,
2112 3209 2153 3265 Ο

412 3260 728 3318 arctiorem
759 3277 948 3334 quam
1008 3265 1188 3318 tantae
1223 3262 1591 3319 celsitudinis
1637 3264 1737 3334 jns
1772 3263 2068 3336 exigebat,

409 3353 655 3424 propter
680 3350 1035 3408 conﬂuentis
1081 3350 1288 3425 populi
1333 3351 1733 3424 frequentiam
1784 3357 2068 3424 cerneret,

410 3436 618 3494 innata
635 3454 704 3495 ac
721 3443 1000 3495 concreta
1016 3439 1128 3495 sibi
1144 3439 1664 3508 benevolentia,ad
1676 3445 2071 3510 augmentum

411 3527 683 3598 ejusdem
704 3529 766 3585 in
815 3529 1044 3587 honore
1071 3529 1262 3586 sancti
1295 3529 1539 3586 Servatii
1563 3530 1996 3604 archiepiscopi
2017 3535 2074 3586 et

412 3615 792 3685 confessoris,
823 3617 1048 3674 latioris
1068 3622 1126 3674 et
1166 3617 1389 3674 altioris
1419 3622 1727 3674 structuras
1750 3619 2070 3674 zediticium

411 3720 717 3778 apponere
736 3707 986 3776 curavit,
1005 3706 1172 3780 quod
1189 3707 1368 3763 etiam
1390 3707 1566 3763 totius
1585 3713 1884 3763 conventu
1935 3708 2072 3763 cleri

411 3811 481 3852 ac
510 3797 720 3870 populi
739 3797 818 3854 ab
834 3796 1100 3865 Arnulfo,
1126 3797 1605 3854 Halberstadensi
1649 3799 1931 3872 episcopo
1966 3815 2075 3854 nu-

411 3900 518 3960 per
534 3884 828 3955 ordinato,
849 3901 986 3942 cum
1005 3886 1133 3943 aliis
1146 3886 1529 3959 archipraasul
1539 3887 1671 3943 ibus
1689 3888 2071 3962 etepiscopis,

411 3989 569 4047 quos
596 3975 780 4031 modo
795 3975 1152 4032 nominatim
1183 3974 1454 4032 evolvere
1492 3975 1743 4047 longum
1778 3981 1888 4050 est,
1936 3993 2076 4033 con-

413 4061 647 4132 gruenti
679 4062 756 4118 ad
782 4062 1195 4120 decorandum
1228 4065 1609 4122 Dei‘domum
1635 4068 1687 4120 6.
1725 4065 1861 4120 ldus
1891 4065 2076 4122 Martii

413 4150 678 4209 dedicari
705 4150 860 4210 fecit.
897 4157 1098 4210 Etnon
1116 4153 1298 4226 longo
1321 4159 1461 4228 post
1483 4160 1751 4227 tempore
1775 4159 2077 4211 construc-

415 4243 538 4297 tam
568 4240 628 4296 in
644 4240 812 4298 brevi
843 4241 1278 4300 Walbicensem
1305 4243 1639 4313 ecclesiam,
1671 4243 1732 4299 in
1790 4243 1921 4317 ipso
1971 4260 2078 4300 au-

413 4328 575 4398 gusti
594 4330 779 4403 patris
805 4331 895 4387 sui
927 4332 1153 4389 Ottonis
1174 4332 1270 4389 die
1297 4332 1726 4399 anniversario,
1762 4332 1839 4388 ab
1861 4333 2077 4388 eodem

412 4417 662 4475 Arnulfo
694 4420 997 4494 episcopo,
1026 4421 1240 4477 eodem
1266 4421 1445 4478 etiam
1473 4438 1634 4478 anno
1652 4438 1788 4477 cum
1808 4421 2076 4477 maximo

412 4505 552 4564 cleri
576 4507 888 4582 plebisque
915 4509 1381 4583 tripudio,i\'onis
1408 4510 1538 4568 Maii
1570 4510 1898 4566 honorifice
1915 4509 2078 4566 dedi-

413 4596 585 4654 cavit.
615 4597 738 4654 Hoc
764 4599 944 4656 etiam
977 4615 1138 4656 anno
1169 4599 1536 4657 Crescentius
1558 4599 1831 4672 quidam,
1877 4598 2086 4655 diabo.

2119 4560 2172 4617 D

2191 598 2404 670 simus,
2431 600 2855 672 imperatorem
2899 605 3226 669 augustum
3271 601 3384 674 piae
3413 600 3720 658 memoria:
3769 617 3856 657 se-

2190 687 2459 744 cundum
2489 691 2763 745 Ottonem
2791 689 2904 746 sub
2936 705 3201 762 paupere
3232 689 3442 747 adiens
3491 689 3725 762 habitu,
3776 689 3856 746 ob

2189 774 2590 833 interventum
2631 779 2858 834 dilectae
2917 795 3039 834 sure
3089 778 3432 836 contectalis
3485 779 3859 853 Theophanu

2187 864 2582 937 imperatricis
2599 873 2890 937 augustae,
2922 868 3087 937 regia
3117 868 3382 940 primum
3413 873 3505 924 est
3530 868 3704 925 alitus
3756 867 3856 923 sti-

2189 970 2263 1026 pe
2296 973 2308 1022 ;
2342 955 2559 1012 dehinc
2590 963 2976 1030 procurrente
3003 963 3291 1030 tempore,
3319 955 3590 1032 vulpina,
3623 973 3747 1030 qua
3773 955 3861 1012 ni-

2189 1043 2422 1099 minum
2454 1045 2728 1111 callebat,
2759 1047 3021 1103 versutia
3071 1046 3388 1119 prmfatum
3443 1052 3691 1103 eotenus
3744 1046 3857 1100 cir-

2189 1134 2490 1189 cumvenit
2512 1140 2857 1204 augustum,
2894 1140 2959 1191 ut
2983 1151 3093 1210 pro
3123 1135 3256 1190 loco
3281 1139 3339 1192 et
3391 1140 3656 1209 tempore
3713 1134 3859 1190 satis

2190 1220 2464 1277 clementi
2490 1223 2568 1278 ab
2594 1239 2665 1279 eo
2697 1223 2887 1293 gratia
2910 1223 3177 1289 habitus,
3210 1239 3365 1297 pene
3421 1224 3574 1280 inter
3623 1222 3856 1298 primos

2190 1326 2381 1382 usque
2413 1311 2491 1366 ad
2522 1311 2968 1368 defunctionem
3023 1328 3196 1368 suam
3255 1312 3452 1368 clarus
3511 1311 3852 1368 haberetur.

2190 1400 2328 1453 Post
2353 1398 2774 1455 dormitionem
2812 1416 2951 1455 vero
3001 1400 3249 1455 secundi
3308 1400 3536 1456 Ottonis
3592 1399 3854 1470 augusti,

2189 1491 2477 1556 regnante
2528 1488 2658 1559 jam
2712 1488 2834 1545 ﬁlio
2885 1505 2995 1545 suo
3054 1489 3223 1545 tertio
3294 1489 3570 1545 videlicet
3621 1492 3856 1556 Ottone,

2189 1592 2373 1648 quem
2396 1576 2474 1633 ab
2506 1577 2636 1650 ipso
2661 1579 2868 1635 matris
2902 1584 3090 1648 utero,
3119 1578 3324 1634 divina
3374 1579 3696 1634 subsecuta
3751 1576 3860 1633 mi-

2190 1665 2503 1733 seratione,
2535 1669 2805 1723 Romano
2839 1667 3184 1723 sublimavit
3238 1668 3513 1741 imperio,
3569 1666 3859 1741 praefatus

2187 1752 2490 1807 Johannes
2512 1753 2777 1823 ingenita
2807 1754 2921 1810 sibi
2953 1771 3023 1809 eo
3055 1754 3319 1810 securius
3351 1755 3536 1810 valuit
3568 1754 3855 1818 versutia,

2119 1861 2158 1913 Β
2188 1857 2310 1913 quo
2337 1841 2492 1911 regis
2521 1842 2771 1899 infantia
2797 1847 2852 1898 et
2882 1843 3205 1916 primatum
3228 1842 3382 1897 illius
3403 1843 3861 1915 permittebatur

2187 1931 2435 1987 incuria.
2467 1931 2557 1987 Ad
2583 1933 2712 1988 haec
2733 1932 3015 1988 defuncto
3033 1932 3384 1988 Placentinae
3415 1931 3676 1986 ecclesiae
3705 1933 3860 2005 cpis-

2187 2035 2359 2092 copo,
2409 2020 2499 2076 vir
2554 2020 2731 2076 bonae
2781 2021 3002 2076 indolis
3053 2020 3132 2076 illi
3182 2019 3534 2089 subeligitur
3567 2038 3580 2089 ;
3614 2035 3739 2093 quo
3757 2020 3856 2075 -in-

2185 2109 2364 2178 digne
2395 2110 2603 2181 ejecto,
2633 2109 2912 2183 praefatus
2942 2110 3263 2180 Johannes,
3293 2125 3414 2164 non
3475 2113 3685 2182 pastor
3748 2108 3857 2164 sed

2183 2198 2382 2270 lupus,
2418 2199 2674 2256 eandem
2705 2216 2827 2255 non
2868 2198 3195 2268 regendam
3252 2199 3358 2254 sed
3411 2198 3855 2254 devastandam

2187 2289 2448 2362 suscepit
2476 2289 2810 2345 ecclesiam.
2847 2291 3038 2354 Quam
3067 2306 3204 2344 cum
3235 2288 3461 2361 aliquot
3490 2288 3664 2344 annis
3694 2292 3855 2344 tene-

2183 2382 2291 2445 ret,
2324 2377 2586 2433 avaritiae
2613 2377 2913 2433 diabolico
2945 2377 3271 2433 inebriatus
3301 2393 3553 2444 veneno,
3613 2377 3674 2432 in
3721 2380 3855 2432 tan-

2187 2467 2313 2520 tum
2346 2481 2406 2519 se
2439 2465 2692 2520 elevavit
2721 2482 2900 2538 super
2928 2482 3010 2534 se,
3065 2471 3130 2521 ut
3181 2464 3376 2538 ipsam
3436 2468 3638 2521 Romae
3689 2463 3853 2520 beati

2185 2552 2334 2608 Petri
2361 2553 2615 2626 apostoli
2648 2553 2871 2621 sedem,
2911 2560 2973 2610 ut
2995 2554 3349 2627 praedictum
3381 2559 3489 2623 est,
3522 2553 3850 2610 antichristi

2185 2641 2529 2697 membrum
2562 2659 2697 2698 vere
2728 2642 2993 2713 effectus,
3029 2643 3381 2699 fornicando
3410 2643 3608 2716 potius
3639 2659 3850 2698 cacca-

2185 2735 2288 2797 ret,
2321 2747 2510 2804 quam
2536 2731 2882 2787 venerando
2923 2732 3222 2788 insideret.

2255 2821 2378 2873 998.
2415 2818 2513 2872 His
2535 2818 2775 2886 auditis,
2808 2819 3091 2874 dominus
3131 2819 3456 2893 imperator
3515 2818 3850 2874 secundam

2184 2907 2613 2980 profectionem
2636 2908 2872 2980 paravit
2901 2908 2962 2963 in
3021 2908 3270 2964 Italiam.
3333 2909 3440 2964 Cui
3493 2907 3850 2964 venerabilis

2183 3012 2346 3070 papa
2375 2997 2689 3066 Gregorius
2741 2998 2929 3070 Papiae
2977 2997 3222 3053 obviam
3265 2999 3529 3063 veniens,
3590 2999 3739 3052 dum
3797 2999 3850 3052 ei

2182 3086 2446 3158 pessima
2467 3086 2759 3142 Johannis
2791 3092 2846 3142 et
2877 3087 3193 3143 Crescentii
3225 3090 3390 3156 gesta
3415 3092 3734 3153 narrasset,
3763 3086 3850 3141 rli-

2182 3174 2323 3230 vino
2346 3179 2686 3231 commotus
2713 3176 2858 3244 zelo,
2887 3177 3247 3248 quantocius
3277 3193 3400 3232 una
3428 3193 3567 3231 cum
3610 3179 3848 3250 aposto-

2181 3263 2294 3318 lico
2324 3269 2608 3336 properat
2628 3267 2899 3319 Romam.
2938 3265 3109 3331 Quod
3143 3265 3452 3320 audientes
3482 3265 3710 3338 praefati
3744 3266 3848 3320 Sa-

2182 3357 2336 3408 tanae
2367 3352 2642 3421 ministri,
2663 3354 2964 3409 Johannes
2994 3354 3240 3426 quidem
3266 3355 3473 3426 fugam
3503 3355 3647 3428 iniit,
3678 3357 3848 3423 Cres-

2184 3441 2414 3497 centius
2449 3459 2589 3497 vero
2620 3442 2921 3515 praasidio,
2954 3443 3118 3516 quod
3171 3448 3430 3499 veterem
3489 3447 3743 3500 Romam
3793 3449 3852 3499 et

2186 3531 2556 3586 Leonianum
2577 3531 2888 3602 conjungit
2905 3531 3236 3598 castellum,
3273 3550 3333 3587 se
3353 3549 3492 3588 cum
3517 3533 3638 3587 suis
3665 3532 3852 3588 inclu-

2185 3621 2276 3675 sit.
2302 3623 2461 3676 Tunc
2483 3621 2733 3692 quidam
2761 3636 2880 3675 non
2899 3623 3134 3676 tantum
3153 3622 3529 3694 imperatoris
3550 3627 3849 3695 quantum

2185 3708 2396 3765 Christi
2427 3709 2603 3764 amici
2635 3709 3017 3780 insequentes
3049 3710 3404 3777 Johannem,
3456 3711 3852 3783 comprehen-

2183 3799 2401 3856 derunt
2429 3816 2568 3854 eum
2597 3799 2764 3871 (227),
2793 3803 2847 3854 et
2876 3799 3150 3854 timentes
3180 3799 3341 3866 ne,si
3371 3817 3510 3856 eum
3537 3801 3612 3855 ad
3627 3817 3851 3873 augus-

2185 3891 2312 3943 tum
2343 3887 2733 3956 destinarent,
2765 3887 3098 3960 impunitus
3131 3887 3338 3956 abiret,
3373 3888 3640 3959 linguam
3691 3890 3744 3944 ei
3795 3893 3854 3946 et

2185 3993 2362 4034 nares
2391 3977 2612 4050 pariter
2660 3977 3046 4033 absciderunt
3099 3978 3428 4052 oculosque
3475 3979 3556 4034 illi
3612 3979 3852 4051 penitus

2185 4071 2484 4122 eruerunt.
2521 4066 2644 4121 Hoc
2672 4065 2755 4121 ita
2774 4065 3059 4120 divinitus
3076 4065 3383 4136 mulctato,
3403 4067 3664 4123 domnus
3687 4084 3852 4141 papa

2187 4155 2501 4224 Gregorius
2532 4155 2736 4210 sedem
2781 4155 3172 4227 apostolicam
3222 4155 3549 4213 honorifice
3605 4157 3848 4230 recepit,

2187 4259 2443 4315 eamque
2461 4259 2650 4316 usque
2668 4243 2745 4298 ad
2768 4242 2997 4298 obitum
3018 4244 3109 4298 sui
3123 4243 3306 4300 libere
3327 4244 3560 4301 insedit.
3583 4250 3849 4319 Impera-

2192 4343 2277 4388 tor
2312 4333 2489 4406 igitur
2518 4337 2811 4402 angustus
2844 4335 3094 4389 Romam
3142 4334 3492 4402 adveniens,
3550 4335 3852 4391 sanctissi—

2185 4439 2352 4478 mam
2382 4421 2497 4477 illic
2531 4421 2740 4478 Christi
2781 4423 3280 4478 resurrectionem
3330 4423 3664 4494 celebravit,
3729 4429 3850 4480 sta-

2191 4509 2418 4584 timque
2445 4517 2582 4585 post
2609 4511 2781 4567 albas
2814 4512 2986 4567 scalis
3008 4518 3063 4568 et
3095 4513 3390 4569 machinis
3445 4530 3646 4569 arcem
3700 4517 3851 4584 (228)

2193 4615 2380 4672 quam
2430 4601 2800 4656 Crescentius
2849 4601 3168 4672 insederat,
3219 4603 3511 4658 hactenus
3567 4601 3853 4658 omnibus

409 4685 526 4742 lica
554 4686 765 4744 fraude
789 4687 1100 4760 deceptus,
1126 4692 1379 4747 Romam
1404 4689 1651 4745 absente
1674 4704 1837 4763 papa
1863 4690 2084 4758 Grego-
2187 4687 3595 4764 inexpugnabilem,fortiterexpugnatillumque
3607 4694 3853 4764 captum

414 4775 504 4833 rio
535 4775 771 4845 invasit,
797 4778 1255 4852 Johannemque
1271 4778 1580 4851 quendam
1603 4777 2073 4845 Calabritanum,

413 4881 600 4938 quem
629 4865 893 4924 domnus
921 4867 1246 4941 imperator
1277 4869 1407 4924 Otto
1437 4867 1518 4923 ob
1544 4867 1726 4923 Graeci
1753 4867 2072 4940 imperato-

413 4953 496 5010 ris
546 4953 734 5011 ﬁliam
773 4955 887 5011 sibi
961 4956 1348 5012 matrimonio
1410 4955 1850 5028 adquirendam
1936 4973 2075 5013 cum

413 5045 774 5102 Bernwardo
823 5044 1107 5120 episc0po
1167 5044 1744 5117 Constantinopolim
1809 5045 2072 5114 miserat,

412 5130 552 5189 inde
583 5149 722 5191 cum
754 5136 1094 5191 Graecorum
1124 5137 1520 5190 revertentem
1549 5133 1777 5204 legatis,
1827 5151 1886 5190 sc
1927 5135 2076 5190 indi-

416 5233 536 5287 gno
587 5222 819 5295 excepit
863 5224 1114 5294 honore,
1167 5223 1456 5296 illumque
1499 5238 1622 5278 non
1675 5228 1798 5279 tam
1851 5240 2074 5297 papam

415 5324 599 5380 quam
631 5316 967 5382 apostatam
999 5312 1389 5379 constituens,
1412 5311 1642 5383 legatos
1656 5312 2075 5385 imperatorios

417 5395 532 5451 sub
563 5400 832 5456 custodia
858 5403 1058 5458 Romae
1111 5403 1365 5460 retinuit.
1425 5403 1531 5458 Hic
1583 5418 1726 5472 ergo
1771 5404 2074 5460 Johannes

512 5574 639 5644 225)
678 5573 830 5644 Lege
859 5575 1286 5644 Brunwardus.

489 5570 639 5783 $25)
678 5573 830 5644 Lege
859 5575 1102 5635 Brunwa

511 5644 614 5695 226
676 5642 766 5697 Ad
787 5643 1102 5702 Habolam.

510 5643 638 5784 2273
687 5713 813 5770 νοω
836 5714 1102 5784 deleta_2.

510 5713 638 5784 227.)
687 5713 813 5770 νοω
836 5714 1105 5789 deleta_2.

2185 4775 2490 4847 decollari,
2508 4781 2564 4832 et
2578 4794 2608 4833 e
2623 4794 2862 4834 summo
2879 4778 3030 4834 arcis
3048 4779 3484 4852 praecipitatum
3501 4779 3562 4833 in
3579 4778 3850 4852 patibulo

2184 4865 2443 4938 pedibus
2474 4866 2761 4939 suspendi
2785 4865 2982 4937 jussit.
3017 4869 3209 4923 Mense
3234 4866 3385 4920 Julio
3431 4871 3600 4922 terrae
3650 4869 3852 4922 motus

2185 4953 2376 5010 factus
2404 4960 2492 5010 est
2519 4956 2819 5012 horribilis
2843 4972 2951 5029 per
2979 4959 3166 5010 totam
3200 4953 3544 5022 Saxoniam,
3604 4955 3850 5026 duoque

2183 5042 2415 5117 lapides
2444 5044 2612 5114 igniti
2635 5062 2706 5101 ex
2729 5045 2947 5100 tonitru
2973 5043 3332 5111 ceciderunt,
3381 5057 3537 5095 unus
3595 5041 3654 5096 in
3711 5042 3852 5114 ipsa

2185 5135 2413 5192 civitate
2439 5135 2951 5206 Magdeburgensi,
2972 5134 3119 5188 alter
3133 5133 3286 5187 ultra
3306 5132 3538 5187 Albiam
3571 5131 3844 5192 ﬂuvium.

2186 5227 2455 5290 Quorum
2471 5225 2753 5280 inusitata
2775 5223 3044 5295 delapsio
3067 5221 3266 5276 dirum
3293 5222 3456 5276 omni
3480 5221 3705 5294 populo
3723 5224 3843 5278 exi-

2184 5315 2333 5369 tium
2385 5313 2677 5368 minando
2736 5311 3083 5384 portendit;
3146 5311 3310 5383 quod
3360 5311 3417 5366 in
3453 5312 3845 5383 sequentibus

2185 5401 2633 5456 evidentissime
2656 5416 2947 5472 apparere
2964 5400 3392 5472 conspeximus
3419 5405 3580 5470 ;tunc
3603 5401 3840 5472 scilicet,

2259 5575 2504 5654 (228)_M.
2538 5574 2790 5654 domﬁum
2817 5575 3181 5646 Theoderici,
3217 5576 3320 5633 ubi
3349 5575 3466 5634 illle
3522 5590 3836 5654 perversus

2186 5646 2436 5703 sedebat
2463 5647 2624 5703 Ann.
2655 5649 2838 5704 Saxo.
