3968 6380
97 284 220 337 533

863 280 946 332 ET
985 277 1329 333 LAMBEHTI
1369 271 1947 330 ASCHAFNABURG.
1993 272 2171 328 PARS
2212 275 2485 328 ALTERA
2527 276 2835 329 GENUINA

3457 279 3560 331 534

1154 401 1476 457 ANNALES
1519 396 2259 463 QUEDIJNBURGENSES.
2303 401 2367 451 A.
2413 399 2536 452 999.

105 545 264 584 cum
292 529 560 584 mundus
578 528 685 583 iste
708 526 1062 582 insanabilis
1084 526 1277 597 plaga;
1296 525 1509 580 ictibus
1532 527 1784 577 tercere-
1823 520 1865 570 Α
1899 517 1990 589 rit,
2021 535 2128 574 nec
2160 520 2315 574 notis
2345 519 2751 575 intellectuum
2781 536 2890 575 nec
2942 520 3124 576 etiam
3180 537 3395 578 vocum
3445 522 3564 577 cui-

103 617 232 672 bro
255 621 434 673 tenus
465 633 807 690 percussus,
846 616 975 688 ipsa
998 620 1061 670 ut
1082 614 1161 670 ita
1191 615 1390 670 dicam
1413 612 1612 667 vitalia
1639 610 1788 666 ami-

107 706 212 762 sit.

188 797 322 850 999.
345 797 494 850 Nam
515 792 1330 864 insignissimaimperatoriaz
1351 790 1533 864 prolis
1552 805 1794 858 gemma

109 883 422 949 Mechtild,
455 883 661 953 magni
692 882 919 940 Ottonis
937 881 1171 950 augusti
1196 881 1336 947 ﬁlia,
1362 897 1517 953 quae,
1540 883 1604 934 ut
1635 893 1792 950 saepe

111 972 622 1041 memoravimus,
642 971 1016 1046 sceptrigeris
1032 971 1189 1026 edita
1217 970 1584 1044 parentibus,
1616 967 1793 1022 vires-

113 1064 317 1118 centis
346 1062 688 1117 rudimenta
718 1061 1006 1125 infantiae,
1041 1061 1216 1115 honre
1244 1059 1460 1114 indolis
1490 1062 1694 1129 utpote
1714 1057 1796 1129 ip-

116 1152 250 1206 sius
284 1168 524 1207 COI‘ODtB
553 1152 675 1206 lilia
708 1152 876 1222 (229),
900 1151 1151 1205 honesta
1190 1150 1465 1204 decenter
1496 1147 1796 1202 nutricum

117 1243 240 1297 sub
269 1258 416 1298 cura
448 1241 756 1297 descendit
785 1245 933 1312 (230)
969 1260 980 1308 ;
1011 1257 1145 1313 quae
1179 1239 1388 1294 ﬂorida
1435 1237 1652 1294 dehinc
1700 1253 1796 1291 va-

118 1330 391 1386 cillantis
421 1335 691 1404 tempora
708 1330 1057 1400 juventutis,
1093 1343 1342 1400 corpore
1401 1327 1796 1396 sensibusque

115 1420 264 1494 plus
310 1420 536 1476 caeteris
584 1420 643 1476 id
699 1420 888 1475 astatis
945 1424 1372 1484 maturescens,
1431 1416 1630 1487 nilque
1686 1414 1798 1469 sibi

117 1510 436 1565 commissi
464 1510 674 1565 dextra
718 1508 1023 1579 regiminis
1072 1507 1454 1578 disciplinam
1510 1505 1796 1559 errabun-

121 1599 281 1654 dum
307 1599 681 1671 relinquens,
714 1598 1010 1664 amabilis,
1058 1596 1332 1662 affabilis,
1391 1597 1512 1668 pia,
1572 1593 1797 1649 cunctis

119 1686 353 1757 largior
373 1703 561 1758 quam
594 1686 704 1741 sibi
726 1686 1020 1754 degebat;
1055 1684 1376 1740 undecimo
1407 1688 1570 1738 ortus
1587 1683 1675 1736 sui
1690 1697 1796 1736 an-

117 1791 201 1830 no
227 1775 610 1846 Metropolitae
645 1774 756 1828 sibi
785 1773 1197 1842 haereditariae,
1231 1772 1365 1826 licet
1397 1771 1569 1827 tantis
1602 1771 1798 1842 impar

116 1863 434 1934 oneribus,
477 1864 901 1936 imperatorem
972 1867 1170 1917 tamen
1222 1860 1498 1916 consulto
1555 1864 1795 1931 patrum

114 1970 232 2010 nec
267 1969 391 2008 non
425 1953 732 2008 communi
783 1952 1089 2020 electione,
1147 1950 1477 2005 antistitum
1517 1949 1793 2004 benedic-

117 2044 283 2098 tione
310 2047 602 2115 perpetua
631 2042 897 2110 regendo
931 2040 1272 2112 praeficitur.
1309 2042 1457 2094 Cum
1510 2055 1652 2093 vero
1715 2037 1794 2092 ad

116 2131 488 2204 Pytagoricae
545 2130 774 2184 bivium
828 2133 1180 2202 perventum
1234 2131 1319 2182 est
1383 2127 1607 2193 litterae,
1668 2127 1793 2188 sine

120 2237 318 2280 mora,
340 2219 464 2274 sine
497 2218 693 2287 taedio,
727 2218 1053 2288 angustiori
1090 2217 1320 2287 semita,
1345 2217 1470 2288 spei
1497 2233 1632 2289 quae
1672 2231 1794 2270 non

124 2309 443 2366 confundit
471 2308 696 2364 ﬁducia
727 2313 984 2381 arrepta,
1019 2311 1137 2362 tota
1167 2307 1350 2361 animi
1381 2306 1685 2374 diligentia
1732 2323 1794 2360 se

126 2415 361 2471 suaque
381 2399 458 2454 ab
478 2414 602 2454 non
624 2413 753 2453 esse
781 2398 858 2453 ad
877 2414 1084 2452 verum
1109 2401 1323 2451 conata
1346 2401 1436 2451 est
1457 2412 1587 2450 esse
1611 2400 1796 2451 trans-

128 2488 299 2545 ferre.
364 2491 496 2544 Haec
526 2487 804 2543 fratruele
835 2503 965 2553 suo,
985 2487 1154 2556 largo
1179 2486 1398 2541 scilicet
1429 2488 1658 2552 Ottone,
1689 2489 1797 2540 Ro-

129 2595 297 2634 mam
365 2577 800 2650 proﬁciscente,
851 2576 1236 2649 imperatoria
1288 2575 1414 2630 vice
1471 2574 1799 2630 commissa

132 2667 245 2723 sibi
273 2683 462 2737 regna
487 2682 611 2722 non
639 2665 874 2722 levitate
902 2665 1159 2720 feminea
1191 2665 1555 2735 gubernans,
1580 2664 1798 2720 barba-

132 2774 338 2813 rorum
367 2757 546 2812 etiam
579 2756 891 2811 induratos
922 2756 1167 2810 vertices
1211 2770 1422 2823 regum
1478 2753 1798 2810 artiﬁcioso

132 2845 276 2902 aviti
308 2845 662 2918 paternique
679 2844 793 2899 ritu
816 2843 1038 2913 ingenii
1057 2843 1137 2900 ita
1157 2843 1482 2916 placabiles
1516 2842 1801 2913 subjuga-

132 2932 405 3006 bilesque
431 2931 796 2999 reddiderat,
830 2936 895 2986 ut
917 2930 1340 3001 hujuscemodi
1366 2931 1530 3002 pacis
1581 2930 1799 2985 funda-

131 3026 357 3089 menta,
392 3037 518 3094 qua
541 3036 703 3076 nunc
761 3024 968 3076 sancta
1020 3020 1121 3075 Dei
1178 3019 1430 3075 ecclesia
1477 3036 1588 3094 pro
1633 3025 1800 3094 parte

133 3111 510 3186 fruitur,post
523 3114 824 3165 tantarum
837 3109 1312 3165 devastationem
1329 3109 1797 3180 provinciarum,

137 3203 276 3271 post
292 3198 579 3254 effrenem
599 3198 896 3253 barbariae
919 3203 1302 3261 motum,non
1331 3197 1549 3265 gladio,
1569 3213 1690 3253 non
1711 3214 1802 3252 ar-
1844 3219 1883 3274 ο

133 3291 267 3355 mis,
285 3303 406 3343 non
422 3287 555 3343 ullis
576 3287 927 3343 bellicorum
944 3287 1354 3342 instrumentis
1371 3292 1796 3363 apparatuum,

133 3378 269 3434 licet
326 3382 382 3433 et
433 3377 512 3452 ad
559 3377 686 3432 haec
745 3377 1150 3450 praecipienda
1193 3378 1334 3433 satis
1371 3382 1524 3432 esset
1557 3377 1796 3445 idonea,

136 3466 420 3523 continua
444 3466 805 3536 vigiliarum,
832 3466 1194 3533 orationum,
1222 3466 1556 3538 inedizeque
1578 3466 1801 3521 instan-

135 3557 233 3622 tia,
258 3556 366 3610 soli
397 3559 514 3611 Deo
540 3555 784 3621 ihtenta,
820 3555 975 3610 illius
1007 3555 1262 3610 docente
1308 3558 1364 3608 et
1424 3554 1799 3610 confortante

138 3641 406 3700 subsidio
453 3645 651 3717 prima
695 3644 982 3716 posuerit,
1041 3643 1324 3716 ponendo
1383 3641 1796 3708 construxerit,

139 3751 328 3808 eoque
351 3751 542 3807 usque
575 3739 797 3790 struere
822 3750 944 3789 non
976 3733 1280 3800 destiterit,
1313 3749 1435 3804 quo
1466 3747 1587 3786 non
1631 3730 1799 3785 labo-

137 3823 327 3879 rando
358 3823 464 3878 sed
485 3824 615 3893 ejus
646 3823 956 3878 laboribus
989 3820 1410 3877 subintrando.
1473 3818 1799 3873 succeden-

139 3917 222 3967 tes
248 3911 639 3983 postmodum
670 3927 840 3980 reges
877 3913 1040 3964 tanto
1096 3907 1328 3962 facilius
1359 3924 1598 3964 summa
1646 3907 1801 3978 ejus-

138 4000 275 4056 dem
299 4001 467 4073 pacis
492 4000 867 4069 attingerent,
901 4002 1128 4070 quanto
1159 3997 1293 4068 ipsa
1325 3996 1461 4051 imis
1525 3995 1801 4070 primitus

141 4083 553 4146 construendis
626 4087 968 4158 vigilantius
1025 4086 1389 4142 insudasset.
1455 4085 1800 4142 Novissimis

138 4195 397 4252 namque
428 4177 800 4251 temporibus
831 4176 974 4245 suis,
1004 4175 1304 4248 colloquio
1354 4175 1518 4249 apud
1566 4175 1801 4231 Parthe-

138 4269 404 4342 nopolim
434 4266 661 4330 habito,
692 4269 992 4320 conventu
1021 4265 1446 4338 episcoporum
1477 4281 1616 4320 cum
1647 4265 1800 4322 duce

139 4352 504 4424 Bernhardo,
540 4355 829 4411 comitum
857 4369 926 4410 ac
981 4355 1160 4409 totius
1188 4358 1431 4409 senatus
1486 4353 1801 4426 plebisque

141 4464 453 4513 concursu,
487 4442 929 4502 conﬂuentibus
955 4459 1198 4516 quoque
1230 4442 1455 4500 ibidem
1507 4443 1673 4499 omni
1725 4459 1797 4498 ex

140 4538 375 4594 natione
404 4535 634 4605 legatis,
667 4534 1111 4623 undiquesecus
1142 4534 1291 4604 (231)
1321 4533 1560 4623 vallata,
1596 4533 1793 4606 qualis
1837 4570 1880 4623 Β

140 4625 330 4690 fuerit,
348 4641 533 4697 quam
550 4622 1142 4694 inreprehensibilem
1158 4638 1220 4676 se
1238 4621 1589 4687 exhibuerit,
1606 4637 1795 4700 quam

140 4716 290 4772 mira
313 4713 666 4770 discretione
697 4712 914 4783 cuique
946 4728 1055 4766 sua
1084 4711 1370 4778 tribuerit,
1423 4717 1652 4783 quanta
1705 4730 1802 4769 ve-

140 4804 440 4861 neratione
461 4803 788 4876 praesulum
818 4817 1108 4872 personas
1136 4817 1258 4873 prae
1291 4799 1517 4855 caeteris
1569 4803 1799 4858 cunctis

140 4886 488 4962 tractaverit,
569 4896 798 4968 quanta
856 4891 1097 4946 solertia
1160 4890 1495 4962 optimates,
1541 4891 1795 4962 judices,

143 4987 428 5054 aliosque,
460 5000 722 5057 quorum
750 4982 812 5054 id
833 4998 991 5038 cura:
1008 4981 1380 5056 relinquitur,
1401 4997 1512 5053 pro
1548 4982 1800 5060 consoli-

143 5075 342 5132 danda
368 5091 431 5130 re
452 5073 714 5147 publica,
739 5088 850 5146 pro
874 5071 1120 5146 privatis
1143 5071 1322 5126 etiam
1343 5070 1557 5126 usibus
1579 5071 1797 5142 contire

143 5162 376 5220 mandis
396 5151 711 5226 monuerit,
734 5165 964 5232 quanta
992 5159 1230 5214 lenitate
1282 5159 1415 5237 pios
1469 5159 1798 5231 permulse-

142 5253 229 5324 rit,
261 5257 488 5325 quanta
508 5251 869 5324 districtione
926 5265 1059 5304 reos
1112 5250 1400 5315 terruerit,
1449 5253 1795 5321 quantaque

141 5341 428 5420 industria
458 5339 716 5413 patriam
749 5338 1191 5422 conservaverit
1220 5337 1516 5414 adjuverit
1546 5343 1601 5408 et
1621 5353 1798 5395 auxe-

232 5507 352 5576 229)
386 5507 483 5561 Ita
519 5507 584 5559 L.
615 5503 740 5560 ﬁlio
779 5520 830 5560 ο.

233 5574 354 5641 230)
385 5577 601 5641 Melius
626 5575 994 5634 transcendit
1022 5575 1184 5631 Ann.
1218 5580 1272 5632 et
1303 5574 1451 5633 Chr.
1477 5574 1624 5632 Sam.

231 5647 354 5728 est)
385 5649 482 5728 [fa
511 5648 752 5728 correxi
777 5662 801 5728 ί
825 5647 985 5711 unde
1014 5664 1170 5720 quos
1196 5662 1367 5708 secus
1396 5663 1447 5703 c.

236 5717 362 5794 232)
392 5722 491 5776 Ita
516 5720 584 5776 L.
616 5717 827 5792 probis
853 5733 902 5780 ε,

1899 625 2085 680 quam
2113 610 2382 664 cdieibilc
2409 627 2559 665 reor.
2598 610 2816 682 llisquc
2847 610 2928 664 ibi
2963 609 3416 683 dispositissime
3467 629 3563 667 or-

1901 696 2139 763 dinatis,
2174 697 2440 753 oviculas
2480 698 2702 770 quibus
2757 697 3043 768 singulari
3097 704 3345 771 praeerat
3397 716 3562 768 cura,

1901 786 2196 841 adventus
2212 787 2302 842 sui
2324 787 2733 860 expectatione
2753 803 2976 858 suspen
2986 804 3105 856 sas,
3132 792 3404 844 materna
3420 789 3564 844 dile-

1903 875 2094 931 ctione
2124 877 2345 946 revisit,
2397 877 2702 948 dignoque
2730 877 2807 933 ab
2838 877 2950 932 illis
2981 878 3208 938 honore
3263 882 3562 951 suscepta,

1903 965 2178 1036 pauculis
2208 967 2475 1037 posthzec
2509 970 2808 1037 superstes
2830 966 3063 1033 diebus,
3107 967 3349 1025 modica
3403 968 3564 1024 febre

1905 1053 2162 1125 pulsata,
2193 1054 2502 1126 inopinata
2532 1053 2758 1109 cunctis
2792 1055 2895 1109 sed
2937 1055 3174 1110 sibimet
3225 1055 3340 1127 ipsi
3387 1056 3564 1125 longe

1906 1148 2043 1197 ante
2072 1143 2313 1214 provisa
2347 1148 2556 1209 morte,
2591 1143 2816 1214 quippe
2844 1146 2900 1198 ct
2927 1142 3088 1197 diem
3121 1142 3287 1198 illum
3345 1149 3401 1200 et
3455 1145 3564 1200 hos.

1905 1247 2036 1286 ram
2062 1231 2340 1302 precibus
2373 1232 2519 1301 (232)
2550 1231 2788 1285 assidue
2821 1231 3148 1303 praevenire
3176 1232 3461 1303 cupierat,
3509 1240 3562 1290 7.

1907 1320 1990 1374 ld.
2028 1319 2324 1374 Februarii
2354 1319 2634 1385 resoluto,
2681 1319 2846 1392 quod
2897 1335 2969 1374 ex
3017 1321 3131 1375 hoc
3182 1327 3565 1394 compactum

1905 1410 2244 1464 necessario
2268 1409 2518 1464 solubile
2571 1414 2714 1476 erat,
2771 1410 3149 1482 corpusculo,
3202 1411 3254 1466 ei
3304 1412 3409 1483 qui
3457 1417 3564 1482 est,

1907 1499 2070 1571 quod
2104 1503 2209 1566 est,
2235 1498 2401 1570 quod
2435 1515 2621 1553 unum
2649 1503 2739 1553 est
2761 1515 2958 1569 suum,
2992 1515 3114 1572 quo
3143 1500 3272 1571 ejus
3326 1500 3564 1572 partici-

1907 1587 2150 1658 patione
2179 1591 2299 1641 tam
2330 1586 2658 1641 honorifice
2687 1603 2797 1641 usa
2827 1591 2933 1654 est,
2962 1586 3407 1655 gratulabunda
3437 1588 3566 1643 rede

1907 1675 2083 1740 didit;
2113 1680 2291 1746 atque
2319 1675 2376 1729 in
2401 1675 2599 1730 medio
2626 1674 2887 1730 basilicae
2918 1675 3104 1730 sancti
3133 1676 3279 1734 Petri
3301 1680 3356 1732 et
3378 1676 3567 1732 sancti

1911 1764 2192 1835 Stephani
2219 1764 2389 1834 juxta
2421 1763 2683 1818 tumulos
2709 1779 2942 1832 regum,
2989 1764 3082 1820 avi
3136 1769 3193 1818 et
3238 1764 3386 1820 avia:
3444 1780 3566 1820 sua:

1839 1869 1879 1922 Β
1911 1852 2158 1907 Heinrici
2183 1857 2238 1906 et
2285 1852 2627 1920 Mechtildis,
2682 1851 2907 1923 ejulatu
2963 1851 3148 1908 nimio
3201 1851 3566 1932 planctuque

1903 1957 2170 2005 suorum,
2197 1941 2356 1995 diem
2381 1941 2591 1995 futurae
2618 1940 3067 2000 resurrectionis
3099 1939 3340 1997 feliciter
3360 1958 3568 2014 expec-

1905 2033 2117 2097 tatura,
2154 2029 2515 2083 reconditur.
2543 2028 2685 2092 Quis
2705 2027 2902 2096 igitur,
2927 2027 3060 2082 licet
3087 2027 3476 2085 adamantino
3494 2029 3568 2084 ri-

1905 2133 2045 2186 gore
2065 2116 2872 2188 prwcordialiterinduratus,
2892 2115 3029 2171 huic
3045 2116 3388 2172 miserando
3403 2134 3569 2190 spec-

1904 2206 2101 2260 taculo
2158 2205 2329 2259 siccis
2382 2209 2614 2276 poterat
2670 2204 2956 2260 interesse
3007 2203 3219 2270 oculis,
3251 2220 3389 2259 cum
3419 2202 3570 2262 orba

1907 2301 2251 2350 sanctorum
2275 2294 2539 2365 Dionysii
2557 2299 2614 2348 et
2631 2293 2874 2349 Servatii
2897 2293 3225 2367 praesulum
3243 2292 3566 2360 catervula,

1907 2400 2016 2439 nec
2048 2400 2169 2439 non
2203 2388 2419 2438 sanctae
2444 2383 2543 2437 Dei
2575 2382 2875 2451 genitricis
2928 2383 3192 2438 maxime
3242 2398 3314 2437 ex
3365 2384 3570 2442 monte

1907 2472 2282 2543 occidentali,
2303 2488 2372 2528 ac
2396 2471 2586 2527 sancti
2611 2471 2861 2526 Andreae
2889 2488 2961 2526 ex
2991 2470 3347 2528 Walbicensi
3373 2486 3572 2526 coeno-

1907 2563 2007 2618 bio
2023 2562 2308 2630 vernulae,
2334 2578 2594 2634 quarum
2613 2561 2748 2633 ipsa
2771 2561 2848 2617 ab
2866 2561 3053 2630 initio,
3077 2565 3143 2616 ut
3163 2560 3568 2634 praediximus,

1909 2652 2212 2708 fundatrix
2233 2652 2666 2716 extiterat,eum
2699 2650 2919 2706 caeteris
2951 2639 3172 2706 sancta?
3201 2649 3477 2710 Pusinnee
3510 2649 3571 2706 in

1910 2741 2315 2806 Winathusen,
2361 2745 2689 2811 sanctoque
2737 2738 3027 2800 Wicberto
3080 2739 3140 2800 in
3197 2738 3574 2812 planojuxta

1908 2835 2136 2885 curtem
2168 2830 2397 2898 regiam
2439 2827 2895 2895 famulantibus,
2932 2843 3192 2900 quarum
3235 2827 3382 2898 (233)
3439 2826 3576 2889 licet

1911 2919 2198 2993 primaeva
2213 2933 2606 2991 nequaquam
2629 2917 3022 2976 constructrix
3037 2915 3230 2983 fuerit,
3248 2920 3574 2995 postquam

1908 3008 2238 3064 haereditati
2265 3009 2414 3063 avia:
2447 3024 2572 3061 sua:
2599 3005 2921 3062 Mechtildis
2941 3005 3075 3076 jure
3112 3004 3576 3078 propinquitatis

1912 3097 2214 3167 successit,
2238 3103 2510 3152 materno
2542 3111 2645 3151 eas
2677 3111 2844 3150 more
2876 3094 2953 3150 ad
2985 3094 3045 3150 id
3083 3093 3366 3166 temporis
3410 3093 3578 3156 omni

1916 3186 2174 3241 sollertia
2196 3185 2426 3241 foverat
2453 3217 2519 3224 —
2552 3189 2692 3239 tunc
2716 3184 2876 3256 dico,
2903 3200 3042 3240 cum
3067 3188 3346 3254 matrem,
3390 3198 3578 3258 quam

1914 3277 2102 3350 pridie
2133 3276 2451 3347 valentem,
2481 3275 2798 3336 viventem,
2821 3290 2893 3329 ac
2909 3273 3152 3346 populis
3177 3273 3578 3346 imperantem

1912 3370 2221 3436 noverant,
2247 3364 2490 3437 inopine
2532 3363 2923 3432 subtractam,
2984 3361 3226 3435 suisque
3273 3377 3579 3434 nusquam

1913 3455 2027 3509 nisi
2049 3455 2109 3509 in
2136 3459 2360 3510 aeterna
2389 3453 2618 3508 visione
2646 3452 2955 3510 obtutibus
2985 3451 3337 3520 redituram,
3374 3466 3577 3506 sarco-

1911 3543 2115 3613 phago
2143 3541 2286 3612 (234)
2313 3540 2536 3595 includi
2563 3556 2634 3594 ac
2682 3538 2915 3594 tumulo
2967 3538 3213 3593 recondi
3267 3538 3575 3608 deﬂerent,

1913 3645 2095 3702 seque
2119 3645 2257 3683 cum
2288 3645 2358 3684 ea
2380 3628 2533 3683 mori
2558 3643 2744 3700 quam
2767 3643 3078 3702 superesse
3108 3625 3308 3696 malle,
3354 3626 3580 3685 amenti

1911 3718 2182 3792 quadam
2215 3715 2637 3772 vociferatione
2697 3714 3080 3771 clamarent?
3139 3713 3292 3779 Quid
3341 3713 3577 3786 plura?

1913 3806 2009 3862 His
2042 3805 2285 3861 tandem
2316 3804 2589 3860 ﬂebiliter
2615 3803 2890 3877 peractis,
2942 3803 3206 3877 praefata:
3259 3802 3579 3859 sanctimo-

1911 3895 2098 3950 niales
2146 3894 2384 3950 feminae
2435 3910 2574 3949 cum
2629 3893 2927 3967 episcopis
2986 3895 3131 3966 (235)
3183 3909 3340 3966 quos
3370 3891 3576 3949 divina

1912 3984 2228 4040 clementia
2254 3983 2409 4038 illius
2433 3983 2700 4056 exequiis
2730 3983 3094 4056 improvisos
3126 3981 3339 4046 adesse
3367 3981 3574 4054 dispon

1913 4078 2134 4141 suerat,
2168 4073 2419 4128 Arnulfo
2450 4077 2506 4136 et
2533 4072 2914 4140 Bernwardo,
2945 4088 3056 4128 nec
3077 4087 3202 4132 non
3231 4071 3384 4132 duce
3405 4073 3578 4130 Berm

1911 4163 2104 4219 hardo
2162 4163 2604 4232 convenientes,
2661 4161 3006 4224 fratruelem
3085 4161 3274 4238 ipsius
3330 4161 3575 4222 domum

1912 4252 2234 4314 Mechtildis
2281 4251 2692 4320 Adelheidam,
2743 4267 2933 4326 quam
2990 4251 3105 4308 sibi
3161 4251 3572 4322 adoptaverat,

1911 4359 2100 4415 quam
2115 4343 2286 4398 unice
2302 4341 2607 4408 dilexerat,
2625 4357 2813 4413 quam
2827 4357 2938 4415 pro
2955 4340 3079 4398 ﬁlia
3095 4339 3346 4396 delicate
3359 4337 3576 4396 nutrie~

1911 4437 2024 4503 rat,
2080 4432 2197 4487 hoc
2239 4430 2435 4486 solum
2465 4429 2703 4486 inﬂictis
2728 4430 3079 4486 vulneribus
3102 4428 3437 4490 remedium
3456 4443 3575 4485 res-

1911 4524 2034 4576 tare
2056 4523 2382 4585 cernentes,
2424 4518 2484 4574 in
2507 4517 2825 4577 dominum
2848 4534 2918 4576 ac
2946 4521 3202 4573 matrem
3225 4516 3338 4572 sibi
3365 4516 3575 4572 unani-

1910 4609 2084 4665 miter
2105 4608 2331 4677 eligunt
2357 4626 2369 4676 ;
2395 4607 2743 4678 legatosque
2786 4605 2914 4661 haec
2959 4606 3154 4678 primo
3204 4605 3450 4662 Francia
3493 4605 3573 4662 ad

1909 4698 2348 4772 imperatricem
2382 4695 2794 4766 Adelheidam,
2822 4699 3079 4752 matrem
3109 4694 3266 4751 illius
3314 4694 3570 4751 Mechtil~

1909 4789 2022 4855 dis,
2055 4787 2273 4842 deinde
2298 4786 2376 4841 ad
2409 4786 2839 4857 imperatorem
2881 4787 3223 4841 Romanum
3271 4786 3568 4854 Ottonem,

1908 4877 2252 4934 fratruelem
2303 4875 2578 4932 videlicet
2626 4875 2837 4948 ipsius,
2893 4878 3096 4932 Romae
3148 4873 3570 4946 deportatum:

1908 4967 2073 5023 omni
2097 4965 2210 5022 sub
2237 4965 2532 5021 celeritate
2548 4965 2976 5026 transmittunt.
3003 4963 3115 5030 Qui
3143 4963 3417 5020 festinato
3441 4978 3572 5035 per-

1908 5061 2139 5128 gentes,
2153 5056 2230 5123 ad
2251 5058 2571 5125 augustam
2588 5054 2649 5110 in
2661 5054 2828 5112 brevi
2843 5053 3110 5121 veniunt,
3143 5068 3400 5124 eamque
3436 5051 3572 5110 licet

1907 5150 2044 5202 ante
2066 5160 2340 5216 praesaga
2360 5146 2560 5199 mente
2577 5142 2804 5214 aliquid
2827 5142 2940 5198 sibi
2988 5140 3356 5199 intolerabile
3400 5156 3571 5198 even-

1906 5238 2104 5310 turum
2138 5232 2480 5305 praescierit,
2505 5231 2726 5294 nuncio
2754 5231 2854 5286 illo
2887 5229 3105 5286 infelici
3137 5229 3365 5286 viscere
3394 5234 3568 5286 tenus

1908 5323 2182 5381 sauciant
2199 5341 2212 5390 ;
2239 5320 2687 5394 assumptisque
2704 5320 2833 5378 aliis
2847 5319 2931 5376 ibi
2953 5335 3158 5376 secum
3172 5319 3566 5394 imperatricis

2000 5499 2123 5556 233i
2149 5499 2244 5554 Ita
2269 5499 2339 5553 L.
2367 5500 2588 5554 Harum
2621 5515 2672 5555 ε.

2000 5503 2103 5556 233

1977 5503 2103 5714 tm

2001 5646 2104 5700 235

2158 5572 2256 5627 Ita
2280 5572 2348 5625 L.
2379 5585 2550 5626 sarco
2571 5585 2621 5626 ι’.

2159 5645 2219 5700 C.
2242 5657 2296 5699 e.
2323 5641 2537 5699 desunt
2565 5654 2589 5715 ;
2621 5642 2822 5699 Leibn.
2853 5657 2930 5700 ea:
2951 5643 3114 5700 Ann.
3136 5643 3286 5701 Sam.
3319 5639 3561 5709 recepit.

2109 5499 2128 5714 ἒ
