3968 6376
88 282 207 333 537

815 282 899 335 ET
938 280 1302 338 LAMBERTI
1342 279 1917 339 ASCHAFNABUBG.
1959 281 2141 337 PARS
2178 282 2453 336 ALTERA
2491 280 2871 336 GUENUINA.

3462 283 3565 336 538

1055 406 1388 463 ANNALES
1430 405 2167 472 QUEDLINBURGENSES.
2211 405 2278 459 A.
2326 406 2635 459 1001-1002

92 510 266 564 Sime
322 510 588 581 quaesitis
638 510 1062 583 obsequialiter
1112 513 1408 581 donatur;
1478 512 1611 568 licet
1640 510 1784 566 nihil
1824 512 1872 563 A
1904 511 2120 566 standa
2144 510 2471 566 decederet.
2503 513 2758 578 Mmstus,
2790 514 2855 565 ut
2880 509 3095 577 ferunt,
3137 510 3198 565 in
3248 508 3562 580 cujusdam

94 603 255 655 tunc
290 600 580 671 temporis
611 616 681 655 ex
714 601 805 655 his
854 602 1166 674 acceperit,
1228 603 1452 675 quippe
1512 602 1614 674 qui
1663 617 1785 656 non

93 688 393 761 rapiendi
422 704 531 743 nec
563 689 861 751 sumendi.
894 691 997 745 sed
1023 691 1209 746 dandi
1260 696 1317 747 et
1362 691 1574 747 orandi
1605 706 1787 746 causa

95 793 177 833 eo
214 776 340 832 loci
372 777 771 833 adventasset.
803 782 863 833 In
898 779 1155 851 patriam
1188 781 1517 847 revertitur,
1550 796 1619 835 ac
1642 782 1788 844 Que-

95 866 501 937 delingnensi
523 868 756 923 civitate
787 872 1063 924 sanctum
1104 870 1329 941 pascha
1357 869 1784 938 celebraturus,

94 956 165 1011 in
200 957 347 1029 ipso
377 960 602 1024 monte,
636 957 740 1013 ubi
772 959 1255 1015 sanctimonalies
1286 961 1521 1015 feminae
1549 959 1663 1014 ritu
1688 974 1785 1013 ca-

96 1045 341 1101 nonico
360 1047 710 1116 regulariter
739 1048 968 1103 Christo
990 1050 1350 1117 deserviunt,
1385 1067 1490 1122 per
1516 1066 1784 1105 amorem

97 1133 347 1190 dilectae
379 1151 502 1190 suae
535 1136 757 1191 sororis
785 1136 1127 1193 Adelheidae
1177 1139 1495 1195 abbatissae
1550 1154 1785 1195 coenam

101 1223 753 1296 Domini,parasceven
785 1242 1027 1298 quoque
1059 1232 1115 1282 et
1137 1228 1457 1283 sabbatum
1487 1234 1784 1301 sanctum,

98 1329 221 1368 nec
267 1329 395 1368 non
439 1313 807 1370 dominicam
860 1320 1093 1371 noctem
1152 1319 1589 1388 resurectionis,
1638 1352 1706 1360 —
1738 1319 1785 1374 si

100 1407 321 1457 tamen
346 1402 449 1458 illa
467 1404 601 1473 jure
631 1420 751 1459 nox
781 1404 899 1460 dici
927 1406 1019 1460 vel
1051 1407 1341 1479 appellari
1365 1413 1564 1480 queat,
1597 1426 1783 1481 quam

101 1492 467 1564 triumphali
494 1492 625 1548 luce
656 1494 1067 1566 Redemptoris
1106 1496 1380 1552 omnium
1434 1514 1541 1569 per
1596 1503 1783 1554 totum

102 1581 419 1636 mundum
472 1582 626 1637 miro
679 1587 857 1655 atque
910 1584 1196 1640 ineffabili
1238 1587 1421 1641 modo
1472 1587 1783 1660 splendere

103 1674 371 1733 constat,
432 1702 499 1711 ——
555 1670 769 1726 debitae
819 1674 1218 1729 venerationis
1250 1675 1554 1747 obsequiis
1584 1677 1783 1732 festive

100 1758 363 1831 peregit.
393 1760 555 1815 Unde
586 1760 647 1815 in
680 1760 819 1832 ipsis
845 1761 1007 1816 horis
1038 1764 1491 1819 matutinalibus
1531 1766 1607 1821 ad
1654 1783 1782 1821 cur-

1896 600 2120 656 castelli
2152 601 2489 656 munimina
2519 600 2865 669 transvolat,
2896 599 3099 672 ibique
3125 600 3273 669 (246)
3322 616 3431 671 pro
3483 597 3566 653 ul-

1895 688 2189 743 ciscendae
2219 689 2462 744 assiduo
2497 692 2747 744 tractatu
2780 688 3010 758 injuriae
3048 688 3372 744 instantem
3400 687 3565 761 peni-

1894 781 1989 834 tus
2022 778 2467 834 consummavit
2497 794 2747 833 annum.

1971 872 2125 923 1002.
2170 870 2384 923 Verum
2438 868 2500 922 in
2556 866 2689 939 ipso
2739 867 3081 939 posterioris
3131 867 3393 931 introitu,
3442 870 3563 923 toto

1894 972 2046 1029 pene
2078 956 2365 1025 legendus
2397 956 2549 1025 orbi,
2577 956 2944 1011 etultionum
2976 956 3222 1012 crimine
3244 956 3562 1012 destinata-

1895 1062 2029 1100 rum
2048 1047 2193 1117 (247)
2213 1050 2269 1101 et
2294 1045 2577 1100 aerumnis
2608 1045 2739 1100 vitze
2772 1045 2952 1116 hujus
2980 1046 3224 1101 caducze
3256 1049 3286 1099 9
3311 1046 3559 1101 Kalend.

1898 1134 2195 1189 Februarii
2227 1140 2560 1207 exemptus,
2616 1134 2677 1189 in
2727 1134 2954 1203 gremio
3005 1134 3260 1190 Abrahae
3308 1134 3560 1206 patriar-

1895 1224 2021 1278 ChtB
2053 1223 2277 1292 magni,
2313 1228 2577 1296 tempore
2605 1223 2815 1278 futuras
2848 1223 3333 1279 ressurrectionis
3359 1223 3419 1279 in
3442 1239 3562 1278 me-

1894 1310 2012 1366 lius
2047 1306 2434 1367 coronandus
2465 1328 2535 1366 ae
2563 1310 2789 1366 felicius
2846 1316 3226 1381 regnaturus,
3310 1311 3564 1382 angelici

1894 1406 2265 1457 transvectus
2319 1400 2601 1456 manibus
2653 1400 2997 1456 collocatur.
3070 1401 3251 1471 Cujus
3318 1400 3562 1455 infortu-

1894 1490 1974 1545 nii
2031 1491 2176 1561 (248)
2234 1494 2534 1560 eventum,
2590 1506 2663 1545 ne
2713 1489 3061 1561 procacitati
3092 1490 3355 1544 hostium
3390 1488 3559 1545 citius

1892 1579 2286 1649 intimaretur,
2311 1580 2371 1634 hi
2404 1579 2506 1651 qui
2535 1579 2802 1646 aderant,
2846 1578 3206 1634 occultando
3256 1578 3557 1649 tegebant,

1893 1684 2209 1741 quousque
2238 1668 2581 1723 convocatis
2612 1668 2715 1739 qui
2742 1684 2848 1739 per
2878 1667 3121 1723 castella
3174 1666 3427 1739 dispersi
3461 1682 3560 1722 va-

1894 1758 2194 1825 gabantur
2224 1758 2401 1813 sociis
2432 1759 2600 1828 (249),
2642 1757 2871 1812 domini
2923 1757 3013 1812 sui
3053 1772 3271 1828 corpus
3314 1757 3560 1812 efferen-

101 1854 231 1903 tem
263 1865 440 1903 suam
464 1849 640 1904 totius
686 1854 928 1905 senatus
981 1868 1050 1907 ac
1111 1852 1301 1923 plebis
1354 1856 1782 1925 exspectationi
1822 1861 1863 1915 Β
1894 1848 2003 1910 tes,
2035 1844 2349 1916 imPPOViSi
2402 1848 2825 1916 prorumpunt,
2846 1843 3117 1916 Pllll‘ibuS
3148 1844 3449 1899 tamenibi
3480 1842 3559 1897 οι)

104 1936 537 1993 satisfacturus
560 1938 728 2004 redit,
764 1938 1048 2011 illamque
1066 1941 1466 2012 septimanam
1486 1943 1784 2012 regalibus

101 2027 477 2099 impendens
502 2027 734 2098 ofﬁciis,
768 2029 1054 2097 regendo,
1088 2029 1482 2098 indulgendo,
1532 2032 1785 2101 largien-

103 2117 188 2172 do
221 2132 295 2172 ac
326 2118 772 2173 remunerando
799 2120 1083 2187 transegit
1111 2139 1123 2185 ;
1157 2138 1225 2175 ac
1262 2120 1319 2175 in
1352 2127 1561 2177 octava
1586 2138 1782 2193 pascaa

102 2203 249 2262 inde
281 2206 607 2279 profectus,
646 2223 915 2263 sororem
948 2225 1121 2264 suam
1152 2210 1779 2279 Mungotize,Coloniie,

106 2296 703 2369 Aquisgrani,quam
734 2297 912 2353 etiam
944 2298 1171 2353 cunctis
1196 2302 1335 2353 tunc
1360 2304 1499 2371 post
1532 2304 1780 2356 Romam

105 2384 369 2440 urbibus
418 2385 694 2456 praeferre
741 2385 1117 2455 moliebatur,
1161 2404 1282 2442 una
1310 2404 1513 2444 secum
1541 2406 1781 2445 summa

104 2471 495 2528 veneratione
522 2472 901 2545 fraternaque
930 2474 1171 2529 caritate
1199 2476 1540 2542 comitante,
1586 2493 1781 2532 remu-

107 2565 321 2617 nerato
346 2560 738 2627 Bolizlavone,
770 2562 1127 2633 perducens,
1161 2563 1600 2636 aliquantulum
1631 2570 1780 2621 tem-

109 2651 296 2723 poris,
327 2667 463 2723 quae
490 2657 685 2723 ccepto
717 2652 905 2707 itineri
949 2669 1277 2721 congruere
1308 2655 1668 2711 videbantur
1698 2656 1778 2711 ibi

104 2736 387 2811 parando
447 2738 691 2812 quievit.
755 2741 869 2797 Sed
921 2741 1069 2797 dum
1118 2758 1227 2799 nec
1268 2759 1511 2798 cursum
1540 2744 1778 2813 longius

107 2829 460 2899 protrahere
486 2828 904 2895 deliberatum,
960 2846 1069 2885 nec
1126 2847 1389 2887 sororem
1431 2848 1617 2903 quam
1650 2833 1779 2887 inti-

106 2934 202 2973 me
230 2917 542 2987 diligebat,
570 2918 883 2990 prwfatam
924 2919 1338 2989 Adelheidam,
1385 2922 1775 2993 praesentiali-

105 3010 191 3062 ter
217 3008 488 3062 amittere
523 3008 671 3077 (245)
702 3013 921 3078 posset,
950 3009 1248 3080 promisso
1276 3010 1519 3065 tandem
1546 3016 1686 3082 post
1715 3027 1776 3067 se

104 3097 360 3150 Romam
382 3095 661 3151 veniendi
688 3095 935 3151 ﬁrmiter
960 3097 1111 3151 inter
1141 3114 1201 3152 se
1244 3104 1580 3171 compacto,
1630 3116 1779 3171 pau-

102 3179 296 3239 lulum
327 3181 511 3240 lenito
542 3200 818 3253 maerore,
865 3185 980 3251 ille,
1034 3192 1097 3241 ut
1146 3186 1508 3249 decreverat.
1553 3189 1614 3244 in
1663 3194 1775 3245 Ita-

101 3270 246 3326 liam
275 3271 667 3344 ultima,proh
692 3272 890 3327 dolor!
926 3273 1291 3345 profectione
1316 3276 1775 3341 acceleraturus,

104 3360 203 3415 illa
236 3361 673 3416 monasterium
704 3362 799 3417 cui
831 3362 1163 3435 specialiter
1201 3370 1455 3435 praeerat
1484 3366 1773 3433 revisura,

110 3450 348 3521 utrique
371 3466 548 3505 cassa
571 3466 679 3522 spe
710 3450 956 3506 ulterius
989 3468 1120 3507 sese
1151 3453 1210 3507 in
1236 3453 1350 3508 hac
1389 3453 1521 3509 luce
1569 3455 1776 3509 viden-

108 3539 185 3605 di,
220 3539 555 3594 discedunt.
613 3541 685 3595 At
739 3539 1065 3612 imperator
1116 3547 1409 3610 augustus
1467 3543 1777 3600 immensis

106 3628 314 3683 iterato
366 3628 640 3700 Alpibus,
669 3635 986 3700 peragrata
1016 3630 1196 3695 Italia,
1232 3632 1425 3703 Papiae
1477 3633 1775 3706 aliquam-

109 3716 210 3771 diu
234 3722 591 3773 remoratur.

183 3810 339 3861 IOOI.
384 3806 549 3871 Inde,
586 3810 833 3862 Romam
867 3808 1270 3879 proficiscens,
1325 3817 1776 3868 sacrosanctum

110 3892 428 3949 dominicae
478 3896 898 3951 resurectionis
941 3897 1158 3952 festum
1190 3898 1392 3953 debita
1419 3898 1501 3953 ibi
1528 3916 1775 3956 venera-

109 3982 265 4038 tione
296 3982 599 4038 celebrare
629 3983 896 4040 instituit.
947 3986 1185 4041 Interim
1212 3986 1466 4041 callidus
1497 3990 1776 4061 nequitia).

111 4076 317 4126 auctor
349 4071 651 4143 totiusque
683 4073 805 4127 doli
838 4079 1104 4145 repertor
1129 4076 1287 4130 mille
1319 4080 1384 4130 ut
1407 4081 1493 4131 est
1521 4079 1780 4135 nocendi

111 4160 336 4216 artibus
393 4161 736 4228 instructus,
797 4162 1073 4218 reinduto
1126 4180 1329 4235 quem,
1386 4166 1614 4237 primos
1682 4168 1780 4223 de-

112 4254 390 4321 cepturus
444 4249 741 4318 homines,
797 4252 1112 4323 quondam
1167 4253 1278 4308 sibi
1336 4259 1647 4326 aptaverat
1684 4274 1778 4313 co-

112 4337 348 4393 lubrino
406 4338 631 4393 amictu
666 4383 678 4407 ,
762 4340 913 4396 inter
970 4344 1378 4397 Romanorum
1446 4346 1781 4415 praecordia

115 4427 305 4499 serpit,
355 4443 589 4482 venena
639 4428 810 4484 inﬂat
838 4429 1056 4499 linguis
1113 4432 1391 4499 trisulcis,
1445 4438 1506 4488 ut
1560 4450 1778 4489 manus

113 4516 420 4587 improbas
471 4516 561 4571 sui
617 4534 802 4573 causa
857 4519 992 4591 ipso
1069 4520 1275 4576 caesari
1354 4522 1570 4577 inferre
1652 4540 1777 4579 mo-
1815 4559 1859 4613 Β

114 4605 348 4672 liantur,
412 4608 752 4677 persuadet.
817 4608 929 4663 Sed
984 4608 1131 4663 dum
1184 4611 1462 4682 opposito
1514 4611 1596 4665 illi
1625 4612 1778 4667 divi-

118 4710 203 4749 nae
232 4694 466 4766 pietatis
497 4695 710 4768 clypeo
741 4712 777 4751 a
804 4696 1046 4752 laesione
1097 4698 1471 4768 imperatoris
1517 4716 1648 4755 sese
1694 4716 1782 4755 re-

115 4783 248 4856 pelli
275 4782 505 4839 coelitus
528 4785 960 4857 conspicerent,
995 4804 1391 4860 quoscunque
1424 4790 1579 4860 parti
1603 4790 1779 4860 justaa

118 4873 379 4929 faventes
412 4873 669 4944 reperire
699 4879 994 4945 poterant,
1041 4881 1284 4931 cruenta
1330 4878 1492 4931 caede
1532 4877 1781 4933 mulcta-

117 4960 256 5017 bant
282 4979 295 5027 ;
319 4977 429 5015 nec
457 4961 534 5016 ab
565 4961 666 5016 illa
697 4962 987 5018 seditione
1046 4964 1309 5020 nefanda
1362 4966 1562 5036 aliquo
1596 4967 1779 5021 modo

119 5049 308 5105 sedari
331 5048 632 5117 valebant,
664 5050 856 5106 donec
884 5051 1070 5107 invito
1120 5051 1345 5107 furioso
1386 5054 1645 5109 tumultu
1674 5054 1781 5108 im—

116 5142 370 5212 perator,
402 5138 686 5195 collectus
714 5156 963 5196 suorum
994 5141 1245 5208 viribus,
1296 5141 1375 5196 ab
1423 5141 1571 5196 urbe
1616 5142 1782 5213 prius

118 5243 237 5300 prae
281 5227 507 5283 caeteris
537 5232 742 5284 amata
767 5229 874 5284 sed
921 5228 1168 5285 ulterius
1217 5246 1342 5302 pra:
1372 5230 1598 5285 cunctis
1628 5230 1786 5286 dete-

190 5441 336 5511 (245)
376 5438 728 5512 Relinquere
763 5442 988 5498 Chron.
1021 5443 1085 5498 S.

190 5514 334 5581 (246)
387 5512 591 5567 Vocem
625 5527 698 5568 ex
727 5513 952 5569 Chron.
981 5514 1045 5569 S.
1078 5514 1291 5581 recepi.

192 5583 331 5650 (247)
377 5581 710 5638 Ultionibus
739 5583 973 5639 crimini
1002 5584 1354 5639 destinatis?

193 5654 337 5793 (248g
378 5653 475 5708 Ita
507 5656 748 5709 correxi
774 5668 799 5724 ,'
826 5654 1200 5710 infortunum
1230 5672 1280 5711 c.

193 5722 314 5793 (249
378 5724 435 5780 S.
460 5722 617 5780 facto
648 5725 890 5793 agmine
914 5724 1164 5782 funerea
1185 5740 1280 5793 prc

193 5722 334 5793 (249)
378 5724 435 5780 S.
460 5722 617 5780 facto
648 5722 890 5793 agmine
914 5724 1164 5782 funerea
1185 5725 1565 5798 processione
1586 5725 1646 5781 d.
1671 5731 1781 5783 etc.

1896 1933 2209 2004 penuriam
2234 1948 2551 2005 equorum,
2575 1933 2693 1987 heu
2723 1932 2847 1987 sine
2879 1947 2984 2003 spe
3011 1931 3249 1987 vivendi
3276 1932 3287 1985 l
3320 1931 3555 1987 relictis.

1897 2024 2044 2077 Cum
2072 2037 2211 2077 vero
2242 2037 2335 2076 res
2365 2026 2529 2076 tanta
2559 2020 2783 2075 diutius
2822 2019 3006 2076 latere
3036 2022 3326 2092 nequiret,
3358 2021 3560 2076 hostes

1895 2111 2148 2165 Romani
2176 2111 2268 2166 his
2298 2116 2531 2165 mature
2563 2112 2908 2181 compertis,
2937 2109 3204 2165 indebito
3243 2126 3401 2165 ausu
3428 2125 3559 2164 exe-

1894 2200 2121 2255 cranda
2146 2200 2311 2255 omni
2338 2214 2466 2254 aevo
2492 2203 2876 2254 commovent
2896 2197 3071 2253 bella.
3119 2198 3315 2253 Armis
3344 2197 3560 2253 instru-

1893 2290 1969 2342 cti
1990 2288 2148 2343 velut
2176 2304 2285 2359 pro
2314 2287 2437 2343 vita
2468 2286 2782 2360 patriaque
2814 2286 3111 2357 certaturi,
3138 2286 3403 2343 defuncti
3429 2303 3560 2343 cor-

1891 2391 2007 2447 pus
2037 2374 2438 2447 imperatoris,
2475 2409 2541 2415 —
2591 2376 2693 2447 qui
2751 2376 2899 2430 dum
2955 2391 3173 2447 supera
3227 2380 3562 2431 vesceretur

1894 2479 2061 2529 aura,
2088 2464 2366 2532 ignorata
2392 2464 2723 2519 etiamnum
2754 2463 2877 2518 doli
2901 2463 3276 2519 immanitate
3300 2464 3558 2533 latentis,

1893 2552 2121 2607 cunctis
2149 2570 2251 2607 eos
2277 2553 2517 2625 populis
2548 2552 2722 2624 quasi
2759 2552 3071 2625 privilegio
3117 2553 3387 2625 quodam
3424 2569 3559 2624 spe-

1891 2640 2056 2695 cialis
2078 2645 2491 2712 przeposuerat
2512 2640 2736 2695 amoris
2766 2672 2836 2680 —
2860 2640 3241 2712 impudenter
3270 2640 3558 2696 distrahe-

1887 2744 1969 2795 re,
1996 2729 2282 2800 mirisque
2311 2729 2540 2799 injuriae
2581 2729 2779 2783 modis
2833 2729 2960 2784 sine
3016 2744 3188 2784 mora
3248 2734 3556 2785 mortuum

1888 2818 2248 2888 excruciare,
2281 2817 2377 2873 cui
2401 2818 2538 2872 vivo
2570 2834 2785 2873 nocere
2803 2816 3218 2890 nequiverant,
3236 2822 3381 2873 tetra
3406 2819 3552 2888 (250)

1885 2906 2296 2977 belligerando
2354 2906 2668 2962 invasione
2716 2911 3090 2979 pertentant;
3138 2922 3293 2978 quos
3350 2906 3560 2961 divina

1892 2997 2084 3069 pietas
2115 2997 2331 3052 totiens
2359 2995 2582 3068 repelli,
2613 2996 2826 3051 totiens
2869 3012 3013 3051 nece
3053 2995 3279 3051 crudeli
3318 2995 3557 3050 multari

1892 3085 2183 3159 permisit,
2217 3086 2369 3141 adeo
2399 3090 2463 3140 ut
2510 3085 2601 3140 vix
2660 3086 2858 3157 pauci,
2913 3084 3175 3141 latibulis
3232 3084 3385 3154 fugae
3430 3100 3559 3139 sese

1820 3209 1860 3264 ο
1896 3176 2201 3242 dedentes,
2236 3174 2470 3244 inglorii
2501 3174 2893 3229 discederent.
2941 3174 3135 3264 Nostri
3191 3190 3353 3264 vero,
3407 3171 3557 3264 felici

1890 3264 2114 3336 ubique
2144 3264 2391 3319 victoria
2433 3263 2542 3329 usi,
2597 3264 2938 3335 depositum
2976 3262 3219 3334 pretiosi
3273 3261 3561 3335 ponderis

1891 3354 2242 3409 thesaurum
2274 3353 2434 3408 ﬁdeli
2462 3353 2778 3408 devotione
2832 3358 2997 3408 trans
3042 3351 3283 3424 Alpium
3344 3352 3561 3407 nivosa

1888 3441 2225 3507 cacumina,
2250 3442 2378 3511 jam
2411 3440 2655 3496 tandem
2688 3441 2900 3507 securi,
2934 3439 3367 3504 deferunt.Quo
3394 3455 3558 3494 com-

1886 3535 2078 3603 perto,
2122 3530 2425 3586 Heinricus
2474 3529 2617 3597 dux,
2675 3529 2754 3584 ad
2811 3545 2994 3600 quem
3044 3544 3285 3583 summa
3322 3527 3560 3599 imperii

1888 3619 2241 3691 pertinebat,
2272 3618 2541 3673 maxima
2570 3617 2892 3673 comitante
2925 3621 3159 3671 caterva
3211 3615 3403 3670 funeri
3445 3616 3558 3670 mi-

1891 3708 2149 3763 serando
2181 3708 2586 3779 omnibusque
2625 3706 2805 3776 digne
2843 3705 3191 3779 plangendo
3223 3704 3560 3760 admodum

1890 3797 2070 3853 tristis
2101 3797 2377 3863 occurrit,
2412 3800 2467 3851 et
2491 3795 2570 3852 ad
2597 3794 2998 3867 Aquasgrani,
3034 3810 3157 3867 quo
3195 3793 3398 3849 vivens
3442 3793 3561 3848 siti-

1888 3890 2074 3953 verat,
2104 3886 2425 3955 gemitibus
2451 3885 2654 3940 multis
2684 3890 2992 3941 mortuum
3042 3900 3262 3955 corpus
3312 3883 3561 3938 tandem

1888 3975 2178 4048 perducit.
2215 3978 2327 4030 Nec
2353 3990 2544 4040 mora,
2580 3974 2695 4028 itur
2723 3975 2783 4029 in
2833 3972 3126 4046 templum
3157 3991 3170 4041 ;
3218 3988 3466 4042 magno,
3498 3976 3564 4027 ut

1887 4064 1969 4119 ita
2000 4064 2221 4135 dicam,
2255 4062 2607 4134 hujusmodi
2634 4063 2885 4134 honore,
2918 4062 3104 4117 mixto
3145 4061 3368 4116 scilicet
3413 4061 3563 4116 into-

1887 4152 2117 4209 lerabili
2146 4152 2374 4222 dolore,
2426 4157 2590 4207 terrae
2632 4151 3095 4207 commendatur
3150 4166 3329 4204 suum
3383 4148 3565 4212 pluri-

1888 4259 2058 4298 mum
2084 4243 2230 4312 (251)
2263 4241 2573 4305 solatium;
2610 4241 2713 4295 sed
2744 4246 2799 4295 et
2824 4240 3116 4306 omnium,
3154 4243 3216 4293 ut
3237 4237 3560 4305 credimus,

1888 4332 1990 4403 qui
2019 4332 2269 4386 aderant
2291 4330 2562 4385 unanimi
2587 4329 2858 4385 oratione
2891 4328 3135 4400 spiritus
3179 4325 3312 4382 caeli
3353 4324 3562 4395 recipi-

1890 4424 1984 4473 tur
2016 4419 2258 4490 palatio.
2286 4422 2510 4473 Interea
2539 4418 2725 4473 modo
2756 4417 2928 4472 multi
2961 4416 3195 4471 diversa
3219 4413 3561 4484 sentientes,

1891 4507 2038 4560 dum
2070 4506 2293 4578 quique
2325 4506 2438 4560 sibi
2462 4521 2572 4577 pro
2603 4522 2713 4560 sua
2742 4510 2908 4577 parte
2936 4505 3034 4574 jus
3058 4502 3293 4575 imperii
3317 4504 3562 4571 raptum

1889 4596 1973 4650 ire
1999 4594 2324 4661 moliretur,
2358 4593 2672 4662 Eghardus
2708 4592 2975 4647 marchio
3006 4591 3070 4647 in
3094 4589 3301 4645 Palithi
3345 4604 3381 4643 a
3418 4586 3562 4657 Sigi-

1888 4683 2043 4738 frido
2097 4686 2153 4737 et
2202 4681 2407 4738 Udone
2460 4681 2724 4753 pessime
2776 4680 3009 4735 occisus
3059 4683 3165 4745 est,
3198 4676 3561 4751 plurimique

1890 4788 2138 4827 suorum
2166 4788 2305 4827 cum
2331 4770 2430 4826 illo
2452 4774 2485 4825 2
2512 4769 2644 4826 Kal.
2701 4768 2849 4826 Maii.
2912 4767 3133 4823 Dehinc
3190 4771 3220 4823 3
3254 4766 3374 4823 Cal.
3426 4764 3562 4819 Iulii

1890 4861 2177 4934 praefatus
2206 4860 2531 4931 Heinrieus,
2591 4872 2782 4931 nepos
2833 4856 3069 4927 regalis,
3127 4873 3163 4911 a
3204 4854 3442 4911 Francis
3497 4853 3560 4908 in

1887 4965 2143 5018 regnum
2174 4949 2423 5018 eligitur,
2449 4949 2773 5020 insciisque
2804 4945 3143 5004 Saxonibus
3179 4943 3491 5013 Moguntiae
3524 4959 3560 4997 a

1888 5038 2220 5093 Willichiso
2249 5042 2467 5093 unctus
2491 5041 2829 5092 coronatur.
2847 5038 3027 5089 Fama
3054 5033 3213 5087 volat
3234 5047 3413 5102 super
3443 5031 3557 5098 his,

1891 5126 2098 5181 dicens
2122 5126 2345 5197 pariter
2363 5126 2423 5180 in
2442 5124 2869 5192 Mersburgiam
2887 5121 3054 5176 illum
3072 5137 3256 5192 quam
3276 5119 3560 5174 citissime

1889 5220 2244 5281 venturum;
2280 5214 2443 5286 quod
2467 5219 2521 5269 et
2542 5214 2766 5269 factum
2789 5210 3005 5266 est.lllo
3034 5208 3416 5264 Bernbardus
3434 5207 3561 5263 dux

1891 5444 2056 5499 Ann.
2090 5450 2145 5499 et
2177 5443 2321 5500 Chr.
2349 5443 2409 5498 S.

1964 5515 2110 5585 (250)
2150 5516 2246 5570 Ita
2276 5530 2326 5570 c.
2369 5514 2472 5569 sed
2502 5513 2663 5585 Ann.
2692 5518 2744 5585 et
2775 5512 3000 5568 Chron.
3019 5510 3096 5585 β.
3130 5515 3298 5585 terna
3328 5510 3556 5585 legunt.

1967 5578 2113 5652 (251)
2156 5585 2553 5640 Plurimorum
2574 5584 2601 5637 ‘2
2634 5584 2970 5652 Chronogr.
3004 5581 3164 5639 Samo
3192 5580 3367 5637 habet
3389 5595 3410 5633 .'
3432 5578 3561 5649 plu-

1896 5656 2064 5711 rimis
2096 5653 2393 5712 clauditur
2418 5670 2714 5724 magnum
2748 5653 3048 5709 solatium.
