3874 6432
396 312 500 367 539

182 0 3143 67 ’πη-Ἥ

1255 309 1580 365 ANNALES
1630 305 2073 363 HILDESHEIM.
2128 305 2496 368 QUEDLINB.
2552 309 2932 369 WEISSEMB.
3681 314 3753 367 540

1311 432 1634 487 ANNALES
1665 428 2035 495 QUEDLINBI

2164 429 2397 488 ENSES.
2441 433 2511 490 Α.
2556 436 2874 489 1003-1θο8.
3672 496 3678 504 ,

397 541 453 594 et
484 539 787 595 Saxonum
810 537 1090 609 primates
1117 553 1253 592 cum
1285 536 1496 591 decore
1536 552 1783 591 suorum
1831 548 2043 589 eonve-
2070 535 2118 589 Α
2156 538 2578 594 contumeliose
2611 538 2796 593 evasit
2825 556 2837 600 ;
2866 552 2971 593 rex
2997 552 3160 606 vero,
3192 537 3294 593 Dei
3322 535 3570 607 gratias,
3618 538 3751 593 victor

397 627 645 689 nientes,
671 626 927 694 benigne
953 625 1030 680 ab
1056 641 1127 681 eo
1158 624 1413 696 suscepti
1453 630 1607 693 sunt,
1646 639 1903 695 moxque
1931 622 2039 676 do-

396 717 628 773 minum
659 716 767 771 sibi
790 716 957 771 illum
987 732 1057 771 ac
1100 731 1301 785 regem
1350 715 1671 783 elegerunt.
1705 714 1814 771 Sed
1847 718 1903 768 et
1934 715 2039 767 Bo-

394 805 743 861 lizlavonem
774 804 1027 859 Poloniae
1058 804 1275 859 ducem
1305 803 1637 859 occurrisse
1659 807 1715 858 et
1734 801 1888 870 regis
1915 816 2044 870 gra-

394 894 538 950 tiam
561 893 673 949 sibi
705 893 1090 966 supplicasse,
1126 892 1343 948 foedere
1395 893 1563 965 pacis
1592 891 1906 964 promisso,
1949 905 2041 944 re-

396 982 633 1056 periunt
654 1000 667 1050 ;
689 997 825 1054 quae
850 981 992 1053 quia
1022 982 1194 1036 firma
1224 996 1345 1035 non
1377 980 1481 1036 fuit
1501 980 1890 1053 postmodum
1934 994 2040 1051 pa-

398 1072 524 1127 tuit.
559 1071 697 1126 inde
728 1070 1052 1140 digressus,
1079 1086 1184 1141 per
1231 1069 1409 1123 urbes
1458 1075 1513 1124 et
1554 1069 1685 1124 loca
1722 1067 2042 1141 provinciae

398 1159 769 1231 aliquamdiu
794 1162 1219 1227 commoratus,
1235 1174 1367 1229 quze
1392 1157 1627 1226 agenda
1656 1160 1839 1223 erant,
1868 1160 2046 1228 prout

398 1252 634 1320 tempus
664 1252 720 1302 et
764 1262 857 1302 res
909 1246 1253 1318 poscebant,
1313 1246 1636 1317 prudenter
1662 1244 2038 1317 disponebat.

398 1337 662 1393 Domina’
693 1352 933 1409 quoque
958 1336 1293 1408 imperiales
1346 1335 1503 1401 ﬁlite,
1558 1336 1774 1409 Sophia
1804 1340 1860 1391 et
1898 1335 2045 1389 Ade-

396 1425 614 1493 lheida,
644 1424 967 1480 honoriﬁce
1012 1424 1154 1479 tanti
1213 1425 1472 1479 nominis
1523 1426 1840 1479 novitatem
1891 1423 2042 1478 exci-

396 1512 641 1584 pientes,
689 1517 916 1585 quanta
967 1517 1287 1583 potuerunt
1355 1512 1593 1567 caritate
1641 1517 2040 1567 occurrerunt.

396 1601 784 1669 Oongaudent
836 1601 960 1670 regi
1010 1602 1233 1675 nepoti,
1295 1603 1437 1673 quia
1477 1618 1599 1657 non
1655 1602 1815 1657 licuit
1858 1600 2041 1655 fratri.

398 1691 553 1754 Quas
608 1706 810 1747 secum
867 1690 1050 1759 digno
1103 1691 1329 1746 honore
1388 1690 1635 1757 ducens,
1692 1690 2047 1759 Cunigunda

395 1779 703 1834 contectali
748 1794 858 1834 sua
907 1795 1027 1835 una
1071 1795 1270 1834 secum
1328 1780 1665 1845 comitante,
1700 1779 2048 1834 Patherbru-

394 1882 639 1922 nensem
669 1870 910 1922 ventum
939 1873 1025 1922 est
1051 1867 1345 1923 civitatem
1373 1886 1384 1934 ;
1437 1884 1558 1939 quo
1590 1868 1921 1939 periculosa
1961 1867 2045 1921 in-

393 1959 478 2010 ter
507 1955 767 2011 Boiarios
793 1960 848 2011 et
880 1958 1141 2011 Saxones
1172 1960 1299 2011 orta
1331 1962 1417 2011 est
1447 1956 1675 2024 seditio,
1718 1956 2042 2023 multorum

394 2048 582 2098 morte
613 2044 1005 2116 subsequuta.
1042 2048 1103 2098 In
1129 2044 1311 2098 natali
1358 2049 1556 2099 autem
1589 2044 1776 2099 sancti
1824 2049 2044 2115 marty-

393 2131 474 2186 ris
490 2131 780 2187 Laurentii
808 2132 1135 2203 imponitur
1164 2148 1387 2187 corona
1408 2132 1835 2187 benedictionis
1867 2134 2040 2188 Cuni-

396 2220 614 2288 gundee
644 2220 861 2287 reginae
897 2238 909 2273 ς
942 2220 1118 2275 datur
1148 2221 1325 2275 etiam
1367 2222 1618 2293 Sophiae,
1668 2222 2041 2293 imperatoris

398 2309 542 2379 (252)
594 2308 747 2374 ﬁliae,
789 2308 1042 2364 abbatiae
1073 2309 1424 2364 obenedictio
1482 2310 2037 2369 Gandeshemensis.

396 2397 624 2462 Quibus
649 2397 921 2468 peractis,
952 2413 1090 2467 rege
1118 2397 1385 2452 Rhenum
1415 2403 1832 2461 transmeante,
1885 2398 2042 2469 quis-

393 2499 509 2556 que
538 2485 598 2539 in
629 2500 738 2540 sua
765 2485 1007 2540 rediere.
1041 2485 1436 2541 Herimannus
1467 2485 1590 2540 dux
1646 2502 1784 2540 cum
1836 2485 2041 2541 Suevis

392 2574 513 2641 regi
552 2573 772 2631 restitit.
804 2578 859 2628 et
882 2577 1240 2633 Francorum
1268 2590 1408 2646 pars
1449 2575 1726 2646 quaedam
1758 2574 2041 2642 refragari

392 2662 584 2734 empit,
643 2662 829 2717 multa
878 2662 1106 2717 inutilia
1157 2667 1583 2734 perpetrantes,
1638 2668 1843 2718 sancta
1910 2662 2041 2717 loca

391 2754 723 2821 exurentes,
747 2750 981 2822 aliaque
1012 2750 1388 2806 devastantes
1415 2769 1426 2818 ;
1473 2767 1626 2823 quos
1659 2756 1857 2806 tamen
1892 2756 2038 2818 (253)

396 2839 681 2894 Dominus
715 2839 993 2894 citissime
1023 2839 1373 2894 humiliavit.

465 2931 619 2982 1003.
662 2927 963 2982 Heinricus
993 2943 1097 2982 rex
1133 2927 1367 2985 Sclavos
1396 2927 1658 2984 Milianos
1706 2929 1853 2997 (254)
1899 2929 2043 3001 hye-

392 3014 535 3069 mali
555 3020 820 3086 tempore
841 3015 1075 3081 invasit,
1109 3020 1165 3070 et
1208 3021 1450 3071 cruenta
1491 3016 1651 3071 crede
1699 3016 2036 3084 devastans,

393 3102 505 3185 sibi
535 3102 895 3172 subjugavit.
924 3104 1335 3171 Thangmarus
1369 3104 1512 3175 (255)
1545 3121 1681 3159 cum
1712 3105 1840 3160 aliis
1871 3107 2043 3161 inter-

2148 639 2283 679 oum
2317 626 2439 681 suis
2469 626 2662 683 exivit.
2700 625 3225 681 Herolfesfeldense
3286 627 3694 682 monasterium
3728 620 3779 693 ai

2147 728 2304 782 rege,
2337 715 2582 786 antiquo
2612 718 2853 786 patrum
2901 714 3036 783 jure
3091 713 3470 783 destitutum,
3522 698 3779 784 magnum‘

2146 802 2369 872 patitur
2406 803 2719 871 damnum,
2777 802 3065 875 spoliatur
3114 802 3316 868 bonis,
3380 802 3620 859 orbatur
3660 803 3747 860 filiis

2149 891 2274 947 suis
2310 910 2322 959 ;
2355 896 2411 948 et
2438 909 2591 964 quos
2639 896 3034 961 congregarat
3082 896 3263 963 atque
3317 891 3659 953 educaverat
3691 908 3748 948 re-

2148 984 2365 1047 gnante
2393 980 2599 1035 Carolo
2628 979 2856 1051 Pippini
2886 979 3030 1048 ﬁlio,
3063 983 3162 1037 170
3204 994 3274 1037 ac
3323 979 3571 1039 novenis
3612 994 3747 1035 anne

2146 1084 2281 1125 rum
2320 1068 2570 1137 circulis,
2625 1068 2884 1140 peccatis
2923 1066 3321 1137 exigentibus,
3378 1067 3624 1139 perdidit
3664 1068 3751 1123 istis

2148 1157 2533 1228 temporibus.

2222 1249 2375 1299 1005.
2422 1245 2658 1301 interim
2688 1244 2815 1315 ipse
2847 1260 2968 1311 rex,
3017 1243 3106 1300 ira
3163 1247 3552 1316 permanente
3598 1249 3751 1299 contra

2151 1333 2601 1403 Bolizlavonem,
2631 1338 2906 1405 reparato
2936 1333 3175 1403 agmine
3222 1332 3531 1389 Poloniam
3573 1332 3744 1388 accele-

2148 1438 2308 1484 rans,
2340 1422 2661 1489 fugientem
2693 1421 3045 1493 insequitur,
3107 1437 3282 1479 suam
3311 1422 3588 1492 injurialu
3619 1420 3751 1492 quasi

2150 1511 2522 1581 defensurus,
2552 1511 2677 1579 sed,
2710 1512 2862 1582 proh
2893 1510 3101 1566 dolori
3163 1510 3389 1566 multos
3452 1509 3747 1581 perditurus.

2152 1599 2451 1655 Bernhard
2482 1604 2539 1654 et
2569 1599 2661 1666 Isi,
2695 1598 3025 1654 Thiedbern
3051 1602 3107 1652 et
3137 1598 3446 1655 Bernhard
3474 1599 3624 1667 (256),
3650 1612 3750 1651 cum

2151 1687 2277 1742 aliis
2309 1686 2505 1741 occisi.
2542 1690 2661 1741 Rex
2690 1702 2848 1752 vero,
2880 1685 3160 1757 quamvis
3208 1684 3444 1749 dolens,
3499 1688 3752 1756 assumpta

2151 1791 2272 1830 non
2298 1774 2459 1830 bona
2488 1790 2657 1846 pace,
2692 1791 2830 1829 cum
2854 1773 3253 1829 lachrimabili
3294 1774 3591 1829 revertitur
3630 1787 3750 1828 exer-

2086 1880 2124 1936 Β
2154 1863 2291 1929 citu,
2352 1868 2596 1935 portans
2656 1879 2859 1918 secum
2916 1878 3170 1935 corpora
3221 1868 3600 1927 mortuorum.
3643 1859 3753 1918 Jbiit

2154 1953 2370 2009 Kiesut.

2226 2046 2377 2097 1006.
2424 2041 2750 2097 Balduinus
2779 2041 2841 2096 in
2866 2040 3051 2096 Gallia
3080 2041 3350 2097 elevatur
3378 2046 3571 2097 contra
3593 2053 3750 2107 regem

2151 2146 2289 2185 cum
2323 2130 2654 2184 Landberto
2683 2130 2742 2184 in
2774 2130 3036 2185 Valentia
3065 2129 3234 2200 (257),
3268 2129 3498 2186 civitate
3522 2144 3630 2184 non
3651 2142 3747 2187 sua.

2151 2219 2317 2284 Quod
2352 2236 2451 2274 rex
2484 2235 2639 2286 {egre
2666 2219 2880 2285 ferens,
2933 2235 3003 2274 eo
3030 2219 3091 2273 in
3119 2219 3543 2292 expeditiorem
3589 2231 3755 2289 prope-

2150 2308 2530 2379 rat,plurimo
2559 2307 2776 2363 sudore
2808 2324 3054 2363 suorum
3084 2307 3268 2375 longo
3299 2313 3559 2380 tempore
3582 2306 3755 2363 frustra

2150 2396 2230 2450 ibi
2254 2401 2658 2452 commoratus
2706 2398 2870 2467 (258),
2920 2398 3123 2469 sicque
3154 2396 3294 2455 ﬁcta
3354 2402 3501 2465 (259)
3541 2410 3672 2469 pace
3692 2409 3757 2448 re-

2149 2488 2406 2551 vertens.

2224 2577 2377 2629 1007.
2421 2572 2510 2627 Ad
2539 2572 2833 2629 civitatem
2866 2572 3193 2644 Ratispona
3223 2573 3517 2645 pervenit,
3553 2568 3756 2627 domini-

2149 2676 2283 2715 cam
2309 2660 2800 2714 resurrectionem
2841 2660 3066 2717 ibidem
3093 2660 3525 2718 concelebrans
3561 2677 3574 2727 ;
3621 2653 3755 2713 simul

2147 2747 2326 2804 etiam
2359 2748 2575 2803 recenti
2629 2764 2876 2807 suorum
2929 2748 3091 2804 caede
3143 2752 3325 2804 corde
3378 2754 3549 2806 tenus
3593 2751 3756 2807 tactus,

2150 2837 2322 2892 mittit
2345 2836 2574 2905 legatos
2607 2836 2685 2892 ad
2716 2836 3166 2907 Bolizlavonem,
3226 2837 3458 2895 bellum
3516 2852 3574 2893 se
3625 2833 3757 2899 sitire,

2147 2925 2372 2985 bellum
2400 2925 2727 2982 demandat
2757 2930 2964 2985 contra
2994 2942 3056 2981 se
3078 2943 3297 2999 parare
3330 2945 3343 2982 :
3381 2926 3492 2983 sed
3520 2924 3669 2981 fama
3691 2921 3758 2976 ite-

2147 3029 2281 3069 rum
2312 3014 2385 3068 de
2418 3013 2705 3069 Balduino
2731 3029 2854 3070 non
2879 3014 3041 3070 bona
3069 3014 3436 3087 percrebuit,
3471 3030 3621 3087 quae,
3638 3011 3690 3067 id
3714 3023 3761 3063 ne

2147 3101 2271 3157 ﬁeri
2293 3106 2515 3172 posset,
2548 3101 2869 3172 prohibuit.
2927 3105 3054 3167 Quo
3112 3102 3382 3159 celeriter
3426 3115 3701 3162 reversus,
3728 3100 3762 3148 et

393 3189 581 3277 fectus
608 3194 713 3245 est.
747 3190 1263 3259 Quadragesimali
1292 3198 1490 3247 autem
1521 3196 1785 3263 tempore
1808 3195 2040 3250 Parthe-
2079 3222 2118 3277 ρ
2150 3196 2368 3247 sanctae
2397 3190 2661 3245 ecclesiae
2686 3190 2963 3261 precibus
2991 3191 3234 3261 adjutus
3263 3207 3455 3263 quem
3505 3188 3764 3277 reliquerat

392 3276 661 3348 nopolim
693 3276 867 3347 venit,
900 3277 1059 3335 diem
1115 3278 1454 3350 palmarum
1503 3279 1726 3335 ibidem
1780 3288 2037 3341 acturus.

394 3364 534 3419 lude
560 3380 744 3437 quam
775 3365 1077 3423 cei-errime
1131 3366 1705 3433 Quedelingnensem
1753 3372 2039 3442 Metropo-

388 3451 515 3521 lim,
565 3467 729 3508 mere
758 3468 1009 3509 avorum
1035 3458 1463 3526 atavorumque
1498 3455 1761 3526 priorum
1807 3473 2037 3527 regum,

388 3552 666 3612 pergens,
699 3558 837 3597 cum
868 3542 1256 3613 optimatibus
1281 3544 1405 3598 suis
1434 3544 1713 3615 etpopuli
1740 3546 2043 3602 confluen-

388 3629 470 3684 tia
497 3630 802 3702 paschalia
828 3630 975 3687 festa
1006 3631 1249 3703 peregit.
1285 3633 1491 3687 Paucis
1518 3632 1875 3705 interpositis
1920 3636 2039 3691 die—

388 3717 523 3787 bus,
554 3718 893 3774 Adelheidae
923 3720 1162 3783 domnae
1203 3736 1272 3777 ac
1300 3721 1505 3783 matris
1538 3722 1809 3792 ejusdem
1854 3724 2039 3795 preci-

387 3806 502 3861 bus
530 3811 826 3878 exoratus,
859 3822 996 3867 cum
1026 3809 1231 3877 regina
1268 3810 1480 3865 iterum
1530 3810 1795 3879 veniens,
1852 3812 2038 3868 sancti

390 3894 638 3950 Servatii
662 3895 882 3964 gaudet
908 3895 1190 3952 interesse
1219 3897 1381 3952 festis
1406 3900 1444 3965 ;Δ
1477 3902 1684 3969 postea
1717 3897 2038 3955 Halversta—

385 3981 555 4036 densi
583 3982 810 4038 civitate
849 3990 1117 4041 sanctum
1173 3988 1554 4041 Pentecosten
1608 3986 2033 4057 celebraturus.

389 4070 765 4125 Hermannus
791 4072 913 4128 dux
942 4074 1017 4129 ad
1044 4078 1308 4130 extrema
1337 4075 1619 4147 pervenit,
1653 4079 1709 4129 et
1733 4075 2038 4133 discordia

389 4174 425 4214 a
451 4159 655 4215 Suevis
682 4160 922 4232 quievit.

462 4252 616 4305 1004.
656 4252 774 4305 Rex
803 4251 1109 4307 Heinricus
1166 4251 1241 4307 de
1299 4252 1543 4307 Francia
1581 4252 1643 4307 in
1672 4252 1900 4309 Italiam
1934 4270 2034 4309 ve—

385 4336 578 4403 niens,
614 4343 885 4395 sanctum
915 4341 1142 4412 pascha
1167 4339 1249 4395 ibi
1280 4344 1537 4395 acturus.
1592 4340 1706 4397 Sed
1752 4342 2035 4413 adempto

385 4425 628 4494 gaudio,
676 4427 985 4483 rebellium
1035 4428 1222 4484 multa
1279 4429 1443 4485 milia
1484 4430 1660 4500 jussit
1700 4430 2033 4486 interimere

386 4513 602 4581 gladio,
618 4516 898 4573 omnibus
929 4517 1103 4573 simul
1130 4518 1392 4574 aedificiis
1415 4519 1609 4590 Papiae
1636 4519 1878 4589 exustis,
1898 4536 2033 4592 quae

381 4606 645 4658 veterum
676 4603 1031 4661 instruxerat
1057 4605 1347 4663 industria
1384 4607 1641 4663 illustris.
1697 4608 1950 4674 Fulgura
1978 4611 2036 4664 et

383 4690 643 4747 tonitrua
673 4693 883 4748 eodem
914 4709 1073 4750 anno
1116 4696 1293 4752 simul
1321 4712 1455 4752 cum
1497 4695 1682 4750 nimia
1712 4700 1770 4749 et
1794 4696 2035 4751 terribili

383 4776 617 4835 turbine
645 4785 952 4847 venerunt,
983 4784 1303 4854 perterritis
1327 4783 1552 4855 ubique
1581 4786 1874 4838 terrarum
1924 4800 2033 4855 po-

382 4865 563 4938 pulis.
595 4870 659 4923 Et
687 4882 789 4924 rex
815 4870 889 4925 de
916 4870 1077 4927 Italia
1105 4886 1436 4940 regressus,
1480 4884 1669 4941 parvo
1708 4875 1843 4941 post
1885 4875 2033 4933 tem:

382 4968 527 5026 pore
585 4957 952 5024 Bohemiam,
1014 4974 1199 5031 quam
1250 4956 1572 5013 Bolizlavus
1603 4957 1924 5013 Polinensis
1950 4960 2037 5015 in-

377 5042 535 5113 juste
562 5046 934 5117 possederat,
964 5051 1343 5119 pugnaturus
1372 5044 1625 5100 intravit.
1667 5046 1777 5100 Sed
1810 5051 2030 5110 tamen,

382 5132 500 5187 Deo
528 5131 868 5204 adjuvante,
900 5139 1023 5191 tota
1050 5134 1150 5188 illa
1181 5147 1328 5202 gens
1357 5147 1485 5187 sese
1511 5147 1650 5187 cum
1698 5148 1845 5203 pace
1896 5151 2033 5190 sua-

382 5232 500 5289 Que
524 5223 728 5279 omnia
755 5224 878 5292 regi
909 5221 1148 5285 dedere,
1176 5225 1233 5275 et
1262 5220 1356 5275 ille
1384 5225 1674 5291 tyrannus
1714 5221 2032 5277 Bolizlavus

455 5377 602 5448 (252)
639 5379 736 5432 Ita
761 5379 831 5449 _L.
860 5391 935 5431 ex
962 5375 1295 5445 Chronogr.
1328 5376 1513 5449 ipsius
1544 5393 1591 5433 c.

453 5451 597 5503 (253)
636 5449 733 5501 Ita
749 5447 815 5498 L.
842 5451 896 5499 et
922 5460 971 5498 c.

636 5451 1072 5593 {Bttciiclliiifitiirbis
1096 5519 1596 5588 expugnationem
1619 5535 1678 5577 v.
1728 5522 1891 5593 apud
1930 5536 2033 5577 an-

382 5580 669 5642 nalistam
703 5580 1023 5637 Saxonem.
1171 5580 1188 5588 ’
1258 5580 1286 5588 ν
1757 5626 1763 5630 .

456 5654 613 5732 (255)Δ
644 5653 747 5706 Ita
786 5654 1044 5732 ξυννεωί
1084 5670 1107 5725 ,⁸
1175 5658 1586 5732 Thonginarus
1638 5677 1688 5719 ε.
1742 5663 2033 5720 Thammo

388 5724 552 5793 apud
572 5722 741 5778 Ann.
775 5722 958 5779 Saxo.

2147 3279 2379 3335 hostem
2410 3278 2629 3347 gaudet
2656 3279 2949 3350 recepisse
2978 3279 3304 3350 imbellem,
3341 3277 3691 3345 adversariis
3728 3272 3764 3327 in

2148 3382 2293 3438 pace
2326 3366 2437 3421 sibi
2466 3366 2875 3439 reconciliatis.
2912 3367 3243 3433 Bolizlavus
3275 3367 3525 3435 interim
3549 3367 3680 3435 diu,
3705 3363 3765 3416 in-

2148 3471 2326 3509 cursu
2359 3457 2664 3512 Saxonum
2695 3471 2766 3509 ex
2795 3455 3090 3525 legatione
3119 3456 3276 3525 regis
3302 3457 3599 3523 concitus,
3630 3450 3768 3508 auda-

2147 3543 2200 3599 ci
2230 3543 2384 3598 bello
2406 3544 2594 3605 elatus
2624 3559 2809 3616 prope
2840 3544 3329 3616 Parthenopolim
3381 3560 3651 3619 pergens,
3678 3554 3770 3594 om-

2146 3647 2284 3688 nem
2314 3632 2640 3693 Sclavonize
2667 3648 2736 3687 eo
2762 3632 2876 3695 loci
2906 3633 3274 3704 provinciam
3310 3638 3540 3706 vastat,
3592 3627 3769 3687 incolas

2148 3724 2250 3775 aut
2279 3720 2407 3775 neci
2448 3720 2688 3774 tradidit
2730 3726 2833 3775 aut
2873 3720 3140 3793 captivos
3189 3721 3477 3795 colligari
3527 3715 3770 3794 praecepit.

2146 3809 2336 3864 donec
2392 3808 2586 3880 ripam
2616 3808 2798 3863 Albius
2843 3809 3109 3865 fluminis
3154 3808 3353 3880 attigit
3382 3829 3396 3877 ;
3432 3810 3534 3866 ubi
3566 3803 3769 3878 superba

2144 3896 2425 3967 quaedam
2448 3897 2684 3967 jactans
2716 3897 2919 3967 verba,
2960 3897 3236 3957 obstante
3263 3898 3507 3961 summi
3539 3895 3679 3965 regis
3704 3890 3772 3946 mi-

2143 3985 2239 4041 lite
2272 3990 2479 4040 sancto
2510 3985 2803 4052 Mauricio,
2835 4002 2959 4045 suae
2991 4001 3112 4041 non
3159 4002 3430 4059 compos
3485 3980 3768 4043 voluntatis.

2142 4074 2446 4131 revertitur
2476 4074 2535 4129 in
2563 4075 2827 4147 propria,
2884 4074 3112 4131 ducens
3170 4091 3395 4132 secum
3450 4076 3514 4132 in
3571 4068 3769 4131 vinculis

2144 4162 2322 4218 fortes
2352 4164 2509 4218 viros
2542 4165 2867 4227 Saxonum,
2900 4162 3262 4231 Liudolfum,
3289 4165 3556 4227 Tadilan
3577 4168 3629 4219 et
3653 4156 3769 4219 Tadi-

2143 4254 2261 4319 Bex
2292 4251 2430 4308 talia
2458 4251 2730 4319 audiens,
2764 4252 2969 4316 animo
2998 4252 3159 4323 dolet
3184 4270 3197 4320 ;
3231 4252 3534 4315 hortatur
3559 4267 3699 4317 suos,
3722 4259 3769 4300 ne

2140 4339 2201 4395 id
2240 4339 2495 4397 inultum
2526 4338 2758 4396 ferrent.
2796 4339 2909 4396 Sed
2938 4339 3239 4409 ejusmodi
3273 4342 3598 4411 affectum,
3627 4333 3769 4394 nescio

2140 4444 2262 4500 quo
2284 4428 2612 4489 obstaculo,
2640 4428 2839 4485 nullus
2871 4428 3203 4484 etiamnum
3235 4431 3533 4504 sequitur
3562 4428 3763 4497 effectus.

2148 4516 2386 4577 Calend.
2411 4516 2563 4587 Junii
2602 4516 2748 4585 obiit
2773 4516 3151 4585 Hermannus
3200 4534 3456 4591 comes,
3508 4520 3670 4578 frater
3710 4520 3765 4566 Ar-

2147 4604 2293 4662 nulﬂ
2324 4605 2607 4677 episcopi.

2218 4697 2369 4748 1008.
2424 4693 2685 4749 Bertlalis
2739 4695 2908 4767 (260),
2943 4694 3186 4751 humilis
3214 4698 3462 4755 ancilla
3483 4696 3764 4763 ancillarum

2144 4782 2334 4849 sancti
2353 4781 2854 4845 Servatii,induxit
2868 4783 3141 4841 animum
3159 4784 3345 4843 adire
3369 4787 3587 4845 limina
3603 4786 3765 4856 apostt‘r

2142 4869 2338 4937 lorum
2370 4869 2515 4925 Petri
2543 4874 2598 4924 et
2629 4868 2806 4932 Pauli.
2838 4885 2947 4941 pro
2991 4886 3052 4925 se
3083 4875 3141 4929 et
3182 4871 3460 4933 domnae
3520 4865 3765 4932 Mechtild:

2143 4957 2354 5013 animae
2375 4957 2749 5021 absolutione
2771 4973 3140 5031 suorumque
3163 4959 3381 5019 salute
3404 4963 3678 5037 profecta.
3706 4958 3765 5010 ιω·

2140 5061 2256 5116 que
2279 5050 2309 5101 8
2334 5044 2468 5103 ldus
2488 5045 3107 5118 Januarii,postposita
3129 5050 3316 5115 omni
3335 5052 3767 5121 adverSitaiB,ft€

2139 5132 2395 5205 abrupta
2424 5133 2738 5202 montium,
2754 5149 2860 5205 per
2881 5134 3185 5199 convalles
3205 5140 3561 5209 terrarum,
3574 5153 3677 5199 non
3695 5145 3765 5188 mir

2136 5221 2267 5283 dice
2294 5221 2610 5279 laborabat
2635 5221 2693 5297 in
2721 5223 3192 5285 transmeatione
3242 5229 3616 5302 fluminum,
3662 5228 3765 5281 dor:-

2231 5385 2358 5443 256)
2398 5380 2599 5436 Milites
2638 5381 3183 5439 Halverstadenses.

2234 5453 2357 5521 257)
2395 5452 2841 5508 Valenciennes.

2234 5525 2358 5592 258)
2399 5525 2567 5577 Deest
2599 5540 2649 5578 c.

2214 5595 2355 5663 (259)
2396 5594 2491 5648 Ita
2518 5595 2585 5648 L.
2612 5593 2769 5649 victa
2799 5610 2852 5650 c.
2883 5592 3042 5651 facta
3074 5595 3229 5653 Chr.

2212 5663 2359 5735 (260)
2404 5664 2750 5735 [Bern-adis]
2781 5666 2853 5721 L.
