3968 6408
147 281 248 336 541

896 286 981 340 ΕΤ
1013 285 1364 341 LAMBERTI
1394 283 1983 345 ASCBAFNABURG.
2018 286 2199 345 PARS
2224 286 2512 349 ALTERA
2539 287 2869 348 GINUINA.

3480 295 3590 358 362

1080 410 1397 464 ANNALES
1446 409 2178 475 QUEDLINBUHGENSES,
2220 412 2288 466 A.
2328 411 2651 473 10094011.

142 547 352 615 modo,
387 548 555 621 quod
611 549 878 614 amabat,
930 549 1130 606 videre
1166 551 1492 620 contigerit.
1547 551 1808 606 Tandem
1849 547 1896 605 Α
1929 551 2213 617 secunda,
2282 552 2426 608 luna
2474 557 2526 608 6.
2579 553 2859 609 Tonitrua
2885 558 2939 609 et
2986 555 3434 611 coruscationes
3464 555 3586 610 hie-

144 641 402 693 Romam
436 639 709 710 pervenit
733 639 1024 708 gaudens.
1082 643 1232 706 Ergo
1263 641 1533 709 accessit,
1563 640 1822 712 amplec-

142 727 286 784 titur
313 728 506 784 sancti
539 728 687 783 Petri
721 729 1126 802 sepulchrum,
1157 729 1557 795 deosculatur,
1593 734 1647 784 et
1672 745 1820 800 quo-

139 832 280 872 rum
304 833 493 873 causa
525 815 870 887 advenerat,
919 817 1192 873 flebiliter
1230 818 1312 873 ibi
1358 819 1666 890 peroratis,
1711 834 1819 873 nec

140 921 266 961 non
301 907 559 962 aliorum
594 912 941 963 sanctorum
972 908 1317 980 patrociniis
1358 908 1647 974 salutatis,
1703 911 1821 963 Deo

144 997 375 1067 gratias
404 997 690 1067 referens,
752 996 1071 1052 incolumis
1131 1014 1268 1052 cum
1303 999 1423 1052 suis
1474 999 1672 1053 revisit
1718 1013 1819 1068 pa-

141 1086 344 1141 triam.
371 1081 552 1142 Stella
598 1086 900 1158 paschalis
930 1086 1330 1141 hebdomadae
1365 1087 1505 1142 feria
1555 1087 1820 1142 secunda

143 1175 350 1230 media
376 1175 472 1230 die
504 1176 634 1231 visa
665 1181 751 1231 est
778 1180 808 1230 6
837 1176 974 1231 ldus
1012 1176 1250 1248 Aprilis.
1309 1177 1461 1233 Obiit
1517 1177 1819 1232 Liudolfus

142 1263 512 1322 Trevirensis
543 1263 1152 1336 archiepiscopus,cui
1182 1267 1466 1320 successit
1495 1265 1816 1335 Magingoz.

146 1352 306 1409 Obiit
335 1355 628 1420 Notgerus
663 1353 1126 1408 Laudovicensis
1173 1355 1317 1424 (261)
1351 1354 1693 1426 episcopus,
1724 1353 1818 1408 cui

147 1441 444 1496 successit
485 1441 813 1506 Baldricus,
861 1441 1131 1496 moribus
1188 1442 1530 1513 przeclarus.
1597 1443 1817 1496 Eodem

143 1546 310 1586 anno
342 1529 626 1603 Atalpero
674 1531 941 1594 clericus,
974 1531 1193 1599 reginae
1229 1532 1423 1600 frater,
1456 1532 1579 1602 regi
1611 1532 1819 1586 adver-

145 1619 343 1674 sarius
401 1619 886 1675 abominationes
947 1620 1167 1674 multas
1216 1620 1554 1679 concitavit,
1609 1626 1817 1676 contra

145 1724 328 1762 omne
351 1708 453 1778 jus
488 1714 544 1763 et
573 1708 664 1764 fas
697 1709 993 1764 Treverim
1045 1725 1182 1764 cum
1212 1709 1333 1763 suis
1364 1709 1476 1763 sibi
1506 1711 1815 1782 mancipa-

143 1795 248 1861 vit,
283 1798 490 1868 sicque
522 1796 814 1852 discessit.
873 1800 1257 1870 Compertum
1289 1813 1546 1869 cumque
1592 1799 1647 1853 id
1693 1801 1815 1869 regi

1930 639 2072 694 mali
2103 645 2368 712 tempore
2403 658 2561 714 saepe
2610 641 2854 699 fiebant.

2007 729 2159 784 1010.
2205 731 2517 786 Ansfridus
2566 732 2904 804 episcopus,
2957 733 3178 788 meritis
3238 733 3585 806 prmelarus,

1929 818 2192 889 primum
2224 819 2565 890 imperatori
2583 825 2817 876 terreno
2843 826 3139 877 armatam
3163 822 3435 878 militiam
3447 822 3591 879 ﬁde-

1928 905 2057 960 liter
2088 907 2587 978 administrando,
2619 909 2834 964 deinde
2856 911 3105 966 creatori
3132 911 3432 966 humiliter
3448 911 3589 966 obe-

1929 994 2168 1061 diendo,
2201 997 2418 1052 divinis
2445 1014 2506 1052 se
2536 999 2901 1070 mancipat/1t
2930 1000 3260 1071 praeceptis.
3304 1000 3441 1056 Ideo
3473 1001 3587 1056 vir-

1930 1083 2154 1138 tutibus
2187 1085 2395 1141 enituit
2425 1087 2671 1156 insignis
2699 1105 2710 1153 ;
2740 1087 2985 1142 calcatis
3015 1088 3279 1154 terrenis,
3313 1088 3467 1144 intra
3486 1105 3589 1144 an-

1929 1174 2149 1242 gelieos
2173 1176 2302 1245 jam
2330 1176 2499 1231 lmtus
2524 1177 2738 1232 choros
2761 1178 2992 1232 aeternis
3019 1178 3230 1233 fruitur
3251 1179 3449 1236 bonis.
3485 1182 3590 1235 Eo-

1929 1263 2068 1318 dem
2101 1279 2262 1319 anno
2310 1281 2412 1320 rex
2442 1266 2503 1321 in
2559 1267 2998 1339 expeditionem
3059 1285 3198 1323 suas
3228 1269 3588 1324 contrahens

1929 1352 2154 1424 copias,
2189 1353 2493 1410 Poloniam
2523 1355 2848 1410 Sclavonize
2884 1357 3269 1427 quaesiturus,
3302 1357 3406 1411 sed
3461 1373 3586 1429 quo

1926 1441 2075 1494 velle
2107 1440 2386 1502 ducebat.
2438 1443 2684 1504 minime
2718 1449 3131 1515 perventurus,
3189 1461 3325 1499 cum
3375 1444 3586 1515 paucis

1928 1531 2127 1585 media
2181 1533 2486 1586 revertitur
2556 1533 2668 1599 via,
2732 1534 2892 1599 gravi
2958 1534 3268 1601 ingruente
3346 1533 3582 1600 aegritu-

1927 1619 2065 1673 dine
2097 1639 2108 1686 ;
2164 1622 2407 1687 caeteris,
2465 1628 2528 1676 ut
2555 1627 2722 1677 erant
2763 1622 2918 1677 bello
2948 1623 3158 1693 parati,
3188 1623 3449 1694 plurima
3478 1623 3583 1677 de-

1925 1709 2298 1764 vastantibus
2314 1710 2445 1764 loca
2467 1711 2839 1782 multamque
2863 1712 3131 1782 praedam
3151 1728 3353 1766 secum
3383 1727 3584 1783 repor-

1925 1799 2212 1852 tantibus.
2284 1799 2530 1855 Basilica
2604 1800 2663 1854 in
2732 1803 3162 1872 Vongerestorp
3219 1802 3367 1871 (266)
3435 1800 3581 1870 (267)

148 1886 322 1955 foret,
382 1885 541 1941 illico
596 1903 737 1941 suas
770 1888 972 1959 copias
1027 1887 1312 1956 colligens
1361 1888 1648 1956 advenit;
1713 1893 1823 1944 Lu-
1860 1895 1904 1948 Β
1934 1885 2178 1942 fulmine
2226 1887 2554 1942 terribiliter
2603 1889 2835 1943 interiit.
2896 1888 3011 1943 Sed
3065 1890 3282 1944 etenim
3337 1893 3584 1943 cometa

145 1975 374 2031 tharios
408 1975 521 2030 sibi
584 1981 924 2031 resxstentes
946 1976 1168 2048 palatio
1200 1977 1452 2040 obsedit,
1494 1978 1554 2031 l6
1586 1978 1817 2035 hebdo-

141 2063 364 2119 madas
392 2064 474 2118 ibi
505 2064 757 2119 habens.
791 2063 875 2119 Illi
933 2064 1174 2120 tandem
1208 2064 1364 2119 fame
1396 2065 1605 2126 coacti,
1668 2067 1816 2123 falso

143 2151 387 2207 dextras
415 2151 654 2214 dedere.
690 2168 891 2224 regem
923 2158 978 2208 et
1031 2169 1171 2207 suos
1201 2169 1466 2208 remeare
1515 2154 1724 2224 fecere,
1755 2157 1815 2211 in

145 2257 256 2296 sua
289 2241 546 2313 perﬁdia
587 2241 978 2297 nihilominus
1010 2246 1456 2315 permanentes.
1520 2243 1674 2298 Obiit
1707 2245 1817 2300 Hil-

144 2330 382 2385 dericus
415 2329 913 2399 Havelbergensis
973 2330 1316 2402 episcopus,
1375 2331 1469 2384 cui
1527 2333 1817 2387 successit

146 2420 370 2475 Ericus.

217 2527 376 2583 1009.
412 2526 616 2583 Subita
647 2531 704 2583 et
732 2526 952 2582 nostris
968 2527 1340 2600 temporibus
1371 2527 1608 2584 insolita
1625 2546 1813 2603 aqua-

143 2634 278 2672 rum
312 2615 533 2672 refusio
574 2617 728 2673 facta
759 2620 847 2671 est
869 2619 897 2672 3
932 2615 1012 2672 ld.
1045 2615 1330 2687 Januarii,
1367 2617 1507 2672 feria
1525 2618 1810 2686 secunda,

140 2706 288 2763 luna
328 2707 413 2774 10,
441 2705 644 2761 multis
676 2705 970 2760 damnum
998 2705 1278 2771 inferens,
1322 2711 1351 2761 7
1379 2706 1592 2762 diebus
1623 2708 1682 2762 in
1705 2725 1814 2764 sua

142 2797 308 2852 rabie
365 2795 635 2869 perstitit.
696 2794 850 2850 Obiit
911 2795 1218 2849 Retharius
1287 2795 1814 2852 Patherbrunensis

141 2885 488 2961 episcopus,
519 2883 612 2939 cui
642 2883 925 2938 successit
951 2884 1360 2954 Meginwerck.
1397 2890 1645 2940 sanctus
1680 2889 1814 2942 Bru-

140 2991 239 3044 no,
274 2974 383 3048 qui
415 2972 880 3044 cognominatur
921 2973 1281 3038 Bonifacius,
1319 2975 1812 3049 archiepiscopus

140 3062 584 3123 etmonachus,
614 3061 668 3114 ll
707 3062 853 3134 (262)
905 3078 1026 3116 suae
1068 3061 1474 3117 conversionis
1535 3079 1696 3118 anno
1755 3063 1813 3119 in

141 3151 408 3209 continio
443 3151 669 3206 Ruscize
701 3154 755 3205 et
781 3151 956 3205 Lituze
990 3167 1025 3205 a
1051 3151 1306 3223 paganis
1357 3152 1548 3224 capite
1582 3153 1810 3224 plexus,

1927 1975 2035 2029 visi
2062 1981 2215 2031 sunt.

2002 2082 2154 2138 101i.
2183 2081 2560 2138 Bernhardus
2592 2083 2736 2152 dux,
2771 2099 2806 2138 a
2862 2098 2998 2152 rege
3040 2081 3359 2149 secundus,
3389 2081 3584 2137 multi-

1927 2171 2094 2235 genis
2128 2171 2432 2246 sapientire
2493 2171 2748 2227 scientiae
2780 2171 3135 2244 pietatisque
3177 2171 3353 2226 donis
3387 2170 3586 2226 fecun-

1923 2259 2038 2314 dus
2070 2260 2383 2315 invehitur.
2416 2262 2604 2326 Quem
2635 2261 3060 2316 lamentatione
3085 2261 3358 2328 dignum,
3401 2260 3459 2314 l8
3489 2259 3585 2314 die

1925 2349 2188 2402 moriens
2219 2355 2458 2403 secutus
2489 2355 2576 2403 est
2609 2349 2934 2417 Liudgerus
2961 2366 3183 2417 eomes,
3210 2349 3385 2404 frater
3416 2365 3581 2402 suus.

1923 2438 2254 2493 Pestilentia
2275 2444 2329 2493 et
2354 2439 2702 2506 mortalitas,
2749 2439 3020 2494 inaudita
3052 2443 3400 2511 tempestate
3460 2437 3588 2492 ubi-

1923 2543 2040 2599 que
2086 2528 2350 2595 gentium
2406 2528 2789 2594 monasteria,
2848 2528 3089 2583 castella
3119 2533 3175 2582 et
3223 2526 3449 2600 oppida
3487 2526 3588 2582 de-

1922 2621 2247 2684 vastantes,
2278 2616 2626 2672 desaeviunt.
2689 2617 2887 2672 Hiems
2947 2617 3183 2672 insolita
3229 2616 3585 2694 pruinarum

1923 2704 2236 2776 asperitate
2264 2704 2602 2776 importune
2652 2705 2853 2772 longa,
2888 2705 2966 2759 ita
3000 2709 3059 2758 ut
3092 2703 3230 2758 solis
3269 2703 3462 2759 calore
3493 2702 3584 2758 in-

1925 2792 2236 2848 solubilem
2267 2793 2517 2847 multum
2551 2793 2833 2864 temporis
2883 2793 3131 2862 glaciem
3164 2793 3457 2854 retineret,
3513 2807 3585 2847 ac

1922 2883 2110 2937 multa
2141 2899 2392 2957 corpora
2421 2883 2733 2938 hominum
2794 2882 3080 2952 languida
3106 2882 3398 2937 redderet.
3433 2880 3587 2937 Obiit

1923 2971 2238 3041 Willigisus
2293 2971 2803 3043 archiepiscopus,
2865 2973 3036 3041 cujus
3061 2971 3192 3026 loco
3227 2970 3587 3038 subrogatur

1925 3061 2336 3116 Erkenboldus
2393 3061 2698 3116 Fuldensis
2756 3061 2972 3127 abbas,
3033 3060 3240 3115 merito
3289 3059 3585 3130 gaudens,

1923 3151 2108 3222 patris
2139 3151 2382 3205 nomine
2409 3153 2656 3219 retento,
2689 3154 2745 3204 et
2801 3149 3119 3222 pastoralis
3163 3147 3438 3204 culminis
3488 3149 3589 3202 ho-

141 3259 279 3298 cum
313 3241 438 3296 suis
470 3245 552 3306 18,
585 3247 615 3294 7
651 3239 734 3295 Id.
770 3240 950 3296 Martii
983 3240 1147 3314 petiit
1200 3240 1402 3296 caelos.
1466 3241 1620 3296 Obiit
1667 3242 1818 3311 Wig-
1857 3245 1899 3303 C
1929 3255 2072 3295 nore
2105 3239 2568 3312 suseepto.Obiit
2599 3239 2770 3294 Asico
2804 3240 2949 3308 (268)
2981 3237 3272 3310 presbiter
3300 3237 3584 3292 inclusus.

140 3331 348 3387 bertus
409 3327 913 3393 Merseburgensis
967 3329 1306 3402 episcopus,
1365 3329 1458 3384 cui
1531 3331 1813 3385 successit

141 3419 542 3476 Thiatmarus.
591 3417 703 3472 Sed
736 3421 792 3472 et
821 3417 1125 3472 dominica
1157 3417 1251 3472 die
1305 3418 1643 3474 Palmarum
1677 3423 1810 3490 gut-

146 3514 212 3564 tze
243 3507 561 3576 sanguinis
592 3507 653 3562 in
684 3506 1056 3578 quibusdam
1099 3506 1244 3560 locis
1276 3507 1645 3562 vestimentis
1701 3509 1809 3563 ho-

143 3599 376 3656 minum
411 3595 801 3652 instillabant.
837 3595 935 3650 Sol
963 3594 1181 3649 nebula
1231 3595 1494 3650 horribili
1529 3601 1584 3650 et
1614 3596 1809 3654 colore

144 3687 442 3761 stupendo
473 3691 761 3754 mutatus,
797 3685 1158 3740 mirantibus
1217 3685 1570 3742 intuentium
1621 3687 1809 3742 oculis

143 3778 301 3833 velut
334 3776 708 3846 sanguineus
741 3791 808 3830 ac
839 3774 1036 3830 minor
1067 3791 1127 3829 se
1182 3776 1347 3829 visus
1395 3780 1677 3830 terrorem
1725 3775 1812 3831 in-

140 3867 324 3923 cussit
355 3873 384 3922 3
420 3865 550 3922 Kal.
587 3865 733 3930 Maii,
769 3864 913 3921 feria
945 3869 996 3931 6,
1029 3863 1170 3919 luna
1204 3864 1218 3918 l
1268 3883 1279 3931 ;
1331 3864 1572 3919 duobus
1598 3865 1811 3922 diebus

141 3957 286 4013 tales
331 3956 529 4012 minas
581 3955 924 4021 ostendens,
962 3954 1128 4010 tertio
1178 3953 1272 4009 die
1304 3955 1401 4011 vix
1434 3956 1676 4029 proprio
1729 3956 1742 4010 l
1775 3975 1812 4010 :-

141 4047 303 4102 mine
338 4045 605 4102 vestitur.
640 4043 972 4100 Pestilentia
1001 4049 1057 4099 et
1082 4043 1413 4099 mortalitas
1445 4045 1694 4114 graviter
1762 4068 1814 4096 ι·-

143 4143 294 4193 cutze
333 4141 492 4191 sunt.
529 4138 647 4191 Rex
677 4134 890 4190 iterum
922 4149 1146 4203 magno
1201 4133 1404 4189 dolore
1438 4134 1617 4192 simul
1643 4141 1693 4190 et
1733 4138 1816 4192 ira

145 4230 511 4294 commotus,
552 4223 611 4280 in
647 4223 958 4280 Franciam
981 4221 1312 4288 revertitur,
1365 4227 1421 4279 et
1449 4223 1508 4278 in
1538 4223 1814 4296 pluribus

145 4316 291 4373 locis
319 4314 511 4370 multa
543 4313 772 4370 damna
803 4317 1142 4385 perpetrata
1176 4317 1313 4368 sunt
1345 4330 1356 4368 :
1387 4312 1588 4386 ibique
1615 4331 1820 4387 perac-

95 4461 105 4464 _
147 4411 202 4460 ta
235 4408 442 4459 testate
470 4402 642 4458 rediit
668 4401 728 4458 in
759 4401 1083 4457 Saxoniam
1111 4401 1258 4471 (263)
1293 4401 1417 4457 sine
1448 4418 1615 4475 pace.
1653 4404 1821 4460 Dedit

146 4510 352 4550 comes
383 4493 493 4548 iter
524 4508 710 4560 agens
739 4508 774 4546 a
832 4491 1174 4546 Werinzone
1235 4493 1378 4561 (264)
1429 4497 1483 4547 et
1524 4492 1816 4550 Friderico

1923 3329 2145 3383 Eodem
2176 3344 2336 3382 anno
2395 3333 2424 3382 3
2483 3327 2725 3382 Calend.
2785 3327 3054 3393 Augusti,
3107 3327 3250 3381 feria
3299 3325 3585 3392 secunda,

1920 3417 2063 3471 luna
2091 3419 2179 3479 26,
2212 3416 2424 3471 cecidit
2456 3415 2726 3484 glacialis
2767 3416 2999 3483 grando
3029 3415 3238 3484 ingens
3269 3419 3325 3468 et
3348 3415 3590 3468 horren-

1920 3505 2018 3560 da.
2051 3505 2397 3560 Thietdivus
2427 3503 2584 3560 abba
2619 3509 2739 3560 et...
2773 3505 3128 3570 monachus,
3182 3503 3410 3558 Adhela
3443 3504 3586 3574 (269)

1921 3597 2118 3650 Romae
2159 3594 2389 3648 inclusa
2443 3613 2454 3660 ;
2513 3593 2642 3648 caeli
2697 3593 3109 3648 conscendunt
3166 3595 3410 3646 secreta.
3470 3593 3588 3646 Hoc

1920 3684 2101 3739 etiam
2134 3699 2294 3737 anno
2327 3698 2486 3738 saeva
2518 3699 2681 3737 mors
2711 3682 2785 3736 de
2817 3681 2981 3736 obitu
3029 3680 3397 3750 Hildegardis
3440 3680 3587 3736 duc-

1920 3773 2078 3828 tricis
2109 3771 2443 3827 miserabile
2494 3771 2825 3827 lamentum
2865 3769 3076 3832 intulit,
3132 3769 3279 3824 dum
3330 3769 3587 3841 reliquit,

1921 3862 2087 3936 quod
2117 3862 2322 3917 doluit.
2352 3861 2606 3916 Abstulit
2630 3866 2684 3916 et
2724 3861 2797 3915 de
2827 3859 3008 3928 regali
3063 3863 3377 3914 stemmate
3423 3875 3588 3927 gem-

1922 3969 2089 4008 mam
2143 3950 2523 4008 Machtildam
2585 3949 2984 4012 abbatissam,
3070 3945 3318 4002 Liudolfi
3379 3947 3586 4003 ﬁliam.

1924 4043 2271 4110 Suithgerus
2303 4043 2451 4112 (270)
2476 4039 2797 4113 episcopus
2829 4038 3104 4106 migravit
3141 4037 3216 4093 ad
3270 4038 3589 4108 Christum,

1926 4133 2098 4203 cujus
2127 4131 2258 4187 loco
2318 4130 2681 4200 subrogatur
2731 4128 3072 4184 Thictricus.
3132 4129 3350 4182 Ventus
3381 4128 3592 4198 ingens

1924 4221 2185 4297 plurima
2215 4219 2468 4275 mdificia
2498 4219 2693 4274 subito
2725 4217 2959 4275 turbine
2987 4217 3292 4283 subvertit,
3320 4221 3376 4272 et
3403 4215 3594 4271 multa

1928 4308 2045 4366 alia
2097 4310 2323 4364 damna
2371 4309 2686 4364 commisit.
2749 4307 2882 4379 ipso
2933 4321 3093 4362 anno
3131 4321 3233 4361 rex
3259 4304 3591 4360 Triburiam

1928 4398 2110 4461 venit,
2139 4403 2195 4452 et
2231 4413 2386 4452 nova
2441 4396 2601 4451 caede
2636 4411 2884 4450 suorum
2914 4394 3122 4449 merito
3155 4393 3337 4463 gemit
3371 4411 3383 4459 ;
3443 4392 3592 4446 inter

1929 4504 2103 4559 quos,
2147 4486 2319 4558 quasi
2371 4485 2537 4558 pacis
2590 4483 2779 4554 gratia
2825 4481 3186 4537 irruentibus
3233 4480 3590 4536 adversariis

143 4582 415 4657 patruele
441 4582 572 4651 ejus
595 4581 668 4635 de
728 4580 1056 4653 improviso
1107 4597 1243 4635 cum
1285 4579 1424 4636 dolo
1479 4580 1822 4639 interfectus
1859 4598 1901 4649 Β
1930 4576 2104 4646 regis,
2156 4575 2423 4630 Heinrico
2475 4579 2530 4629 et
2592 4572 2839 4640 caeteris
2875 4577 3051 4643 capto
3081 4567 3387 4626 Thiedrico
3436 4567 3590 4624 duce

144 4677 250 4728 est.
295 4669 581 4726 Incendia
608 4668 866 4742 plurima
899 4667 1054 4724 facta
1114 4672 1252 4724 sunt
1291 4683 1396 4739 per
1434 4667 1586 4737 loca,
1619 4669 1699 4726 ita
1756 4677 1816 4727 ut

145 4766 201 4818 et
230 4759 513 4824 homines
547 4759 604 4814 in
637 4757 908 4830 quodam
967 4757 1099 4812 vico
1125 4756 1317 4813 exusti
1350 4757 1669 4815 interirent.
1721 4763 1817 4818 Fe-

145 4850 398 4918 cit(265)
452 4847 792 4903 Fricherum
845 4861 1070 4902 comes.
1115 4843 1460 4910 Machtildis,
1516 4846 1692 4915 regiae
1726 4865 1819 4906 so-

143 4937 296 4994 roris
329 4935 475 5007 tilia,
507 4933 871 4990 obdormivit
907 4933 965 4988 in
1001 4932 1273 4988 Domino.
1331 4933 1642 5002 Moguntiae
1673 4949 1818 5006 quo-

143 5041 262 5099 que
291 5022 548 5080 basilica
574 5038 730 5078 nova
781 5037 920 5076 cum
971 5019 1257 5075 omnibus
1313 5018 1578 5075 aedificiis
1627 5020 1818 5076 colue-

141 5111 416 5168 rentibus
471 5109 885 5166 miserabiliter
938 5106 1312 5164 consumitur
1341 5105 1498 5176 igne,
1560 5106 1686 5161 sola
1714 5123 1817 5163 ve-

141 5203 248 5260 teri
291 5201 544 5258 ecclesia
600 5204 970 5267 remanente,
1003 5203 1035 5254 4
1070 5197 1188 5256 Cal.
1241 5196 1624 5271 Septembris,
1675 5198 1817 5255 feria

215 5337 362 5406 (261)
395 5335 756 5390 Leodiensis.

215 5404 366 5478 (262)
400 5407 488 5464 XII
526 5406 671 5461 Chr.
706 5407 867 5460 Ann.
894 5404 957 5478 S.

215 5473 364 5544 {263)
398 5479 493 5532 Ila
521 5479 764 5531 σον-φρεσί
785 5492 860 5531 ex
892 5477 1052 5530 Ann.
1085 5474 1145 5530 S.
1182 5473 1528 5547 Hispaniam
1563 5491 1612 5530 ι’.

213 5551 364 5619 (264)
389 5548 772 5604 Werenhario
802 5547 1171 5603 marcbione.
1683 5561 1692 5565 ·

395 5622 496 5676 Ita
526 5619 858 5688 emendavi,
909 5620 1221 5676 annalista
1243 5620 1391 5678 duce
1413 5633 1441 5693 ;
1477 5619 1691 5680 exusti.
1722 5621 1816 5681 In-

213 5709 230 5747 [ν
256 5707 344 5747 eei
399 5707 451 5747 c.

138 5692 372 5750 terfecit
399 5707 451 5747 c.

211 5765 358 5837 (266)
387 5763 489 5819 Ita
517 5761 831 5820 emendavi
853 5765 1248 5834 Ungerestorp
1259 5778 1312 5821 c.

1902 4664 2188 4742 ‘patruele
2222 4681 2350 4730 suo,
2385 4663 2479 4718 alii
2503 4662 2703 4732 gladio
2734 4661 3025 4725 interiere,
3083 4661 3160 4715 ali
3187 4676 3329 4715 vero
3361 4659 3456 4714 vix
3486 4673 3591 4734 po-

1927 4759 2121 4810 terant
2148 4754 2421 4810 evadere.

2005 4936 2158 4988 tOl2.
2194 4931 2348 4990 Obiit
2390 4931 2664 4988 Erluinus
2717 4928 3065 4985 Camerinus
3095 4926 3245 5002 (271)
3291 4924 3436 4994 (272)
3469 4924 3590 4995 epi-

1928 5039 2167 5095 scopus,
2199 5022 2369 5092 cujus
2391 5021 2523 5078 loco
2551 5018 2861 5074 ordinatur
2882 5013 3238 5069 Gerhardus.
3276 5011 3431 5068 Obiit
3458 5013 3591 5067 Her-

1927 5128 2188 5166 mannus
2216 5127 2366 5184 puer
2416 5115 2470 5164 et
2500 5109 2644 5174 dux,
2691 5107 2846 5176 regis
2893 5102 3309 5160 consobrinus.
3365 5100 3588 5157 Eodem

1927 5217 2088 5257 anno
2118 5196 2610 5272 quadragesinali
2630 5201 2896 5268 tempore
2928 5193 3228 5247 monacho
3259 5189 3502 5246 cuidam
3527 5190 3588 5246 in

2002 5336 2148 5406 (267)
2181 5331 2496 5406 Wunstorf.

2001 5398 2140 5475 (268)
2173 5405 2267 5479 Ita
2485 5405 2644 5479 Saxo
2675 5398 2916 5479 ,‘ﬁts‘ico
2943 5414 2992 5453 c.

2001 5470 2144 5550 (269)
2177 5478 2282 5550 (Ιεα-
2303 5476 2462 5528 Ann.
2495 5475 2690 5550 Samon
2714 5470 3035 5550 Deddile‘g.
3176 5544 3185 5550 _
3263 5541 3273 5550 _
3393 5538 3402 5550 .
3545 5537 3556 5548 .

1997 5541 2146 5617 (270)
2165 5546 2488 5613 Suthgerus
2510 5559 2560 5599 ε.
2595 5542 2911 5611 Suicgerus
2966 5541 3438 5597 Monasteriensis
3464 5541 3589 5610 epi-

1925 5635 2145 5747 sc?‘g)7}isi
2173 5619 2627 5745 éggeracensis
2655 5685 2818 5747 Ann.
2848 5685 3035 5744 Saxo.

2019 5755 2147 5827 272)
2181 5755 2646 5830 Cameracensis.
