3968 6400
421 286 524 341 563

1329 287 1595 371 ANNAL.
1639 285 2081 342 HILDESHEIM.
2125 285 2500 352 QUEDLINB.
2549 285 2921 342 WEISSEMB.

3753 287 3855 338 544

1384 409 1714 466 ANNALES
1736 409 2474 476 QUEDLINBURGENSES.
2510 411 2579 464 A.
2625 413 2782 465 1013.

421 535 610 591 extasi
637 539 811 606 rapto
841 537 1080 588 ostensa
1107 536 1196 587 est
1218 531 1368 588 visio
1391 533 1702 600 mirabilis,
1729 551 1864 606 qua
1885 549 2081 606 quan-
2118 533 2169 588 Α
2199 537 2459 590 acturus.
2511 533 2680 595 Quod
2723 531 2879 602 regis
2937 529 3243 586 decretum
3291 530 3374 586 illi
3412 529 3857 604 aliquantulum

420 627 549 679 tum
579 621 852 679 terribilis
878 620 1103 692 impiis,
1130 624 1363 676 tantum
1382 622 1741 694 pradicatur
1763 623 2082 679 laudabilis

420 712 553 784 piis.
589 713 652 768 In
683 709 1176 778 Bavanbergensi
1226 711 1466 767 castello
1495 712 1756 768 Francia
1786 712 2083 768 dedicatio

419 800 685 856 ecclesia
712 799 870 855 facta
894 802 1001 864 est,
1039 798 1101 854 10
1146 813 1309 854 anno
1353 800 1522 869 regni
1552 800 1800 856 Heinrici
1840 801 2022 871 regis,
2051 805 2082 856 2

419 893 569 946 Non.
595 889 744 956 Maii,
778 892 844 944 36
875 887 1175 960 episcopis
1204 888 1264 942 in
1295 888 1353 943 id
1381 889 1578 961 operis
1607 890 1937 946 destinatis.
1992 889 2084 944 In-

419 981 682 1034 tererant
709 977 887 1033 etiam
919 976 1082 1045 regio
1105 977 1326 1045 gaudio
1348 977 1612 1033 domina
1641 995 1875 1035 sorores
1897 979 2084 1035 abba-

421 1067 601 1134 tissa,
635 1067 858 1140 Sophia
888 1071 944 1121 et
973 1065 1321 1137 Adelheida,
1351 1068 1516 1139 quod
1555 1074 1678 1124 erat
1717 1069 1948 1138 insigne
1979 1068 2082 1124 de-

421 1172 528 1211 cus
553 1154 953 1228 imperatoria
988 1153 1161 1210 aula.
1219 1155 1440 1211 Aderat
1469 1161 1525 1212 et
1560 1156 1923 1212 incredibilis
1978 1157 2088 1212 fre-

419 1244 666 1316 quentia
696 1243 834 1299 cleri
860 1259 930 1298 ac
953 1241 1184 1316 populi,
1218 1242 1369 1298 inter
1397 1260 1552 1316 quos
1604 1245 1806 1300 multis
1853 1245 1968 1301 reis
1991 1246 2084 1301 in-

418 1331 727 1402 dulgentia
758 1348 795 1388 a
823 1347 962 1402 rege
993 1331 1220 1387 donata
1249 1335 1356 1398 est,
1409 1332 1538 1388 aliis
1565 1334 1741 1390 venia
1769 1335 2089 1408 repromis-

419 1437 508 1476 sa.
541 1420 696 1477 Obiit
726 1421 949 1489 Tagino
981 1420 1470 1494 archiepiscopus
1504 1424 2084 1497 Parthenopolensis,

417 1508 641 1565 meritis
679 1508 1028 1580 praclarus,
1082 1510 1176 1564 cui
1229 1509 1518 1566 successit
1560 1510 1970 1579 Walthardus,
2000 1528 2091 1568 sa-

414 1597 653 1672 pientia
708 1598 1091 1670 scientiaque
1155 1600 1289 1654 luce
1338 1599 1625 1671 fulgidus,
1682 1600 1898 1671 pietate
1940 1601 2088 1656 nulli

416 1686 737 1743 secundus.
793 1687 948 1743 Obiit
1021 1690 1258 1756 Vunger
1314 1688 1634 1760 episcopus
1686 1691 1850 1761 (273).
1935 1690 2088 1746 Obiit

415 1776 709 1832 Thietmer
729 1777 1042 1848 presbyter
1067 1782 1123 1832 et
1144 1778 1502 1832 monachus.
1555 1779 1616 1834 In
1647 1779 1916 1851 quadam
1947 1779 2089 1836 villa

2191 622 2486 688 timentes,
2541 621 2769 690 legatos
2826 619 2900 674 de
2944 633 3095 690 pace
3121 618 3415 674 miserunt
3460 619 3697 676 veniam
3727 636 3855 692 pre-

2192 711 2408 767 cando.
2446 712 2716 776 Quorum
2741 707 3030 764 voluntati
3051 722 3175 776 rex,
3203 707 3428 763 recenti
3456 708 3704 764 vulnere
3726 725 3856 764 sau-

2193 801 2339 870 cius,
2363 816 2487 856 non
2518 799 2820 865 satisfecit,
2869 797 2974 853 sed
3021 796 3270 852 consilio
3327 801 3530 853 tamen
3587 797 3856 854 ﬁdelium

2193 906 2442 946 suorum
2463 889 2774 959 Moguntia
2792 904 2854 943 se
2875 886 3118 943 videndi
3145 885 3448 943 licentiam
3487 887 3668 943 dedit.
3730 889 3857 951 Quo

2193 979 2444 1052 quidam
2475 995 2547 1035 ex
2576 978 2687 1034 illis
2711 977 2908 1034 venire
2948 975 3341 1046 neglexerunt
3368 995 3380 1044 ;
3426 975 3524 1032 alii
3565 976 3722 1046 regis
3753 977 3862 1032 im-

2193 1068 2380 1141 perio,
2409 1072 2473 1123 ut
2497 1067 2716 1134 decuit,
2748 1070 3079 1140 paruerunt
3104 1083 3117 1132 ;
3167 1064 3306 1119 inde
3331 1081 3454 1120 non
3483 1065 3729 1134 integra
3756 1082 3859 1139 pa-

2195 1157 2278 1213 cis
2295 1156 2517 1226 gaudia
2544 1159 2938 1229 reportantes,
2997 1153 3105 1208 sed
3134 1152 3450 1210 ﬁrmanda
3480 1154 3678 1210 adhuc
3729 1171 3862 1210 sus-

2194 1245 2418 1319 pendia
2446 1249 2847 1317 expectantes,
2879 1243 3097 1299 reversi
3147 1249 3285 1298 sunt
3308 1243 3370 1298 in
3411 1259 3542 1299 sua.
3577 1244 3862 1316 Expulsio

2193 1334 2539 1389 Judaorum
2571 1333 2728 1388 facta
2760 1337 2852 1388 est
2891 1347 2927 1388 a
2972 1347 3111 1402 rege
3169 1331 3231 1387 in
3260 1333 3562 1403 Moguntia
3593 1351 3607 1400 ;
3658 1332 3764 1388 sed
3809 1335 3866 1386 et

2195 1421 2584 1496 quorundam
2613 1421 3030 1477 hareticorum
3055 1421 3312 1477 refutata
3341 1427 3430 1478 est
3456 1420 3715 1476 insania.

2279 1515 2426 1568 1013.
2504 1513 2645 1566 Dua
2722 1510 2981 1566 lucerna
3039 1510 3339 1579 ardentes,
3419 1510 3651 1566 mundo
3718 1508 3866 1564 sub-

2197 1605 2417 1667 tracta,
2472 1600 2882 1655 reconduntur
2945 1599 3116 1666 calo,
3176 1599 3426 1655 Lievitzo
3463 1598 3867 1655 Hammabur-

2198 1689 2396 1758 gensis
2427 1688 2935 1760 archiepiscopus,
2992 1691 3050 1743 et
3093 1687 3394 1759 Wonleph
3451 1688 3764 1760 presbyter
3812 1691 3872 1742 et

2198 1777 2536 1833 monachus
2564 1776 2880 1832 solitarius.
2911 1777 3240 1848 Episcopus
3270 1780 3472 1831 autem
3517 1776 3576 1829 vi
3603 1775 3871 1829 febrium

415 1866 724 1921 Saxonica
772 1866 1021 1932 Suevia,
1094 1867 1379 1921 Cocstede
1437 1868 1581 1938 (274)
1641 1868 1905 1935 nomine,
1962 1869 2086 1925 nati
2122 1885 2168 1940 Β
2198 1870 2525 1938 correptus,
2559 1881 2696 1920 cum
2727 1864 2950 1920 laboris
3011 1865 3100 1918 sui
3140 1863 3458 1935 pramium
3513 1863 3871 1918 imminente

415 1959 555 2010 sunt
593 1955 813 2024 gemini
864 1954 1075 2009 fratres
1127 1971 1266 2010 cum
1313 1956 1616 2022 dentibus,
1663 1973 1731 2011 os
1799 1957 2088 2013 habentes

415 2041 592 2113 quasi
621 2057 765 2096 aves
797 2042 960 2112 (275),
995 2041 1142 2096 alter
1171 2058 1313 2096 vero
1344 2041 1625 2097 dextrum
1655 2043 1973 2100 brachium
2005 2045 2090 2100 di-

415 2129 693 2197 midium,
721 2133 786 2184 ut
814 2129 911 2184 ala
937 2129 1065 2184 avis
1086 2131 1256 2198 (275).
1290 2130 1480 2184 Tertia
1522 2131 1849 2186 nativitatis
1881 2132 1976 2187 die
2003 2133 2089 2188 di-

416 2222 635 2273 cuntur
662 2217 814 2272 inter
845 2234 906 2272 se
932 2218 1153 2274 risisse.
1184 2220 1346 2283 Quos
1379 2218 1535 2273 civili
1564 2219 1811 2288 contigit
1840 2237 2089 2277 consen-

418 2323 490 2362 su
519 2305 694 2373 mori,
727 2306 872 2378 quia
901 2322 1004 2362 eos
1052 2305 1158 2360 diu
1185 2306 1378 2361 vivere
1405 2311 1532 2362 erat
1561 2309 1844 2364 omnibus
1889 2310 2083 2366 timor.

418 2395 643 2451 Eodem
665 2410 827 2450 anno
849 2395 911 2450 in
929 2395 1199 2457 Francia,
1226 2412 1368 2452 vero
1395 2412 1519 2451 non
1543 2397 1720 2466 longe
1753 2413 1789 2454 a
1819 2399 2085 2468 Colonia,

418 2485 546 2540 viro
569 2484 818 2557 quidam
851 2485 982 2540 dira
1036 2485 1269 2541 misera
1318 2487 1528 2541 mortis
1580 2487 1882 2544 inducitur
1920 2489 2086 2559 ultio,

417 2573 584 2646 quod
614 2573 892 2628 muribus
942 2573 1315 2630 invisibiliter
1361 2575 1693 2631 incredibili
1734 2578 1919 2634 modo
1964 2596 2091 2635 cor-

416 2653 615 2729 résus,
638 2662 840 2718 multis
872 2679 1121 2718 suorum
1152 2664 1561 2720 curationibus
1611 2665 1950 2734 frustratus,
2009 2668 2089 2724 ad

417 2755 688 2806 extrema
715 2767 907 2823 usque
933 2752 1222 2824 pervenit.
1258 2755 1469 2823 Magna
1496 2754 1674 2809 etiam
1706 2756 1963 2828 apiratis
1988 2757 2089 2812 de-

417 2840 770 2896 vastationis
799 2839 1001 2896 clades
1025 2841 1185 2896 facta
1212 2847 1299 2896 est
1320 2842 1378 2896 in
1408 2843 1680 2915 partibus
1703 2845 2002 2917 aquilonis
2027 2847 2088 2902 in

417 2928 732 3000 provincia
790 2944 912 2984 una
943 2929 1114 2998 (276),
1149 2929 1229 2984 ita
1257 2936 1321 2984 ut
1348 2931 1552 2986 multis
1582 2932 1920 3004 interfectis,
1960 2935 2090 2990 aliis

418 3016 836 3072 miserabiliter
888 3018 1101 3088 captis,
1156 3019 1377 3073 exustis
1405 3019 1652 3092 insuper
1691 3022 2090 3094 plurimorum

420 3103 688 3159 adiﬁciis
715 3121 855 3159 cum
884 3104 1318 3176 pertinentibus
1346 3105 1542 3176 bonis,
1570 3110 1746 3180 pauci
1787 3111 1888 3166 vix
1908 3112 2090 3168 veluti

419 3192 570 3247 nudi
599 3193 935 3248 evaderent.
975 3193 1172 3248 Terra
1202 3200 1402 3249 motus
1432 3211 1540 3267 per
1567 3196 1702 3252 loca
1717 3198 2090 3258 ﬁebant.Hoc

421 3283 603 3338 etiam
633 3298 795 3338 anno
827 3283 1151 3338 commotio
1183 3283 1336 3339 aeris
1363 3302 1501 3340 cum
1525 3287 1743 3342 tonitru
1773 3293 1830 3343 et
1860 3289 2093 3360 fulgure

421 3375 480 3426 et
505 3370 862 3426 inundantia
911 3371 1254 3444 pluviarum
1285 3378 1452 3429 tanta
1477 3375 1634 3432 facta
1654 3382 1743 3432 est
1780 3381 1813 3434 4
1844 3379 1928 3435 Id.
1972 3383 2094 3437 Au-

421 3459 604 3530 gusti,
647 3464 712 3514 ut
760 3459 948 3516 biduo
987 3476 1399 3532 perseverans,
1442 3466 1814 3538 perplurima
1864 3469 2095 3526 damna

418 3552 754 3620 perageret,
832 3549 1050 3605 domos
1096 3550 1318 3606 multas
1350 3568 1486 3608 cum
1548 3555 1670 3609 suis
1722 3559 2095 3628 utensilibus,

416 3651 529 3693 nec
569 3653 693 3693 non
744 3653 991 3693 acervos
1032 3638 1276 3707 frugum
1319 3643 1760 3713 pessundaret;
1811 3647 2090 3704 homines

416 3741 660 3798 quoque
697 3726 1191 3799 periclitarentur.
1232 3728 1648 3786 Waldhardus
1692 3735 2094 3808 archiepisco-

414 3831 531 3888 pus
553 3821 820 3872 extrema
871 3817 1134 3883 sortitus,
1194 3835 1334 3874 cum
1363 3821 1592 3876 Christo
1627 3822 1854 3879 felicius
1907 3827 2092 3883 victu-

417 3920 545 3966 rus,
569 3903 714 3959 vixit
734 3909 870 3975 post
891 3905 1124 3960 obitum
1156 3907 1482 3975 Taginonis
1505 3911 1780 3967 antistitis
1804 3919 1891 3969 ter
1922 3920 2090 3971 terno

417 3991 948 4046 hebdomadarum
978 4008 1232 4048 numero
1253 4001 1311 4050 et
1337 4001 1511 4052 nocte
1541 4015 1680 4054 una.
1701 4002 1860 4057 Sedit
1888 4010 2089 4060 autem

415 4079 477 4135 in
509 4079 859 4152 episcopatu
885 4087 1114 4153 septem
1147 4084 1518 4153 septimanas
1534 4093 1869 4162 noctesque
1888 4093 2086 4161 binas,

419 4168 643 4223 trinum
674 4174 732 4223 et
782 4184 973 4224 unum
1015 4172 1203 4225 Deum
1256 4187 1357 4226 ore
1411 4175 1820 4245 praedicando,
1871 4187 2088 4236 unctus

416 4257 635 4328 Spiritu
688 4262 917 4322 sancto,
949 4273 1164 4330 pacem
1193 4259 1253 4313 in
1276 4260 1531 4317 invicem
1563 4269 1619 4319 et
1669 4265 1730 4320 in
1759 4283 1970 4323 omnes
2000 4286 2091 4326 ec-

415 4346 627 4401 clesias
659 4347 757 4401 Dei
789 4347 850 4401 in
873 4347 1187 4403 dilectione
1221 4349 1321 4404 Dei
1370 4355 1427 4406 et
1452 4353 1710 4423 proximi
1740 4372 2087 4429 praparan-

414 4435 515 4490 do.
547 4437 683 4490 Post
713 4452 842 4506 ejus
900 4441 1154 4491 mortem
1206 4438 1542 4506 Bolislawo,
1598 4443 1802 4499 multis
1845 4447 2088 4504 milibus

416 4539 665 4578 suorum
691 4525 1029 4591 contractis,
1089 4526 1439 4583 Dalmantia
1458 4530 1494 4544 "
1521 4532 1807 4588 terminos
1833 4551 2088 4610 occupa-

414 4612 519 4678 vit,
551 4613 765 4668 urbem
828 4613 1023 4670 Coloci
1071 4615 1236 4686 (277),
1268 4617 1496 4672 noviter
1538 4619 1930 4679 instauratam
1981 4625 2090 4682 do-

415 4700 541 4755 lose
572 4708 897 4773 expugnat,
919 4708 976 4758 et
1003 4704 1281 4777 utrinque
1304 4722 1530 4775 magna
1574 4713 1772 4780 strage
1823 4721 2088 4784 peracta,

417 4804 559 4843 cum
589 4790 840 4861 captivis
867 4791 1084 4846 nostris
1135 4792 1299 4847 domi
1325 4809 1604 4850 reversus
1645 4801 1751 4852 est.
1779 4802 2091 4858 Conradus

415 4876 543 4930 dux
571 4877 748 4946 regia
772 4878 969 4949 stirpis
997 4880 1339 4935 humanum
1369 4881 1639 4938 debitum
1674 4885 2092 4946 exolvit.Hein-

415 4964 574 5020 ricus
600 4982 703 5020 rex
724 4966 802 5022 ad
858 4967 1006 5022 festa
1046 4969 1232 5022 sancti
1287 4970 1514 5025 Martini
1561 4973 1946 5031 Confluentia
1995 4993 2092 5034 ve-

415 5053 607 5120 niens,
643 5070 931 5124 magnam
956 5058 1259 5128 synodum
1278 5058 1509 5129 habuit,
1528 5061 1942 5119 Thiedoricum
1977 5069 2088 5122 Me-

416 5148 648 5198 tensem
670 5145 1020 5217 episcopum
1085 5152 1448 5218 ceterosque
1477 5149 1589 5204 sibi
1625 5152 1874 5208 rebelles
1901 5171 2088 5211 causa

419 5229 774 5301 damnandi,
805 5234 854 5288 si
884 5235 1110 5290 nollent
1141 5237 1429 5306 converti,
1461 5241 1519 5293 et
1547 5238 1665 5294 alia
1690 5242 1977 5314 perplura
2005 5244 2088 5300 ibi

491 5354 642 5436 (22:?)
659 5357 963 5436 wugerus
975 5361 1396 5436 Posnaviensis
1422 5362 1742 5436 episcopus
1756 5366 1919 5422 Ann.
1933 5369 2084 5425 Sam.

495 5427 621 5489 (274
631 5438 642 5490 )
668 5426 1010 5485 Kochstedt.

517 5497 645 5564 275)
673 5499 852 5552 Anca
881 5503 1042 5557 Ann.
1069 5503 1216 5558 Chr.

519 5567 644 5623 276)
681 5568 849 5621 Unna
879 5573 1039 5625 Ann.
1075 5573 1221 5628 Chr.
1254 5574 1317 5630 S.

507 5635 894 5716 [2’77.)1,ρι)δυ,
927 5641 1126 5716 Libije,
1164 5644 1398 5716 Lobije;
1433 5647 1731 5705 annalista
1753 5651 2086 5709 Libuzuam

428 5704 648 5772 scribit,
682 5704 1182 5784 chronOgraphus
1209 5704 1437 5772 EoZoci.

2190 1956 2321 2026 jam
2351 1958 2542 2008 morte
2573 1969 2610 2008 a
2637 1956 2755 2008 Deo
2779 1956 3065 2024 speraret,
3096 1957 3159 2007 ut
3189 1956 3316 2007 erat
3341 1951 3543 2006 nimia
3577 1951 3868 2018 caritatis,

2195 2040 2556 2114 providebat
2601 2040 2722 2095 suis
2752 2043 2996 2112 portum
3044 2039 3268 2095 salutis.
3332 2042 3468 2095 Erat
3509 2040 3563 2094 ei
3612 2039 3869 2111 quidam

2195 2129 2454 2184 vicarius
2483 2129 2633 2184 inter
2673 2129 2920 2184 clericos
2962 2127 3282 2200 specialius
3336 2127 3671 2192 familiaris,
3721 2127 3872 2199 quia

2197 2216 2473 2272 nobiliter
2499 2217 2712 2283 ﬁdelis,
2743 2216 2935 2284 Odda,
2968 2233 3150 2289 quem
3203 2215 3420 2271 divina
3460 2217 3872 2288 humanaque

2196 2305 2343 2374 legis
2371 2305 2617 2361 scientia
2665 2306 2939 2378 adprime
2997 2305 3321 2372 eruditum,
3383 2305 3732 2378 episcopatu
3781 2304 3873 2359 di-

2199 2395 2555 2464 gnissimum
2609 2395 2966 2466 pradicans,
3016 2395 3144 2466 ipse
3200 2394 3432 2466 primus
3491 2398 3700 2450 sancta
3736 2409 3876 2449 ora-

2197 2483 2356 2538 tione
2388 2483 2446 2537 in
2469 2482 2530 2537 id
2560 2483 2756 2555 operis
2805 2483 3023 2552 elegit;
3077 2483 3296 2538 deinde
3356 2483 3493 2539 cleri
3533 2499 3602 2538 ac
3657 2480 3873 2555 populi

2197 2571 2563 2627 unanimiter
2591 2571 2982 2627 acclamantis
3011 2572 3224 2627 eadem
3255 2577 3395 2628 vota
3424 2571 3738 2644 persensit,
3800 2586 3872 2624 ac

2200 2661 2282 2716 sic
2305 2661 2477 2715 latus
2506 2660 2873 2716 obdormivit
2893 2661 2952 2715 in
2987 2661 3401 2733 Christo(278).
3431 2660 3544 2717 Sed
3561 2659 3716 2729 regis
3746 2659 3874 2714 ani—

2199 2766 2336 2805 mus
2361 2749 2606 2804 immitis
2638 2751 2806 2820 (279),
2831 2753 2888 2804 et
2926 2750 3190 2806 habendi
3247 2749 3468 2805 misera
3499 2749 3642 2814 sitis,
3672 2748 3877 2803 renuit

2201 2838 2674 2910 supplicantium
2724 2853 2952 2909 preces,
2981 2837 3424 2894 contemnendo
3461 2837 3732 2893 ﬂentium
3764 2851 3876 2891 vo-

2200 2944 2321 2982 ces.
2350 2925 2622 2982 Succedit
2652 2926 2790 2981 huic
2843 2927 3055 2982 honori
3111 2930 3414 2982 Unwanus
3471 2925 3876 2998 archiepisco-

2200 3033 2317 3089 pus
2353 3035 2365 3084 ;
2398 3017 2508 3072 iste
2539 3032 2680 3072 vero
2729 3017 2829 3072 Dei
2857 3017 3050 3087 gratia
3096 3021 3365 3072 servatur
3402 3016 3752 3072 melioribus
3783 3015 3876 3071 vel

2201 3105 2347 3160 locis
2374 3105 2470 3160 vel
2493 3104 2866 3176 temporibus
2896 3107 3066 3175 (280).
3101 3105 3406 3160 Heinricus
3434 3121 3536 3160 rex
3559 3121 3595 3160 a
3623 3104 3876 3161 Bolizla-

2199 3209 2356 3248 vone
2379 3193 2582 3248 multis
2603 3193 3122 3248 obsecrationibus
3145 3199 3446 3263 exoratus,
3473 3194 3879 3266 Parthenopo—

2205 3282 2310 3338 lim
2335 3282 2515 3348 venit,
2548 3281 2652 3336 ubi
2694 3281 2888 3337 isdem
2918 3281 3207 3338 Bolizlavo
3255 3282 3445 3338 ﬁlium
3495 3299 3676 3338 suum
3731 3299 3876 3339 cum

2204 3371 2381 3426 variis
2411 3370 2589 3425 donis
2617 3371 2680 3424 in
2732 3387 3053 3426 occursum
3093 3371 3248 3440 regis
3308 3371 3636 3427 honorifice
3661 3372 3828 3428 misit
3860 3391 3873 3440 ;

2205 3465 2262 3516 et
2289 3460 2590 3531 utrimque
2619 3475 2769 3532 pace
2819 3465 3156 3532 compacta,
3207 3458 3398 3516 ﬁlium
3433 3461 3602 3516 laetus
3626 3461 3875 3532 recepit,

2197 3549 2413 3618 jussus
2445 3563 2648 3616 regem
2688 3549 3049 3619 quantocius
3103 3548 3231 3620 ipse
3284 3549 3508 3604 videre.
3569 3549 3712 3604 Inde
3769 3566 3877 3604 rex

2205 3631 2409 3691 Werla
2447 3636 2768 3705 divertens,
2820 3636 3173 3709 aliquandiu
3221 3637 3304 3693 ibi
3342 3641 3777 3707 commoratus,
3810 3644 3879 3694 ut

2203 3727 2388 3781 moris
2421 3731 2528 3792 est,
2561 3726 2752 3781 multa
2782 3720 3096 3798 disposuit.
3129 3726 3342 3783 Statuit
3382 3733 3438 3782 et
3486 3743 3548 3782 se
3590 3735 3877 3783 sanctum

2148 3882 2154 3887 θ
2201 3815 2432 3888 pascha
2464 3815 2827 3886 Aquisgrani
2867 3821 3141 3871 acturum
3173 3835 3186 3882 ;
3235 3816 3401 3889 quod
3454 3833 3527 3872 ne
3557 3818 3744 3883 ﬁeret,
3777 3834 3878 3873 re-

2201 3903 2447 3976 pentina
2483 3907 2538 3957 et
2594 3903 2792 3972 gravis
2845 3904 3160 3960 inﬁrmitas
3187 3903 3435 3975 distulit,
3491 3922 3625 3978 qua
3652 3905 3876 3961 divini-

2202 3998 2296 4048 tus
2320 3996 2553 4047 tantum
2579 3992 2632 4046 ei
2655 3992 2940 4048 timorem
2971 3994 3178 4049 mortis
3206 3993 3475 4061 incussit,
3509 4000 3573 4050 ut
3607 3995 3756 4051 alios
3778 3997 3876 4052 di-

2201 4082 2423 4150 gnitate
2454 4084 2684 4145 exutos,
2709 4081 2858 4136 alios
2888 4099 3011 4137 sua
3044 4083 3244 4151 gratia
3275 4084 3593 4139 dulcedine
3645 4085 3875 4155 injuste

2200 4170 2485 4242 privatos,
2519 4169 2874 4224 remittendo
2903 4170 3088 4242 priori
3115 4172 3398 4227 redderet
3439 4172 3592 4228 loco.
3637 4176 3872 4230 Conva-

2199 4259 2430 4314 lescens
2451 4262 2672 4320 autem,
2704 4259 3056 4315 necessitate
3088 4265 3337 4330 cogente
3369 4262 3874 4319 Patberbrunensi

2198 4346 2568 4402 monasterio
2606 4346 2754 4402 festa
2783 4347 3094 4420 paschalia
3125 4349 3466 4417 celebravit,
3512 4352 3675 4423 quod
3708 4358 3872 4409 eate-

2199 4453 2314 4492 nus
2357 4435 2599 4505 regibus
2651 4435 2958 4491 insolitum
3019 4437 3145 4494 fuit.
3222 4440 3608 4512 Tempestatis
3651 4441 3872 4497 valida

2199 4525 2446 4581 horrida
2505 4524 2892 4580 tenebrositas
2941 4526 3217 4582 homines
3261 4528 3458 4584 subito
3513 4531 3867 4602 perterruit;

2199 4629 2387 4686 quam
2434 4613 2638 4681 fragor
2689 4617 2746 4667 et
2796 4612 2950 4682 ignis
3003 4614 3472 4689 subsequuntur,
3519 4617 3663 4673 etin
3717 4617 3870 4674 locis

2199 4701 2569 4774 quibusdam
2600 4701 2882 4756 ecclesias
2910 4703 3320 4760 subvertentes
3338 4705 3527 4761 multa
3553 4705 3669 4761 alia
3697 4707 3869 4762 dam-

2197 4806 2279 4846 na
2309 4794 2784 4858 commoverunt,
2821 4791 2956 4845 ldus
2998 4793 3126 4848 Maii
3154 4792 3300 4849 luna
3342 4799 3391 4864 t,
3423 4793 3567 4850 feria
3597 4797 3648 4848 6.
3696 4795 3869 4851 Hein-

2199 4877 2357 4933 ricus
2406 4878 2465 4933 in
2508 4884 2716 4934 sancto
2746 4883 3152 4951 Pentecosten,
3204 4882 3471 4936 maxima
3527 4881 3868 4940 conﬂuente

2198 4973 2454 5028 caterva,
2488 4969 2826 5039 Meresburg
2853 4987 2914 5023 se
2938 4970 3246 5037 colligens,
3281 4969 3529 5024 obvium
3548 4970 3731 5024 habet
3761 4976 3868 5029 Bo-

2196 5055 2549 5111 lizlavonem
2581 5074 2716 5112 cum
2745 5074 2968 5125 magno
2991 5063 3288 5129 apparatu
3326 5057 3701 5114 diversorum
3733 5077 3866 5117 mu-

2197 5161 2430 5211 nerum,
2465 5146 2631 5216 pacis
2665 5147 2854 5214 gratia
2886 5162 2993 5200 sua
3020 5145 3226 5200 omnia
3252 5161 3436 5216 seque
3490 5145 3812 5204 dedentem
3850 5171 3861 5218 ;

2195 5249 2380 5303 quem
2419 5233 2677 5304 benigne
2702 5234 3053 5305 suscipiens,
3085 5249 3315 5305 paucos
3343 5233 3470 5290 dies
3502 5252 3706 5292 secum
3736 5255 3866 5295 mo-

2267 5370 2416 5440 (278)
2447 5371 2580 5425 Chr.
2612 5373 2665 5424 2.
2696 5373 2842 5425 Non.
2865 5368 3030 5425 Febr.
3054 5368 3217 5424 Ann.
3250 5370 3313 5426 S.

2267 5441 2433 5522 (279).
2453 5441 2524 5496 Ut
2557 5441 2667 5497 hoc
2695 5441 2840 5509 loco,
2873 5443 2960 5496 ita
2989 5441 3204 5509 sapius
3227 5442 3558 5500 Annalista
3598 5446 3862 5502 versibus

2193 5516 2604 5662 fci‘géfg'o‘biit
2630 5598 2685 5662 a.
2723 5585 2878 5651 tOlS,
2901 5582 3028 5638 haec
3050 5582 3229 5652 igitur
3253 5584 3577 5642 Annalium
3599 5601 3739 5661 pars
3761 5602 3862 5643 an-

2196 5656 2293 5707 tea
2324 5653 2544 5724 scripta
2568 5653 2694 5708 fuit.
