  <div class='ocr_page' id='page_1' title='image "/cluster/home/n/w/nwhite01/storage/ocr_20150623/140-141/uc1.31175018559917/848.png"; bbox 0 0 3968 6376; ppageno 0'>
   <div class='ocr_carea' id='block_1_1' title="bbox 90 276 2845 343">
    <p class='ocr_par' dir='ltr' id='par_1_1' title="bbox 90 276 2845 343">
     <span class='ocr_line' id='line_1_1' title="bbox 90 276 2845 343; baseline 0.001 -4"><span class='ocrx_word' id='word_1_1' title='bbox 90 287 211 339; x_wconf 75' lang='grc'>545</span> <span class='ocrx_word' id='word_1_2' title='bbox 806 276 901 340; x_wconf 87' lang='grc' dir='ltr'>ΕΤ</span> <span class='ocrx_word' id='word_1_3' title='bbox 942 284 1303 343; x_wconf 84' lang='lat' dir='ltr'>LAMBERTI</span> <span class='ocrx_word' id='word_1_4' title='bbox 1343 283 1929 339; x_wconf 81' lang='lat' dir='ltr'>ASCHAFNABURG.</span> <span class='ocrx_word' id='word_1_5' title='bbox 1971 282 2148 339; x_wconf 80' lang='lat' dir='ltr'>PARS</span> <span class='ocrx_word' id='word_1_6' title='bbox 2186 283 2476 341; x_wconf 81' lang='lat' dir='ltr'>ALTERA</span> <span class='ocrx_word' id='word_1_7' title='bbox 2515 286 2845 343; x_wconf 84' lang='lat' dir='ltr'>GENUINA.</span> 
     </span>
    </p>
   </div>
   <div class='ocr_carea' id='block_1_2' title="bbox 1080 407 2615 475">
    <p class='ocr_par' dir='ltr' id='par_1_2' title="bbox 1080 407 2615 475">
     <span class='ocr_line' id='line_1_2' title="bbox 1080 407 2615 475; baseline 0.002 -12"><span class='ocrx_word' id='word_1_8' title='bbox 1080 412 1404 466; x_wconf 85' lang='lat' dir='ltr'><strong>ANNALES</strong></span> <span class='ocrx_word' id='word_1_9' title='bbox 1436 407 2147 475; x_wconf 74' lang='lat' dir='ltr'>QUEDIJNBURGENSES</span> <span class='ocrx_word' id='word_1_10' title='bbox 2176 411 2245 465; x_wconf 86' lang='lat' dir='ltr'>A.</span> <span class='ocrx_word' id='word_1_11' title='bbox 2292 413 2615 465; x_wconf 80' lang='grc'><strong>1014-1015.</strong></span> 
     </span>
    </p>
   </div>
   <div class='ocr_carea' id='block_1_3' title="bbox 91 532 3561 607">
    <p class='ocr_par' dir='ltr' id='par_1_3' title="bbox 91 532 3561 607">
     <span class='ocr_line' id='line_1_3' title="bbox 91 532 3561 607; baseline 0.002 -19"><span class='ocrx_word' id='word_1_12' title='bbox 91 538 381 599; x_wconf 89' lang='lat' dir='ltr'>rantem,</span> <span class='ocrx_word' id='word_1_13' title='bbox 414 537 478 588; x_wconf 86' lang='lat' dir='ltr'>ut</span> <span class='ocrx_word' id='word_1_14' title='bbox 505 548 617 606; x_wconf 92' lang='lat' dir='ltr'>par</span> <span class='ocrx_word' id='word_1_15' title='bbox 642 538 768 589; x_wconf 88' lang='lat' dir='ltr'>erat</span> <span class='ocrx_word' id='word_1_16' title='bbox 798 533 975 603; x_wconf 66' lang='lat' dir='ltr'>regite</span> <span class='ocrx_word' id='word_1_17' title='bbox 1008 533 1301 603; x_wconf 79' lang='lat' dir='ltr'>dignitati,</span> <span class='ocrx_word' id='word_1_18' title='bbox 1357 534 1516 589; x_wconf 91' lang='lat' dir='ltr'>claro</span> <span class='ocrx_word' id='word_1_19' title='bbox 1565 534 1791 590; x_wconf 86' lang='lat' dir='ltr'>honore</span> <span class='ocrx_word' id='word_1_20' title='bbox 1832 534 1878 584; x_wconf 84' lang='lat' dir='ltr'><strong>A</strong></span> <span class='ocrx_word' id='word_1_21' title='bbox 1912 532 2231 588; x_wconf 82' lang='lat' dir='ltr'>comitibus</span> <span class='ocrx_word' id='word_1_22' title='bbox 2259 552 2272 600; x_wconf 91' lang='lat'><strong>;</strong></span> <span class='ocrx_word' id='word_1_23' title='bbox 2304 550 2373 589; x_wconf 91' lang='lat' dir='ltr'>ac</span> <span class='ocrx_word' id='word_1_24' title='bbox 2404 534 2750 606; x_wconf 81' lang='lat' dir='ltr'>imperatori</span> <span class='ocrx_word' id='word_1_25' title='bbox 2805 541 3218 607; x_wconf 67' lang='lat' dir='ltr'>prtesentatus,</span> <span class='ocrx_word' id='word_1_26' title='bbox 3276 538 3561 595; x_wconf 53' lang='lat' dir='ltr'>custodia).</span> 
     </span>
    </p>
   </div>
   <div class='ocr_carea' id='block_1_4' title="bbox 92 622 3563 695">
    <p class='ocr_par' dir='ltr' id='par_1_4' title="bbox 92 622 3563 695">
     <span class='ocr_line' id='line_1_4' title="bbox 92 622 3563 695; baseline 0.002 -18"><span class='ocrx_word' id='word_1_27' title='bbox 92 623 477 689; x_wconf 87' lang='lat' dir='ltr'>adauctum,</span> <span class='ocrx_word' id='word_1_28' title='bbox 511 638 635 677; x_wconf 92' lang='lat' dir='ltr'>non</span> <span class='ocrx_word' id='word_1_29' title='bbox 660 627 861 678; x_wconf 89' lang='lat' dir='ltr'>tamen</span> <span class='ocrx_word' id='word_1_30' title='bbox 895 624 1020 679; x_wconf 88' lang='lat' dir='ltr'>sine</span> <span class='ocrx_word' id='word_1_31' title='bbox 1062 624 1152 678; x_wconf 91' lang='lat' dir='ltr'>sui</span> <span class='ocrx_word' id='word_1_32' title='bbox 1202 624 1369 693; x_wconf 81' lang='lat' dir='ltr'>regni</span> <span class='ocrx_word' id='word_1_33' title='bbox 1414 624 1790 691; x_wconf 90' lang='lat' dir='ltr'>detrimento,</span> <span class='ocrx_word' id='word_1_34' title='bbox 1905 622 2174 687; x_wconf 83' lang='lat' dir='ltr'>traditur,</span> <span class='ocrx_word' id='word_1_35' title='bbox 2209 623 2412 695; x_wconf 88' lang='lat' dir='ltr'>sicque</span> <span class='ocrx_word' id='word_1_36' title='bbox 2443 623 2627 694; x_wconf 87' lang='lat' dir='ltr'>patris</span> <span class='ocrx_word' id='word_1_37' title='bbox 2658 623 2831 679; x_wconf 91' lang='lat' dir='ltr'>dolor</span> <span class='ocrx_word' id='word_1_38' title='bbox 2860 630 3202 681; x_wconf 84' lang='lat' dir='ltr'>renovatur.</span> <span class='ocrx_word' id='word_1_39' title='bbox 3234 628 3411 682; x_wconf 79' lang='lat' dir='ltr'>Bome</span> <span class='ocrx_word' id='word_1_40' title='bbox 3442 644 3563 683; x_wconf 85' lang='lat' dir='ltr'>me-</span> 
     </span>
    </p>
   </div>
   <div class='ocr_carea' id='block_1_5' title="bbox 90 711 3562 785">
    <p class='ocr_par' dir='ltr' id='par_1_5' title="bbox 90 711 3562 785">
     <span class='ocr_line' id='line_1_5' title="bbox 90 711 3562 785; baseline 0.002 -19"><span class='ocrx_word' id='word_1_41' title='bbox 90 712 396 785; x_wconf 86' lang='lat' dir='ltr'>permisit</span> <span class='ocrx_word' id='word_1_42' title='bbox 421 728 711 767; x_wconf 91' lang='lat' dir='ltr'>remeare.</span> <span class='ocrx_word' id='word_1_43' title='bbox 745 714 824 767; x_wconf 87' lang='lat' dir='ltr'>De</span> <span class='ocrx_word' id='word_1_44' title='bbox 850 712 1164 768; x_wconf 87' lang='lat' dir='ltr'>Sclavonia</span> <span class='ocrx_word' id='word_1_45' title='bbox 1185 718 1242 768; x_wconf 90' lang='lat' dir='ltr'>et</span> <span class='ocrx_word' id='word_1_46' title='bbox 1272 713 1441 768; x_wconf 88' lang='lat' dir='ltr'>multi</span> <span class='ocrx_word' id='word_1_47' title='bbox 1474 714 1674 767; x_wconf 88' lang='lat' dir='ltr'>nuncii</span> <span class='ocrx_word' id='word_1_48' title='bbox 1702 730 1793 767; x_wconf 87' lang='lat' dir='ltr'>ve-</span> <span class='ocrx_word' id='word_1_49' title='bbox 1904 711 2105 765; x_wconf 76' lang='lat' dir='ltr'>moriae</span> <span class='ocrx_word' id='word_1_50' title='bbox 2134 712 2403 783; x_wconf 85' lang='lat' dir='ltr'>Hatwiga</span> <span class='ocrx_word' id='word_1_51' title='bbox 2433 713 2738 769; x_wconf 83' lang='lat' dir='ltr'>abbatissa</span> <span class='ocrx_word' id='word_1_52' title='bbox 2767 716 2918 785; x_wconf 84' lang='grc'>(281)</span> <span class='ocrx_word' id='word_1_53' title='bbox 2945 714 3089 769; x_wconf 90' lang='lat' dir='ltr'>obiit</span> <span class='ocrx_word' id='word_1_54' title='bbox 3120 720 3175 770; x_wconf 90' lang='lat' dir='ltr'>et</span> <span class='ocrx_word' id='word_1_55' title='bbox 3204 717 3562 773; x_wconf 87' lang='lat' dir='ltr'>Bernharius</span> 
     </span>
    </p>
   </div>
   <div class='ocr_carea' id='block_1_6' title="bbox 93 799 3560 878">
    <p class='ocr_par' dir='ltr' id='par_1_6' title="bbox 93 799 3560 878">
     <span class='ocr_line' id='line_1_6' title="bbox 93 799 3560 878; baseline 0.002 -24"><span class='ocrx_word' id='word_1_56' title='bbox 93 805 363 867; x_wconf 87' lang='lat' dir='ltr'>nerunt,</span> <span class='ocrx_word' id='word_1_57' title='bbox 415 799 640 871; x_wconf 87' lang='lat' dir='ltr'>quibus</span> <span class='ocrx_word' id='word_1_58' title='bbox 701 799 963 855; x_wconf 89' lang='lat' dir='ltr'>interfuit</span> <span class='ocrx_word' id='word_1_59' title='bbox 1010 800 1338 856; x_wconf 91' lang='lat' dir='ltr'>Othelricus</span> <span class='ocrx_word' id='word_1_60' title='bbox 1392 800 1465 855; x_wconf 90' lang='lat' dir='ltr'>de</span> <span class='ocrx_word' id='word_1_61' title='bbox 1510 800 1794 856; x_wconf 80' lang='lat' dir='ltr'>Boheinia</span> <span class='ocrx_word' id='word_1_62' title='bbox 1902 800 2222 872; x_wconf 86' lang='lat' dir='ltr'>episcopus</span> <span class='ocrx_word' id='word_1_63' title='bbox 2250 803 2729 872; x_wconf 76' lang='lat' dir='ltr'>Fardensis,—cui</span> <span class='ocrx_word' id='word_1_64' title='bbox 2763 804 3045 859; x_wconf 82' lang='lat' dir='ltr'>successit</span> <span class='ocrx_word' id='word_1_65' title='bbox 3082 805 3351 860; x_wconf 79' lang='lat' dir='ltr'>Wikkier</span> <span class='ocrx_word' id='word_1_66' title='bbox 3407 822 3560 878; x_wconf 63' lang='lat' dir='ltr'>prie-</span> 
     </span>
    </p>
   </div>
   <div class='ocr_carea' id='block_1_7' title="bbox 1901 890 3561 966">
    <p class='ocr_par' dir='ltr' id='par_1_7' title="bbox 1901 890 3561 966">
     <span class='ocr_line' id='line_1_7' title="bbox 1901 890 3561 966; baseline 0.005 -22"><span class='ocrx_word' id='word_1_67' title='bbox 1901 890 2136 961; x_wconf 90' lang='lat' dir='ltr'>positus</span> <span class='ocrx_word' id='word_1_68' title='bbox 2170 891 2557 947; x_wconf 89' lang='lat' dir='ltr'>Coloniensis.</span> <span class='ocrx_word' id='word_1_69' title='bbox 2588 895 2705 947; x_wconf 88' lang='lat' dir='ltr'>Hoc</span> <span class='ocrx_word' id='word_1_70' title='bbox 2756 908 2917 947; x_wconf 88' lang='lat' dir='ltr'>anno</span> <span class='ocrx_word' id='word_1_71' title='bbox 2961 893 3288 966; x_wconf 87' lang='lat' dir='ltr'>imperator</span> <span class='ocrx_word' id='word_1_72' title='bbox 3318 896 3561 953; x_wconf 84' lang='lat' dir='ltr'>Corbeie</span> 
     </span>
    </p>
   </div>
   <div class='ocr_carea' id='block_1_8' title="bbox 1902 979 3561 1053">
    <p class='ocr_par' dir='ltr' id='par_1_8' title="bbox 1902 979 3561 1053">
     <span class='ocr_line' id='line_1_8' title="bbox 1902 979 3561 1053; baseline 0.004 -20"><span class='ocrx_word' id='word_1_73' title='bbox 1902 980 2061 1033; x_wconf 87' lang='lat' dir='ltr'>venit</span> <span class='ocrx_word' id='word_1_74' title='bbox 2091 979 2169 1034; x_wconf 91' lang='lat' dir='ltr'>ad</span> <span class='ocrx_word' id='word_1_75' title='bbox 2200 980 2526 1035; x_wconf 90' lang='lat' dir='ltr'>visitandos</span> <span class='ocrx_word' id='word_1_76' title='bbox 2554 981 2783 1049; x_wconf 85' lang='lat' dir='ltr'>fratres,</span> <span class='ocrx_word' id='word_1_77' title='bbox 2816 998 3077 1053; x_wconf 90' lang='lat' dir='ltr'>quorum</span> <span class='ocrx_word' id='word_1_78' title='bbox 3108 984 3226 1039; x_wconf 90' lang='lat' dir='ltr'>vita</span> <span class='ocrx_word' id='word_1_79' title='bbox 3280 984 3393 1040; x_wconf 90' lang='lat' dir='ltr'>sibi</span> <span class='ocrx_word' id='word_1_80' title='bbox 3436 985 3561 1040; x_wconf 86' lang='lat' dir='ltr'>dis-</span> 
     </span>
    </p>
   </div>
   <div class='ocr_carea' id='block_1_9' title="bbox 1900 1056 3561 1142">
    <p class='ocr_par' dir='ltr' id='par_1_9' title="bbox 1900 1056 3561 1142">
     <span class='ocr_line' id='line_1_9' title="bbox 1900 1056 3561 1142; baseline 0.005 -20"><span class='ocrx_word' id='word_1_81' title='bbox 1900 1068 2124 1140; x_wconf 91' lang='lat' dir='ltr'>plicuit,</span> <span class='ocrx_word' id='word_1_82' title='bbox 2164 1074 2219 1123; x_wconf 92' lang='lat' dir='ltr'>et</span> <span class='ocrx_word' id='word_1_83' title='bbox 2246 1086 2379 1124; x_wconf 91' lang='lat' dir='ltr'>eam</span> <span class='ocrx_word' id='word_1_84' title='bbox 2413 1070 2708 1141; x_wconf 87' lang='lat' dir='ltr'>imperiali</span> <span class='ocrx_word' id='word_1_85' title='bbox 2735 1071 3082 1127; x_wconf 85' lang='lat' dir='ltr'>auctoritate</span> <span class='ocrx_word' id='word_1_86' title='bbox 3115 1056 3423 1142; x_wconf 44' lang='lat' dir='ltr'>&#39;corrigere</span> <span class='ocrx_word' id='word_1_87' title='bbox 3456 1092 3561 1130; x_wconf 90' lang='lat' dir='ltr'>vo-</span> 
     </span>
    </p>
   </div>
   <div class='ocr_carea' id='block_1_10' title="bbox 3454 294 3558 348">
    <p class='ocr_par' dir='ltr' id='par_1_10' title="bbox 3454 294 3558 348">
     <span class='ocr_line' id='line_1_10' title="bbox 3454 294 3558 348; baseline 0.01 -1"><span class='ocrx_word' id='word_1_88' title='bbox 3454 294 3558 348; x_wconf 74' lang='grc'>546</span> 
     </span>
    </p>
   </div>
   <div class='ocr_carea' id='block_1_11' title="bbox 94 884 1793 953">
    <p class='ocr_par' dir='ltr' id='par_1_11' title="bbox 94 884 1793 953">
     <span class='ocr_line' id='line_1_11' title="bbox 94 884 1793 953; baseline 0.002 -15"><span class='ocrx_word' id='word_1_89' title='bbox 94 901 256 938; x_wconf 88' lang='lat' dir='ltr'>cum</span> <span class='ocrx_word' id='word_1_90' title='bbox 288 884 470 939; x_wconf 92' lang='lat' dir='ltr'>donis</span> <span class='ocrx_word' id='word_1_91' title='bbox 492 884 672 939; x_wconf 90' lang='lat' dir='ltr'>etiam</span> <span class='ocrx_word' id='word_1_92' title='bbox 699 885 1004 939; x_wconf 90' lang='lat' dir='ltr'>honorans</span> <span class='ocrx_word' id='word_1_93' title='bbox 1028 884 1242 939; x_wconf 86' lang='lat' dir='ltr'>faciem</span> <span class='ocrx_word' id='word_1_94' title='bbox 1266 885 1420 953; x_wconf 87' lang='lat' dir='ltr'>regis</span> <span class='ocrx_word' id='word_1_95' title='bbox 1455 904 1467 951; x_wconf 89' lang='lat'><strong>;</strong></span> <span class='ocrx_word' id='word_1_96' title='bbox 1502 886 1617 952; x_wconf 91' lang='lat' dir='ltr'>cui,</span> <span class='ocrx_word' id='word_1_97' title='bbox 1658 886 1793 941; x_wconf 90' lang='lat' dir='ltr'>licet</span> 
     </span>
    </p>
   </div>
   <div class='ocr_carea' id='block_1_12' title="bbox 95 973 1791 1047">
    <p class='ocr_par' dir='ltr' id='par_1_12' title="bbox 95 973 1791 1047">
     <span class='ocr_line' id='line_1_12' title="bbox 95 973 1791 1047; baseline 0.002 -20"><span class='ocrx_word' id='word_1_98' title='bbox 95 973 271 1028; x_wconf 90' lang='lat' dir='ltr'>inter</span> <span class='ocrx_word' id='word_1_99' title='bbox 302 989 365 1027; x_wconf 92' lang='lat' dir='ltr'>se</span> <span class='ocrx_word' id='word_1_100' title='bbox 398 978 455 1028; x_wconf 92' lang='lat' dir='ltr'>et</span> <span class='ocrx_word' id='word_1_101' title='bbox 484 973 728 1028; x_wconf 88' lang='lat' dir='ltr'>fratrem</span> <span class='ocrx_word' id='word_1_102' title='bbox 753 990 930 1027; x_wconf 89' lang='lat' dir='ltr'>suum</span> <span class='ocrx_word' id='word_1_103' title='bbox 962 973 1337 1029; x_wconf 89' lang='lat' dir='ltr'>Geramirum</span> <span class='ocrx_word' id='word_1_104' title='bbox 1389 981 1444 1029; x_wconf 93' lang='lat' dir='ltr'>et</span> <span class='ocrx_word' id='word_1_105' title='bbox 1474 975 1791 1047; x_wconf 70' lang='lat' dir='ltr'>praefatum</span> 
     </span>
    </p>
   </div>
   <div class='ocr_carea' id='block_1_13' title="bbox 96 1061 1793 1134">
    <p class='ocr_par' dir='ltr' id='par_1_13' title="bbox 96 1061 1793 1134">
     <span class='ocr_line' id='line_1_13' title="bbox 96 1061 1793 1134; baseline 0.004 -20"><span class='ocrx_word' id='word_1_106' title='bbox 96 1061 565 1117; x_wconf 86' lang='lat' dir='ltr'>Bolizlavonem</span> <span class='ocrx_word' id='word_1_107' title='bbox 592 1063 681 1117; x_wconf 90' lang='lat' dir='ltr'>ira</span> <span class='ocrx_word' id='word_1_108' title='bbox 710 1068 1123 1134; x_wconf 87' lang='lat' dir='ltr'>permanente,</span> <span class='ocrx_word' id='word_1_109' title='bbox 1151 1063 1283 1118; x_wconf 70' lang='lat' dir='ltr'>lteta</span> <span class='ocrx_word' id='word_1_110' title='bbox 1314 1065 1661 1127; x_wconf 89' lang='lat' dir='ltr'>succedunt,</span> <span class='ocrx_word' id='word_1_111' title='bbox 1690 1065 1793 1120; x_wconf 90' lang='lat' dir='ltr'>da-</span> 
     </span>
    </p>
   </div>
   <div class='ocr_carea' id='block_1_14' title="bbox 100 1151 1786 1223">
    <p class='ocr_par' dir='ltr' id='par_1_14' title="bbox 100 1151 1786 1223">
     <span class='ocr_line' id='line_1_14' title="bbox 100 1151 1786 1223; baseline 0.002 -18"><span class='ocrx_word' id='word_1_112' title='bbox 100 1157 165 1206; x_wconf 94' lang='lat' dir='ltr'>to</span> <span class='ocrx_word' id='word_1_113' title='bbox 201 1152 445 1206; x_wconf 90' lang='lat' dir='ltr'>honore</span> <span class='ocrx_word' id='word_1_114' title='bbox 484 1151 714 1223; x_wconf 68' lang='lat' dir='ltr'>patriae,</span> <span class='ocrx_word' id='word_1_115' title='bbox 769 1152 956 1206; x_wconf 88' lang='lat' dir='ltr'>misso</span> <span class='ocrx_word' id='word_1_116' title='bbox 1011 1152 1070 1207; x_wconf 91' lang='lat' dir='ltr'>in</span> <span class='ocrx_word' id='word_1_117' title='bbox 1131 1152 1373 1207; x_wconf 82' lang='lat' dir='ltr'>exilium</span> <span class='ocrx_word' id='word_1_118' title='bbox 1432 1170 1540 1208; x_wconf 92' lang='lat' dir='ltr'>suo</span> <span class='ocrx_word' id='word_1_119' title='bbox 1589 1154 1786 1209; x_wconf 81' lang='lat' dir='ltr'>fratre.</span> 
     </span>
    </p>
   </div>
   <div class='ocr_carea' id='block_1_15' title="bbox 101 1240 1785 1313">
    <p class='ocr_par' dir='ltr' id='par_1_15' title="bbox 101 1240 1785 1313">
     <span class='ocr_line' id='line_1_15' title="bbox 101 1240 1785 1313; baseline 0.002 -17"><span class='ocrx_word' id='word_1_120' title='bbox 101 1240 277 1296; x_wconf 89' lang='lat' dir='ltr'>Obiit</span> <span class='ocrx_word' id='word_1_121' title='bbox 304 1240 584 1307; x_wconf 87' lang='lat' dir='ltr'>Egurdus</span> <span class='ocrx_word' id='word_1_122' title='bbox 613 1240 927 1313; x_wconf 87' lang='lat' dir='ltr'>presbyter</span> <span class='ocrx_word' id='word_1_123' title='bbox 947 1245 1003 1295; x_wconf 91' lang='lat' dir='ltr'>et</span> <span class='ocrx_word' id='word_1_124' title='bbox 1029 1242 1366 1296; x_wconf 88' lang='lat' dir='ltr'>monachus</span> <span class='ocrx_word' id='word_1_125' title='bbox 1399 1242 1458 1296; x_wconf 92' lang='lat' dir='ltr'>in</span> <span class='ocrx_word' id='word_1_126' title='bbox 1495 1243 1785 1299; x_wconf 84' lang='lat' dir='ltr'>claustris.</span> 
     </span>
    </p>
   </div>
   <div class='ocr_carea' id='block_1_16' title="bbox 101 1329 1791 1405">
    <p class='ocr_par' dir='ltr' id='par_1_16' title="bbox 101 1329 1791 1405">
     <span class='ocr_line' id='line_1_16' title="bbox 101 1329 1791 1405; baseline 0.003 -22"><span class='ocrx_word' id='word_1_127' title='bbox 101 1332 235 1384; x_wconf 83' lang='lat' dir='ltr'>Rex</span> <span class='ocrx_word' id='word_1_128' title='bbox 255 1330 503 1400; x_wconf 87' lang='lat' dir='ltr'>sapiens</span> <span class='ocrx_word' id='word_1_129' title='bbox 540 1329 868 1397; x_wconf 82' lang='lat' dir='ltr'>Heinricus,</span> <span class='ocrx_word' id='word_1_130' title='bbox 912 1330 1231 1385; x_wconf 90' lang='lat' dir='ltr'>stultorum</span> <span class='ocrx_word' id='word_1_131' title='bbox 1284 1332 1535 1387; x_wconf 86' lang='lat' dir='ltr'>forsitan</span> <span class='ocrx_word' id='word_1_132' title='bbox 1580 1333 1791 1405; x_wconf 90' lang='lat' dir='ltr'>depra-</span> 
     </span>
    </p>
   </div>
   <div class='ocr_carea' id='block_1_17' title="bbox 101 1417 1789 1483">
    <p class='ocr_par' dir='ltr' id='par_1_17' title="bbox 101 1417 1789 1483">
     <span class='ocr_line' id='line_1_17' title="bbox 101 1417 1789 1483; baseline 0.004 -12"><span class='ocrx_word' id='word_1_133' title='bbox 101 1423 295 1473; x_wconf 87' lang='lat' dir='ltr'>vatus</span> <span class='ocrx_word' id='word_1_134' title='bbox 328 1417 600 1483; x_wconf 90' lang='lat' dir='ltr'>consilio,</span> <span class='ocrx_word' id='word_1_135' title='bbox 637 1418 945 1473; x_wconf 87' lang='lat' dir='ltr'>Fuldensis</span> <span class='ocrx_word' id='word_1_136' title='bbox 980 1420 1326 1474; x_wconf 91' lang='lat' dir='ltr'>monasterii</span> <span class='ocrx_word' id='word_1_137' title='bbox 1350 1419 1511 1475; x_wconf 90' lang='lat' dir='ltr'>bona</span> <span class='ocrx_word' id='word_1_138' title='bbox 1543 1421 1789 1477; x_wconf 90' lang='lat' dir='ltr'>misera-</span> 
     </span>
    </p>
   </div>
   <div class='ocr_carea' id='block_1_18' title="bbox 101 1505 1783 1581">
    <p class='ocr_par' dir='ltr' id='par_1_18' title="bbox 101 1505 1783 1581">
     <span class='ocr_line' id='line_1_18' title="bbox 101 1505 1783 1581; baseline 0.004 -22"><span class='ocrx_word' id='word_1_139' title='bbox 101 1505 315 1561; x_wconf 88' lang='lat' dir='ltr'>biliter</span> <span class='ocrx_word' id='word_1_140' title='bbox 376 1506 642 1579; x_wconf 88' lang='lat' dir='ltr'>diripuit,</span> <span class='ocrx_word' id='word_1_141' title='bbox 701 1506 848 1561; x_wconf 91' lang='lat' dir='ltr'>dum</span> <span class='ocrx_word' id='word_1_142' title='bbox 880 1506 993 1561; x_wconf 90' lang='lat' dir='ltr'>sibi</span> <span class='ocrx_word' id='word_1_143' title='bbox 1033 1507 1285 1563; x_wconf 89' lang='lat' dir='ltr'>fratrum</span> <span class='ocrx_word' id='word_1_144' title='bbox 1316 1508 1432 1564; x_wconf 88' lang='lat' dir='ltr'>vita</span> <span class='ocrx_word' id='word_1_145' title='bbox 1462 1509 1783 1581; x_wconf 88' lang='lat' dir='ltr'>displicuit.</span> 
     </span>
    </p>
   </div>
   <div class='ocr_carea' id='block_1_19' title="bbox 104 1594 1787 1668">
    <p class='ocr_par' dir='ltr' id='par_1_19' title="bbox 104 1594 1787 1668">
     <span class='ocr_line' id='line_1_19' title="bbox 104 1594 1787 1668; baseline 0.004 -22"><span class='ocrx_word' id='word_1_146' title='bbox 104 1596 270 1649; x_wconf 89' lang='lat' dir='ltr'>Data</span> <span class='ocrx_word' id='word_1_147' title='bbox 292 1594 613 1649; x_wconf 90' lang='lat' dir='ltr'>occasione</span> <span class='ocrx_word' id='word_1_148' title='bbox 637 1594 993 1664; x_wconf 85' lang='lat' dir='ltr'>corrigendi,</span> <span class='ocrx_word' id='word_1_149' title='bbox 1042 1594 1291 1649; x_wconf 81' lang='lat' dir='ltr'>invaluit</span> <span class='ocrx_word' id='word_1_150' title='bbox 1344 1602 1605 1668; x_wconf 90' lang='lat' dir='ltr'>potestas</span> <span class='ocrx_word' id='word_1_151' title='bbox 1653 1598 1787 1651; x_wconf 91' lang='lat' dir='ltr'>des-</span> 
     </span>
    </p>
   </div>
   <div class='ocr_carea' id='block_1_20' title="bbox 102 1682 1790 1757">
    <p class='ocr_par' dir='ltr' id='par_1_20' title="bbox 102 1682 1790 1757">
     <span class='ocr_line' id='line_1_20' title="bbox 102 1682 1790 1757; baseline 0.002 -20"><span class='ocrx_word' id='word_1_152' title='bbox 102 1682 378 1737; x_wconf 78' lang='lat' dir='ltr'>truendi.</span> <span class='ocrx_word' id='word_1_153' title='bbox 415 1682 745 1752; x_wconf 79' lang='lat' dir='ltr'>Diffugiunt</span> <span class='ocrx_word' id='word_1_154' title='bbox 773 1683 885 1738; x_wconf 89' lang='lat' dir='ltr'>hac</span> <span class='ocrx_word' id='word_1_155' title='bbox 917 1689 973 1737; x_wconf 91' lang='lat' dir='ltr'>et</span> <span class='ocrx_word' id='word_1_156' title='bbox 1000 1683 1132 1738; x_wconf 90' lang='lat' dir='ltr'>illac</span> <span class='ocrx_word' id='word_1_157' title='bbox 1158 1690 1467 1753; x_wconf 78' lang='lat' dir='ltr'>vagantes,</span> <span class='ocrx_word' id='word_1_158' title='bbox 1499 1686 1599 1757; x_wconf 89' lang='lat' dir='ltr'>qui</span> <span class='ocrx_word' id='word_1_159' title='bbox 1623 1693 1790 1742; x_wconf 91' lang='lat' dir='ltr'>erant</span> 
     </span>
    </p>
   </div>
   <div class='ocr_carea' id='block_1_21' title="bbox 107 1771 1787 1844">
    <p class='ocr_par' dir='ltr' id='par_1_21' title="bbox 107 1771 1787 1844">
     <span class='ocr_line' id='line_1_21' title="bbox 107 1771 1787 1844; baseline 0.003 -19"><span class='ocrx_word' id='word_1_160' title='bbox 107 1771 458 1837; x_wconf 79' lang='lat' dir='ltr'>ccenobitae,</span> <span class='ocrx_word' id='word_1_161' title='bbox 483 1772 701 1842; x_wconf 90' lang='lat' dir='ltr'>jugum</span> <span class='ocrx_word' id='word_1_162' title='bbox 739 1771 954 1827; x_wconf 89' lang='lat' dir='ltr'>Christi</span> <span class='ocrx_word' id='word_1_163' title='bbox 1003 1778 1330 1844; x_wconf 90' lang='lat' dir='ltr'>portantes.</span> <span class='ocrx_word' id='word_1_164' title='bbox 1389 1780 1492 1830; x_wconf 80' lang='lat'>&#39;270</span> <span class='ocrx_word' id='word_1_165' title='bbox 1538 1777 1711 1830; x_wconf 88' lang='lat' dir='ltr'>annis</span> <span class='ocrx_word' id='word_1_166' title='bbox 1752 1792 1787 1831; x_wconf 89' lang='grc'><strong>8</strong></span> 
     </span>
    </p>
   </div>
   <div class='ocr_carea' id='block_1_22' title="bbox 1900 1156 3563 1232">
    <p class='ocr_par' dir='ltr' id='par_1_22' title="bbox 1900 1156 3563 1232">
     <span class='ocr_line' id='line_1_22' title="bbox 1900 1156 3563 1232; baseline 0.005 -21"><span class='ocrx_word' id='word_1_167' title='bbox 1900 1156 2025 1211; x_wconf 91' lang='lat' dir='ltr'>luit.</span> <span class='ocrx_word' id='word_1_168' title='bbox 2054 1157 2216 1212; x_wconf 89' lang='lat' dir='ltr'>Unde</span> <span class='ocrx_word' id='word_1_169' title='bbox 2250 1158 2449 1229; x_wconf 91' lang='lat' dir='ltr'>plures</span> <span class='ocrx_word' id='word_1_170' title='bbox 2473 1158 2709 1213; x_wconf 91' lang='lat' dir='ltr'>illorum</span> <span class='ocrx_word' id='word_1_171' title='bbox 2754 1158 3019 1215; x_wconf 89' lang='lat' dir='ltr'>instituta</span> <span class='ocrx_word' id='word_1_172' title='bbox 3070 1166 3309 1232; x_wconf 89' lang='lat' dir='ltr'>patrum</span> <span class='ocrx_word' id='word_1_173' title='bbox 3363 1163 3563 1219; x_wconf 88' lang='lat' dir='ltr'>defen-</span> 
     </span>
    </p>
   </div>
   <div class='ocr_carea' id='block_1_23' title="bbox 1900 1245 3555 1320">
    <p class='ocr_par' dir='ltr' id='par_1_23' title="bbox 1900 1245 3555 1320">
     <span class='ocr_line' id='line_1_23' title="bbox 1900 1245 3555 1320; baseline 0.004 -21"><span class='ocrx_word' id='word_1_174' title='bbox 1900 1245 2128 1313; x_wconf 90' lang='lat' dir='ltr'>dentes,</span> <span class='ocrx_word' id='word_1_175' title='bbox 2162 1251 2217 1301; x_wconf 90' lang='lat' dir='ltr'>et</span> <span class='ocrx_word' id='word_1_176' title='bbox 2243 1246 2379 1317; x_wconf 92' lang='lat' dir='ltr'>plus</span> <span class='ocrx_word' id='word_1_177' title='bbox 2405 1247 2566 1317; x_wconf 90' lang='lat' dir='ltr'>justo</span> <span class='ocrx_word' id='word_1_178' title='bbox 2598 1251 2805 1301; x_wconf 90' lang='lat' dir='ltr'>contra</span> <span class='ocrx_word' id='word_1_179' title='bbox 2838 1248 2939 1316; x_wconf 87' lang='lat' dir='ltr'>jus</span> <span class='ocrx_word' id='word_1_180' title='bbox 2967 1248 3202 1320; x_wconf 90' lang='lat' dir='ltr'>imperii</span> <span class='ocrx_word' id='word_1_181' title='bbox 3226 1251 3555 1319; x_wconf 69' lang='lat' dir='ltr'>saevientes,</span> 
     </span>
    </p>
   </div>
   <div class='ocr_carea' id='block_1_24' title="bbox 1898 1333 3557 1409">
    <p class='ocr_par' dir='ltr' id='par_1_24' title="bbox 1898 1333 3557 1409">
     <span class='ocr_line' id='line_1_24' title="bbox 1898 1333 3557 1409; baseline 0.006 -23"><span class='ocrx_word' id='word_1_182' title='bbox 1898 1333 2016 1387; x_wconf 90' lang='lat' dir='ltr'>heu</span> <span class='ocrx_word' id='word_1_183' title='bbox 2043 1333 2257 1387; x_wconf 88' lang='lat' dir='ltr'>misere</span> <span class='ocrx_word' id='word_1_184' title='bbox 2289 1334 2610 1406; x_wconf 89' lang='lat' dir='ltr'>desipiunt,</span> <span class='ocrx_word' id='word_1_185' title='bbox 2642 1351 2780 1389; x_wconf 88' lang='lat' dir='ltr'>cum</span> <span class='ocrx_word' id='word_1_186' title='bbox 2802 1336 3071 1406; x_wconf 89' lang='lat' dir='ltr'>percussi</span> <span class='ocrx_word' id='word_1_187' title='bbox 3116 1337 3174 1391; x_wconf 91' lang='lat' dir='ltr'>in</span> <span class='ocrx_word' id='word_1_188' title='bbox 3226 1339 3557 1409; x_wconf 80' lang='lat' dir='ltr'>maxillam,</span> 
     </span>
    </p>
   </div>
   <div class='ocr_carea' id='block_1_25' title="bbox 1898 1420 3559 1490">
    <p class='ocr_par' dir='ltr' id='par_1_25' title="bbox 1898 1420 3559 1490">
     <span class='ocr_line' id='line_1_25' title="bbox 1898 1420 3559 1490; baseline 0.006 -17"><span class='ocrx_word' id='word_1_189' title='bbox 1898 1434 2021 1473; x_wconf 90' lang='lat' dir='ltr'>non</span> <span class='ocrx_word' id='word_1_190' title='bbox 2054 1420 2325 1489; x_wconf 61' lang='lat' dir='ltr'>praebent</span> <span class='ocrx_word' id='word_1_191' title='bbox 2354 1421 2622 1487; x_wconf 87' lang='lat' dir='ltr'>alteram,</span> <span class='ocrx_word' id='word_1_192' title='bbox 2646 1428 2711 1477; x_wconf 92' lang='lat' dir='ltr'>ut</span> <span class='ocrx_word' id='word_1_193' title='bbox 2739 1424 3041 1490; x_wconf 90' lang='lat' dir='ltr'>monachi,</span> <span class='ocrx_word' id='word_1_194' title='bbox 3089 1425 3189 1479; x_wconf 89' lang='lat' dir='ltr'>sed</span> <span class='ocrx_word' id='word_1_195' title='bbox 3238 1427 3362 1481; x_wconf 91' lang='lat' dir='ltr'>sine</span> <span class='ocrx_word' id='word_1_196' title='bbox 3421 1444 3559 1483; x_wconf 91' lang='lat' dir='ltr'>con-</span> 
     </span>
    </p>
   </div>
   <div class='ocr_carea' id='block_1_26' title="bbox 1900 1508 3557 1588">
    <p class='ocr_par' dir='ltr' id='par_1_26' title="bbox 1900 1508 3557 1588">
     <span class='ocr_line' id='line_1_26' title="bbox 1900 1508 3557 1588; baseline 0.006 -27"><span class='ocrx_word' id='word_1_197' title='bbox 1900 1508 2028 1563; x_wconf 91' lang='lat' dir='ltr'>silio</span> <span class='ocrx_word' id='word_1_198' title='bbox 2057 1508 2304 1564; x_wconf 90' lang='lat' dir='ltr'>rebelles</span> <span class='ocrx_word' id='word_1_199' title='bbox 2322 1510 2479 1565; x_wconf 90' lang='lat' dir='ltr'>male</span> <span class='ocrx_word' id='word_1_200' title='bbox 2512 1517 2727 1582; x_wconf 91' lang='lat' dir='ltr'>parant</span> <span class='ocrx_word' id='word_1_201' title='bbox 2752 1528 3043 1583; x_wconf 87' lang='lat' dir='ltr'>pugnam.</span> <span class='ocrx_word' id='word_1_202' title='bbox 3089 1514 3241 1578; x_wconf 86' lang='lat' dir='ltr'>Quid</span> <span class='ocrx_word' id='word_1_203' title='bbox 3273 1515 3557 1588; x_wconf 92' lang='lat' dir='ltr'>deinceps</span> 
     </span>
    </p>
   </div>
   <div class='ocr_carea' id='block_1_27' title="bbox 1898 1598 3558 1677">
    <p class='ocr_par' dir='ltr' id='par_1_27' title="bbox 1898 1598 3558 1677">
     <span class='ocr_line' id='line_1_27' title="bbox 1898 1598 3558 1677; baseline 0.005 -26"><span class='ocrx_word' id='word_1_204' title='bbox 1898 1604 2098 1652; x_wconf 89' lang='lat' dir='ltr'>actum</span> <span class='ocrx_word' id='word_1_205' title='bbox 2124 1598 2217 1663; x_wconf 91' lang='lat' dir='ltr'>sit,</span> <span class='ocrx_word' id='word_1_206' title='bbox 2250 1600 2466 1653; x_wconf 91' lang='lat' dir='ltr'>nostris</span> <span class='ocrx_word' id='word_1_207' title='bbox 2508 1601 2879 1673; x_wconf 90' lang='lat' dir='ltr'>temporibus</span> <span class='ocrx_word' id='word_1_208' title='bbox 2936 1602 3130 1670; x_wconf 81' lang='lat' dir='ltr'>magis</span> <span class='ocrx_word' id='word_1_209' title='bbox 3178 1610 3269 1659; x_wconf 90' lang='lat' dir='ltr'>est</span> <span class='ocrx_word' id='word_1_210' title='bbox 3317 1610 3558 1677; x_wconf 89' lang='lat' dir='ltr'>stupen-</span> 
     </span>
    </p>
   </div>
   <div class='ocr_carea' id='block_1_28' title="bbox 1898 1686 3558 1759">
    <p class='ocr_par' dir='ltr' id='par_1_28' title="bbox 1898 1686 3558 1759">
     <span class='ocr_line' id='line_1_28' title="bbox 1898 1686 3558 1759; baseline 0.005 -18"><span class='ocrx_word' id='word_1_211' title='bbox 1898 1686 2047 1741; x_wconf 90' lang='lat' dir='ltr'>dum</span> <span class='ocrx_word' id='word_1_212' title='bbox 2079 1704 2266 1759; x_wconf 90' lang='lat' dir='ltr'>quam</span> <span class='ocrx_word' id='word_1_213' title='bbox 2299 1689 2429 1743; x_wconf 90' lang='lat' dir='ltr'>stilo</span> <span class='ocrx_word' id='word_1_214' title='bbox 2478 1691 3054 1746; x_wconf 90' lang='lat' dir='ltr'>commendandum.</span> <span class='ocrx_word' id='word_1_215' title='bbox 3120 1697 3180 1746; x_wconf 81' lang='lat' dir='ltr'>l7</span> <span class='ocrx_word' id='word_1_216' title='bbox 3232 1698 3432 1749; x_wconf 88' lang='lat' dir='ltr'>tamen</span> <span class='ocrx_word' id='word_1_217' title='bbox 3485 1712 3558 1750; x_wconf 82' lang='lat' dir='ltr'>ex</span> 
     </span>
    </p>
   </div>
   <div class='ocr_carea' id='block_1_29' title="bbox 1898 1775 3557 1856">
    <p class='ocr_par' dir='ltr' id='par_1_29' title="bbox 1898 1775 3557 1856">
     <span class='ocr_line' id='line_1_29' title="bbox 1898 1775 3557 1856; baseline 0.005 -26"><span class='ocrx_word' id='word_1_218' title='bbox 1898 1775 2011 1830; x_wconf 93' lang='lat' dir='ltr'>illis</span> <span class='ocrx_word' id='word_1_219' title='bbox 2035 1777 2189 1849; x_wconf 89' lang='lat' dir='ltr'>capti</span> <span class='ocrx_word' id='word_1_220' title='bbox 2223 1778 2507 1832; x_wconf 62' lang='lat' dir='ltr'>custodite</span> <span class='ocrx_word' id='word_1_221' title='bbox 2536 1779 2850 1834; x_wconf 88' lang='lat' dir='ltr'>traduntur</span> <span class='ocrx_word' id='word_1_222' title='bbox 2884 1798 2897 1846; x_wconf 90' lang='lat'><strong>;</strong></span> <span class='ocrx_word' id='word_1_223' title='bbox 2949 1780 3143 1835; x_wconf 69' lang='lat' dir='ltr'>czeteri</span> <span class='ocrx_word' id='word_1_224' title='bbox 3186 1798 3328 1838; x_wconf 89' lang='lat' dir='ltr'>vero</span> <span class='ocrx_word' id='word_1_225' title='bbox 3366 1784 3557 1856; x_wconf 90' lang='lat' dir='ltr'>impe-</span> 
     </span>
    </p>
   </div>
   <div class='ocr_carea' id='block_1_30' title="bbox 104 1861 3555 1946">
    <p class='ocr_par' dir='ltr' id='par_1_30' title="bbox 104 1861 3555 1946">
     <span class='ocr_line' id='line_1_30' title="bbox 104 1861 3555 1946; baseline 0.004 -31"><span class='ocrx_word' id='word_1_226' title='bbox 104 1862 332 1918; x_wconf 84' lang='lat' dir='ltr'>Carolo</span> <span class='ocrx_word' id='word_1_227' title='bbox 358 1862 557 1933; x_wconf 91' lang='lat' dir='ltr'>primo</span> <span class='ocrx_word' id='word_1_228' title='bbox 588 1878 658 1918; x_wconf 91' lang='lat' dir='ltr'>eo</span> <span class='ocrx_word' id='word_1_229' title='bbox 696 1861 808 1917; x_wconf 92' lang='lat' dir='ltr'>loci</span> <span class='ocrx_word' id='word_1_230' title='bbox 833 1862 1171 1919; x_wconf 73' lang='lat' dir='ltr'>serviebant</span> <span class='ocrx_word' id='word_1_231' title='bbox 1200 1866 1319 1919; x_wconf 92' lang='lat' dir='ltr'>Deo</span> <span class='ocrx_word' id='word_1_232' title='bbox 1353 1883 1365 1931; x_wconf 91' lang='lat'>;</span> <span class='ocrx_word' id='word_1_233' title='bbox 1392 1882 1549 1920; x_wconf 92' lang='lat' dir='ltr'>nunc</span> <span class='ocrx_word' id='word_1_234' title='bbox 1572 1868 1787 1921; x_wconf 90' lang='lat' dir='ltr'>nostris</span> <span class='ocrx_word' id='word_1_235' title='bbox 1824 1878 1870 1932; x_wconf 86' lang='grc' dir='ltr'><strong>Β</strong></span> <span class='ocrx_word' id='word_1_236' title='bbox 1901 1865 2114 1920; x_wconf 90' lang='lat' dir='ltr'>ratoris</span> <span class='ocrx_word' id='word_1_237' title='bbox 2131 1866 2305 1936; x_wconf 87' lang='lat' dir='ltr'>jussa</span> <span class='ocrx_word' id='word_1_238' title='bbox 2328 1872 2646 1922; x_wconf 89' lang='lat' dir='ltr'>sectantur.</span> <span class='ocrx_word' id='word_1_239' title='bbox 2682 1868 2904 1923; x_wconf 88' lang='lat' dir='ltr'>Eodem</span> <span class='ocrx_word' id='word_1_240' title='bbox 2936 1869 3114 1924; x_wconf 90' lang='lat' dir='ltr'>etiam</span> <span class='ocrx_word' id='word_1_241' title='bbox 3164 1887 3325 1927; x_wconf 91' lang='lat' dir='ltr'>anno</span> <span class='ocrx_word' id='word_1_242' title='bbox 3369 1872 3555 1946; x_wconf 90' lang='lat' dir='ltr'>impe-</span> 
     </span>
    </p>
   </div>
   <div class='ocr_carea' id='block_1_31' title="bbox 110 1951 1784 2024">
    <p class='ocr_par' dir='ltr' id='par_1_31' title="bbox 110 1951 1784 2024">
     <span class='ocr_line' id='line_1_31' title="bbox 110 1951 1784 2024; baseline 0.004 -19"><span class='ocrx_word' id='word_1_243' title='bbox 110 1952 518 2024; x_wconf 89' lang='lat' dir='ltr'>temporibus,</span> <span class='ocrx_word' id='word_1_244' title='bbox 542 1952 698 2023; x_wconf 91' lang='lat' dir='ltr'>proh</span> <span class='ocrx_word' id='word_1_245' title='bbox 730 1951 901 2007; x_wconf 91' lang='lat' dir='ltr'>dolor</span> <span class='ocrx_word' id='word_1_246' title='bbox 934 1952 944 2005; x_wconf 87' lang='lat' dir='ltr'>l</span> <span class='ocrx_word' id='word_1_247' title='bbox 998 1954 1408 2024; x_wconf 88' lang='lat' dir='ltr'>spectaculum</span> <span class='ocrx_word' id='word_1_248' title='bbox 1440 1954 1577 2010; x_wconf 91' lang='lat' dir='ltr'>facti</span> <span class='ocrx_word' id='word_1_249' title='bbox 1607 1972 1784 2011; x_wconf 87' lang='lat' dir='ltr'>mun-</span> 
     </span>
    </p>
   </div>
   <div class='ocr_carea' id='block_1_32' title="bbox 105 2039 1783 2106">
    <p class='ocr_par' dir='ltr' id='par_1_32' title="bbox 105 2039 1783 2106">
     <span class='ocr_line' id='line_1_32' title="bbox 105 2039 1783 2106; baseline 0.002 -11"><span class='ocrx_word' id='word_1_250' title='bbox 105 2039 210 2106; x_wconf 90' lang='lat' dir='ltr'>do,</span> <span class='ocrx_word' id='word_1_251' title='bbox 247 2044 309 2095; x_wconf 89' lang='lat' dir='ltr'>et</span> <span class='ocrx_word' id='word_1_252' title='bbox 341 2039 582 2095; x_wconf 89' lang='lat' dir='ltr'>sibimet</span> <span class='ocrx_word' id='word_1_253' title='bbox 605 2040 794 2096; x_wconf 92' lang='lat' dir='ltr'>dolori</span> <span class='ocrx_word' id='word_1_254' title='bbox 827 2045 884 2096; x_wconf 90' lang='lat' dir='ltr'>et</span> <span class='ocrx_word' id='word_1_255' title='bbox 932 2040 1061 2095; x_wconf 88' lang='lat' dir='ltr'>aliis</span> <span class='ocrx_word' id='word_1_256' title='bbox 1094 2047 1341 2097; x_wconf 88' lang='lat' dir='ltr'>manent</span> <span class='ocrx_word' id='word_1_257' title='bbox 1370 2043 1582 2099; x_wconf 90' lang='lat' dir='ltr'>timori.</span> <span class='ocrx_word' id='word_1_258' title='bbox 1614 2047 1783 2100; x_wconf 86' lang='lat' dir='ltr'>Com-</span> 
     </span>
    </p>
   </div>
   <div class='ocr_carea' id='block_1_33' title="bbox 106 2128 1786 2201">
    <p class='ocr_par' dir='ltr' id='par_1_33' title="bbox 106 2128 1786 2201">
     <span class='ocr_line' id='line_1_33' title="bbox 106 2128 1786 2201; baseline 0.003 -18"><span class='ocrx_word' id='word_1_259' title='bbox 106 2128 305 2183; x_wconf 89' lang='lat' dir='ltr'>motio</span> <span class='ocrx_word' id='word_1_260' title='bbox 338 2145 585 2201; x_wconf 84' lang='lat' dir='ltr'>quoque</span> <span class='ocrx_word' id='word_1_261' title='bbox 611 2129 764 2185; x_wconf 90' lang='lat' dir='ltr'>aeris</span> <span class='ocrx_word' id='word_1_262' title='bbox 797 2128 998 2184; x_wconf 86' lang='lat' dir='ltr'>valida</span> <span class='ocrx_word' id='word_1_263' title='bbox 1022 2134 1079 2184; x_wconf 91' lang='lat' dir='ltr'>et</span> <span class='ocrx_word' id='word_1_264' title='bbox 1130 2130 1243 2185; x_wconf 92' lang='lat' dir='ltr'>hoc</span> <span class='ocrx_word' id='word_1_265' title='bbox 1276 2146 1437 2186; x_wconf 88' lang='lat' dir='ltr'>anno</span> <span class='ocrx_word' id='word_1_266' title='bbox 1485 2131 1687 2201; x_wconf 81' lang='lat' dir='ltr'>ﬁebat,</span> <span class='ocrx_word' id='word_1_267' title='bbox 1722 2138 1786 2188; x_wconf 91' lang='lat' dir='ltr'>ut</span> 
     </span>
    </p>
   </div>
   <div class='ocr_carea' id='block_1_34' title="bbox 107 2218 1781 2293">
    <p class='ocr_par' dir='ltr' id='par_1_34' title="bbox 107 2218 1781 2293">
     <span class='ocr_line' id='line_1_34' title="bbox 107 2218 1781 2293; baseline 0.003 -22"><span class='ocrx_word' id='word_1_268' title='bbox 107 2234 217 2289; x_wconf 92' lang='lat' dir='ltr'>per</span> <span class='ocrx_word' id='word_1_269' title='bbox 248 2218 518 2289; x_wconf 88' lang='lat' dir='ltr'>plurima</span> <span class='ocrx_word' id='word_1_270' title='bbox 547 2218 681 2274; x_wconf 89' lang='lat' dir='ltr'>loca</span> <span class='ocrx_word' id='word_1_271' title='bbox 720 2219 972 2274; x_wconf 74' lang='lat' dir='ltr'>aedilicia</span> <span class='ocrx_word' id='word_1_272' title='bbox 1004 2224 1259 2284; x_wconf 88' lang='lat' dir='ltr'>ruerent,</span> <span class='ocrx_word' id='word_1_273' title='bbox 1289 2225 1343 2275; x_wconf 89' lang='lat' dir='ltr'>et</span> <span class='ocrx_word' id='word_1_274' title='bbox 1377 2238 1469 2275; x_wconf 90' lang='lat' dir='ltr'>res</span> <span class='ocrx_word' id='word_1_275' title='bbox 1499 2222 1781 2293; x_wconf 69' lang='lat' dir='ltr'>quaedam</span> 
     </span>
    </p>
   </div>
   <div class='ocr_carea' id='block_1_35' title="bbox 106 2306 1782 2377">
    <p class='ocr_par' dir='ltr' id='par_1_35' title="bbox 106 2306 1782 2377">
     <span class='ocr_line' id='line_1_35' title="bbox 106 2306 1782 2377; baseline 0.004 -18"><span class='ocrx_word' id='word_1_276' title='bbox 106 2306 397 2377; x_wconf 63' lang='lat' dir='ltr'>pretiosae</span> <span class='ocrx_word' id='word_1_277' title='bbox 455 2322 491 2361; x_wconf 92' lang='lat' dir='ltr'>a</span> <span class='ocrx_word' id='word_1_278' title='bbox 545 2306 793 2361; x_wconf 88' lang='lat' dir='ltr'>fulmine</span> <span class='ocrx_word' id='word_1_279' title='bbox 835 2311 1003 2361; x_wconf 56' lang='lat' dir='ltr'>taetre</span> <span class='ocrx_word' id='word_1_280' title='bbox 1057 2306 1378 2362; x_wconf 89' lang='lat' dir='ltr'>interirent.</span> <span class='ocrx_word' id='word_1_281' title='bbox 1446 2310 1509 2364; x_wconf 90' lang='lat' dir='ltr'>In</span> <span class='ocrx_word' id='word_1_282' title='bbox 1580 2316 1782 2365; x_wconf 91' lang='lat' dir='ltr'>monte</span> 
     </span>
    </p>
   </div>
   <div class='ocr_carea' id='block_1_36' title="bbox 108 2393 1779 2471">
    <p class='ocr_par' dir='ltr' id='par_1_36' title="bbox 108 2393 1779 2471">
     <span class='ocr_line' id='line_1_36' title="bbox 108 2393 1779 2471; baseline 0.004 -24"><span class='ocrx_word' id='word_1_283' title='bbox 108 2394 295 2448; x_wconf 89' lang='lat' dir='ltr'>etiam</span> <span class='ocrx_word' id='word_1_284' title='bbox 326 2393 766 2464; x_wconf 87' lang='lat' dir='ltr'>Luniburgensi</span> <span class='ocrx_word' id='word_1_285' title='bbox 804 2395 1104 2450; x_wconf 88' lang='lat' dir='ltr'>horribilis</span> <span class='ocrx_word' id='word_1_286' title='bbox 1126 2396 1322 2451; x_wconf 90' lang='lat' dir='ltr'>hiatus</span> <span class='ocrx_word' id='word_1_287' title='bbox 1352 2402 1517 2452; x_wconf 68' lang='lat' dir='ltr'>terrte</span> <span class='ocrx_word' id='word_1_288' title='bbox 1570 2399 1779 2471; x_wconf 88' lang='lat' dir='ltr'>patuit,</span> 
     </span>
    </p>
   </div>
   <div class='ocr_carea' id='block_1_37' title="bbox 109 2482 1784 2555">
    <p class='ocr_par' dir='ltr' id='par_1_37' title="bbox 109 2482 1784 2555">
     <span class='ocr_line' id='line_1_37' title="bbox 109 2482 1784 2555; baseline 0.004 -18"><span class='ocrx_word' id='word_1_289' title='bbox 109 2483 226 2555; x_wconf 90' lang='lat' dir='ltr'>ipsi</span> <span class='ocrx_word' id='word_1_290' title='bbox 258 2482 487 2555; x_wconf 88' lang='lat' dir='ltr'>templo</span> <span class='ocrx_word' id='word_1_291' title='bbox 518 2483 717 2539; x_wconf 89' lang='lat' dir='ltr'>minas</span> <span class='ocrx_word' id='word_1_292' title='bbox 743 2484 956 2539; x_wconf 90' lang='lat' dir='ltr'>ruendi</span> <span class='ocrx_word' id='word_1_293' title='bbox 1001 2486 1297 2555; x_wconf 66' lang='lat' dir='ltr'>praebens,</span> <span class='ocrx_word' id='word_1_294' title='bbox 1359 2491 1415 2540; x_wconf 93' lang='lat' dir='ltr'>et</span> <span class='ocrx_word' id='word_1_295' title='bbox 1463 2487 1673 2542; x_wconf 88' lang='lat' dir='ltr'>incolis</span> <span class='ocrx_word' id='word_1_296' title='bbox 1719 2488 1784 2543; x_wconf 91' lang='lat' dir='ltr'>ti-</span> 
     </span>
    </p>
   </div>
   <div class='ocr_carea' id='block_1_38' title="bbox 109 2572 1782 2648">
    <p class='ocr_par' dir='ltr' id='par_1_38' title="bbox 109 2572 1782 2648">
     <span class='ocr_line' id='line_1_38' title="bbox 109 2572 1782 2648; baseline 0.003 -21"><span class='ocrx_word' id='word_1_297' title='bbox 109 2589 281 2629; x_wconf 88' lang='lat' dir='ltr'>more</span> <span class='ocrx_word' id='word_1_298' title='bbox 314 2572 640 2645; x_wconf 90' lang='lat' dir='ltr'>perterritis</span> <span class='ocrx_word' id='word_1_299' title='bbox 667 2589 835 2644; x_wconf 88' lang='lat' dir='ltr'>spem</span> <span class='ocrx_word' id='word_1_300' title='bbox 867 2574 1130 2643; x_wconf 85' lang='lat' dir='ltr'>confugii</span> <span class='ocrx_word' id='word_1_301' title='bbox 1160 2574 1427 2630; x_wconf 88' lang='lat' dir='ltr'>funditus</span> <span class='ocrx_word' id='word_1_302' title='bbox 1446 2576 1522 2630; x_wconf 90' lang='lat' dir='ltr'>ad</span> <span class='ocrx_word' id='word_1_303' title='bbox 1546 2581 1782 2648; x_wconf 86' lang='lat' dir='ltr'>tempus</span> 
     </span>
    </p>
   </div>
   <div class='ocr_carea' id='block_1_39' title="bbox 109 2660 1782 2735">
    <p class='ocr_par' dir='ltr' id='par_1_39' title="bbox 109 2660 1782 2735">
     <span class='ocr_line' id='line_1_39' title="bbox 109 2660 1782 2735; baseline 0.002 -19"><span class='ocrx_word' id='word_1_304' title='bbox 109 2662 413 2717; x_wconf 85' lang='lat' dir='ltr'>auferens.</span> <span class='ocrx_word' id='word_1_305' title='bbox 473 2660 670 2715; x_wconf 85' lang='lat' dir='ltr'>Rebus</span> <span class='ocrx_word' id='word_1_306' title='bbox 723 2661 785 2715; x_wconf 91' lang='lat' dir='ltr'>in</span> <span class='ocrx_word' id='word_1_307' title='bbox 834 2662 1092 2717; x_wconf 79' lang='lat' dir='ltr'>Saxonia</span> <span class='ocrx_word' id='word_1_308' title='bbox 1141 2662 1245 2717; x_wconf 91' lang='lat' dir='ltr'>rite</span> <span class='ocrx_word' id='word_1_309' title='bbox 1305 2664 1627 2735; x_wconf 88' lang='lat' dir='ltr'>dispositis,</span> <span class='ocrx_word' id='word_1_310' title='bbox 1678 2681 1782 2720; x_wconf 86' lang='lat' dir='ltr'>rex</span> 
     </span>
    </p>
   </div>
   <div class='ocr_carea' id='block_1_40' title="bbox 112 2750 1780 2811">
    <p class='ocr_par' dir='ltr' id='par_1_40' title="bbox 112 2750 1780 2811">
     <span class='ocr_line' id='line_1_40' title="bbox 112 2750 1780 2811; baseline 0.004 -8"><span class='ocrx_word' id='word_1_311' title='bbox 112 2751 350 2806; x_wconf 86' lang='lat' dir='ltr'>Italiam</span> <span class='ocrx_word' id='word_1_312' title='bbox 392 2750 661 2806; x_wconf 90' lang='lat' dir='ltr'>secundo</span> <span class='ocrx_word' id='word_1_313' title='bbox 686 2750 943 2807; x_wconf 89' lang='lat' dir='ltr'>intravit.</span> <span class='ocrx_word' id='word_1_314' title='bbox 980 2753 1199 2807; x_wconf 84' lang='lat' dir='ltr'>Eodem</span> <span class='ocrx_word' id='word_1_315' title='bbox 1233 2770 1394 2808; x_wconf 88' lang='lat' dir='ltr'>anno</span> <span class='ocrx_word' id='word_1_316' title='bbox 1425 2754 1780 2811; x_wconf 89' lang='lat' dir='ltr'>innundatio</span> 
     </span>
    </p>
   </div>
   <div class='ocr_carea' id='block_1_41' title="bbox 108 2840 1778 2913">
    <p class='ocr_par' dir='ltr' id='par_1_41' title="bbox 108 2840 1778 2913">
     <span class='ocr_line' id='line_1_41' title="bbox 108 2840 1778 2913; baseline 0.002 -18"><span class='ocrx_word' id='word_1_317' title='bbox 108 2858 419 2913; x_wconf 90' lang='lat' dir='ltr'>aquarum</span> <span class='ocrx_word' id='word_1_318' title='bbox 480 2840 666 2896; x_wconf 88' lang='lat' dir='ltr'>nimia</span> <span class='ocrx_word' id='word_1_319' title='bbox 716 2841 873 2897; x_wconf 90' lang='lat' dir='ltr'>facta</span> <span class='ocrx_word' id='word_1_320' title='bbox 922 2847 1027 2907; x_wconf 89' lang='lat' dir='ltr'>est,</span> <span class='ocrx_word' id='word_1_321' title='bbox 1082 2842 1271 2898; x_wconf 91' lang='lat' dir='ltr'>multa</span> <span class='ocrx_word' id='word_1_322' title='bbox 1307 2844 1533 2899; x_wconf 90' lang='lat' dir='ltr'>damna</span> <span class='ocrx_word' id='word_1_323' title='bbox 1584 2844 1778 2899; x_wconf 87' lang='lat' dir='ltr'>ferens</span> 
     </span>
    </p>
   </div>
   <div class='ocr_carea' id='block_1_42' title="bbox 110 2931 1779 3006">
    <p class='ocr_par' dir='ltr' id='par_1_42' title="bbox 110 2931 1779 3006">
     <span class='ocr_line' id='line_1_42' title="bbox 110 2931 1779 3006; baseline 0.002 -20"><span class='ocrx_word' id='word_1_324' title='bbox 110 2936 174 2986; x_wconf 89' lang='grc'><strong>18</strong></span> <span class='ocrx_word' id='word_1_325' title='bbox 203 2931 452 2987; x_wconf 86' lang='lat' dir='ltr'>Calend.</span> <span class='ocrx_word' id='word_1_326' title='bbox 476 2931 761 2997; x_wconf 84' lang='lat' dir='ltr'>Januarii,</span> <span class='ocrx_word' id='word_1_327' title='bbox 792 2932 939 2987; x_wconf 90' lang='lat' dir='ltr'>luna</span> <span class='ocrx_word' id='word_1_328' title='bbox 965 2948 1147 2992; x_wconf 90' lang='lat' dir='ltr'>nona.</span> <span class='ocrx_word' id='word_1_329' title='bbox 1177 2932 1321 2988; x_wconf 88' lang='lat' dir='ltr'>feria</span> <span class='ocrx_word' id='word_1_330' title='bbox 1353 2938 1382 2988; x_wconf 92' lang='lat'>3</span> <span class='ocrx_word' id='word_1_331' title='bbox 1420 2952 1431 3000; x_wconf 91' lang='lat'>;</span> <span class='ocrx_word' id='word_1_332' title='bbox 1467 2935 1633 3006; x_wconf 89' lang='lat' dir='ltr'>quod</span> <span class='ocrx_word' id='word_1_333' title='bbox 1676 2952 1779 2991; x_wconf 83' lang='lat' dir='ltr'>rex</span> 
     </span>
    </p>
   </div>
   <div class='ocr_carea' id='block_1_43' title="bbox 105 3021 1777 3095">
    <p class='ocr_par' dir='ltr' id='par_1_43' title="bbox 105 3021 1777 3095">
     <span class='ocr_line' id='line_1_43' title="bbox 105 3021 1777 3095; baseline 0.002 -19"><span class='ocrx_word' id='word_1_334' title='bbox 105 3021 581 3094; x_wconf 88' lang='lat' dir='ltr'>parvipendens,</span> <span class='ocrx_word' id='word_1_335' title='bbox 607 3021 717 3076; x_wconf 85' lang='lat' dir='ltr'>iter</span> <span class='ocrx_word' id='word_1_336' title='bbox 736 3022 901 3093; x_wconf 92' lang='lat' dir='ltr'>quod</span> <span class='ocrx_word' id='word_1_337' title='bbox 926 3027 1188 3095; x_wconf 69' lang='lat' dir='ltr'>cmperat</span> <span class='ocrx_word' id='word_1_338' title='bbox 1214 3023 1459 3093; x_wconf 89' lang='lat' dir='ltr'>peregit,</span> <span class='ocrx_word' id='word_1_339' title='bbox 1517 3024 1777 3080; x_wconf 87' lang='lat' dir='ltr'>natalem</span> 
     </span>
    </p>
   </div>
   <div class='ocr_carea' id='block_1_44' title="bbox 107 3111 1775 3184">
    <p class='ocr_par' dir='ltr' id='par_1_44' title="bbox 107 3111 1775 3184">
     <span class='ocr_line' id='line_1_44' title="bbox 107 3111 1775 3184; baseline 0.004 -21"><span class='ocrx_word' id='word_1_340' title='bbox 107 3112 347 3167; x_wconf 90' lang='lat' dir='ltr'>Domini</span> <span class='ocrx_word' id='word_1_341' title='bbox 404 3111 601 3184; x_wconf 62' lang='lat' dir='ltr'>Papim</span> <span class='ocrx_word' id='word_1_342' title='bbox 641 3112 970 3168; x_wconf 82' lang='lat' dir='ltr'>honorifice</span> <span class='ocrx_word' id='word_1_343' title='bbox 1025 3112 1366 3168; x_wconf 84' lang='lat' dir='ltr'>celebravit.</span> <span class='ocrx_word' id='word_1_344' title='bbox 1430 3114 1549 3169; x_wconf 85' lang='lat' dir='ltr'>Hoc</span> <span class='ocrx_word' id='word_1_345' title='bbox 1597 3116 1775 3170; x_wconf 90' lang='lat' dir='ltr'>etiam</span> 
     </span>
    </p>
   </div>
   <div class='ocr_carea' id='block_1_45' title="bbox 1895 1954 3558 2017">
    <p class='ocr_par' dir='ltr' id='par_1_45' title="bbox 1895 1954 3558 2017">
     <span class='ocr_line' id='line_1_45' title="bbox 1895 1954 3558 2017; baseline 0.006 -10"><span class='ocrx_word' id='word_1_346' title='bbox 1895 1954 2107 2009; x_wconf 88' lang='lat' dir='ltr'>ratoris</span> <span class='ocrx_word' id='word_1_347' title='bbox 2132 1954 2345 2009; x_wconf 90' lang='lat' dir='ltr'>caritas</span> <span class='ocrx_word' id='word_1_348' title='bbox 2375 1955 2614 2010; x_wconf 80' lang='lat' dir='ltr'>domnae</span> <span class='ocrx_word' id='word_1_349' title='bbox 2646 1956 2987 2011; x_wconf 66' lang='lat' dir='ltr'>Adelheidte</span> <span class='ocrx_word' id='word_1_350' title='bbox 3020 1957 3258 2015; x_wconf 86' lang='lat' dir='ltr'>tradidit</span> <span class='ocrx_word' id='word_1_351' title='bbox 3287 1959 3439 2015; x_wconf 90' lang='lat' dir='ltr'>duas</span> <span class='ocrx_word' id='word_1_352' title='bbox 3468 1978 3558 2017; x_wconf 89' lang='lat' dir='ltr'>so-</span> 
     </span>
    </p>
   </div>
   <div class='ocr_carea' id='block_1_46' title="bbox 1893 2044 3554 2117">
    <p class='ocr_par' dir='ltr' id='par_1_46' title="bbox 1893 2044 3554 2117">
     <span class='ocr_line' id='line_1_46' title="bbox 1893 2044 3554 2117; baseline 0.005 -21"><span class='ocrx_word' id='word_1_353' title='bbox 1893 2058 2056 2097; x_wconf 90' lang='lat' dir='ltr'>rores</span> <span class='ocrx_word' id='word_1_354' title='bbox 2088 2048 2236 2111; x_wconf 87' lang='grc'>(282)</span> <span class='ocrx_word' id='word_1_355' title='bbox 2268 2059 2406 2099; x_wconf 90' lang='lat' dir='ltr'>cum</span> <span class='ocrx_word' id='word_1_356' title='bbox 2437 2044 2676 2099; x_wconf 84' lang='lat' dir='ltr'>filiabus</span> <span class='ocrx_word' id='word_1_357' title='bbox 2708 2045 2829 2099; x_wconf 88' lang='lat' dir='ltr'>suis</span> <span class='ocrx_word' id='word_1_358' title='bbox 2860 2050 2913 2100; x_wconf 90' lang='lat' dir='ltr'>et</span> <span class='ocrx_word' id='word_1_359' title='bbox 2958 2046 3391 2117; x_wconf 85' lang='lat' dir='ltr'>pertinentibus</span> <span class='ocrx_word' id='word_1_360' title='bbox 3443 2049 3554 2104; x_wconf 88' lang='lat' dir='ltr'>bo-</span> 
     </span>
    </p>
   </div>
   <div class='ocr_carea' id='block_1_47' title="bbox 1893 2132 3555 2204">
    <p class='ocr_par' dir='ltr' id='par_1_47' title="bbox 1893 2132 3555 2204">
     <span class='ocr_line' id='line_1_47' title="bbox 1893 2132 3555 2204; baseline 0.005 -20"><span class='ocrx_word' id='word_1_361' title='bbox 1893 2132 2005 2197; x_wconf 91' lang='lat' dir='ltr'>nis,</span> <span class='ocrx_word' id='word_1_362' title='bbox 2040 2133 2329 2187; x_wconf 89' lang='lat' dir='ltr'>Gheronis</span> <span class='ocrx_word' id='word_1_363' title='bbox 2361 2133 2673 2204; x_wconf 89' lang='lat' dir='ltr'>quondam</span> <span class='ocrx_word' id='word_1_364' title='bbox 2702 2134 3069 2189; x_wconf 89' lang='lat' dir='ltr'>marchionis</span> <span class='ocrx_word' id='word_1_365' title='bbox 3124 2137 3555 2192; x_wconf 88' lang='lat' dir='ltr'>monasterium</span> 
     </span>
    </p>
   </div>
   <div class='ocr_carea' id='block_1_48' title="bbox 1894 2220 3556 2296">
    <p class='ocr_par' dir='ltr' id='par_1_48' title="bbox 1894 2220 3556 2296">
     <span class='ocr_line' id='line_1_48' title="bbox 1894 2220 3556 2296; baseline 0.005 -22"><span class='ocrx_word' id='word_1_366' title='bbox 1894 2220 2040 2291; x_wconf 90' lang='grc'>(283)</span> <span class='ocrx_word' id='word_1_367' title='bbox 2074 2221 2193 2277; x_wconf 86' lang='lat' dir='ltr'>Cal.</span> <span class='ocrx_word' id='word_1_368' title='bbox 2229 2222 2542 2276; x_wconf 76' lang='lat' dir='ltr'>Novembr.</span> <span class='ocrx_word' id='word_1_369' title='bbox 2580 2223 2723 2277; x_wconf 82' lang='lat' dir='ltr'>feria</span> <span class='ocrx_word' id='word_1_370' title='bbox 2757 2223 3043 2289; x_wconf 89' lang='lat' dir='ltr'>secunda,</span> <span class='ocrx_word' id='word_1_371' title='bbox 3078 2225 3245 2296; x_wconf 90' lang='lat' dir='ltr'>quod</span> <span class='ocrx_word' id='word_1_372' title='bbox 3298 2226 3376 2281; x_wconf 94' lang='lat' dir='ltr'>ob</span> <span class='ocrx_word' id='word_1_373' title='bbox 3430 2243 3556 2281; x_wconf 90' lang='lat' dir='ltr'>mo-</span> 
     </span>
    </p>
   </div>
   <div class='ocr_carea' id='block_1_49' title="bbox 1892 2311 3556 2383">
    <p class='ocr_par' dir='ltr' id='par_1_49' title="bbox 1892 2311 3556 2383">
     <span class='ocr_line' id='line_1_49' title="bbox 1892 2311 3556 2383; baseline 0.004 -19"><span class='ocrx_word' id='word_1_374' title='bbox 1892 2316 2252 2366; x_wconf 90' lang='lat' dir='ltr'>numentum</span> <span class='ocrx_word' id='word_1_375' title='bbox 2284 2328 2406 2365; x_wconf 60' lang='lat' dir='ltr'>sure</span> <span class='ocrx_word' id='word_1_376' title='bbox 2439 2311 2655 2366; x_wconf 57' lang='lat' dir='ltr'>animle</span> <span class='ocrx_word' id='word_1_377' title='bbox 2683 2311 2894 2383; x_wconf 87' lang='lat' dir='ltr'>suique</span> <span class='ocrx_word' id='word_1_378' title='bbox 2925 2312 3028 2366; x_wconf 84' lang='lat' dir='ltr'>ﬁlii</span> <span class='ocrx_word' id='word_1_379' title='bbox 3045 2319 3556 2383; x_wconf 82' lang='lat' dir='ltr'>construxerat,ac</span> 
     </span>
    </p>
   </div>
   <div class='ocr_carea' id='block_1_50' title="bbox 1891 2400 3555 2471">
    <p class='ocr_par' dir='ltr' id='par_1_50' title="bbox 1891 2400 3555 2471">
     <span class='ocr_line' id='line_1_50' title="bbox 1891 2400 3555 2471; baseline 0.004 -18"><span class='ocrx_word' id='word_1_380' title='bbox 1891 2415 2115 2454; x_wconf 91' lang='lat' dir='ltr'>nurum</span> <span class='ocrx_word' id='word_1_381' title='bbox 2145 2416 2339 2466; x_wconf 91' lang='lat' dir='ltr'>suam,</span> <span class='ocrx_word' id='word_1_382' title='bbox 2374 2400 2750 2469; x_wconf 83' lang='lat' dir='ltr'>Hatuwigam</span> <span class='ocrx_word' id='word_1_383' title='bbox 2790 2401 3080 2470; x_wconf 81' lang='lat' dir='ltr'>videlicet,</span> <span class='ocrx_word' id='word_1_384' title='bbox 3109 2403 3380 2471; x_wconf 90' lang='lat' dir='ltr'>religiose</span> <span class='ocrx_word' id='word_1_385' title='bbox 3410 2420 3555 2459; x_wconf 89' lang='lat' dir='ltr'>con-</span> 
     </span>
    </p>
   </div>
   <div class='ocr_carea' id='block_1_51' title="bbox 1891 2488 3557 2563">
    <p class='ocr_par' dir='ltr' id='par_1_51' title="bbox 1891 2488 3557 2563">
     <span class='ocr_line' id='line_1_51' title="bbox 1891 2488 3557 2563; baseline 0.004 -22"><span class='ocrx_word' id='word_1_386' title='bbox 1891 2494 2231 2543; x_wconf 84' lang='lat' dir='ltr'>versantem</span> <span class='ocrx_word' id='word_1_387' title='bbox 2264 2488 2713 2557; x_wconf 86' lang='lat' dir='ltr'>congregationi</span> <span class='ocrx_word' id='word_1_388' title='bbox 2747 2489 3292 2545; x_wconf 87' lang='lat' dir='ltr'>sanctimonialiam</span> <span class='ocrx_word' id='word_1_389' title='bbox 3323 2508 3557 2563; x_wconf 70' lang='lat' dir='ltr'>praepo-</span> 
     </span>
    </p>
   </div>
   <div class='ocr_carea' id='block_1_52' title="bbox 1893 2577 3552 2649">
    <p class='ocr_par' dir='ltr' id='par_1_52' title="bbox 1893 2577 3552 2649">
     <span class='ocr_line' id='line_1_52' title="bbox 1893 2577 3552 2649; baseline 0.002 -18"><span class='ocrx_word' id='word_1_390' title='bbox 1893 2578 2008 2632; x_wconf 92' lang='lat' dir='ltr'>suit</span> <span class='ocrx_word' id='word_1_391' title='bbox 2044 2596 2055 2641; x_wconf 89' lang='lat'>;</span> <span class='ocrx_word' id='word_1_392' title='bbox 2087 2582 2143 2632; x_wconf 91' lang='lat' dir='ltr'>et</span> <span class='ocrx_word' id='word_1_393' title='bbox 2174 2577 2668 2632; x_wconf 85' lang='lat' dir='ltr'>Frethunensium</span> <span class='ocrx_word' id='word_1_394' title='bbox 2687 2577 2952 2632; x_wconf 89' lang='lat' dir='ltr'>nobilem</span> <span class='ocrx_word' id='word_1_395' title='bbox 2976 2580 3552 2649; x_wconf 74' lang='lat' dir='ltr'>congregationem4</span> 
     </span>
    </p>
   </div>
   <div class='ocr_carea' id='block_1_53' title="bbox 1891 2666 3552 2739">
    <p class='ocr_par' dir='ltr' id='par_1_53' title="bbox 1891 2666 3552 2739">
     <span class='ocr_line' id='line_1_53' title="bbox 1891 2666 3552 2739; baseline 0.003 -19"><span class='ocrx_word' id='word_1_396' title='bbox 1891 2670 2037 2721; x_wconf 70' lang='lat' dir='ltr'>Non.</span> <span class='ocrx_word' id='word_1_397' title='bbox 2063 2666 2355 2736; x_wconf 91' lang='lat' dir='ltr'>ejusdem,</span> <span class='ocrx_word' id='word_1_398' title='bbox 2390 2667 2536 2721; x_wconf 89' lang='lat' dir='ltr'>feria</span> <span class='ocrx_word' id='word_1_399' title='bbox 2566 2672 2617 2722; x_wconf 89' lang='lat'>3.</span> <span class='ocrx_word' id='word_1_400' title='bbox 2654 2667 2882 2731; x_wconf 87' lang='lat' dir='ltr'>Quibus</span> <span class='ocrx_word' id='word_1_401' title='bbox 2913 2668 3195 2739; x_wconf 90' lang='lat' dir='ltr'>acceptis,</span> <span class='ocrx_word' id='word_1_402' title='bbox 3230 2673 3293 2723; x_wconf 92' lang='lat' dir='ltr'>ut</span> <span class='ocrx_word' id='word_1_403' title='bbox 3350 2669 3552 2725; x_wconf 92' lang='lat' dir='ltr'>decuit</span> 
     </span>
    </p>
   </div>
   <div class='ocr_carea' id='block_1_54' title="bbox 1890 2754 3547 2828">
    <p class='ocr_par' dir='ltr' id='par_1_54' title="bbox 1890 2754 3547 2828">
     <span class='ocr_line' id='line_1_54' title="bbox 1890 2754 3547 2828; baseline 0.002 -18"><span class='ocrx_word' id='word_1_404' title='bbox 1890 2760 2054 2811; x_wconf 90' lang='lat' dir='ltr'>tanto</span> <span class='ocrx_word' id='word_1_405' title='bbox 2078 2755 2327 2822; x_wconf 90' lang='lat' dir='ltr'>nomini,</span> <span class='ocrx_word' id='word_1_406' title='bbox 2360 2754 2637 2809; x_wconf 84' lang='lat' dir='ltr'>nobiliter</span> <span class='ocrx_word' id='word_1_407' title='bbox 2667 2756 2902 2821; x_wconf 91' lang='lat' dir='ltr'>enutrit,</span> <span class='ocrx_word' id='word_1_408' title='bbox 2937 2755 3334 2828; x_wconf 86' lang='lat' dir='ltr'>amplectitur,</span> <span class='ocrx_word' id='word_1_409' title='bbox 3363 2757 3547 2825; x_wconf 88' lang='lat' dir='ltr'>fovet;</span> 
     </span>
    </p>
   </div>
   <div class='ocr_carea' id='block_1_55' title="bbox 1889 2843 3548 2916">
    <p class='ocr_par' dir='ltr' id='par_1_55' title="bbox 1889 2843 3548 2916">
     <span class='ocr_line' id='line_1_55' title="bbox 1889 2843 3548 2916; baseline 0.002 -18"><span class='ocrx_word' id='word_1_410' title='bbox 1889 2849 1945 2899; x_wconf 92' lang='lat' dir='ltr'>et</span> <span class='ocrx_word' id='word_1_411' title='bbox 1974 2843 2226 2913; x_wconf 64' lang='lat' dir='ltr'>egregiae</span> <span class='ocrx_word' id='word_1_412' title='bbox 2256 2843 2464 2898; x_wconf 91' lang='lat' dir='ltr'>matris</span> <span class='ocrx_word' id='word_1_413' title='bbox 2488 2860 2556 2898; x_wconf 90' lang='lat' dir='ltr'>ac</span> <span class='ocrx_word' id='word_1_414' title='bbox 2588 2844 2783 2898; x_wconf 66' lang='lat' dir='ltr'>amitae</span> <span class='ocrx_word' id='word_1_415' title='bbox 2816 2843 3126 2916; x_wconf 89' lang='lat' dir='ltr'>sapientia,</span> <span class='ocrx_word' id='word_1_416' title='bbox 3184 2862 3305 2916; x_wconf 93' lang='lat' dir='ltr'>qua</span> <span class='ocrx_word' id='word_1_417' title='bbox 3345 2863 3410 2902; x_wconf 89' lang='lat' dir='ltr'>se</span> <span class='ocrx_word' id='word_1_418' title='bbox 3457 2847 3548 2901; x_wconf 90' lang='lat' dir='ltr'>in-</span> 
     </span>
    </p>
   </div>
   <div class='ocr_carea' id='block_1_56' title="bbox 1889 2931 3548 3006">
    <p class='ocr_par' dir='ltr' id='par_1_56' title="bbox 1889 2931 3548 3006">
     <span class='ocr_line' id='line_1_56' title="bbox 1889 2931 3548 3006; baseline 0.002 -19"><span class='ocrx_word' id='word_1_419' title='bbox 1889 2937 2201 2999; x_wconf 82' lang='lat' dir='ltr'>struxerat,</span> <span class='ocrx_word' id='word_1_420' title='bbox 2233 2932 2573 2997; x_wconf 86' lang='lat' dir='ltr'>informata,</span> <span class='ocrx_word' id='word_1_421' title='bbox 2607 2948 2681 2987; x_wconf 92' lang='lat' dir='ltr'>ne</span> <span class='ocrx_word' id='word_1_422' title='bbox 2725 2931 2820 2986; x_wconf 89' lang='lat' dir='ltr'>vel</span> <span class='ocrx_word' id='word_1_423' title='bbox 2872 2933 3083 2988; x_wconf 88' lang='lat' dir='ltr'>merito</span> <span class='ocrx_word' id='word_1_424' title='bbox 3135 2933 3230 2988; x_wconf 86' lang='lat' dir='ltr'>vel</span> <span class='ocrx_word' id='word_1_425' title='bbox 3271 2935 3548 3006; x_wconf 89' lang='lat' dir='ltr'>exemplo</span> 
     </span>
    </p>
   </div>
   <div class='ocr_carea' id='block_1_57' title="bbox 1889 3021 3546 3095">
    <p class='ocr_par' dir='ltr' id='par_1_57' title="bbox 1889 3021 3546 3095">
     <span class='ocr_line' id='line_1_57' title="bbox 1889 3021 3546 3095; baseline 0.001 -17"><span class='ocrx_word' id='word_1_426' title='bbox 1889 3023 2173 3095; x_wconf 89' lang='lat' dir='ltr'>cuiquam</span> <span class='ocrx_word' id='word_1_427' title='bbox 2202 3022 2263 3076; x_wconf 90' lang='lat' dir='ltr'>in</span> <span class='ocrx_word' id='word_1_428' title='bbox 2294 3021 2353 3076; x_wconf 91' lang='lat' dir='ltr'>id</span> <span class='ocrx_word' id='word_1_429' title='bbox 2384 3021 2767 3076; x_wconf 90' lang='lat' dir='ltr'>institutionis</span> <span class='ocrx_word' id='word_1_430' title='bbox 2830 3021 3137 3077; x_wconf 87' lang='lat' dir='ltr'>inferiores</span> <span class='ocrx_word' id='word_1_431' title='bbox 3183 3023 3546 3092; x_wconf 86' lang='lat' dir='ltr'>viderentur,</span> 
     </span>
    </p>
   </div>
   <div class='ocr_carea' id='block_1_58' title="bbox 1889 3110 3550 3184">
    <p class='ocr_par' dir='ltr' id='par_1_58' title="bbox 1889 3110 3550 3184">
     <span class='ocr_line' id='line_1_58' title="bbox 1889 3110 3550 3184; baseline 0.001 -18"><span class='ocrx_word' id='word_1_432' title='bbox 1889 3112 2054 3166; x_wconf 90' lang='lat' dir='ltr'>omni</span> <span class='ocrx_word' id='word_1_433' title='bbox 2076 3110 2308 3183; x_wconf 89' lang='lat' dir='ltr'>pietatis</span> <span class='ocrx_word' id='word_1_434' title='bbox 2332 3110 2530 3165; x_wconf 91' lang='lat' dir='ltr'>studio</span> <span class='ocrx_word' id='word_1_435' title='bbox 2583 3110 2894 3179; x_wconf 89' lang='lat' dir='ltr'>diligenter</span> <span class='ocrx_word' id='word_1_436' title='bbox 2943 3110 3168 3167; x_wconf 91' lang='lat' dir='ltr'>edocet.</span> <span class='ocrx_word' id='word_1_437' title='bbox 3223 3112 3550 3184; x_wconf 90' lang='lat' dir='ltr'>Imperator</span> 
     </span>
    </p>
   </div>
   <div class='ocr_carea' id='block_1_59' title="bbox 104 3200 3549 3284">
    <p class='ocr_par' dir='ltr' id='par_1_59' title="bbox 104 3200 3549 3284">
     <span class='ocr_line' id='line_1_59' title="bbox 104 3200 3549 3284; baseline -0 -27"><span class='ocrx_word' id='word_1_438' title='bbox 104 3218 269 3257; x_wconf 90' lang='lat' dir='ltr'>anno</span> <span class='ocrx_word' id='word_1_439' title='bbox 301 3206 459 3268; x_wconf 85' lang='grc'><strong>1013,</strong></span> <span class='ocrx_word' id='word_1_440' title='bbox 485 3200 786 3257; x_wconf 88' lang='lat' dir='ltr'>contentio</span> <span class='ocrx_word' id='word_1_441' title='bbox 817 3217 1041 3271; x_wconf 90' lang='lat' dir='ltr'>magna</span> <span class='ocrx_word' id='word_1_442' title='bbox 1072 3202 1230 3259; x_wconf 89' lang='lat' dir='ltr'>facta</span> <span class='ocrx_word' id='word_1_443' title='bbox 1256 3208 1343 3257; x_wconf 87' lang='lat' dir='ltr'>est</span> <span class='ocrx_word' id='word_1_444' title='bbox 1385 3203 1441 3258; x_wconf 90' lang='lat' dir='ltr'>in</span> <span class='ocrx_word' id='word_1_445' title='bbox 1471 3210 1775 3261; x_wconf 89' lang='lat' dir='ltr'>monaste-</span> <span class='ocrx_word' id='word_1_446' title='bbox 1816 3229 1857 3284; x_wconf 67' lang='grc' dir='ltr'><strong>ρ</strong></span> <span class='ocrx_word' id='word_1_447' title='bbox 1889 3200 2275 3273; x_wconf 87' lang='lat' dir='ltr'>quorundam</span> <span class='ocrx_word' id='word_1_448' title='bbox 2306 3200 2587 3272; x_wconf 90' lang='lat' dir='ltr'>precibus</span> <span class='ocrx_word' id='word_1_449' title='bbox 2619 3216 2965 3271; x_wconf 87' lang='lat' dir='ltr'>persuasus,</span> <span class='ocrx_word' id='word_1_450' title='bbox 2992 3200 3352 3256; x_wconf 87' lang='lat' dir='ltr'>Bolizlavoni</span> <span class='ocrx_word' id='word_1_451' title='bbox 3378 3202 3549 3258; x_wconf 79' lang='lat' dir='ltr'>remi-</span> 
     </span>
    </p>
   </div>
   <div class='ocr_carea' id='block_1_60' title="bbox 104 3290 1775 3359">
    <p class='ocr_par' dir='ltr' id='par_1_60' title="bbox 104 3290 1775 3359">
     <span class='ocr_line' id='line_1_60' title="bbox 104 3290 1775 3359; baseline 0.001 -12"><span class='ocrx_word' id='word_1_452' title='bbox 104 3293 191 3347; x_wconf 87' lang='lat' dir='ltr'>rio</span> <span class='ocrx_word' id='word_1_453' title='bbox 249 3290 500 3347; x_wconf 90' lang='lat' dir='ltr'>Geronis</span> <span class='ocrx_word' id='word_1_454' title='bbox 558 3291 766 3359; x_wconf 90' lang='lat' dir='ltr'>magni</span> <span class='ocrx_word' id='word_1_455' title='bbox 820 3292 1185 3346; x_wconf 91' lang='lat' dir='ltr'>marchionis</span> <span class='ocrx_word' id='word_1_456' title='bbox 1244 3292 1394 3347; x_wconf 90' lang='lat' dir='ltr'>inter</span> <span class='ocrx_word' id='word_1_457' title='bbox 1458 3294 1775 3349; x_wconf 83' lang='lat' dir='ltr'>Arnulfum</span> 
     </span>
    </p>
   </div>
   <div class='ocr_carea' id='block_1_61' title="bbox 106 3380 1776 3455">
    <p class='ocr_par' dir='ltr' id='par_1_61' title="bbox 106 3380 1776 3455">
     <span class='ocr_line' id='line_1_61' title="bbox 106 3380 1776 3455; baseline 0.002 -20"><span class='ocrx_word' id='word_1_458' title='bbox 106 3382 467 3453; x_wconf 84' lang='lat' dir='ltr'>episcopum</span> <span class='ocrx_word' id='word_1_459' title='bbox 495 3384 551 3435; x_wconf 92' lang='lat' dir='ltr'>et</span> <span class='ocrx_word' id='word_1_460' title='bbox 577 3381 871 3435; x_wconf 88' lang='lat' dir='ltr'>Geronem</span> <span class='ocrx_word' id='word_1_461' title='bbox 899 3380 1201 3450; x_wconf 91' lang='lat' dir='ltr'>comitem,</span> <span class='ocrx_word' id='word_1_462' title='bbox 1230 3381 1311 3437; x_wconf 89' lang='lat' dir='ltr'>ita</span> <span class='ocrx_word' id='word_1_463' title='bbox 1360 3387 1423 3437; x_wconf 92' lang='lat' dir='ltr'>ut</span> <span class='ocrx_word' id='word_1_464' title='bbox 1479 3399 1550 3437; x_wconf 84' lang='lat' dir='ltr'>ex</span> <span class='ocrx_word' id='word_1_465' title='bbox 1608 3388 1776 3455; x_wconf 90' lang='lat' dir='ltr'>parte</span> 
     </span>
    </p>
   </div>
   <div class='ocr_carea' id='block_1_62' title="bbox 108 3469 1778 3543">
    <p class='ocr_par' dir='ltr' id='par_1_62' title="bbox 108 3469 1778 3543">
     <span class='ocr_line' id='line_1_62' title="bbox 108 3469 1778 3543; baseline 0.002 -18"><span class='ocrx_word' id='word_1_466' title='bbox 108 3470 375 3543; x_wconf 90' lang='lat' dir='ltr'>episcopi</span> <span class='ocrx_word' id='word_1_467' title='bbox 410 3469 663 3541; x_wconf 91' lang='lat' dir='ltr'>quidam</span> <span class='ocrx_word' id='word_1_468' title='bbox 693 3470 1025 3541; x_wconf 89' lang='lat' dir='ltr'>periculum</span> <span class='ocrx_word' id='word_1_469' title='bbox 1057 3486 1273 3542; x_wconf 64' lang='lat' dir='ltr'>pugnae</span> <span class='ocrx_word' id='word_1_470' title='bbox 1305 3471 1402 3525; x_wconf 81' lang='lat' dir='ltr'>vix</span> <span class='ocrx_word' id='word_1_471' title='bbox 1457 3472 1778 3528; x_wconf 90' lang='lat' dir='ltr'>evaderent</span> 
     </span>
    </p>
   </div>
   <div class='ocr_carea' id='block_1_63' title="bbox 109 3559 1779 3631">
    <p class='ocr_par' dir='ltr' id='par_1_63' title="bbox 109 3559 1779 3631">
     <span class='ocr_line' id='line_1_63' title="bbox 109 3559 1779 3631; baseline 0.001 -16"><span class='ocrx_word' id='word_1_472' title='bbox 109 3560 335 3615; x_wconf 90' lang='lat' dir='ltr'>meritis</span> <span class='ocrx_word' id='word_1_473' title='bbox 358 3559 547 3614; x_wconf 90' lang='lat' dir='ltr'>sancti</span> <span class='ocrx_word' id='word_1_474' title='bbox 581 3559 809 3630; x_wconf 89' lang='lat' dir='ltr'>Cyriaci</span> <span class='ocrx_word' id='word_1_475' title='bbox 858 3560 1159 3631; x_wconf 80' lang='lat' dir='ltr'>martyris,</span> <span class='ocrx_word' id='word_1_476' title='bbox 1194 3561 1365 3631; x_wconf 92' lang='lat' dir='ltr'>cujus</span> <span class='ocrx_word' id='word_1_477' title='bbox 1424 3561 1584 3616; x_wconf 89' lang='lat' dir='ltr'>festis</span> <span class='ocrx_word' id='word_1_478' title='bbox 1636 3562 1779 3617; x_wconf 89' lang='lat' dir='ltr'>inte-</span> 
     </span>
    </p>
   </div>
   <div class='ocr_carea' id='block_1_64' title="bbox 111 3648 1336 3719">
    <p class='ocr_par' dir='ltr' id='par_1_64' title="bbox 111 3648 1336 3719">
     <span class='ocr_line' id='line_1_64' title="bbox 111 3648 1336 3719; baseline 0.001 -16"><span class='ocrx_word' id='word_1_479' title='bbox 111 3652 327 3713; x_wconf 89' lang='lat' dir='ltr'>rerant,</span> <span class='ocrx_word' id='word_1_480' title='bbox 366 3652 656 3719; x_wconf 84' lang='lat' dir='ltr'>praesente</span> <span class='ocrx_word' id='word_1_481' title='bbox 681 3648 984 3716; x_wconf 84' lang='lat' dir='ltr'>Hatewiga</span> <span class='ocrx_word' id='word_1_482' title='bbox 1010 3649 1336 3704; x_wconf 89' lang='lat' dir='ltr'>abbatissa.</span> 
     </span>
    </p>
   </div>
   <div class='ocr_carea' id='block_1_65' title="bbox 186 3736 1777 3812">
    <p class='ocr_par' dir='ltr' id='par_1_65' title="bbox 186 3736 1777 3812">
     <span class='ocr_line' id='line_1_65' title="bbox 186 3736 1777 3812; baseline 0.003 -21"><span class='ocrx_word' id='word_1_483' title='bbox 186 3740 343 3791; x_wconf 74' lang='grc'><strong>1014.</strong></span> <span class='ocrx_word' id='word_1_484' title='bbox 384 3738 523 3792; x_wconf 81' lang='lat' dir='ltr'>item</span> <span class='ocrx_word' id='word_1_485' title='bbox 552 3736 844 3791; x_wconf 83' lang='lat' dir='ltr'>diluvium</span> <span class='ocrx_word' id='word_1_486' title='bbox 876 3737 1054 3793; x_wconf 88' lang='lat' dir='ltr'>venit.</span> <span class='ocrx_word' id='word_1_487' title='bbox 1082 3740 1200 3793; x_wconf 83' lang='lat' dir='ltr'>Rex</span> <span class='ocrx_word' id='word_1_488' title='bbox 1254 3741 1537 3794; x_wconf 84' lang='lat' dir='ltr'>Ravenna</span> <span class='ocrx_word' id='word_1_489' title='bbox 1566 3756 1777 3812; x_wconf 90' lang='lat' dir='ltr'>prope-</span> 
     </span>
    </p>
   </div>
   <div class='ocr_carea' id='block_1_66' title="bbox 110 3823 1775 3896">
    <p class='ocr_par' dir='ltr' id='par_1_66' title="bbox 110 3823 1775 3896">
     <span class='ocr_line' id='line_1_66' title="bbox 110 3823 1775 3896; baseline 0.002 -15"><span class='ocrx_word' id='word_1_490' title='bbox 110 3842 271 3894; x_wconf 79' lang='lat' dir='ltr'>rans,</span> <span class='ocrx_word' id='word_1_491' title='bbox 328 3824 537 3880; x_wconf 87' lang='lat' dir='ltr'>habita</span> <span class='ocrx_word' id='word_1_492' title='bbox 600 3823 814 3880; x_wconf 88' lang='lat' dir='ltr'>sinodo</span> <span class='ocrx_word' id='word_1_493' title='bbox 873 3825 1207 3881; x_wconf 86' lang='lat' dir='ltr'>Arnoldum</span> <span class='ocrx_word' id='word_1_494' title='bbox 1262 3826 1504 3882; x_wconf 87' lang='lat' dir='ltr'>fratrem</span> <span class='ocrx_word' id='word_1_495' title='bbox 1575 3845 1775 3896; x_wconf 91' lang='lat' dir='ltr'>suum,</span> 
     </span>
    </p>
   </div>
   <div class='ocr_carea' id='block_1_67' title="bbox 114 3914 1775 3988">
    <p class='ocr_par' dir='ltr' id='par_1_67' title="bbox 114 3914 1775 3988">
     <span class='ocr_line' id='line_1_67' title="bbox 114 3914 1775 3988; baseline 0.002 -18"><span class='ocrx_word' id='word_1_496' title='bbox 114 3914 445 3987; x_wconf 91' lang='lat' dir='ltr'>episcopali</span> <span class='ocrx_word' id='word_1_497' title='bbox 474 3914 763 3983; x_wconf 88' lang='lat' dir='ltr'>dignitate</span> <span class='ocrx_word' id='word_1_498' title='bbox 788 3914 956 3987; x_wconf 90' lang='lat' dir='ltr'>prius</span> <span class='ocrx_word' id='word_1_499' title='bbox 986 3915 1279 3971; x_wconf 91' lang='lat' dir='ltr'>donatum</span> <span class='ocrx_word' id='word_1_500' title='bbox 1306 3922 1363 3972; x_wconf 92' lang='lat' dir='ltr'>et</span> <span class='ocrx_word' id='word_1_501' title='bbox 1388 3918 1775 3988; x_wconf 90' lang='lat' dir='ltr'>quorundam</span> 
     </span>
    </p>
   </div>
   <div class='ocr_carea' id='block_1_68' title="bbox 112 4003 1776 4076">
    <p class='ocr_par' dir='ltr' id='par_1_68' title="bbox 112 4003 1776 4076">
     <span class='ocr_line' id='line_1_68' title="bbox 112 4003 1776 4076; baseline 0.002 -17"><span class='ocrx_word' id='word_1_502' title='bbox 112 4004 165 4059; x_wconf 89' lang='lat' dir='ltr'>vi</span> <span class='ocrx_word' id='word_1_503' title='bbox 224 4003 419 4059; x_wconf 90' lang='lat' dir='ltr'>redire</span> <span class='ocrx_word' id='word_1_504' title='bbox 478 4006 778 4072; x_wconf 89' lang='lat' dir='ltr'>coactum,</span> <span class='ocrx_word' id='word_1_505' title='bbox 831 4003 1180 4059; x_wconf 90' lang='lat' dir='ltr'>auctoritate</span> <span class='ocrx_word' id='word_1_506' title='bbox 1228 4020 1405 4076; x_wconf 61' lang='lat' dir='ltr'>papte</span> <span class='ocrx_word' id='word_1_507' title='bbox 1460 4021 1528 4061; x_wconf 91' lang='lat' dir='ltr'>ac</span> <span class='ocrx_word' id='word_1_508' title='bbox 1579 4007 1776 4063; x_wconf 89' lang='lat' dir='ltr'>cuncti</span> 
     </span>
    </p>
   </div>
   <div class='ocr_carea' id='block_1_69' title="bbox 117 4091 1774 4165">
    <p class='ocr_par' dir='ltr' id='par_1_69' title="bbox 117 4091 1774 4165">
     <span class='ocr_line' id='line_1_69' title="bbox 117 4091 1774 4165; baseline 0.002 -18"><span class='ocrx_word' id='word_1_509' title='bbox 117 4097 356 4149; x_wconf 90' lang='lat' dir='ltr'>senatus</span> <span class='ocrx_word' id='word_1_510' title='bbox 402 4091 653 4147; x_wconf 89' lang='lat' dir='ltr'>consilio</span> <span class='ocrx_word' id='word_1_511' title='bbox 708 4097 969 4161; x_wconf 90' lang='lat' dir='ltr'>revocat,</span> <span class='ocrx_word' id='word_1_512' title='bbox 1038 4093 1525 4165; x_wconf 78' lang='lat' dir='ltr'>archipraesulem</span> <span class='ocrx_word' id='word_1_513' title='bbox 1590 4096 1774 4164; x_wconf 88' lang='lat' dir='ltr'>digno</span> 
     </span>
    </p>
   </div>
   <div class='ocr_carea' id='block_1_70' title="bbox 112 4181 1775 4254">
    <p class='ocr_par' dir='ltr' id='par_1_70' title="bbox 112 4181 1775 4254">
     <span class='ocr_line' id='line_1_70' title="bbox 112 4181 1775 4254; baseline 0.002 -17"><span class='ocrx_word' id='word_1_514' title='bbox 112 4182 334 4238; x_wconf 90' lang='lat' dir='ltr'>honore</span> <span class='ocrx_word' id='word_1_515' title='bbox 386 4181 686 4248; x_wconf 90' lang='lat' dir='ltr'>stabilivit,</span> <span class='ocrx_word' id='word_1_516' title='bbox 749 4181 999 4254; x_wconf 88' lang='lat' dir='ltr'>aliisque</span> <span class='ocrx_word' id='word_1_517' title='bbox 1047 4181 1273 4237; x_wconf 91' lang='lat' dir='ltr'>ibidem</span> <span class='ocrx_word' id='word_1_518' title='bbox 1332 4184 1437 4238; x_wconf 90' lang='lat' dir='ltr'>rite</span> <span class='ocrx_word' id='word_1_519' title='bbox 1487 4184 1775 4240; x_wconf 89' lang='lat' dir='ltr'>ordinatis</span> 
     </span>
    </p>
   </div>
   <div class='ocr_carea' id='block_1_71' title="bbox 114 4270 1773 4343">
    <p class='ocr_par' dir='ltr' id='par_1_71' title="bbox 114 4270 1773 4343">
     <span class='ocr_line' id='line_1_71' title="bbox 114 4270 1773 4343; baseline 0.002 -17"><span class='ocrx_word' id='word_1_520' title='bbox 114 4271 443 4336; x_wconf 89' lang='lat' dir='ltr'>discedens,</span> <span class='ocrx_word' id='word_1_521' title='bbox 478 4274 733 4326; x_wconf 89' lang='lat' dir='ltr'>Romam</span> <span class='ocrx_word' id='word_1_522' title='bbox 763 4270 1053 4343; x_wconf 90' lang='lat' dir='ltr'>pervenit.</span> <span class='ocrx_word' id='word_1_523' title='bbox 1099 4270 1207 4326; x_wconf 89' lang='lat' dir='ltr'>Ivit</span> <span class='ocrx_word' id='word_1_524' title='bbox 1253 4272 1497 4328; x_wconf 88' lang='lat' dir='ltr'>obviam</span> <span class='ocrx_word' id='word_1_525' title='bbox 1544 4278 1665 4329; x_wconf 90' lang='lat' dir='ltr'>tota</span> <span class='ocrx_word' id='word_1_526' title='bbox 1693 4274 1773 4329; x_wconf 92' lang='lat' dir='ltr'>ci-</span> 
     </span>
    </p>
   </div>
   <div class='ocr_carea' id='block_1_72' title="bbox 114 4359 1774 4432">
    <p class='ocr_par' dir='ltr' id='par_1_72' title="bbox 114 4359 1774 4432">
     <span class='ocr_line' id='line_1_72' title="bbox 114 4359 1774 4432; baseline 0.004 -19"><span class='ocrx_word' id='word_1_527' title='bbox 114 4361 258 4416; x_wconf 82' lang='lat' dir='ltr'>vitas</span> <span class='ocrx_word' id='word_1_528' title='bbox 296 4378 308 4414; x_wconf 91' lang='lat'>:</span> <span class='ocrx_word' id='word_1_529' title='bbox 339 4359 474 4415; x_wconf 90' lang='lat' dir='ltr'>licet</span> <span class='ocrx_word' id='word_1_530' title='bbox 503 4360 750 4415; x_wconf 91' lang='lat' dir='ltr'>dissono</span> <span class='ocrx_word' id='word_1_531' title='bbox 788 4364 950 4429; x_wconf 86' lang='lat' dir='ltr'>voto,</span> <span class='ocrx_word' id='word_1_532' title='bbox 980 4364 1202 4425; x_wconf 88' lang='lat' dir='ltr'>tamen,</span> <span class='ocrx_word' id='word_1_533' title='bbox 1231 4365 1295 4415; x_wconf 89' lang='lat' dir='ltr'>ut</span> <span class='ocrx_word' id='word_1_534' title='bbox 1324 4377 1433 4432; x_wconf 91' lang='lat' dir='ltr'>par</span> <span class='ocrx_word' id='word_1_535' title='bbox 1484 4367 1628 4431; x_wconf 91' lang='lat' dir='ltr'>erat,</span> <span class='ocrx_word' id='word_1_536' title='bbox 1665 4380 1774 4419; x_wconf 94' lang='lat' dir='ltr'>suo</span> 
     </span>
    </p>
   </div>
   <div class='ocr_carea' id='block_1_73' title="bbox 114 4448 1773 4520">
    <p class='ocr_par' dir='ltr' id='par_1_73' title="bbox 114 4448 1773 4520">
     <span class='ocr_line' id='line_1_73' title="bbox 114 4448 1773 4520; baseline 0.001 -15"><span class='ocrx_word' id='word_1_537' title='bbox 114 4449 353 4505; x_wconf 90' lang='lat' dir='ltr'>domino</span> <span class='ocrx_word' id='word_1_538' title='bbox 384 4449 533 4505; x_wconf 91' lang='lat' dir='ltr'>dant</span> <span class='ocrx_word' id='word_1_539' title='bbox 560 4448 811 4504; x_wconf 90' lang='lat' dir='ltr'>laudum</span> <span class='ocrx_word' id='word_1_540' title='bbox 840 4448 1163 4520; x_wconf 66' lang='lat' dir='ltr'>przeconia,</span> <span class='ocrx_word' id='word_1_541' title='bbox 1215 4449 1558 4505; x_wconf 82' lang='lat' dir='ltr'>extollentes</span> <span class='ocrx_word' id='word_1_542' title='bbox 1587 4451 1665 4506; x_wconf 90' lang='lat' dir='ltr'>ad</span> <span class='ocrx_word' id='word_1_543' title='bbox 1697 4452 1773 4506; x_wconf 90' lang='lat' dir='ltr'>si-</span> 
     </span>
    </p>
   </div>
   <div class='ocr_carea' id='block_1_74' title="bbox 116 4538 1765 4611">
    <p class='ocr_par' dir='ltr' id='par_1_74' title="bbox 116 4538 1765 4611">
     <span class='ocr_line' id='line_1_74' title="bbox 116 4538 1765 4611; baseline 0.002 -17"><span class='ocrx_word' id='word_1_544' title='bbox 116 4540 269 4595; x_wconf 90' lang='lat' dir='ltr'>dera.</span> <span class='ocrx_word' id='word_1_545' title='bbox 321 4541 450 4604; x_wconf 87' lang='lat' dir='ltr'>Quo</span> <span class='ocrx_word' id='word_1_546' title='bbox 482 4538 595 4592; x_wconf 91' lang='lat' dir='ltr'>sibi</span> <span class='ocrx_word' id='word_1_547' title='bbox 626 4543 680 4593; x_wconf 90' lang='lat' dir='ltr'>et</span> <span class='ocrx_word' id='word_1_548' title='bbox 702 4538 1013 4593; x_wconf 89' lang='lat' dir='ltr'>contectati</span> <span class='ocrx_word' id='word_1_549' title='bbox 1044 4538 1495 4611; x_wconf 88' lang='lat' dir='ltr'>imperatorium</span> <span class='ocrx_word' id='word_1_550' title='bbox 1542 4558 1765 4597; x_wconf 89' lang='lat' dir='ltr'>nomen</span> 
     </span>
    </p>
   </div>
   <div class='ocr_carea' id='block_1_75' title="bbox 115 4628 1762 4701">
    <p class='ocr_par' dir='ltr' id='par_1_75' title="bbox 115 4628 1762 4701">
     <span class='ocr_line' id='line_1_75' title="bbox 115 4628 1762 4701; baseline 0.002 -16"><span class='ocrx_word' id='word_1_551' title='bbox 115 4628 379 4685; x_wconf 87' lang='lat' dir='ltr'>obtinuit.</span> <span class='ocrx_word' id='word_1_552' title='bbox 404 4631 634 4683; x_wconf 88' lang='lat' dir='ltr'>Paucos</span> <span class='ocrx_word' id='word_1_553' title='bbox 662 4628 745 4683; x_wconf 91' lang='lat' dir='ltr'>ibi</span> <span class='ocrx_word' id='word_1_554' title='bbox 766 4628 998 4684; x_wconf 91' lang='lat' dir='ltr'>habens</span> <span class='ocrx_word' id='word_1_555' title='bbox 1050 4628 1199 4695; x_wconf 89' lang='lat' dir='ltr'>dies,</span> <span class='ocrx_word' id='word_1_556' title='bbox 1259 4630 1502 4701; x_wconf 91' lang='lat' dir='ltr'>publica</span> <span class='ocrx_word' id='word_1_557' title='bbox 1558 4647 1639 4697; x_wconf 93' lang='lat' dir='ltr'>re,</span> <span class='ocrx_word' id='word_1_558' title='bbox 1698 4637 1762 4688; x_wconf 91' lang='lat' dir='ltr'>ut</span> 
     </span>
    </p>
   </div>
   <div class='ocr_carea' id='block_1_76' title="bbox 1888 3289 3548 3361">
    <p class='ocr_par' dir='ltr' id='par_1_76' title="bbox 1888 3289 3548 3361">
     <span class='ocr_line' id='line_1_76' title="bbox 1888 3289 3548 3361; baseline 0.001 -16"><span class='ocrx_word' id='word_1_559' title='bbox 1888 3290 1961 3345; x_wconf 91' lang='lat' dir='ltr'>sit</span> <span class='ocrx_word' id='word_1_560' title='bbox 1989 3290 2179 3344; x_wconf 83' lang='lat' dir='ltr'>ﬁlium</span> <span class='ocrx_word' id='word_1_561' title='bbox 2210 3306 2387 3344; x_wconf 93' lang='lat' dir='ltr'>suum</span> <span class='ocrx_word' id='word_1_562' title='bbox 2420 3289 2785 3344; x_wconf 88' lang='lat' dir='ltr'>incolumen.</span> <span class='ocrx_word' id='word_1_563' title='bbox 2840 3289 2902 3343; x_wconf 90' lang='lat' dir='ltr'>In</span> <span class='ocrx_word' id='word_1_564' title='bbox 2950 3289 3256 3359; x_wconf 89' lang='lat' dir='ltr'>Bohemia,</span> <span class='ocrx_word' id='word_1_565' title='bbox 3300 3291 3548 3361; x_wconf 86' lang='lat' dir='ltr'>jubente</span> 
     </span>
    </p>
   </div>
   <div class='ocr_carea' id='block_1_77' title="bbox 1886 3378 3550 3447">
    <p class='ocr_par' dir='ltr' id='par_1_77' title="bbox 1886 3378 3550 3447">
     <span class='ocr_line' id='line_1_77' title="bbox 1886 3378 3550 3447; baseline -0.001 -12"><span class='ocrx_word' id='word_1_566' title='bbox 1886 3379 2201 3447; x_wconf 89' lang='lat' dir='ltr'>Othelrico,</span> <span class='ocrx_word' id='word_1_567' title='bbox 2234 3378 2405 3433; x_wconf 89' lang='lat' dir='ltr'>multi</span> <span class='ocrx_word' id='word_1_568' title='bbox 2434 3378 2780 3433; x_wconf 89' lang='lat' dir='ltr'>innocenter</span> <span class='ocrx_word' id='word_1_569' title='bbox 2807 3378 2985 3433; x_wconf 89' lang='lat' dir='ltr'>occisi</span> <span class='ocrx_word' id='word_1_570' title='bbox 3014 3384 3169 3434; x_wconf 90' lang='lat' dir='ltr'>sunt.</span> <span class='ocrx_word' id='word_1_571' title='bbox 3222 3382 3331 3434; x_wconf 87' lang='lat' dir='ltr'>Res</span> <span class='ocrx_word' id='word_1_572' title='bbox 3375 3380 3550 3435; x_wconf 88' lang='lat' dir='ltr'>mise-</span> 
     </span>
    </p>
   </div>
   <div class='ocr_carea' id='block_1_78' title="bbox 1884 3467 3547 3539">
    <p class='ocr_par' dir='ltr' id='par_1_78' title="bbox 1884 3467 3547 3539">
     <span class='ocr_line' id='line_1_78' title="bbox 1884 3467 3547 3539; baseline 0 -16"><span class='ocrx_word' id='word_1_573' title='bbox 1884 3468 2077 3524; x_wconf 88' lang='lat' dir='ltr'>randa</span> <span class='ocrx_word' id='word_1_574' title='bbox 2107 3468 2483 3538; x_wconf 88' lang='lat' dir='ltr'>nimiumque</span> <span class='ocrx_word' id='word_1_575' title='bbox 2516 3468 2813 3538; x_wconf 83' lang='lat' dir='ltr'>stupenda</span> <span class='ocrx_word' id='word_1_576' title='bbox 2871 3467 3116 3535; x_wconf 88' lang='lat' dir='ltr'>contigit</span> <span class='ocrx_word' id='word_1_577' title='bbox 3160 3467 3222 3521; x_wconf 91' lang='lat' dir='ltr'>in</span> <span class='ocrx_word' id='word_1_578' title='bbox 3276 3469 3547 3539; x_wconf 86' lang='lat' dir='ltr'>partibus</span> 
     </span>
    </p>
   </div>
   <div class='ocr_carea' id='block_1_79' title="bbox 1884 3556 3548 3625">
    <p class='ocr_par' dir='ltr' id='par_1_79' title="bbox 1884 3556 3548 3625">
     <span class='ocr_line' id='line_1_79' title="bbox 1884 3556 3548 3625; baseline -0.001 -12"><span class='ocrx_word' id='word_1_579' title='bbox 1884 3556 2345 3613; x_wconf 87' lang='lat' dir='ltr'>occidentalium</span> <span class='ocrx_word' id='word_1_580' title='bbox 2370 3556 2683 3625; x_wconf 88' lang='lat' dir='ltr'>regionum</span> <span class='ocrx_word' id='word_1_581' title='bbox 2711 3560 2740 3611; x_wconf 90' lang='lat'>3</span> <span class='ocrx_word' id='word_1_582' title='bbox 2794 3556 3033 3611; x_wconf 81' lang='lat' dir='ltr'>Calend.</span> <span class='ocrx_word' id='word_1_583' title='bbox 3084 3556 3353 3611; x_wconf 90' lang='lat' dir='ltr'>Octobris</span> <span class='ocrx_word' id='word_1_584' title='bbox 3404 3558 3548 3613; x_wconf 87' lang='lat' dir='ltr'>feria</span> 
     </span>
    </p>
   </div>
   <div class='ocr_carea' id='block_1_80' title="bbox 1884 3645 3545 3719">
    <p class='ocr_par' dir='ltr' id='par_1_80' title="bbox 1884 3645 3545 3719">
     <span class='ocr_line' id='line_1_80' title="bbox 1884 3645 3545 3719; baseline -0.001 -18"><span class='ocrx_word' id='word_1_585' title='bbox 1884 3652 2098 3719; x_wconf 89' lang='lat' dir='ltr'>quarta</span> <span class='ocrx_word' id='word_1_586' title='bbox 2127 3645 2431 3701; x_wconf 80' lang='lat' dir='ltr'>Walachri</span> <span class='ocrx_word' id='word_1_587' title='bbox 2458 3650 2513 3700; x_wconf 86' lang='lat' dir='ltr'>et</span> <span class='ocrx_word' id='word_1_588' title='bbox 2546 3646 2833 3700; x_wconf 89' lang='lat' dir='ltr'>Flanderi.</span> <span class='ocrx_word' id='word_1_589' title='bbox 2866 3646 3185 3700; x_wconf 84' lang='lat' dir='ltr'>Horrendae</span> <span class='ocrx_word' id='word_1_590' title='bbox 3213 3645 3407 3701; x_wconf 89' lang='lat' dir='ltr'>nubes</span> <span class='ocrx_word' id='word_1_591' title='bbox 3436 3662 3545 3717; x_wconf 89' lang='lat' dir='ltr'>ap-</span> 
     </span>
    </p>
   </div>
   <div class='ocr_carea' id='block_1_81' title="bbox 1884 3733 3543 3808">
    <p class='ocr_par' dir='ltr' id='par_1_81' title="bbox 1884 3733 3543 3808">
     <span class='ocr_line' id='line_1_81' title="bbox 1884 3733 3543 3808; baseline -0.001 -18"><span class='ocrx_word' id='word_1_592' title='bbox 1884 3739 2230 3808; x_wconf 89' lang='lat' dir='ltr'>paruerunt,</span> <span class='ocrx_word' id='word_1_593' title='bbox 2265 3750 2399 3805; x_wconf 62' lang='lat' dir='ltr'>quee</span> <span class='ocrx_word' id='word_1_594' title='bbox 2426 3750 2533 3806; x_wconf 85' lang='lat' dir='ltr'>per</span> <span class='ocrx_word' id='word_1_595' title='bbox 2564 3739 2677 3788; x_wconf 90' lang='lat' dir='ltr'>tres</span> <span class='ocrx_word' id='word_1_596' title='bbox 2708 3739 2931 3800; x_wconf 89' lang='lat' dir='ltr'>noctes,</span> <span class='ocrx_word' id='word_1_597' title='bbox 2978 3734 3130 3788; x_wconf 91' lang='lat' dir='ltr'>miro</span> <span class='ocrx_word' id='word_1_598' title='bbox 3182 3733 3543 3805; x_wconf 89' lang='lat' dir='ltr'>immobiles,</span> 
     </span>
    </p>
   </div>
   <div class='ocr_carea' id='block_1_82' title="bbox 1883 3823 3546 3880">
    <p class='ocr_par' dir='ltr' id='par_1_82' title="bbox 1883 3823 3546 3880">
     <span class='ocr_line' id='line_1_82' title="bbox 1883 3823 3546 3880; baseline 0 0"><span class='ocrx_word' id='word_1_599' title='bbox 1883 3826 2081 3880; x_wconf 89' lang='lat' dir='ltr'>minas</span> <span class='ocrx_word' id='word_1_600' title='bbox 2108 3823 2475 3879; x_wconf 88' lang='lat' dir='ltr'>intuentibus</span> <span class='ocrx_word' id='word_1_601' title='bbox 2503 3823 2833 3879; x_wconf 88' lang='lat' dir='ltr'>dederunt:</span> <span class='ocrx_word' id='word_1_602' title='bbox 2866 3823 3033 3879; x_wconf 90' lang='lat' dir='ltr'>tertia</span> <span class='ocrx_word' id='word_1_603' title='bbox 3064 3840 3207 3879; x_wconf 87' lang='lat' dir='ltr'>vero</span> <span class='ocrx_word' id='word_1_604' title='bbox 3252 3823 3347 3879; x_wconf 92' lang='lat' dir='ltr'>die</span> <span class='ocrx_word' id='word_1_605' title='bbox 3398 3825 3546 3880; x_wconf 88' lang='lat' dir='ltr'>toni-</span> 
     </span>
    </p>
   </div>
   <div class='ocr_carea' id='block_1_83' title="bbox 1884 3912 3543 3985">
    <p class='ocr_par' dir='ltr' id='par_1_83' title="bbox 1884 3912 3543 3985">
     <span class='ocr_line' id='line_1_83' title="bbox 1884 3912 3543 3985; baseline 0 -16"><span class='ocrx_word' id='word_1_606' title='bbox 1884 3914 1999 3969; x_wconf 93' lang='lat' dir='ltr'>trui</span> <span class='ocrx_word' id='word_1_607' title='bbox 2029 3913 2333 3969; x_wconf 90' lang='lat' dir='ltr'>inauditus</span> <span class='ocrx_word' id='word_1_608' title='bbox 2360 3913 2561 3979; x_wconf 83' lang='lat' dir='ltr'>fragor</span> <span class='ocrx_word' id='word_1_609' title='bbox 2612 3912 2959 3979; x_wconf 88' lang='lat' dir='ltr'>adveniens,</span> <span class='ocrx_word' id='word_1_610' title='bbox 3021 3912 3277 3968; x_wconf 89' lang='lat' dir='ltr'>turbavit</span> <span class='ocrx_word' id='word_1_611' title='bbox 3330 3915 3543 3985; x_wconf 90' lang='lat' dir='ltr'>maria,</span> 
     </span>
    </p>
   </div>
   <div class='ocr_carea' id='block_1_84' title="bbox 1883 4002 3545 4068">
    <p class='ocr_par' dir='ltr' id='par_1_84' title="bbox 1883 4002 3545 4068">
     <span class='ocr_line' id='line_1_84' title="bbox 1883 4002 3545 4068; baseline 0.001 -10"><span class='ocrx_word' id='word_1_612' title='bbox 1883 4009 1948 4058; x_wconf 90' lang='lat' dir='ltr'>ut</span> <span class='ocrx_word' id='word_1_613' title='bbox 1978 4003 2307 4059; x_wconf 90' lang='lat' dir='ltr'>terribiliter</span> <span class='ocrx_word' id='word_1_614' title='bbox 2338 4002 2820 4068; x_wconf 90' lang='lat' dir='ltr'>intumescerent,</span> <span class='ocrx_word' id='word_1_615' title='bbox 2854 4008 2910 4057; x_wconf 92' lang='lat' dir='ltr'>et</span> <span class='ocrx_word' id='word_1_616' title='bbox 2935 4002 3359 4058; x_wconf 89' lang='lat' dir='ltr'>incredibiliter</span> <span class='ocrx_word' id='word_1_617' title='bbox 3384 4020 3545 4059; x_wconf 89' lang='lat' dir='ltr'>cres-</span> 
     </span>
    </p>
   </div>
   <div class='ocr_carea' id='block_1_85' title="bbox 1883 4091 3547 4164">
    <p class='ocr_par' dir='ltr' id='par_1_85' title="bbox 1883 4091 3547 4164">
     <span class='ocr_line' id='line_1_85' title="bbox 1883 4091 3547 4164; baseline -0.001 -15"><span class='ocrx_word' id='word_1_618' title='bbox 1883 4093 2076 4149; x_wconf 89' lang='lat' dir='ltr'>cendo</span> <span class='ocrx_word' id='word_1_619' title='bbox 2105 4092 2373 4147; x_wconf 91' lang='lat' dir='ltr'>nubibus</span> <span class='ocrx_word' id='word_1_620' title='bbox 2400 4091 2773 4147; x_wconf 75' lang='lat' dir='ltr'>inhaererent.</span> <span class='ocrx_word' id='word_1_621' title='bbox 2800 4094 3073 4164; x_wconf 81' lang='lat' dir='ltr'>Cumque</span> <span class='ocrx_word' id='word_1_622' title='bbox 3132 4097 3438 4161; x_wconf 89' lang='lat' dir='ltr'>gementes</span> <span class='ocrx_word' id='word_1_623' title='bbox 3461 4093 3547 4148; x_wconf 91' lang='lat' dir='ltr'>in-</span> 
     </span>
    </p>
   </div>
   <div class='ocr_carea' id='block_1_86' title="bbox 1884 4181 3545 4255">
    <p class='ocr_par' dir='ltr' id='par_1_86' title="bbox 1884 4181 3545 4255">
     <span class='ocr_line' id='line_1_86' title="bbox 1884 4181 3545 4255; baseline -0.001 -17"><span class='ocrx_word' id='word_1_624' title='bbox 1884 4183 2029 4238; x_wconf 76' lang='lat' dir='ltr'>colze</span> <span class='ocrx_word' id='word_1_625' title='bbox 2076 4182 2401 4255; x_wconf 77' lang='lat' dir='ltr'>repentinae</span> <span class='ocrx_word' id='word_1_626' title='bbox 2461 4181 2814 4237; x_wconf 89' lang='lat' dir='ltr'>calamitatis</span> <span class='ocrx_word' id='word_1_627' title='bbox 2895 4181 3201 4237; x_wconf 90' lang='lat' dir='ltr'>miseriam</span> <span class='ocrx_word' id='word_1_628' title='bbox 3253 4182 3315 4236; x_wconf 89' lang='lat' dir='ltr'>in</span> <span class='ocrx_word' id='word_1_629' title='bbox 3368 4186 3545 4237; x_wconf 58' lang='lat' dir='ltr'>tanta;</span> 
     </span>
    </p>
   </div>
   <div class='ocr_carea' id='block_1_87' title="bbox 1882 4270 3548 4343">
    <p class='ocr_par' dir='ltr' id='par_1_87' title="bbox 1882 4270 3548 4343">
     <span class='ocr_line' id='line_1_87' title="bbox 1882 4270 3548 4343; baseline -0.002 -15"><span class='ocrx_word' id='word_1_630' title='bbox 1882 4272 2295 4328; x_wconf 89' lang='lat' dir='ltr'>inundationis</span> <span class='ocrx_word' id='word_1_631' title='bbox 2324 4271 2480 4326; x_wconf 87' lang='lat' dir='ltr'>mole</span> <span class='ocrx_word' id='word_1_632' title='bbox 2508 4271 2939 4343; x_wconf 90' lang='lat' dir='ltr'>conspicerent,</span> <span class='ocrx_word' id='word_1_633' title='bbox 2974 4276 3029 4326; x_wconf 91' lang='lat' dir='ltr'>et</span> <span class='ocrx_word' id='word_1_634' title='bbox 3058 4270 3210 4326; x_wconf 90' lang='lat' dir='ltr'>sicut</span> <span class='ocrx_word' id='word_1_635' title='bbox 3225 4275 3360 4342; x_wconf 89' lang='lat' dir='ltr'>post</span> <span class='ocrx_word' id='word_1_636' title='bbox 3391 4285 3548 4325; x_wconf 91' lang='lat' dir='ltr'>mor-</span> 
     </span>
    </p>
   </div>
   <div class='ocr_carea' id='block_1_88' title="bbox 1884 4359 3543 4433">
    <p class='ocr_par' dir='ltr' id='par_1_88' title="bbox 1884 4359 3543 4433">
     <span class='ocr_line' id='line_1_88' title="bbox 1884 4359 3543 4433; baseline -0.002 -16"><span class='ocrx_word' id='word_1_637' title='bbox 1884 4366 2002 4417; x_wconf 90' lang='lat' dir='ltr'>tem</span> <span class='ocrx_word' id='word_1_638' title='bbox 2023 4361 2237 4417; x_wconf 87' lang='lat' dir='ltr'>Juliani</span> <span class='ocrx_word' id='word_1_639' title='bbox 2262 4364 2557 4433; x_wconf 68' lang='lat' dir='ltr'>Apostatre</span> <span class='ocrx_word' id='word_1_640' title='bbox 2590 4376 2774 4415; x_wconf 90' lang='lat' dir='ltr'>naves</span> <span class='ocrx_word' id='word_1_641' title='bbox 2805 4360 2881 4415; x_wconf 90' lang='lat' dir='ltr'>ad</span> <span class='ocrx_word' id='word_1_642' title='bbox 2913 4364 3217 4432; x_wconf 66' lang='lat' dir='ltr'>praerupta</span> <span class='ocrx_word' id='word_1_643' title='bbox 3246 4359 3543 4415; x_wconf 91' lang='lat' dir='ltr'>montium</span> 
     </span>
    </p>
   </div>
   <div class='ocr_carea' id='block_1_89' title="bbox 1883 4448 3541 4523">
    <p class='ocr_par' dir='ltr' id='par_1_89' title="bbox 1883 4448 3541 4523">
     <span class='ocr_line' id='line_1_89' title="bbox 1883 4448 3541 4523; baseline -0.002 -17"><span class='ocrx_word' id='word_1_644' title='bbox 1883 4451 2213 4523; x_wconf 88' lang='lat' dir='ltr'>penderent</span> <span class='ocrx_word' id='word_1_645' title='bbox 2238 4448 2329 4503; x_wconf 91' lang='lat' dir='ltr'>vel</span> <span class='ocrx_word' id='word_1_646' title='bbox 2359 4448 2417 4503; x_wconf 93' lang='lat' dir='ltr'>in</span> <span class='ocrx_word' id='word_1_647' title='bbox 2442 4448 2757 4520; x_wconf 90' lang='lat' dir='ltr'>antiquum</span> <span class='ocrx_word' id='word_1_648' title='bbox 2789 4449 2973 4503; x_wconf 90' lang='lat' dir='ltr'>chaos</span> <span class='ocrx_word' id='word_1_649' title='bbox 3004 4448 3208 4503; x_wconf 86' lang='lat' dir='ltr'>omnia</span> <span class='ocrx_word' id='word_1_650' title='bbox 3261 4448 3541 4519; x_wconf 83' lang='lat' dir='ltr'>redirent,</span> 
     </span>
    </p>
   </div>
   <div class='ocr_carea' id='block_1_90' title="bbox 1808 4537 3541 4629">
    <p class='ocr_par' dir='ltr' id='par_1_90' title="bbox 1808 4537 3541 4629">
     <span class='ocr_line' id='line_1_90' title="bbox 1808 4537 3541 4629; baseline -0.002 -34"><span class='ocrx_word' id='word_1_651' title='bbox 1808 4578 1849 4629; x_wconf 70' lang='grc' dir='ltr'>υ</span> <span class='ocrx_word' id='word_1_652' title='bbox 1884 4540 2097 4594; x_wconf 89' lang='lat' dir='ltr'>timore</span> <span class='ocrx_word' id='word_1_653' title='bbox 2122 4538 2331 4592; x_wconf 88' lang='lat' dir='ltr'>mortis</span> <span class='ocrx_word' id='word_1_654' title='bbox 2361 4537 2649 4609; x_wconf 90' lang='lat' dir='ltr'>percussi,</span> <span class='ocrx_word' id='word_1_655' title='bbox 2704 4542 2869 4605; x_wconf 88' lang='lat' dir='ltr'>terga</span> <span class='ocrx_word' id='word_1_656' title='bbox 2916 4542 3139 4592; x_wconf 90' lang='lat' dir='ltr'>vertere</span> <span class='ocrx_word' id='word_1_657' title='bbox 3188 4542 3493 4608; x_wconf 60' lang='lat' dir='ltr'>coeperant</span> <span class='ocrx_word' id='word_1_658' title='bbox 3527 4555 3541 4605; x_wconf 88' lang='lat'><strong>;</strong></span> 
     </span>
    </p>
   </div>
   <div class='ocr_carea' id='block_1_91' title="bbox 1874 4624 3541 4700">
    <p class='ocr_par' dir='ltr' id='par_1_91' title="bbox 1874 4624 3541 4700">
     <span class='ocr_line' id='line_1_91' title="bbox 1874 4624 3541 4700; baseline -0.002 -15"><span class='ocrx_word' id='word_1_659' title='bbox 1874 4629 1979 4686; x_wconf 92' lang='lat' dir='ltr'>sed</span> <span class='ocrx_word' id='word_1_660' title='bbox 2004 4626 2265 4700; x_wconf 90' lang='lat' dir='ltr'>peccatis</span> <span class='ocrx_word' id='word_1_661' title='bbox 2290 4626 2797 4697; x_wconf 70' lang='lat' dir='ltr'>przepedientibus</span> <span class='ocrx_word' id='word_1_662' title='bbox 2830 4625 3018 4680; x_wconf 88' lang='lat' dir='ltr'>multa</span> <span class='ocrx_word' id='word_1_663' title='bbox 3040 4624 3205 4680; x_wconf 90' lang='lat' dir='ltr'>milia</span> <span class='ocrx_word' id='word_1_664' title='bbox 3221 4625 3541 4681; x_wconf 90' lang='lat' dir='ltr'>hominum</span> 
     </span>
    </p>
   </div>
   <div class='ocr_carea' id='block_1_92' title="bbox 115 4713 3542 4792">
    <p class='ocr_par' dir='ltr' id='par_1_92' title="bbox 115 4713 3542 4792">
     <span class='ocr_line' id='line_1_92' title="bbox 115 4713 3542 4792; baseline -0.002 -17"><span class='ocrx_word' id='word_1_665' title='bbox 115 4718 377 4790; x_wconf 88' lang='lat' dir='ltr'>putabat,</span> <span class='ocrx_word' id='word_1_666' title='bbox 439 4718 594 4773; x_wconf 91' lang='lat' dir='ltr'>bene</span> <span class='ocrx_word' id='word_1_667' title='bbox 653 4717 966 4790; x_wconf 89' lang='lat' dir='ltr'>disposita,</span> <span class='ocrx_word' id='word_1_668' title='bbox 1023 4723 1078 4774; x_wconf 90' lang='lat' dir='ltr'>et</span> <span class='ocrx_word' id='word_1_669' title='bbox 1132 4718 1431 4774; x_wconf 89' lang='lat' dir='ltr'>immensa</span> <span class='ocrx_word' id='word_1_670' title='bbox 1511 4721 1770 4792; x_wconf 87' lang='lat' dir='ltr'>pecunia</span> <span class='ocrx_word' id='word_1_671' title='bbox 1870 4718 2079 4773; x_wconf 61' lang='lat' dir='ltr'>‘subito</span> <span class='ocrx_word' id='word_1_672' title='bbox 2104 4715 2386 4770; x_wconf 89' lang='lat' dir='ltr'>ﬂuctibus</span> <span class='ocrx_word' id='word_1_673' title='bbox 2412 4714 2777 4779; x_wconf 90' lang='lat' dir='ltr'>interierunt,</span> <span class='ocrx_word' id='word_1_674' title='bbox 2824 4714 2968 4786; x_wconf 89' lang='lat' dir='ltr'>quia</span> <span class='ocrx_word' id='word_1_675' title='bbox 3015 4713 3249 4769; x_wconf 88' lang='lat' dir='ltr'>vultum</span> <span class='ocrx_word' id='word_1_676' title='bbox 3308 4713 3542 4769; x_wconf 88' lang='lat' dir='ltr'>Domini</span> 
     </span>
    </p>
   </div>
   <div class='ocr_carea' id='block_1_93' title="bbox 118 4807 1771 4883">
    <p class='ocr_par' dir='ltr' id='par_1_93' title="bbox 118 4807 1771 4883">
     <span class='ocr_line' id='line_1_93' title="bbox 118 4807 1771 4883; baseline 0.002 -20"><span class='ocrx_word' id='word_1_677' title='bbox 118 4809 302 4864; x_wconf 91' lang='lat' dir='ltr'>ubivis</span> <span class='ocrx_word' id='word_1_678' title='bbox 332 4807 605 4864; x_wconf 90' lang='lat' dir='ltr'>locorum</span> <span class='ocrx_word' id='word_1_679' title='bbox 662 4814 971 4877; x_wconf 87' lang='lat' dir='ltr'>congesta,</span> <span class='ocrx_word' id='word_1_680' title='bbox 1038 4808 1329 4865; x_wconf 89' lang='lat' dir='ltr'>accelerat</span> <span class='ocrx_word' id='word_1_681' title='bbox 1382 4809 1491 4864; x_wconf 92' lang='lat' dir='ltr'>iter</span> <span class='ocrx_word' id='word_1_682' title='bbox 1537 4810 1615 4865; x_wconf 92' lang='lat' dir='ltr'>ad</span> <span class='ocrx_word' id='word_1_683' title='bbox 1668 4828 1771 4883; x_wconf 92' lang='lat' dir='ltr'>pa-</span> 
     </span>
    </p>
   </div>
   <div class='ocr_carea' id='block_1_94' title="bbox 116 4895 1765 4963">
    <p class='ocr_par' dir='ltr' id='par_1_94' title="bbox 116 4895 1765 4963">
     <span class='ocr_line' id='line_1_94' title="bbox 116 4895 1765 4963; baseline 0.001 -11"><span class='ocrx_word' id='word_1_684' title='bbox 116 4898 301 4963; x_wconf 88' lang='lat' dir='ltr'>triam,</span> <span class='ocrx_word' id='word_1_685' title='bbox 335 4912 460 4951; x_wconf 92' lang='lat' dir='ltr'>non</span> <span class='ocrx_word' id='word_1_686' title='bbox 492 4895 621 4951; x_wconf 90' lang='lat' dir='ltr'>sine</span> <span class='ocrx_word' id='word_1_687' title='bbox 670 4896 896 4952; x_wconf 88' lang='lat' dir='ltr'>damno</span> <span class='ocrx_word' id='word_1_688' title='bbox 942 4898 1290 4952; x_wconf 90' lang='lat' dir='ltr'>multorum.</span> <span class='ocrx_word' id='word_1_689' title='bbox 1354 4898 1508 4953; x_wconf 87' lang='lat' dir='ltr'>Multi</span> <span class='ocrx_word' id='word_1_690' title='bbox 1565 4904 1765 4954; x_wconf 88' lang='lat' dir='ltr'>autem</span> 
     </span>
    </p>
   </div>
   <div class='ocr_carea' id='block_1_95' title="bbox 118 4984 1766 5059">
    <p class='ocr_par' dir='ltr' id='par_1_95' title="bbox 118 4984 1766 5059">
     <span class='ocr_line' id='line_1_95' title="bbox 118 4984 1766 5059; baseline 0.002 -20"><span class='ocrx_word' id='word_1_691' title='bbox 118 4985 344 5040; x_wconf 87' lang='lat' dir='ltr'>obsides</span> <span class='ocrx_word' id='word_1_692' title='bbox 365 4990 422 5040; x_wconf 91' lang='lat' dir='ltr'>et</span> <span class='ocrx_word' id='word_1_693' title='bbox 450 4984 548 5040; x_wconf 89' lang='lat' dir='ltr'>alii</span> <span class='ocrx_word' id='word_1_694' title='bbox 580 4988 991 5040; x_wconf 88' lang='lat' dir='ltr'>Romanorum</span> <span class='ocrx_word' id='word_1_695' title='bbox 1018 4986 1303 5041; x_wconf 70' lang='lat' dir='ltr'>custodiae</span> <span class='ocrx_word' id='word_1_696' title='bbox 1330 4986 1543 5054; x_wconf 91' lang='lat' dir='ltr'>traditi,</span> <span class='ocrx_word' id='word_1_697' title='bbox 1577 4987 1766 5059; x_wconf 91' lang='lat' dir='ltr'>impe-</span> 
     </span>
    </p>
   </div>
   <div class='ocr_carea' id='block_1_96' title="bbox 117 5072 1766 5144">
    <p class='ocr_par' dir='ltr' id='par_1_96' title="bbox 117 5072 1766 5144">
     <span class='ocr_line' id='line_1_96' title="bbox 117 5072 1766 5144; baseline 0.002 -17"><span class='ocrx_word' id='word_1_698' title='bbox 117 5079 296 5129; x_wconf 88' lang='lat' dir='ltr'>ratore</span> <span class='ocrx_word' id='word_1_699' title='bbox 326 5072 614 5128; x_wconf 90' lang='lat' dir='ltr'>redeunte</span> <span class='ocrx_word' id='word_1_700' title='bbox 645 5073 857 5128; x_wconf 91' lang='lat' dir='ltr'>callide</span> <span class='ocrx_word' id='word_1_701' title='bbox 885 5073 1092 5144; x_wconf 89' lang='lat' dir='ltr'>fugam</span> <span class='ocrx_word' id='word_1_702' title='bbox 1142 5074 1419 5141; x_wconf 91' lang='lat' dir='ltr'>inierunt,</span> <span class='ocrx_word' id='word_1_703' title='bbox 1478 5074 1766 5143; x_wconf 80' lang='lat' dir='ltr'>violantes</span> 
     </span>
    </p>
   </div>
   <div class='ocr_carea' id='block_1_97' title="bbox 116 5162 1765 5236">
    <p class='ocr_par' dir='ltr' id='par_1_97' title="bbox 116 5162 1765 5236">
     <span class='ocr_line' id='line_1_97' title="bbox 116 5162 1765 5236; baseline 0.002 -18"><span class='ocrx_word' id='word_1_704' title='bbox 116 5179 316 5234; x_wconf 90' lang='lat' dir='ltr'>pacem</span> <span class='ocrx_word' id='word_1_705' title='bbox 347 5168 403 5218; x_wconf 90' lang='lat' dir='ltr'>et</span> <span class='ocrx_word' id='word_1_706' title='bbox 430 5162 571 5218; x_wconf 91' lang='lat' dir='ltr'>belli</span> <span class='ocrx_word' id='word_1_707' title='bbox 599 5179 804 5218; x_wconf 91' lang='lat' dir='ltr'>rursus</span> <span class='ocrx_word' id='word_1_708' title='bbox 821 5164 1072 5219; x_wconf 90' lang='lat' dir='ltr'>consilia</span> <span class='ocrx_word' id='word_1_709' title='bbox 1103 5164 1563 5236; x_wconf 89' lang='lat' dir='ltr'>captantes.Hoc</span> <span class='ocrx_word' id='word_1_710' title='bbox 1586 5164 1765 5221; x_wconf 91' lang='lat' dir='ltr'>etiam</span> 
     </span>
    </p>
   </div>
   <div class='ocr_carea' id='block_1_98' title="bbox 117 5251 1765 5325">
    <p class='ocr_par' dir='ltr' id='par_1_98' title="bbox 117 5251 1765 5325">
     <span class='ocr_line' id='line_1_98' title="bbox 117 5251 1765 5325; baseline -0.001 -16"><span class='ocrx_word' id='word_1_711' title='bbox 117 5268 265 5309; x_wconf 82' lang='lat' dir='ltr'>anno</span> <span class='ocrx_word' id='word_1_712' title='bbox 295 5251 383 5307; x_wconf 93' lang='lat' dir='ltr'>sol</span> <span class='ocrx_word' id='word_1_713' title='bbox 408 5251 629 5307; x_wconf 92' lang='lat' dir='ltr'>etluna</span> <span class='ocrx_word' id='word_1_714' title='bbox 657 5252 893 5325; x_wconf 89' lang='lat' dir='ltr'>aliaque</span> <span class='ocrx_word' id='word_1_715' title='bbox 938 5253 1134 5309; x_wconf 88' lang='lat' dir='ltr'>sidera</span> <span class='ocrx_word' id='word_1_716' title='bbox 1165 5254 1312 5309; x_wconf 89' lang='lat' dir='ltr'>dant</span> <span class='ocrx_word' id='word_1_717' title='bbox 1360 5259 1586 5309; x_wconf 88' lang='lat' dir='ltr'>metum</span> <span class='ocrx_word' id='word_1_718' title='bbox 1641 5254 1765 5308; x_wconf 88' lang='lat' dir='ltr'>tris—</span> 
     </span>
    </p>
   </div>
   <div class='ocr_carea' id='block_1_99' title="bbox 117 5341 1763 5414">
    <p class='ocr_par' dir='ltr' id='par_1_99' title="bbox 117 5341 1763 5414">
     <span class='ocr_line' id='line_1_99' title="bbox 117 5341 1763 5414; baseline 0.001 -19"><span class='ocrx_word' id='word_1_719' title='bbox 117 5342 251 5397; x_wconf 90' lang='lat' dir='ltr'>tium</span> <span class='ocrx_word' id='word_1_720' title='bbox 276 5341 608 5411; x_wconf 90' lang='lat' dir='ltr'>signorum,</span> <span class='ocrx_word' id='word_1_721' title='bbox 642 5357 778 5414; x_wconf 67' lang='lat' dir='ltr'>quae</span> <span class='ocrx_word' id='word_1_722' title='bbox 806 5358 948 5397; x_wconf 82' lang='lat' dir='ltr'>mox</span> <span class='ocrx_word' id='word_1_723' title='bbox 970 5342 1302 5413; x_wconf 90' lang='lat' dir='ltr'>pestilentia</span> <span class='ocrx_word' id='word_1_724' title='bbox 1327 5360 1486 5398; x_wconf 71' lang='lat' dir='ltr'>saeva</span> <span class='ocrx_word' id='word_1_725' title='bbox 1516 5347 1572 5397; x_wconf 93' lang='lat' dir='ltr'>et</span> <span class='ocrx_word' id='word_1_726' title='bbox 1600 5360 1763 5398; x_wconf 88' lang='lat' dir='ltr'>mors</span> 
     </span>
    </p>
   </div>
   <div class='ocr_carea' id='block_1_100' title="bbox 119 5430 1761 5502">
    <p class='ocr_par' dir='ltr' id='par_1_100' title="bbox 119 5430 1761 5502">
     <span class='ocr_line' id='line_1_100' title="bbox 119 5430 1761 5502; baseline 0.002 -18"><span class='ocrx_word' id='word_1_727' title='bbox 119 5430 421 5486; x_wconf 83' lang='lat' dir='ltr'>subitanea</span> <span class='ocrx_word' id='word_1_728' title='bbox 447 5436 803 5502; x_wconf 90' lang='lat' dir='ltr'>sequuntur.</span> <span class='ocrx_word' id='word_1_729' title='bbox 828 5431 941 5486; x_wconf 92' lang='lat' dir='ltr'>Sed</span> <span class='ocrx_word' id='word_1_730' title='bbox 964 5436 1021 5487; x_wconf 88' lang='lat' dir='ltr'>et</span> <span class='ocrx_word' id='word_1_731' title='bbox 1036 5432 1251 5501; x_wconf 85' lang='lat' dir='ltr'>Misico,</span> <span class='ocrx_word' id='word_1_732' title='bbox 1282 5432 1555 5487; x_wconf 88' lang='lat' dir='ltr'>Bolizlavi</span> <span class='ocrx_word' id='word_1_733' title='bbox 1582 5433 1761 5502; x_wconf 82' lang='lat' dir='ltr'>ﬁlius,</span> 
     </span>
    </p>
   </div>
   <div class='ocr_carea' id='block_1_101' title="bbox 119 5518 1761 5592">
    <p class='ocr_par' dir='ltr' id='par_1_101' title="bbox 119 5518 1761 5592">
     <span class='ocr_line' id='line_1_101' title="bbox 119 5518 1761 5592; baseline 0.002 -19"><span class='ocrx_word' id='word_1_734' title='bbox 119 5520 183 5574; x_wconf 85' lang='lat' dir='ltr'>ab</span> <span class='ocrx_word' id='word_1_735' title='bbox 212 5518 503 5575; x_wconf 88' lang='lat' dir='ltr'>Othelrico</span> <span class='ocrx_word' id='word_1_736' title='bbox 532 5519 852 5575; x_wconf 88' lang='lat' dir='ltr'>Bohemico</span> <span class='ocrx_word' id='word_1_737' title='bbox 906 5521 1160 5592; x_wconf 88' lang='lat' dir='ltr'>capitur,</span> <span class='ocrx_word' id='word_1_738' title='bbox 1208 5520 1348 5576; x_wconf 91' lang='lat' dir='ltr'>dolo</span> <span class='ocrx_word' id='word_1_739' title='bbox 1406 5521 1576 5576; x_wconf 64' lang='lat' dir='ltr'>caesis</span> <span class='ocrx_word' id='word_1_740' title='bbox 1631 5522 1761 5591; x_wconf 91' lang='lat' dir='ltr'>ejus</span> 
     </span>
    </p>
   </div>
   <div class='ocr_carea' id='block_1_102' title="bbox 173 5656 802 5726">
    <p class='ocr_par' dir='ltr' id='par_1_102' title="bbox 173 5656 802 5726">
     <span class='ocr_line' id='line_1_102' title="bbox 173 5656 802 5726; baseline 0 -13"><span class='ocrx_word' id='word_1_741' title='bbox 173 5659 316 5726; x_wconf 88' lang='grc'>(281)</span> <span class='ocrx_word' id='word_1_742' title='bbox 342 5656 802 5726; x_wconf 88' lang='lat' dir='ltr'>Gernrodensis.</span> 
     </span>
    </p>
   </div>
   <div class='ocr_carea' id='block_1_103' title="bbox 174 5725 1094 5801">
    <p class='ocr_par' dir='ltr' id='par_1_103' title="bbox 174 5725 1094 5801">
     <span class='ocr_line' id='line_1_103' title="bbox 174 5725 1094 5801; baseline -0.002 -16"><span class='ocrx_word' id='word_1_743' title='bbox 174 5725 316 5801; x_wconf 82' lang='lat'>(282)</span> <span class='ocrx_word' id='word_1_744' title='bbox 343 5727 422 5783; x_wconf 87' lang='lat' dir='ltr'>Id</span> <span class='ocrx_word' id='word_1_745' title='bbox 442 5733 530 5784; x_wconf 81' lang='lat' dir='ltr'>est</span> <span class='ocrx_word' id='word_1_746' title='bbox 559 5725 683 5783; x_wconf 90' lang='lat' dir='ltr'>duo</span> <span class='ocrx_word' id='word_1_747' title='bbox 714 5728 1094 5785; x_wconf 88' lang='lat' dir='ltr'>monasteria.</span> 
     </span>
    </p>
   </div>
   <div class='ocr_carea' id='block_1_104' title="bbox 1879 4801 3540 4874">
    <p class='ocr_par' dir='ltr' id='par_1_104' title="bbox 1879 4801 3540 4874">
     <span class='ocr_line' id='line_1_104' title="bbox 1879 4801 3540 4874; baseline -0.003 -12"><span class='ocrx_word' id='word_1_748' title='bbox 1879 4807 2097 4862; x_wconf 88' lang='lat' dir='ltr'>iratum</span> <span class='ocrx_word' id='word_1_749' title='bbox 2116 4804 2375 4871; x_wconf 75' lang='lat' dir='ltr'>effugere</span> <span class='ocrx_word' id='word_1_750' title='bbox 2406 4818 2527 4858; x_wconf 91' lang='lat' dir='ltr'>non</span> <span class='ocrx_word' id='word_1_751' title='bbox 2555 4807 2895 4874; x_wconf 89' lang='lat' dir='ltr'>potuerunt.</span> <span class='ocrx_word' id='word_1_752' title='bbox 2927 4801 3233 4857; x_wconf 88' lang='lat' dir='ltr'>Heinricus</span> <span class='ocrx_word' id='word_1_753' title='bbox 3277 4802 3540 4873; x_wconf 89' lang='lat' dir='ltr'>impera-</span> 
     </span>
    </p>
   </div>
   <div class='ocr_carea' id='block_1_105' title="bbox 1878 4891 3540 4964">
    <p class='ocr_par' dir='ltr' id='par_1_105' title="bbox 1878 4891 3540 4964">
     <span class='ocr_line' id='line_1_105' title="bbox 1878 4891 3540 4964; baseline -0.003 -13"><span class='ocrx_word' id='word_1_754' title='bbox 1878 4902 1969 4951; x_wconf 92' lang='lat' dir='ltr'>tor</span> <span class='ocrx_word' id='word_1_755' title='bbox 1999 4894 2409 4961; x_wconf 58' lang='lat' dir='ltr'>Meresburgire</span> <span class='ocrx_word' id='word_1_756' title='bbox 2440 4892 2720 4964; x_wconf 81' lang='lat' dir='ltr'>paschale</span> <span class='ocrx_word' id='word_1_757' title='bbox 2772 4893 2987 4947; x_wconf 88' lang='lat' dir='ltr'>festum</span> <span class='ocrx_word' id='word_1_758' title='bbox 3036 4891 3279 4963; x_wconf 90' lang='lat' dir='ltr'>peregit.</span> <span class='ocrx_word' id='word_1_759' title='bbox 3314 4891 3400 4945; x_wconf 92' lang='lat' dir='ltr'>Ibi</span> <span class='ocrx_word' id='word_1_760' title='bbox 3432 4893 3540 4947; x_wconf 91' lang='lat' dir='ltr'>Bo-</span> 
     </span>
    </p>
   </div>
   <div class='ocr_carea' id='block_1_106' title="bbox 1876 4980 3539 5053">
    <p class='ocr_par' dir='ltr' id='par_1_106' title="bbox 1876 4980 3539 5053">
     <span class='ocr_line' id='line_1_106' title="bbox 1876 4980 3539 5053; baseline -0.002 -14"><span class='ocrx_word' id='word_1_761' title='bbox 1876 4984 2086 5039; x_wconf 89' lang='lat' dir='ltr'>lizlavo</span> <span class='ocrx_word' id='word_1_762' title='bbox 2110 4982 2315 5037; x_wconf 90' lang='lat' dir='ltr'>omnia</span> <span class='ocrx_word' id='word_1_763' title='bbox 2345 4999 2599 5038; x_wconf 91' lang='lat' dir='ltr'>munera</span> <span class='ocrx_word' id='word_1_764' title='bbox 2626 4999 2761 5053; x_wconf 75' lang='lat' dir='ltr'>quae</span> <span class='ocrx_word' id='word_1_765' title='bbox 2790 4982 2872 5037; x_wconf 89' lang='lat' dir='ltr'>illi</span> <span class='ocrx_word' id='word_1_766' title='bbox 2897 4981 3161 5049; x_wconf 89' lang='lat' dir='ltr'>miserat,</span> <span class='ocrx_word' id='word_1_767' title='bbox 3195 4980 3372 5035; x_wconf 91' lang='lat' dir='ltr'>simul</span> <span class='ocrx_word' id='word_1_768' title='bbox 3399 4997 3539 5036; x_wconf 89' lang='lat' dir='ltr'>cum</span> 
     </span>
    </p>
   </div>
   <div class='ocr_carea' id='block_1_107' title="bbox 1878 5068 3540 5143">
    <p class='ocr_par' dir='ltr' id='par_1_107' title="bbox 1878 5068 3540 5143">
     <span class='ocr_line' id='line_1_107' title="bbox 1878 5068 3540 5143; baseline -0.002 -16"><span class='ocrx_word' id='word_1_769' title='bbox 1878 5073 2068 5141; x_wconf 86' lang='lat' dir='ltr'>gratia</span> <span class='ocrx_word' id='word_1_770' title='bbox 2098 5070 2377 5143; x_wconf 89' lang='lat' dir='ltr'>perdidit,</span> <span class='ocrx_word' id='word_1_771' title='bbox 2405 5071 2553 5125; x_wconf 91' lang='lat' dir='ltr'>dum</span> <span class='ocrx_word' id='word_1_772' title='bbox 2583 5070 2750 5125; x_wconf 89' lang='lat' dir='ltr'>illum</span> <span class='ocrx_word' id='word_1_773' title='bbox 2781 5070 3076 5139; x_wconf 76' lang='lat' dir='ltr'>legatione</span> <span class='ocrx_word' id='word_1_774' title='bbox 3137 5068 3399 5139; x_wconf 89' lang='lat' dir='ltr'>superba</span> <span class='ocrx_word' id='word_1_775' title='bbox 3454 5068 3540 5124; x_wconf 89' lang='lat' dir='ltr'>in-</span> 
     </span>
    </p>
   </div>
   <div class='ocr_carea' id='block_1_108' title="bbox 1876 5158 2401 5216">
    <p class='ocr_par' dir='ltr' id='par_1_108' title="bbox 1876 5158 2401 5216">
     <span class='ocr_line' id='line_1_108' title="bbox 1876 5158 2401 5216; baseline -0.004 -1"><span class='ocrx_word' id='word_1_776' title='bbox 1876 5161 2097 5216; x_wconf 89' lang='lat' dir='ltr'>festum</span> <span class='ocrx_word' id='word_1_777' title='bbox 2124 5158 2401 5214; x_wconf 89' lang='lat' dir='ltr'>reddidit.</span> 
     </span>
    </p>
   </div>
   <div class='ocr_carea' id='block_1_109' title="bbox 1951 5246 3535 5317">
    <p class='ocr_par' dir='ltr' id='par_1_109' title="bbox 1951 5246 3535 5317">
     <span class='ocr_line' id='line_1_109' title="bbox 1951 5246 3535 5317; baseline -0.001 -14"><span class='ocrx_word' id='word_1_778' title='bbox 1951 5254 2106 5303; x_wconf 80' lang='grc'><strong>1015.</strong></span> <span class='ocrx_word' id='word_1_779' title='bbox 2148 5248 2330 5303; x_wconf 89' lang='lat' dir='ltr'>Etiam</span> <span class='ocrx_word' id='word_1_780' title='bbox 2384 5248 2478 5302; x_wconf 92' lang='lat' dir='ltr'>hic</span> <span class='ocrx_word' id='word_1_781' title='bbox 2536 5247 2596 5301; x_wconf 90' lang='lat' dir='ltr'>in</span> <span class='ocrx_word' id='word_1_782' title='bbox 2646 5246 2924 5301; x_wconf 84' lang='lat' dir='ltr'>Walbeki</span> <span class='ocrx_word' id='word_1_783' title='bbox 2982 5246 3141 5300; x_wconf 89' lang='lat' dir='ltr'>diem</span> <span class='ocrx_word' id='word_1_784' title='bbox 3194 5246 3535 5317; x_wconf 88' lang='lat' dir='ltr'>palmarum</span> 
     </span>
    </p>
   </div>
   <div class='ocr_carea' id='block_1_110' title="bbox 1875 5334 3539 5407">
    <p class='ocr_par' dir='ltr' id='par_1_110' title="bbox 1875 5334 3539 5407">
     <span class='ocr_line' id='line_1_110' title="bbox 1875 5334 3539 5407; baseline -0.001 -15"><span class='ocrx_word' id='word_1_785' title='bbox 1875 5353 2086 5407; x_wconf 90' lang='lat' dir='ltr'>agens,</span> <span class='ocrx_word' id='word_1_786' title='bbox 2123 5336 2379 5391; x_wconf 91' lang='lat' dir='ltr'>nuncios</span> <span class='ocrx_word' id='word_1_787' title='bbox 2401 5336 2475 5391; x_wconf 93' lang='lat' dir='ltr'>de</span> <span class='ocrx_word' id='word_1_788' title='bbox 2512 5335 2675 5390; x_wconf 87' lang='lat' dir='ltr'>Italia</span> <span class='ocrx_word' id='word_1_789' title='bbox 2702 5334 2813 5389; x_wconf 90' lang='lat' dir='ltr'>sibi</span> <span class='ocrx_word' id='word_1_790' title='bbox 2866 5336 2921 5389; x_wconf 92' lang='lat' dir='ltr'>in</span> <span class='ocrx_word' id='word_1_791' title='bbox 2984 5341 3362 5391; x_wconf 86' lang='lat' dir='ltr'>sacramenta</span> <span class='ocrx_word' id='word_1_792' title='bbox 3402 5353 3539 5391; x_wconf 89' lang='lat' dir='ltr'>con-</span> 
     </span>
    </p>
   </div>
   <div class='ocr_carea' id='block_1_111' title="bbox 1875 5424 3536 5496">
    <p class='ocr_par' dir='ltr' id='par_1_111' title="bbox 1875 5424 3536 5496">
     <span class='ocr_line' id='line_1_111' title="bbox 1875 5424 3536 5496; baseline -0.001 -15"><span class='ocrx_word' id='word_1_793' title='bbox 1875 5425 2145 5493; x_wconf 80' lang='lat' dir='ltr'>strinxit;</span> <span class='ocrx_word' id='word_1_794' title='bbox 2181 5430 2237 5480; x_wconf 88' lang='lat' dir='ltr'>et</span> <span class='ocrx_word' id='word_1_795' title='bbox 2265 5424 2403 5480; x_wconf 85' lang='lat' dir='ltr'>inde</span> <span class='ocrx_word' id='word_1_796' title='bbox 2431 5424 2735 5494; x_wconf 89' lang='lat' dir='ltr'>digressus</span> <span class='ocrx_word' id='word_1_797' title='bbox 2786 5427 3066 5479; x_wconf 87' lang='lat' dir='ltr'>Ernestus</span> <span class='ocrx_word' id='word_1_798' title='bbox 3116 5424 3240 5479; x_wconf 87' lang='lat' dir='ltr'>dux</span> <span class='ocrx_word' id='word_1_799' title='bbox 3302 5425 3447 5496; x_wconf 72' lang='grc'>(284)</span> <span class='ocrx_word' id='word_1_800' title='bbox 3475 5425 3536 5479; x_wconf 92' lang='lat' dir='ltr'>in</span> 
     </span>
    </p>
   </div>
   <div class='ocr_carea' id='block_1_112' title="bbox 1872 5512 3537 5586">
    <p class='ocr_par' dir='ltr' id='par_1_112' title="bbox 1872 5512 3537 5586">
     <span class='ocr_line' id='line_1_112' title="bbox 1872 5512 3537 5586; baseline -0.002 -16"><span class='ocrx_word' id='word_1_801' title='bbox 1872 5515 2155 5571; x_wconf 90' lang='lat' dir='ltr'>venando</span> <span class='ocrx_word' id='word_1_802' title='bbox 2186 5512 2361 5586; x_wconf 90' lang='lat' dir='ltr'>periit</span> <span class='ocrx_word' id='word_1_803' title='bbox 2416 5530 2451 5568; x_wconf 89' lang='lat' dir='ltr'>a</span> <span class='ocrx_word' id='word_1_804' title='bbox 2481 5512 2604 5567; x_wconf 92' lang='lat' dir='ltr'>suis</span> <span class='ocrx_word' id='word_1_805' title='bbox 2635 5512 2891 5569; x_wconf 86' lang='lat' dir='ltr'>incaute.</span> <span class='ocrx_word' id='word_1_806' title='bbox 2929 5513 3267 5569; x_wconf 73' lang='lat' dir='ltr'>Commotio</span> <span class='ocrx_word' id='word_1_807' title='bbox 3293 5528 3537 5585; x_wconf 91' lang='lat' dir='ltr'>quoque</span> 
     </span>
    </p>
   </div>
   <div class='ocr_carea' id='block_1_113' title="bbox 1943 5639 2442 5711">
    <p class='ocr_par' dir='ltr' id='par_1_113' title="bbox 1943 5639 2442 5711">
     <span class='ocr_line' id='line_1_113' title="bbox 1943 5639 2442 5711; baseline 0 -16"><span class='ocrx_word' id='word_1_808' title='bbox 1943 5640 2092 5711; x_wconf 85' lang='grc'>(283)</span> <span class='ocrx_word' id='word_1_809' title='bbox 2124 5639 2442 5696; x_wconf 89' lang='lat' dir='ltr'>Gernrode.</span> 
     </span>
    </p>
   </div>
   <div class='ocr_carea' id='block_1_114' title="bbox 1943 5727 2516 5798">
    <p class='ocr_par' dir='ltr' id='par_1_114' title="bbox 1943 5727 2516 5798">
     <span class='ocr_line' id='line_1_114' title="bbox 1943 5727 2516 5798; baseline -0.003 -13"><span class='ocrx_word' id='word_1_810' title='bbox 1943 5732 2093 5798; x_wconf 77' lang='grc'>(284)</span> <span class='ocrx_word' id='word_1_811' title='bbox 2125 5727 2516 5785; x_wconf 60' lang='lat' dir='ltr'>Alamanniae.</span> 
     </span>
    </p>
   </div>
  </div>
