3968 6386
408 289 516 348 847

1340 290 1599 347 ANNAL.
1624 288 2067 347 HILDESHEIM.
2106 286 2482 354 QUEDLINB.
2525 288 2911 351 WEISSEMB.

3740 296 3843 354 M8

1303 416 1627 471 ANNALES
1693 414 2430 480 QUEDUNBURGENSES.
2497 419 2565 474 Α.
2627 419 2950 473 1016-1018.

411 539 568 596 aeris
594 544 654 596 et
682 538 834 596 ictus
866 537 1133 594 fulminis
1162 538 1377 594 eodem
1434 554 1598 595 anno
1653 539 1884 594 damna
1924 537 2082 611 peri-
2110 542 2159 594 A
2186 555 2393 596 coram
2445 540 2674 597 cunctis
2718 540 3130 613 prosternitur.
3186 544 3405 597 lterum
3442 540 3846 609 redintegrato

412 629 619 685 culosa
648 629 973 720 intulerunt
1000 628 1372 701 quibusdam
1402 628 1679 701 partibus
1726 627 2070 684 monasterii

411 722 633 775 sanctae
663 718 856 775 Mariae
880 716 941 773 in
970 721 1171 774 monte
1202 716 1576 773 occidentali.
1612 721 1938 791 Imperator
1965 717 2069 786 igi-

411 812 507 864 tur
532 807 747 864 iterum
773 806 1164 864 Corbeienses
1192 806 1478 877 invisens,
1522 806 1832 879 privilegia
1856 810 1912 862 et
1932 821 2071 862 con-

409 896 758 953 suetudines
788 895 1026 970 aliquas
1056 895 1351 969 priorum,
1383 911 1541 969 quas
1564 900 1669 953 239
1709 912 1924 965 annos,
1960 898 2069 951 Lu-

406 985 626 1042 dovico
649 984 752 1059 pio
773 985 975 1053 dante,
1003 986 1363 1053 habuerant,
1395 985 1753 1058 potestative
1795 984 2068 1051 mutavit,

408 1079 469 1132 et
494 1079 697 1131 amoto
726 1074 1075 1132 monasterii
1103 1078 1294 1147 patre,
1321 1074 1596 1144 ignotum
1621 1080 1678 1132 et
1696 1074 1929 1131 bonum
1958 1074 2074 1129 for-

408 1168 567 1221 tasse
596 1163 711 1219 illis
737 1163 966 1235 aduxit,
1008 1163 1115 1236 qui
1166 1163 1341 1236 quasi
1386 1163 1617 1220 doctior
1645 1167 1835 1220 errat?
1889 1162 2070 1218 corri-

409 1256 593 1322 geret,
615 1256 671 1308 et
694 1252 901 1308 devios
933 1260 1152 1308 sanctae
1219 1250 1441 1323 regulae
1494 1252 1796 1308 tramitem
1840 1251 2071 1307 cautius

404 1337 683 1395 incedere
713 1340 970 1395 doceret.
1005 1340 1149 1394 lnde
1179 1338 1262 1394 illi
1288 1339 1545 1395 nimium
1590 1344 1931 1408 maerentes,
1982 1338 2069 1395 vi-

408 1430 533 1483 tam
556 1444 751 1497 suam,
780 1444 917 1501 quas
951 1427 1179 1485 cunctis
1229 1444 1385 1501 pene
1434 1428 1751 1485 monachis
1793 1428 2070 1501 exemplo

406 1515 724 1589 claruerat,
755 1517 1037 1573 vilescere
1090 1516 1512 1587 ingemiscunt,
1554 1533 1807 1590 seseque
1859 1521 2071 1573 mutuo

406 1603 947 1678 hortantur,potius
973 1605 1310 1661 discredere
1327 1621 1514 1678 quam
1538 1606 1618 1678 inj
1628 1607 1771 1662 uriaa
1796 1606 2070 1676 subjace-

406 1709 492 1749 re.
528 1695 741 1768 Sicque
764 1694 990 1751 factum
1020 1698 1128 1764 est,
1163 1699 1232 1750 ut
1251 1694 1431 1767 pauci
1452 1694 1787 1751 admodum
1803 1710 2073 1767 superes-

408 1788 560 1853 sent,
593 1784 816 1841 caeteris
845 1783 1067 1851 seculo,
1108 1783 1530 1840 miserabiliter
1556 1785 1861 1855 vagando,
1896 1801 2071 1842 occu-

2179 627 2384 684 dolore
2415 630 2563 685 Gero
2586 645 2788 685 comes
2818 629 3112 685 miserans
3133 645 3345 686 casum
3373 629 3684 686 morientis
3698 629 3845 686 ami-

2179 715 2251 783 ci,
2275 716 2506 772 medios
2527 716 2713 773 fertur
2742 716 2802 772 in
2828 717 3031 773 hostes
3060 734 3073 784 ;
3106 732 3269 774 nunc
3299 717 3416 774 hoc
3446 716 3650 774 valida
3703 717 3847 773 dex-

2180 808 2271 861 tra
2292 806 2501 873 ruinae,
2533 822 2696 861 nunc
2727 805 2859 862 illos
2887 806 3165 863 frementi
3198 806 3445 879 proterit
3481 822 3661 880 equo.
3695 809 3842 863 Tan-

2178 892 2320 947 dem
2348 892 2537 949 nimia
2565 893 2731 949 caede
2771 893 3051 962 lassatus,
3084 894 3361 965 gloriosae
3389 893 3599 951 mortis
3625 894 3846 967 pocula

2178 980 2331 1037 inter
2355 982 2578 1038 multos
2609 982 2948 1053 degustavit
2975 982 3228 1055 primus.
3260 983 3449 1040 Ceteri
3477 999 3642 1051 vero,
3690 987 3756 1040 ut
3780 998 3845 1041 se

2178 1069 2241 1125 in
2267 1074 2432 1126 arcto
2460 1071 2688 1143 positos
2726 1070 2953 1139 vident,
2995 1073 3184 1128 Deum
3205 1071 3322 1128 sibi
3348 1078 3610 1145 poscunt
3635 1071 3845 1145 placa-

2180 1162 2309 1214 tum
2332 1164 2637 1227 gementes
2662 1175 2847 1232 quem
2877 1164 3251 1230 cognoscunt
3300 1160 3541 1219 iratum.
3577 1161 3693 1220 Sed
3719 1175 3849 1218 non

2180 1252 2413 1319 poterat
2440 1249 2797 1305 sententiam
2822 1248 3017 1315 avelli,
3061 1248 3207 1321 quia
3262 1254 3498 1307 constat
3549 1250 3683 1307 illos
3733 1264 3849 1323 pro

2180 1337 2405 1394 Christo
2453 1337 2628 1393 mori.
2682 1342 2809 1394 Non
2847 1342 2974 1395 erat
3037 1338 3206 1395 locus
3261 1339 3560 1397 evadendi
3599 1339 3693 1396 vel
3716 1339 3844 1397 ulla

2181 1443 2317 1499 spes
2346 1428 2534 1484 vitam
2566 1428 2871 1500 sperandi,
2902 1444 2963 1484 se
2993 1428 3272 1485 mortalia
3296 1445 3408 1486 sua
3435 1428 3850 1486 indubitanter

2176 1515 2263 1572 illi
2289 1522 2585 1573 voverunt
2613 1517 2781 1588 (287),
2804 1516 2909 1589 qui
2939 1522 2997 1573 et
3037 1517 3394 1579 mortiﬁcare
3421 1518 3703 1591 solusque
3731 1534 3850 1592 po-

2182 1609 2294 1663 test
2318 1606 2638 1663 viviiicare.
2674 1609 2911 1664 Certant
2940 1607 3158 1664 deinde
3196 1625 3387 1682 quam
3433 1608 3680 1682 plurimi
3731 1623 3850 1682 pro

2179 1695 2373 1768 patria
2402 1696 2825 1770 fratribusque,
2861 1702 2920 1753 et
2944 1698 3209 1753 maxime
3239 1698 3454 1754 milites
3502 1697 3854 1756 Mauriciani

2176 1784 2349 1856 (288),
2387 1790 2710 1841 sectatores
2736 1785 2992 1856 Domini,
3043 1786 3456 1859 procumbunt
3485 1785 3731 1855 fortiter,
3762 1785 3854 1841 illi

408 1873 588 1945 patis.
623 1873 738 1931 Sed
760 1872 965 1928 multis
995 1872 1212 1929 iterum
1242 1872 1344 1929 Dei
1371 1873 1563 1943 gratia
1588 1875 1921 1945 conversis,
1947 1873 2073 1947 pla-
2108 1890 2151 1949 Β
2178 1872 2593 1946 obsequendo,
2626 1878 2692 1929 ut
2747 1874 3237 1946 conspiraverant
3290 1874 3587 1929 constanti
3616 1874 3851 1930 animo.

408 1962 532 2018 cuit
551 1979 614 2019 se
645 1962 902 2019 subdere
922 1962 1145 2032 regulis
1172 1978 1363 2036 quam
1398 1978 1559 2018 vana
1588 1963 1853 2033 diligere.
1896 1963 2073 2019 Addi-

410 2051 503 2109 dit
532 2051 711 2108 etiam
742 2051 1068 2125 imperator
1096 2053 1211 2108 hoc
1242 2066 1404 2108 anno
1430 2052 1793 2123 legationem
1841 2053 2071 2109 mittere

408 2140 491 2197 ad
519 2141 884 2198 Bolizlavum
912 2157 1023 2215 pro
1053 2141 1433 2197 restituendis
1488 2141 1858 2212 regionibus,
1917 2157 2071 2214 quas

411 2230 716 2287 astulerat.
740 2230 858 2299 Ille,
878 2236 943 2287 ut
956 2230 1208 2301 solebat,
1231 2229 1489 2303 superbe
1518 2230 1847 2302 respondit,
1870 2247 1931 2286 se
1947 2245 2072 2286 non

408 2319 609 2375 solum
640 2320 886 2393 propria
913 2321 1164 2376 retinere
1193 2319 1366 2390 velle,
1396 2319 1547 2391 quin
1576 2320 1775 2391 potius
1804 2335 1928 2376 non
1958 2335 2073 2376 sua

410 2409 668 2483 diripere
697 2409 896 2466 malle.
929 2409 1018 2465 Ad
1047 2409 1175 2464 haec
1205 2408 1532 2481 imperator
1558 2409 1772 2465 merito
1799 2409 2077 2480 indigna-

410 2502 529 2569 tus,
561 2497 719 2555 bella
747 2503 940 2572 parat,
973 2497 1267 2569 fortiaque
1289 2496 1558 2553 virorum
1588 2496 1753 2553 milia
1784 2503 1961 2554 vocat
2012 2498 2071 2553 in

410 2602 604 2655 arma,
635 2602 779 2644 cum
801 2586 1026 2660 quibus
1072 2585 1238 2641 haud
1269 2600 1441 2641 mora
1469 2584 1726 2641 Polonise
1756 2586 1947 2657 attigit
2002 2585 2073 2641 ﬁ-

409 2691 541 2732 nes.
574 2678 724 2732 Cum
749 2674 811 2731 in
836 2673 1034 2748 primo
1063 2672 1232 2729 aditu
1281 2672 1489 2728 divina
1540 2673 1761 2730 adsunt
1816 2674 2071 2743 solatia;

411 2765 614 2821 hostes
644 2769 815 2833 terga
849 2766 1096 2831 vertere,
1144 2761 1290 2817 alibi
1313 2766 1653 2830 nongentos
1682 2762 1882 2833 gladio
1936 2780 2074 2819 suc-

410 2855 718 2920 cumbere,
742 2854 945 2925 ipsum
972 2866 1218 2923 quoque
1267 2850 1631 2906 Bolizlavum
1678 2868 1717 2908 a
1764 2852 1914 2908 facie
1944 2854 2075 2924 ejus

411 2943 651 2999 eminus
679 2939 1177 3010 evadere.Sicque
1189 2938 1412 3008 gaudet
1438 2939 1665 3010 animo,
1689 2957 1800 2997 suo
1828 2943 2075 2999 satellite

412 3032 749 3087 etiamnum
779 3027 968 3097 salvo,
1000 3032 1248 3099 excepto
1280 3029 1525 3084 Hodone
1563 3029 1784 3100 juvene
1811 3033 2072 3104 egregio,

410 3119 519 3192 qui
545 3118 774 3174 viribus
803 3116 1061 3172 imbellis
1089 3132 1230 3172 cum
1269 3118 1504 3190 paucis,
1545 3118 1797 3176 fortibus
1850 3127 2072 3191 tamen,

411 3206 710 3280 intrepida
750 3209 943 3261 morte
970 3205 1352 3261 laudabiliter
1391 3207 1674 3263 occubuit
1706 3227 1718 3277 ;
1752 3210 1924 3281 cujus
1976 3228 2075 3267 ca-

413 3297 617 3363 daver,
651 3299 718 3351 ut
744 3294 961 3364 ferunt,
1002 3310 1039 3350 a
1064 3294 1338 3351 Misicone
1366 3295 1489 3352 ﬁlio
1548 3296 1820 3354 Bolizlavi
1856 3300 2074 3355 lachri-

416 3385 715 3442 mabiliter
744 3383 1365 3448 sublatum,omnibus
1395 3387 1747 3443 necessariis
1763 3388 2076 3458 diligenter

412 3475 723 3549 appositis,
758 3474 881 3529 suis
926 3472 1197 3529 redditur
1241 3476 1696 3547 reportandum.
1750 3481 2077 3551 imperator

409 3578 555 3621 vero
581 3564 762 3631 dolet,
786 3562 899 3618 sibi
933 3578 1239 3634 quemque
1275 3563 1542 3635 periisse,
1575 3567 1669 3620 cui
1698 3566 1864 3638 prius
1893 3568 2078 3624 conti-

410 3659 581 3726 gerat
608 3652 1235 3731 triumphasse._Unde
1265 3652 1513 3709 consilio
1552 3670 1802 3711 suorum
1860 3657 2074 3715 admo-

412 3745 594 3815 nitus,
646 3741 908 3799 collectis
956 3742 1097 3812 (285)
1152 3741 1340 3814 copiis
1396 3743 1721 3799 exercitum
1767 3745 1938 3816 jubet
1988 3763 2076 3804 re-

410 3833 559 3889 dire.
594 3831 680 3888 llli
710 3835 777 3887 ut
803 3834 973 3887 erant
1000 3830 1198 3899 ignari
1223 3830 1480 3898 viarum,
1503 3848 1612 3904 per
1623 3833 1835 3889 silvam
1863 3852 2076 3908 quam-

411 3922 557 3978 dam
577 3919 837 3976 tandunt
865 3919 942 3974 ad
973 3918 1197 3986 locum,
1225 3919 1331 3991 qui
1371 3920 1471 3976 vix
1528 3925 1704 3977 tantae
1751 3924 2077 3982 multitudi-

413 4008 571 4065 dinis
592 4022 804 4080 capax,
838 4005 1107 4079 undique
1144 4006 1549 4064 interfluentes
1588 4010 1809 4081 palude
1831 4016 1888 4067 et
1916 4013 2074 4071 fron-

411 4098 583 4154 dium
613 4096 888 4165 cingente
913 4110 1159 4159 corona,
1187 4095 1431 4152 brevem
1461 4098 1687 4169 przebet
1711 4099 1887 4155 lassis
1914 4103 2074 4174 quie-

412 4192 555 4244 tem.
586 4183 958 4243 Conveniunt
975 4184 1261 4257 primates
1278 4189 1608 4259 cseteraque
1632 4188 2072 4259 juventus,suis

411 4275 642 4332 viribus
678 4271 987 4328 victoriam
1006 4273 1321 4343 jactantes,
1350 4278 1408 4329 et
1436 4289 1546 4346 pro
1574 4275 1847 4333 iteranda
1876 4282 2071 4351 strage

411 4362 766 4423 absentibus
793 4360 1049 4417 inaniter
1076 4361 1441 4419 minitantes.
1465 4364 1693 4431 Nullus,
1734 4370 1800 4422 ut
1850 4367 2068 4437 decuit,

412 4459 601 4513 Deum
622 4453 914 4510 caelorum
940 4457 997 4509 et
1022 4467 1229 4522 regem
1262 4469 1477 4524 regum
1532 4455 1731 4511 studet
1784 4456 2068 4516 laudibus

410 4544 711 4611 extollere,
741 4547 801 4598 et
827 4557 937 4614 pro
963 4541 1190 4598 collatis
1212 4541 1518 4598 beneﬁciis
1544 4544 1763 4614 dignas
1793 4546 1846 4601 ei
1873 4554 2069 4618 grates

410 4634 648 4699 referre,
671 4630 766 4687 vel
790 4629 865 4685 de
893 4629 1104 4685 futuris
1132 4645 1341 4703 preces
1368 4629 1676 4688 effundere
1710 4650 1724 4700 ;
1754 4632 1892 4689 ideo
1921 4635 2068 4705 (286)

411 4722 659 4791 contigit
678 4719 852 4776 nobis
872 4719 1112 4775 deilere.
1138 4720 1421 4789 Congitur
1447 4721 1686 4777 interim
1742 4722 1913 4778 miles
1956 4724 2073 4780 col-

408 4812 599 4867 lectus
626 4809 827 4864 subita
851 4807 1166 4864 formidine
1196 4808 1353 4875 belli,
1388 4816 1603 4865 assunt
1632 4811 1831 4867 hostes
1857 4812 1932 4867 de
1980 4813 2070 4868 in-

408 4900 705 4958 sidiarum
732 4897 1015 4964 latibulis,
1049 4913 1348 4954 memores
1377 4898 1610 4969 injuriee
1647 4898 1885 4956 civium.
1949 4904 2064 4957 Hos

406 5004 685 5045 recessus
731 4985 965 5057 gladiis,
1015 4984 1149 5041 illos
1200 4984 1445 5058 spiculis
1495 4987 1832 5060 jaculisque
1874 4989 2071 5046 exclu-

406 5078 581 5136 dunt.
615 5075 888 5133 Exoritur
931 5074 1182 5145 clamor,
1208 5077 1267 5131 et
1295 5073 1343 5130 si
1371 5080 1538 5147 quod
1589 5081 1719 5133 erat
1755 5077 2068 5148 gaudium,

412 5182 670 5225 maerore
700 5165 1104 5231 confunditur,
1133 5164 1281 5220 dum
1324 5164 1624 5238 utrimque
1648 5167 1798 5222 dure
1831 5184 2069 5240 pugna-

410 5262 510 5314 tur
540 5275 555 5324 ;
588 5261 647 5311 et
671 5271 813 5327 pars
848 5255 1094 5311 inimica
1120 5253 1418 5321 cessisset,
1464 5255 1514 5310 si
1570 5261 1776 5313 nostra
1824 5263 2072 5330 peccata

413 5360 537 5399 non
566 5348 967 5400 revocassent.
1005 5343 1248 5400 Sarcina
1283 5343 1608 5414 cujusdam
1638 5345 1915 5401 Friderici
1969 5363 2070 5419 pe-

412 5429 821 5501 riclitabatur;
870 5437 930 5488 et
984 5432 1130 5505 ipse,
1185 5432 1334 5488 dum
1385 5432 1513 5489 vult
1553 5450 1868 5490 succurere
1921 5435 2069 5508 suis,

511 5590 640 5655 2835)
666 5589 759 5642 Ita
785 5589 853 5643 L.
886 5589 1189 5645 collocatis
1219 5607 1269 5647 c.

512 5658 636 5716 286)
668 5659 729 5710 E.
757 5662 819 5713 at
844 5658 980 5714 ideo
1010 5661 1155 5716 Chr.

512 5661 616 5713 286
668 5659 729 5710 E.
757 5662 819 5713 at
844 5658 980 5714 ideo
1010 5661 1155 5716 Chr.

509 5658 639 5798 287)
657 5727 755 5785 Ita
783 5730 1021 5785 correxi
1037 5732 1173 5800 jam
1205 5730 1278 5787 σι
1306 5733 1572 5803 Ηαυριέο
1587 5742 1867 5796 mle
1894 5755 1909 5806 ;
1959 5753 2071 5795 no-

488 5590 508 5799 ἑ

2179 1961 2488 2030 Adelheid,
2520 1966 2629 2032 lra,
2660 1962 2959 2018 Thietmer
2989 1967 3044 2018 et
3072 1965 3241 2029 Gera,
3266 1961 3435 2016 Doda
3464 1966 3524 2017 et
3550 1961 3852 2030 Volemer,

2180 2066 2321 2106 cum
2353 2050 2483 2106 aliis
2513 2050 2720 2106 multis
2752 2050 2980 2105 felicius
3022 2050 3229 2106 vivant
3253 2053 3318 2105 in
3349 2049 3532 2106 caelis.
3569 2051 3712 2105 Eido
3742 2051 3850 2108 Mi-

2181 2138 2471 2195 seniensis
2501 2139 2823 2211 episcopus
2852 2134 3190 2211 depositum
3218 2137 3393 2194 fidele
3423 2138 3683 2194 reddidit
3730 2155 3855 2195 cce-

2179 2228 2239 2284 lo
2266 2247 2280 2295 ;
2315 2228 2411 2283 cui
2441 2229 2723 2283 successit
2742 2228 3141 2297 Agilwardus.
3172 2228 3442 2298 Megingo
3467 2229 3851 2285 Treverensis

2181 2316 2670 2389 archiepiscopus
2698 2317 2845 2373 obiit
2872 2335 2887 2385 ;
2920 2317 3016 2373 cui
3044 2320 3249 2389 Poppo
3281 2317 3588 2373 successit.

2259 2409 2413 2461 1016.
2448 2410 2478 2461 3
2510 2404 2593 2461 Id.
2627 2405 2944 2469 Februarii,
2977 2405 3123 2462 luna
3143 2410 3232 2472 30,
3287 2405 3546 2461 sabatho
3597 2405 3856 2462 collisio-

2180 2511 2287 2551 nes
2317 2494 2573 2550 nubium
2598 2495 2952 2564 horrisonae,
2980 2511 3117 2551 cum
3175 2494 3388 2551 crebra
3433 2495 3853 2552 coruscatione

2180 2588 2239 2640 et
2259 2584 2545 2640 imbrium
2570 2584 2896 2653 nimietate,
2928 2584 3191 2657 plurima
3218 2584 3518 2640 subruunt
3568 2583 3849 2641 aedilicia.

2184 2677 2511 2746 imperator
2537 2673 2601 2729 in
2632 2673 3128 2738 Padarbrunnan,
3160 2672 3474 2746 paschalia
3530 2672 3681 2729 festa
3738 2674 3853 2730 rite

2183 2761 2521 2817 celebravit.
2553 2761 2858 2817 Heinricus
2880 2776 3084 2817 comes
3107 2761 3287 2817 bonae
3325 2761 3632 2817 memoriae
3677 2760 3850 2818 obiit.

2186 2851 2473 2923 Wigman
2503 2868 2709 2908 comes
2742 2851 3131 2908 occidentalis
3164 2851 3461 2923 Saxoniae,
3492 2851 3644 2908 inter
3678 2868 3743 2907 se
3795 2856 3857 2909 et

2184 2939 2523 2996 Baldricum
2543 2939 2823 2995 comitem
2847 2938 3230 2996 reconciliata
3248 2955 3418 3012 pace,
3448 2938 3855 3012 persuadente

2184 3027 2401 3084 callida
2430 3027 2661 3099 perﬁda
2681 3032 2738 3083 et
2758 3043 2941 3084 avara
2972 3027 3232 3098 conjuge
3283 3027 3583 3097 ejusdem,
3616 3027 3855 3084 insidiis

2184 3118 2587 3188 pessimorum
2633 3115 2697 3171 in
2752 3116 2959 3173 itinere
3006 3114 3216 3171 dolose
3272 3121 3620 3188 peremptus
3675 3132 3857 3175 occu-

2112 3243 2155 3298 C
2182 3206 2335 3263 buit.

2260 3300 2417 3352 1017.
2450 3294 2759 3351 Heinricus
2796 3294 3122 3367 imperator
3161 3294 3278 3351 hoc
3328 3311 3490 3352 anno
3535 3295 3599 3351 in
3636 3296 3857 3365 lngila-

2183 3386 2346 3442 heim
2378 3383 2725 3457 pascalibus
2757 3384 2993 3453 gaudiis
3026 3382 3272 3440 festivus
3298 3384 3578 3442 interfuit.
3622 3386 3857 3442 Eodem

2185 3490 2348 3531 anno
2375 3474 2437 3530 in
2462 3473 2741 3531 coenobio
2773 3474 3212 3530 monacharum
3243 3474 3390 3545 (289)
3419 3477 3450 3530 8
3496 3474 3617 3531 Cal.
3664 3475 3857 3532 Martii

2183 3564 2461 3620 dedicata
2489 3569 2579 3620 est
2597 3563 2849 3619 ecclesia
2885 3569 3105 3619 sanctae
3144 3563 3336 3620 Mariis
3383 3579 3619 3636 semper
3674 3563 3860 3635 virgi-

2183 3655 2301 3722 nis,
2334 3653 2478 3709 etin
2510 3652 2918 3723 Magadeburg
2966 3657 3177 3709 exusta
3231 3659 3321 3709 est
3369 3653 3619 3709 ecclesia
3658 3655 3856 3711 sancti

2181 3741 2477 3798 Johannis
2502 3741 2775 3813 Baptistae
2806 3757 2947 3796 cum
2975 3741 3343 3798 monasterio
3372 3746 3429 3797 et
3458 3758 3580 3798 uno
3631 3758 3856 3799 mona-

2185 3833 2317 3890 cho.
2351 3836 2683 3904 Imperator
2711 3830 2892 3886 etiam
2912 3831 3027 3886 hoc
3045 3846 3208 3887 anno
3229 3831 3447 3887 iterum
3494 3836 3692 3887 castra
3713 3848 3857 3889 mo-

2182 3921 2267 3977 vit
2309 3924 2519 3977 contra
2577 3919 2960 3989 Bolizlavum,
3014 3920 3143 3987 sed,
3201 3920 3390 3977 nimia
3413 3920 3755 3992 pestilentia
3795 3926 3859 3978 et

2183 4008 2543 4066 mortalitate
2573 4008 2782 4080 populi
2810 4008 3110 4077 obstante,
3144 4008 3269 4065 sine
3295 4008 3438 4067 belli
3488 4011 3702 4066 eii'ectu
3754 4026 3856 4068 re-

2183 4097 2291 4154 diit
2320 4097 2381 4154 in
2411 4096 2693 4170 patriam.
2719 4096 2824 4154 Cui
2858 4096 3014 4153 illico
3038 4097 3761 4165 nunciatur,Gerhzirdum
3789 4099 3856 4155 in

2184 4187 2451 4253 Francia,
2511 4186 2786 4258 plurimis
2825 4186 2979 4242 civili
3005 4186 3206 4256 gladio
3258 4188 3602 4260 peremptis,
3655 4188 3857 4245 multa

2181 4276 2345 4333 mala
2372 4275 2691 4333 concitare.
2740 4275 2906 4332 Unde
2958 4275 3253 4347 turbatus,
3312 4276 3414 4332 illo
3457 4276 3538 4332 ire
3590 4278 3851 4350 paravit.

2181 4365 2451 4439 Eclypsis
2478 4365 2637 4421 lunae
2669 4364 2827 4421 facta
2856 4369 2945 4422 est
2996 4372 3026 4421 7
3081 4366 3220 4421 ldus
3275 4366 3649 4424 Novembris.
3692 4367 3855 4425 Obiit

2180 4455 2482 4526 Thaetdeg
2506 4456 2819 4527 Pragensis
2838 4455 3159 4529 episcopus
3185 4456 3283 4512 cui
3308 4458 3597 4514 succescit
3625 4457 3852 4528 Eghar-

2180 4545 2297 4601 dus
2326 4544 2798 4615 Nianburgensis
2825 4545 3039 4603 abbas.

2257 4638 2414 4691 1018.
2447 4634 2773 4707 Imperator
2797 4634 3105 4690 Heinricus
3137 4635 3353 4692 natalis
3368 4635 3603 4692 Domini
3625 4635 3849 4692 festum

2183 4723 2308 4793 agit
2336 4724 2397 4779 in
2420 4724 2871 4792 Franconofurt,
2896 4729 2953 4779 et
2975 4729 3251 4783 sanctum
3273 4725 3499 4781 Pascha
3530 4726 3591 4780 in
3608 4725 3851 4782 Niuma-

2184 4827 2329 4883 gun.
2358 4816 2426 4868 Et
2453 4813 2566 4869 hoc
2598 4829 2763 4869 unno
2799 4813 3130 4881 Holitzlavo,
3153 4830 3260 4886 per
3287 4813 3540 4869 nuncios
3581 4814 3849 4870 reconci-

2177 4901 2318 4958 liata
2329 4902 2880 4975 pace,imperatoris
2894 4902 3150 4973 gratiam
3160 4902 3651 4974 recepit.Con1eta
3662 4901 3847 4960 etiam

2179 4991 2395 5048 eodem
2423 5007 2587 5049 anno
2603 4992 2710 5048 diu
2733 4987 2898 5048 visus
2916 4996 3029 5061 est,
3050 4991 3156 5064 qui
3182 4990 3411 5047 luctum
3434 4988 3637 5045 nimiae
3657 4989 3847 5050 deva-

2179 5080 2451 5138 stationis
2461 5096 2570 5153 per
2584 5080 2966 5137 Thiadricum
2996 5078 3193 5136 Gallias
3242 5077 3535 5150 partibus,
3564 5079 3847 5152 pestilen-

2180 5170 2323 5227 tiam
2338 5169 2585 5242 insuper
2598 5174 2655 5225 et
2667 5168 3090 5225 mortalitatem
3102 5167 3322 5249 misero
3336 5166 3570 5223 mundo
3588 5169 3842 5226 nuncia-

2178 5260 2418 5325 vit.Qua
2434 5258 2603 5314 clade
2619 5257 2765 5314 obiit
2780 5257 3011 5314 Baldric
3019 5272 3085 5311 us
3103 5255 3481 5312 Leodicensis
3497 5257 3840 5330 episcopus,

2178 5347 2273 5404 cui
2313 5346 2598 5403 Fulmodo
2629 5346 2928 5401 successit.
2964 5344 3268 5401 Heinricus
3300 5345 3841 5416 Wirtzeburgensis

2178 5436 2424 5509 episcop
2432 5435 2905 5503 us,Thiatmarus
2916 5434 3384 5506 Mersburgensis
3394 5436 3842 5508 episcopus,»

2177 5599 2389 5652 verunt
2417 5612 2468 5652 c.

2249 5666 3136 5811 ἓξὲξέὃὲάξὲἔὲἓὲἓξθηδθδ·

2272 5737 2399 5811 289)
2425 5737 2951 5811 Qtiidelingeburg.
