3968 6366
82 247 210 303 549

832 251 916 306 ET
955 250 1304 307 LAMBERTI
1348 245 1939 307 ASCHAFNABURG.
1983 247 2165 308 PARS
2204 250 2488 309 ALTERA
2527 251 2858 311 GENUINA.

3451 257 3554 313 550

1053 377 1384 431 ANNALES
1425 371 2155 440 QUEDLINBURGENSES
2195 376 2264 428 A.
2309 377 2630 431 1019-1020.

80 497 327 553 uoldus
339 498 831 570 archiepiscopus
844 500 1428 569 Ravennatus,0dda
1440 498 1792 554 venerabilis
1829 503 1876 553 A
1905 496 2228 552 ministerio
2252 515 2265 565 ;
2293 498 2494 570 ibique
2525 499 2900 571 imperatoris
2925 515 2996 556 ac
3024 499 3366 574 principum
3388 501 3556 558 debi-

78 587 644 658 Magdaburgcnsis
683 588 1017 660 presbyter,
1057 589 1322 659 Athilger
1353 589 1784 644 Halberstaten-

82 676 172 729 sis
195 676 590 748 prmpositus,
613 676 834 750 aliique
859 676 1208 748 perplurimi
1225 677 1454 732 nobiles
1479 677 1784 748 utriusque

83 781 284 819 sexus
315 765 393 819 de
425 765 540 820 hac
573 765 706 820 luce
752 765 1035 821 abstracti
1082 772 1236 822 sunt.
1281 767 1605 835 'l‘hiatburg
1634 769 1783 836 (“290)

83 854 441 909 Bernhardi
493 855 864 910 marchionis
914 855 1037 911 filia
1091 855 1273 911 seculi
1313 872 1492 911 onere
1525 856 1783 927 abjecto,

82 943 190 1014 pie
223 960 551 1009 conversa,
587 944 813 999 ctelesti
843 944 1075 1000 locatur
1105 945 1165 1000 in
1199 962 1364 1001 aura.

169 1037 339 1088 1019.
386 1033 720 1105 Imperator
767 1033 965 1089 natale
1014 1035 1249 1089 Domini
1298 1035 1785 1104 Pathelburgensi

87 1122 342 1177 civitate
376 1121 700 1191 celebrato,
728 1122 952 1177 Gosleri
981 1124 1505 1194 quadragesimale
1545 1130 1781 1197 tempus

89 1210 414 1278 transegit.
469 1210 612 1265 Inde
645 1210 897 1265 Walbiki
929 1211 1038 1266 iter
1067 1227 1276 1280 agens,
1311 1214 1631 1268 comitante
1668 1213 1780 1268 im-

90 1298 399 1369 peratrice
426 1303 482 1353 et
507 1299 834 1354 venerabili
867 1316 978 1354 sua
1007 1306 1182 1372 nepte
1213 1301 1535 1356 Adelheida
1557 1303 1783 1366 Quede—

90 1386 364 1455 lingensi
397 1385 733 1451 abbatissa,
765 1403 885 1442 una
920 1405 1054 1442 cum
1100 1389 1396 1460 episcopis
1437 1406 1506 1445 ac
1537 1390 1780 1445 collecto

90 1480 364 1546 utroque
388 1492 535 1530 sexu
562 1476 803 1531 familiae
836 1478 954 1546 Dei,
981 1477 1191 1534 laudes
1212 1479 1447 1534 divinas
1481 1480 1780 1534 studiosus

91 1564 464 1632 alternante,
495 1563 656 1619 diem
689 1565 1031 1636 palmarum
1076 1566 1246 1621 laetus
1285 1567 1604 1622 solenniter
1635 1568 1780 1622 cele-

92 1653 318 1708 bravit.
356 1652 580 1708 Deinde
607 1653 910 1722 Mersburg
935 1655 1248 1727 paschalia
1271 1657 1494 1723 gaudia
1520 1657 1780 1712 celebra-

93 1746 274 1798 turus
305 1743 598 1813 pervenit,
633 1759 756 1814 quo
786 1741 1114 1798 multorum
1145 1745 1408 1816 nequitia
1439 1745 1779 1800 manifesta—

1897 590 1954 639 to
1981 586 2415 656 obsequiorum
2448 588 2564 644 ritu
2594 588 2946 660 aliquandiu
2985 589 3311 645 honorifice
3344 594 3556 647 tracta-

1895 679 2009 741 tus,
2072 675 2382 747 multiplici
2435 693 2623 748 opum
2681 678 2857 749 copia
2907 678 3188 745 donatus,
3243 679 3558 739 dominam

1893 763 2126 828 mundi,
2163 765 2416 821 Romam
2449 766 2685 831 scilicet,
2717 766 3048 837 apostolica
3077 767 3191 822 sibi
3213 773 3367 824 sorte
3398 785 3558 825 com-

1893 851 2164 917 missam,
2199 852 2391 920 laetus,
2424 853 2692 926 locuples
2724 855 2925 911 revisit
2955 871 3025 911 ac
3059 872 3290 928 sospes.
3334 856 3556 915 Deinde

1893 939 1952 994 in
1989 944 2050 995 IE5
2085 941 2326 997 Calend.
2380 943 2648 1011 Augusti,
2684 942 2829 999 feria
2859 949 2910 1013 2,
2941 944 3088 1001 luna
3116 949 3205 1008 23,
3237 945 3557 1017 incipiente

1891 1029 2041 1084 hora
2072 1029 2187 1085 diei
2240 1036 2270 1086 3
2323 1047 2510 1102 usque
2561 1035 2695 1102 post
2727 1036 2780 1101 6,
2825 1033 3107 1105 apparuit
3149 1033 3402 1089 circulus
3433 1051 3558 1092 ma-

1892 1134 2047 1186 gnus
2075 1119 2234 1175 circa
2287 1120 2496 1186 solem,
2528 1120 2782 1176 cololem
2816 1123 2917 1178 Iris
2957 1123 3210 1190 habens,
3243 1139 3428 1197 quem
3458 1123 3557 1179 alii

1891 1212 2151 1278 quatuor
2192 1209 2510 1265 lucidiores
2560 1210 2763 1265 circuli
2807 1211 2965 1267 binis
3014 1211 3159 1268 locis
3197 1212 3258 1268 in
3302 1213 3556 1270 modum

1893 1297 2083 1350 crucis
2127 1297 2423 1368 complexi
2477 1303 2634 1353 sunt.
2681 1302 2956 1355 Attamen
2992 1300 3180 1357 tribus
3209 1301 3557 1359 rarescenti—

1892 1386 2025 1452 bus,
2059 1387 2199 1454 duo,
2233 1388 2293 1443 id
2339 1394 2423 1444 est
2455 1389 2689 1444 medius
2717 1396 2773 1447 et
2801 1391 3188 1462 aquilonaris,
3223 1391 3553 1448 diutissime

1892 1477 2287 1546 perstiterunt.
2327 1479 2558 1534 Interim
2595 1482 2723 1534 Otto
2755 1481 3026 1552 quidam,
3061 1481 3352 1537 nobilium
3384 1486 3552 1536 satus

1891 1567 2173 1637 prosapia
2221 1571 2604 1638 Francorum,
2640 1568 2836 1625 illicito
2886 1570 3122 1627 sibimet
3169 1569 3553 1626 matrimonio

1890 1655 2125 1710 incaute
2174 1656 2378 1724 ascito,
2423 1658 2570 1712 dum
2625 1659 2701 1712 ab
2747 1659 3155 1728 Arkanbaldo,
3198 1659 3553 1728 Moguntina

1892 1743 2048 1797 sedis
2080 1744 2552 1816 archiepiscope,
2579 1746 2796 1818 saepius
2823 1746 3217 1803 ecclesiastico
3246 1762 3412 1803 more
3445 1762 3554 1820 pro

100 1835 181 1901 ta,
215 1832 410 1901 digna
438 1837 527 1886 est
575 1847 757 1903 poena
795 1833 1103 1888 mulctata.
1157 1837 1273 1888 Hoc
1311 1835 1442 1906 ipso
1472 1851 1633 1890 anno
1666 1835 1780 1890 Fri-
1818 1847 1860 1898 Β
1891 1831 2003 1887 hoc
2035 1833 2249 1888 eodem
2279 1833 2674 1904 corriperetur
2711 1835 2963 1906 incestu,
2997 1852 3160 1892 caeco
3188 1835 3552 1892 furibundus

97 1920 372 1988 dericus,
408 1921 590 1976 frater
621 1921 993 1991 Cunigundaa.
1019 1923 1435 1994 imperatricis,
1466 1924 1782 1979 defunctus

96 2016 208 2065 est.
261 2010 381 2064 Sed
413 2015 473 2065 et
515 2011 800 2082 praefatus
860 2012 1217 2068 Bolitzlavus
1267 2013 1517 2068 Ruciam
1560 2013 1782 2068 auxilio

98 2101 420 2156 Saxonum
473 2100 586 2154 sibi
644 2100 897 2169 subegit.
956 2106 1018 2156 In
1066 2103 1197 2174 ipso
1239 2119 1399 2157 anno
1439 2103 1781 2168 consobrini

101 2189 512 2260 imperatoris,
545 2188 648 2244 ﬁlii
683 2192 1003 2245 Hermanni
1030 2191 1284 2260 comitis,
1319 2209 1456 2247 cum
1488 2192 1782 2248 Thiatma-

101 2295 166 2333 ro
199 2278 540 2333 Bernhardi
569 2278 740 2334 ducis
789 2280 914 2335 ﬁlio
945 2281 1232 2335 rebellare
1283 2286 1627 2352 cmperunt;
1677 2281 1783 2353 qui

103 2374 312 2423 tamen
344 2369 767 2439 comprehensi
799 2370 1084 2424 custodite
1122 2370 1508 2441 deputantur.
1549 2371 1782 2425 Interim

106 2457 491 2511 Thiatmarus
545 2458 691 2525 (291)
743 2456 887 2526 fuga
939 2458 1181 2529 elapsus
1231 2459 1490 2529 patriam
1545 2460 1780 2530 repetit;

107 2545 216 2600 sed
237 2547 442 2600 statim
473 2561 596 2600 non
623 2551 758 2617 post
787 2547 1006 2603 multos
1036 2548 1164 2602 dies
1189 2564 1401 2602 omnes
1431 2549 1651 2619 pariter
1681 2549 1776 2602 im»

107 2635 407 2706 peratoris
439 2634 631 2703 gratia
656 2635 1095 2692 condonantur.
1131 2639 1265 2691 Haec
1298 2637 1475 2706 igitur
1505 2637 1784 2710 pertuba—

105 2723 187 2778 tio
216 2724 298 2778 ad
329 2728 570 2795 tempus
603 2723 829 2779 sedata.

188 2817 346 2868 I020.
389 2814 567 2868 Anno
600 2813 980 2868 Bernhardus
999 2815 1204 2884 junior
1224 2815 1367 2881 dux,
1397 2815 1576 2870 frater
1595 2816 1785 2870 Thiat-

109 2901 287 2967 mari,
318 2905 690 2972 congregato
738 2902 1096 2957 occidentali
1135 2904 1396 2958 exercitu
1441 2904 1786 2976 imperatori

110 2990 538 3059 rebellaturus,
571 2990 1059 3061 Schalhkesburg
1104 2995 1250 3064 (292)
1281 2994 1555 3060 intravit;
1596 3010 1785 3064 quam

112 3081 278 3136 idem
304 3080 635 3151 imperator
662 3096 802 3134 cum
831 3081 952 3135 suis
979 3081 1231 3138 obsedit.
1264 3084 1376 3137 Sed
1405 3083 1786 3138 Bernhardus

109 3168 344 3240 justitia
374 3167 614 3236 cedens,
647 3168 1058 3240 interpellante
1109 3170 1504 3242 imperatrice,
1535 3171 1787 3239 gratiam

114 3257 496 3328 imperatoris
527 3256 752 3327 pariter
802 3273 938 3311 cum
979 3257 1272 3313 beneﬁcio
1298 3259 1484 3331 patris
1510 3259 1783 3313 obtinuit.

119 3346 345 3401 Eodem
393 3360 557 3400 anno
611 3345 803 3400 hiems
850 3346 1020 3401 solito
1061 3348 1328 3418 asperior
1357 3353 1537 3420 atque
1569 3349 1791 3402 diutur—

118 3435 249 3490 nior
293 3434 614 3500 inhorruit,
655 3434 812 3490 dura
848 3435 1024 3502 adeo,
1059 3441 1124 3490 ut
1167 3436 1299 3508 ipsa
1329 3437 1387 3492 vi
1419 3437 1638 3505 algoris
1672 3437 1792 3508 ple-

115 3525 278 3596 rique
329 3522 572 3578 extincti
623 3523 1079 3591 occumberent;
1141 3541 1332 3596 quam
1385 3525 1565 3581 etiam
1627 3526 1793 3597 prius

119 3613 391 3669 inaudita
423 3612 627 3668 clades
658 3614 1110 3685 mortalitasque
1135 3615 1457 3670 subsecuta
1481 3620 1669 3670 totum
1694 3631 1794 3686 pe-

119 3719 190 3758 ne
217 3702 435 3758 orbem
481 3701 800 3775 subitaneo
832 3707 1079 3757 vastans
1108 3719 1352 3770 occasu,
1385 3704 1446 3759 in
1483 3709 1794 3759 momento

118 3794 300 3865 inque
327 3792 488 3847 oculi
515 3791 636 3846 ictu
665 3791 1019 3859 incolumes,
1055 3808 1125 3847 ac
1150 3809 1260 3848 sua
1289 3795 1464 3864 quasi
1499 3795 1572 3848 de
1602 3794 1793 3865 sospi-

121 3887 233 3937 tate
255 3881 652 3947 certissimos,
678 3880 739 3935 in
764 3881 910 3953 ipsis
935 3897 1044 3936 nec
1068 3898 1191 3936 non
1211 3882 1404 3953 epulis
1429 3882 1792 3948 laetissimos,

121 3970 429 4043 inopinato
456 3970 767 4025 subtraxit.
803 3974 955 4025 Inter
993 3972 1122 4026 haec
1171 3986 1313 4040 ergo
1345 3973 1700 4027 communia
1725 3988 1794 4027 ac

123 4058 450 4114 metuenda
475 4057 796 4129 dispendia
835 4059 1167 4130 Metropolis
1203 4065 1429 4126 nostra,
1453 4060 1681 4131 judicio
1712 4060 1797 4115 di-

121 4149 260 4204 vino
287 4163 612 4220 nunquam
652 4147 896 4217 injusto,
931 4148 1100 4216 gravi
1133 4149 1357 4204 viscere
1387 4155 1561 4204 tenus
1589 4166 1798 4221 percu-

129 4234 262 4288 titur
289 4234 510 4301 ulcere,
539 4240 807 4307 quatuor
837 4237 1146 4292 sororibus
1179 4269 1246 4276 —
1275 4239 1533 4294 Emerita
1563 4255 1705 4304 una,
1735 4238 1798 4292 in

131 4323 420 4379 famulitio
451 4323 665 4380 Christi
713 4325 845 4380 Sisu
892 4326 1226 4396 nominata,
1274 4327 1516 4382 duabus
1550 4328 1795 4395 caateris,

133 4413 467 4468 Othellulda
511 4415 880 4470 marchionis
921 4415 1212 4471 'l‘hiedrici
1263 4415 1385 4470 ﬁlia
1427 4421 1485 4471 et
1512 4416 1796 4485 Thiedan,

131 4502 481 4571 dignitatem
523 4503 754 4572 generis
797 4519 1038 4559 morum
1068 4504 1364 4575 probitate
1393 4506 1794 4572 vincentibus,

134 4591 424 4646 Hennikin
451 4607 719 4664 quoque,
751 4609 888 4664 quae
917 4593 1170 4649 minima
1197 4598 1367 4648 (etate
1399 4594 1532 4649 licet
1560 4600 1713 4649 esset
1743 4598 1799 4649 et

131 4679 362 4744 ordine,
397 4680 640 4751 optimae
675 4687 874 4736 tamen
905 4682 1121 4737 indolis
1147 4715 1216 4722 —
1247 4699 1370 4737 una
1397 4683 1560 4738 velut
1589 4683 1803 4738 horula

139 4769 488 4838 subtractis;
519 4777 661 4826 ante
689 4788 866 4844 quas,
885 4773 1016 4845 ipsa
1047 4779 1266 4828 sanctae
1292 4789 1652 4845 parasceves
1678 4773 1806 4828 illu-

140 4862 302 4913 cente
348 4875 589 4924 aurora,
625 4861 822 4931 Lucia,
854 4861 1074 4939 devota
1123 4877 1461 4934 pauperum
1511 4862 1799 4929 ministra,

138 4962 382 5002 emenso
432 4949 646 5005 mundi
701 4951 870 5006 istius
919 4950 1159 5022 pelago,
1203 4955 1449 5022 portum
1494 4951 1572 5006 ad
1616 4966 1804 5022 usque

142 5035 326 5092 beatae
367 5037 606 5109 quietis,
656 5039 756 5094 Dei
809 5039 1001 5110 gratia
1045 5039 1222 5110 duce,
1269 5039 1637 5110 provehitur.
1686 5042 1805 5094 Hoc

144 5124 315 5194 igitur
343 5125 407 5180 in
433 5129 726 5199 tempore,
755 5128 925 5199 quod
957 5128 1136 5183 nullis
1186 5133 1343 5183 retro
1399 5127 1614 5182 seculis
1645 5144 1807 5183 com-

144 5219 378 5284 pertum
427 5216 730 5287 novimus,
762 5232 926 5289 papa
975 5217 1337 5288 apostolicus
1365 5233 1507 5271 cum
1541 5217 1808 5272 Heinrico

147 5301 499 5376 imperatore
532 5311 788 5374 augusto
816 5321 1060 5361 cmnam
1081 5305 1450 5360 dominicam
1471 5306 1809 5377 festumque

151 5392 428 5462 paschale
478 5392 540 5448 in
588 5394 918 5465 Palenberg
964 5394 1198 5450 decenti
1252 5395 1435 5450 fertur
1481 5395 1810 5450 excoluisse

218 5534 362 5615 (290)
403 5535 584 5590 Hanc
613 5537 966 5592 sententiam
1000 5535 1126 5590 loco
1156 5551 1261 5589 suo
1293 5541 1426 5603 post
1451 5535 1812 5605 przeposz‘tus

154 5619 365 5746 "ua/till)
405 5679 447 5731 Ι.
481 5691 533 5732 c.
569 5677 885 5747 legendum
914 5680 974 5733 T.

1889 1939 2116 1990 amore,
2173 1923 2476 1994 dispositis
2527 1924 3000 1996 circumquaque
3049 1925 3299 1995 insidiis,
3343 1926 3554 1983 nefan-

1888 2011 2031 2066 dam
2063 2012 2257 2066 eidem
2289 2013 2515 2068 christo
2550 2013 2782 2069 Domini
2828 2020 3001 2085 parat
3037 2014 3250 2070 inferre
3278 2031 3550 2072 manum.

1891 2100 2004 2155 Sed
2035 2101 2241 2155 divina
2263 2101 2324 2155 id
2351 2101 2588 2157 sceleris
2617 2103 2972 2173 prohibente
2990 2104 3324 2172 clementia,
3348 2104 3554 2176 elapso

1889 2189 2206 2244 frustratus
2261 2191 2538 2258 antistite,
2575 2192 2768 2246 socios
2795 2192 2899 2262 qui
2943 2191 3144 2247 navali
3173 2193 3432 2248 eundem
3464 2209 3556 2248 se-

1889 2278 2231 2349 quebantur
2276 2279 2478 2334 itinere
2531 2280 2780 2351 invadit,
2829 2281 3008 2353 capit,
3041 2281 3326 2338 CllStOdit’B
3358 2281 3554 2351 tradit,

1891 2367 2216 2437 multisque
2247 2368 2575 2423 inhumane
2623 2368 2858 2438 injuriis
2890 2374 3133 2438 tractat;
3185 2387 3254 2425 eo
3285 2370 3560 2426 ferocior-

1889 2471 2028 2526 que,
2061 2472 2184 2527 quo
2217 2456 2348 2524 sibi,
2383 2473 2566 2530 quem
2598 2457 2748 2513 ultra
2773 2458 2874 2528 jus
2905 2463 2962 2513 et
2994 2459 3084 2513 fas
3119 2459 3378 2514 sitiverat
3406 2461 3556 2530 (293)

1891 2543 2158 2614 praesulis
2191 2545 2549 2612 sanguinem
2576 2545 2845 2601 ablatum
2875 2546 3051 2603 dolet.
3085 2547 3256 2613 Quod
3283 2563 3419 2602 cum
3451 2547 3558 2603 im—

1890 2632 2150 2702 peratori
2181 2637 2440 2700 augusto
2485 2632 2656 2688 celeri
2698 2633 2992 2701 legatione
3040 2634 3320 2705 defertur,
3351 2634 3558 2690 habita

1892 2736 2030 2774 cum
2082 2719 2380 2791 episcopis
2415 2720 2714 2792 totiusque
2750 2721 2919 2790 regni
2948 2722 3306 2794 primatibus
3335 2721 3556 2778 delibe-

1892 2809 2139 2876 ratione,
2179 2809 2374 2880 primo
2424 2825 2528 2880 per
2577 2810 2853 2876 nuncios,
2904 2810 3119 2867 deinde
3174 2828 3281 2884 per
3328 2810 3556 2867 amicos

1893 2915 2117 2970 perque
2149 2901 2559 2969 semetipsum,
2589 2899 2668 2955 ab
2701 2900 2812 2954 hac
2857 2899 3021 2955 inani
3060 2905 3247 2958 tentat
3273 2917 3557 2958 revocare

1893 2987 2166 3054 vesania;
2224 2988 2445 3059 quibus
2489 2989 2773 3044 omnibus
2823 2990 3105 3045 rebellem
3137 2990 3559 3059 refragantem-

1894 3092 2011 3147 que
2061 3076 2369 3130 communi
2421 3093 2674 3131 assensu
2723 3078 3121 3134 anathematis
3151 3080 3376 3135 damno
3404 3078 3563 3134 subi-

1825 3197 1868 3252 C
1899 3171 2065 3232 gunt,
2102 3170 2164 3220 ut
2193 3165 2284 3219 vel
2317 3166 2400 3220 sic
2424 3167 2553 3236 jam
2594 3166 2804 3221 timore
2833 3167 3056 3239 poenali
3088 3172 3296 3234 tactus,
3327 3167 3558 3224 civibus

1897 3254 2105 3308 matris
2135 3253 2423 3316 ecclesiis,
2455 3254 2654 3324 dignis
2685 3255 3032 3326 paenitentia
3061 3255 3359 3325 lamentis,
3391 3255 3562 3312 reddi

1898 3343 2178 3398 studeret.
2213 3345 2354 3408 Quae
2399 3343 2492 3398 ille
2546 3343 2913 3399 omnimodis
2962 3345 3267 3418 despectui
3307 3345 3558 3412 habens,

1898 3432 2103 3503 copias
2121 3449 2262 3486 suas
2281 3449 2420 3487 cum
2447 3433 2704 3502 conjuge
2735 3432 2796 3487 in
2825 3433 3136 3504 quandam
3165 3450 3365 3488 arcem
3394 3437 3563 3489 Ham-

1899 3520 2176 3575 merstein
2229 3524 2506 3575 vocatam
2558 3520 2873 3591 contrahit,
2910 3537 3095 3594 quam
3141 3525 3372 3576 naturae
3424 3538 3560 3594 ope,

1899 3625 2022 3664 non
2040 3609 2355 3664 hominum
2376 3613 2520 3676 arte,
2539 3608 2837 3678 saxigenis
2861 3609 3126 3682 undique
3155 3609 3414 3666 molibus
3432 3626 3564 3664 mu—

1900 3704 2096 3753 ratam
2127 3698 2434 3769 Rhenique
2460 3697 2939 3754 circumferentia
2979 3698 3131 3754 adeo
3157 3699 3452 3754 munitam
3482 3698 3565 3754 fe-

1899 3791 2057 3851 runt,
2091 3789 2155 3840 ut
2181 3784 2483 3841 difﬁcilem
2530 3785 2772 3842 cuilibet
2799 3785 2893 3840 vel
2924 3785 3258 3854 obsidendi,
3286 3786 3381 3842 vel
3411 3802 3563 3858 quo-

1901 3892 2024 3947 quo
2055 3875 2239 3930 modo
2267 3875 2665 3947 oppugnandi
2684 3867 2914 3947 pandat
2938 3891 3269 3931 accessum.
3295 3879 3461 3932 Hunc
3482 3892 3570 3932 cr-

1902 3981 1979 4035 go
2004 3965 2205 4020 locum
2236 3964 2561 4036 imperator
2590 3969 2903 4034 angustus,
2934 3964 3170 4035 justitiae
3202 3965 3416 4033 ﬁdens,
3445 3982 3571 4021 om-

1901 4053 2123 4123 nigeno
2166 4053 2554 4109 obsidionum
2594 4069 2810 4122 genere
2867 4053 3259 4124 circumligat,
3293 4071 3402 4111 nec
3449 4055 3570 4112 ullo

1902 4142 2225 4198 rebellibus
2255 4142 2346 4198 vel
2377 4142 2544 4198 aditu
2573 4142 2667 4197 vel
2697 4141 2858 4198 exitu
2885 4158 3192 4209 concesso,
3225 4142 3444 4217 ipsum,
3469 4143 3573 4199 do-

1905 4231 2107 4288 minici
2137 4231 2350 4288 natalis
2381 4232 2542 4288 diem
2576 4231 2802 4288 ibidem
2831 4248 3037 4302 agens,
3062 4231 3214 4288 adeo
3246 4231 3476 4295 minuit,
3509 4235 3574 4287 ut

1903 4321 2008 4392 qui
2033 4325 2218 4376 semet
2239 4337 2363 4376 non
2389 4321 2593 4389 armis,
2617 4336 2739 4376 non
2766 4326 3138 4377 armatorum
3163 4320 3427 4375 millibus
3449 4336 3573 4374 ces-

1906 4426 2078 4465 suros
2104 4409 2523 4478 meminerant,
2547 4407 2724 4464 famis
2745 4408 2965 4479 injuria
2991 4409 3234 4464 tandem
3256 4408 3570 4480 perempti,

1908 4498 2036 4554 sola
2065 4498 2246 4567 hujus
2277 4498 2410 4552 vitae
2443 4496 2698 4567 suspiria
2724 4496 3108 4568 paciscendo,
3140 4496 3394 4552 instante
3421 4496 3572 4552 cele-

1908 4586 1998 4642 bri
2047 4602 2153 4658 per
2199 4585 2410 4641 orbem
2461 4583 2740 4654 Stephani
2784 4583 3239 4656 protomartyris
3282 4583 3452 4654 festo,
3507 4601 3573 4640 se

1911 4691 2140 4746 suaque
2190 4675 2396 4729 omnia
2448 4673 2842 4745 imperatoriae
2890 4672 3118 4728 dedunt
3157 4673 3452 4744 potestati.
3484 4674 3575 4730 Di-

1912 4781 2100 4834 gnum
2153 4779 2419 4834 namque
2473 4768 2598 4819 erat
2645 4767 2701 4818 et
2725 4763 2976 4834 justum,
3012 4767 3074 4817 ut
3101 4761 3202 4833 qui
3235 4763 3448 4819 eodem
3478 4763 3573 4819 die

1911 4870 2020 4926 pro
2050 4854 2307 4909 inimicis
2357 4855 2505 4909 inter
2533 4857 2810 4909 cruentos
2843 4850 3240 4924 lapidantium
3284 4851 3436 4908 ictus
3479 4852 3575 4924 pie

1912 4947 2280 5010 exoraverat,
2315 4943 2546 5010 amicis,
2595 4941 2803 4998 matris
2829 4939 3097 4996 videlicet
3126 4940 3388 4996 ecclesiae
3416 4941 3572 4998 ﬁliis.

1912 5049 2127 5106 pacem
2172 5049 2282 5088 suo
2329 5032 2742 5089 reconciliaret
2793 5031 3145 5086 interventu.
3178 5061 3247 5068 —
3278 5030 3394 5086 Res
3423 5030 3578 5088 mira

1915 5122 2262 5194 cunctisque
2293 5121 2562 5178 inaudita
2593 5119 2826 5185 seculis,
2858 5117 3067 5174 incolis
3101 5119 3578 5191 septentrionalis

1915 5211 2110 5284 plagae
2163 5211 2454 5267 accidisse
2499 5209 2732 5264 dicitur.
2780 5211 2928 5264 Nam
2979 5206 3143 5262 Albis
3190 5224 3260 5264 ac
3305 5208 3580 5267 Wissara

1918 5300 2083 5356 ﬂuvii
2138 5299 2374 5356 insolita
2422 5297 2831 5353 inundationis
2890 5295 3049 5351 mole
3101 5313 3224 5352 non
3261 5297 3457 5354 solum
3499 5299 3581 5356 al-

1920 5405 2061 5445 veos
2082 5404 2223 5444 suos
2251 5386 2496 5456 egressi,
2521 5379 2625 5440 sed
2650 5385 2728 5440 ab
2757 5384 2890 5457 ipso
2912 5384 3213 5442 imotenus
3245 5385 3436 5443 fundo
3457 5403 3581 5461 qua

2012 5534 2134 5601 292)
2176 5529 2523 5601 Hauslmrge
2551 5527 2629 5583 ad
2655 5528 2944 5584 Wisaram
2978 5544 3162 5601 supra
3189 5529 3468 5587 Mindam.

2013 5606 2142 5671 293)
2181 5602 2278 5657 Ita
2302 5603 2370 5656 L.
2403 5600 2691 5656 vitaverat
2721 5616 2770 5656 ι’.
