3874 6422
439 261 536 319 551

1347 263 1607 320 ANNAL.
1648 254 2094 321 HILDESHEIM.
2138 257 2512 328 QUEDLINB.
2555 261 2930 320 WEISSEMB.
3771 272 3835 323 55:

1431 387 1753 442 ANNALES
1793 385 2530 453 QUEDLINBURGENSES.
2575 388 2644 442 A.
2691 391 2846 443 1021.

436 512 637 567 nescio
662 509 910 567 immani
940 512 1250 564 ventorum
1280 509 1553 565 violentia
1592 511 1798 578 evulsi,
1831 510 2074 583 oppida,
2116 512 2165 564 A
2197 509 2415 579 studio,
2444 526 2648 566 verum
2673 515 2735 565 ut
2756 510 3179 580 gloriosissime
3204 511 3421 578 valuit,
3452 513 3715 584 peregit.
3745 509 3855 569 Ρτιῖμἰ

435 615 594 666 rura,
628 604 841 654 cuncta
870 597 1418 668 circumjacentium
1471 597 1584 652 late
1615 598 1874 653 conﬁnia
1905 604 2084 653 terra-

435 704 590 755 rum,
624 687 768 759 ipsis
801 702 1040 758 quoque
1073 685 1323 740 collibus
1357 702 1424 740 ac
1455 686 1784 754 montibus,
1807 703 1960 758 qu0s
1988 702 2090 741 na-

434 781 564 831 tura
588 776 853 848 quadam
893 791 1014 846 prae
1043 773 1246 829 ceteris
1275 773 1630 829 sublimitate
1657 776 1972 841 munierat,
2005 775 2084 830 al-

431 864 546 919 tius
572 863 958 934 insurgendo,
991 862 1283 928 mersisse,
1304 867 1360 917 et
1384 862 1548 934 quod
1571 863 1661 917 his
1687 863 2082 918 miserabilius

432 971 501 1010 ac
533 955 698 1010 omni
739 953 1140 1009 incredibilius
1192 959 1281 1007 est
1311 951 1557 1022 auditui,
1593 953 1757 1008 villas
1802 955 2082 1024 integras,

431 1059 817 1116 nequaquam
842 1042 1037 1098 soluta
1066 1041 1452 1096 aedificiorum
1479 1057 1792 1114 compage,
1818 1059 1954 1096 cum
1980 1042 2085 1096 ini-

429 1132 492 1187 bi
522 1132 879 1202 degentibus
931 1131 1004 1186 de
1053 1131 1166 1186 alia
1218 1131 1275 1184 in
1326 1130 1504 1185 aliam
1545 1131 1982 1186 transvehendo
2015 1131 2087 1186 ri-

431 1237 594 1293 pam,
627 1222 836 1276 eadem
869 1236 992 1292 qua
1038 1219 1200 1291 prius
1249 1219 1543 1291 positione
1575 1220 1968 1274 constituisse.
2001 1223 2087 1274 ln-

429 1315 514 1366 ter
560 1310 685 1366 haec
734 1308 1044 1364 ecclesiam
1093 1308 1424 1381 quandam,
1456 1308 1556 1380 pia
1604 1309 1909 1378 majorum
1957 1308 2083 1363 dili-

427 1397 623 1466 gentia
677 1396 820 1451 olim
882 1399 1302 1464 coestructam,
1332 1395 1627 1466 opulentis
1676 1395 1941 1450 ﬁdelium
1981 1395 2085 1450 ibi-

424 1486 562 1541 dem
591 1485 1018 1541 conﬂuentium
1066 1484 1216 1540 votis
1263 1484 1367 1539 rite
1409 1484 1679 1553 ditatam,
1716 1484 1934 1539 eodem
1964 1500 2084 1556 quo

423 1578 478 1628 et
507 1578 717 1629 caetera
750 1573 1001 1645 impetu,
1039 1572 1284 1645 pristino
1333 1572 1694 1627 omnimodis
1739 1578 1894 1628 statu
1923 1572 2083 1627 evul-

424 1678 576 1731 sam,
608 1662 747 1718 alibi
791 1661 1148 1717 translatam
1183 1660 1502 1715 aﬂirmant.
1544 1663 1736 1731 Supra
1765 1661 1903 1716 dicti
1932 1677 2082 1732 quo-

420 1767 537 1824 que
566 1752 745 1820 ﬂuvii,
781 1752 1022 1807 Wisara
1063 1755 1119 1806 et
1147 1749 1330 1816 Albis,
1359 1750 1538 1804 ternis
1584 1750 1813 1804 dierum
1854 1749 2084 1804 vicibus

2194 595 2332 651 inde
2373 603 2598 652 curtem
2646 603 2920 669 repetens
2958 597 3185 667 regiam
3216 597 3451 654 Alstedi
3487 599 3739 666 dictam,
3769 603 3832 656 ha-

2195 682 2436 754 bitoque
2467 683 2612 738 inibi
2660 701 2797 739 cum
2844 684 3023 740 totius
3075 690 3322 740 senatus
3370 686 3710 759 plebisque
3737 706 3833 744 con-

2193 788 2374 826 cursu
2410 771 2705 844 colloquio
2733 773 2864 844 pios
2887 773 3126 829 lenitate
3152 775 3613 846 permulcendo
3635 779 3831 850 praedul-

2193 860 2263 925 ci,
2325 876 2456 915 reos
2528 861 2892 917 districtione
2964 863 3242 918 terrendo
3319 880 3573 933 severa,
3647 872 3833 938 totaque-

2191 948 2482 1005 industria
2505 950 2760 1022 patriam
2792 951 3122 1007 muniendo
3149 953 3301 1008 inter
3329 955 3532 1024 hujus
3563 956 3834 1028 provincia

2192 1037 2453 1092 civitates
2503 1039 2649 1108 (294)
2695 1043 2882 1094 totum
2935 1040 3103 1096 illum
3160 1040 3409 1098 feliciter
3452 1044 3745 1115 perduxit
3769 1062 3838 1098 an-

2190 1141 2356 1179 num.
2394 1127 2531 1180 Post
2561 1127 2688 1180 haec
2718 1127 3278 1184 Halberstadensem
3310 1131 3652 1187 ecclesiam
3679 1149 3838 1201 aggre-

2191 1212 2380 1282 diens,
2411 1218 2617 1268 sancta
2648 1215 3040 1270 Thebaaorum
3061 1222 3403 1289 martyrum
3439 1220 3743 1289 solennia,
3764 1227 3838 1274 Ar-

2190 1300 2356 1355 nulfo
2375 1301 2627 1372 praesule
2653 1302 3132 1372 administrante,
3165 1305 3398 1361 honore
3430 1308 3757 1366 celebravit
3783 1309 3839 1363 di-

2191 1388 2503 1458 gnissimo.
2530 1391 2750 1445 Dehinc
2773 1398 3012 1464 neptem
3041 1410 3238 1463 suam,
3264 1394 3532 1452 herilem
3562 1398 3838 1453 dominam

2191 1477 2582 1533 Adelheidam
2628 1479 2906 1547 invisere,
2943 1481 3493 1551 Quedelingnensis
3553 1486 3840 1541 dedicatio

2190 1582 2449 1638 nemque
2501 1568 2780 1639 basihcre,
2842 1569 2976 1626 licet
3025 1571 3360 1644 improvisa
3430 1574 3839 1648 inopinataque

2189 1654 2354 1710 brevi
2385 1660 2585 1712 tamen
2619 1656 3045 1714 deliberatione
3075 1676 3264 1732 quam
3297 1660 3684 1720 familiariter
3711 1665 3841 1718 insti-

2189 1747 2384 1813 tuens,
2413 1745 2666 1800 eandem
2690 1747 3054 1819 Metropolim
3077 1748 3365 1804 adeundo
3397 1752 3699 1822 pervenit.
3726 1752 3838 1817 Quis

420 1855 490 1895 ac
519 1841 808 1910 noctium,
841 1839 1267 1896 ﬂammivomis
1306 1843 1511 1894 contra
1560 1844 1837 1893 naturam
1881 1855 2081 1911 super-
2117 1857 2160 1909 Β
2189 1831 2281 1887 ille
2323 1834 2416 1904 sit,
2447 1851 2665 1890 etesare
2714 1842 2972 1905 augusto
3012 1838 3399 1906 adventante,
3435 1837 3654 1897 eorum
3705 1843 3839 1897 nobi-

419 1928 727 1985 ﬁcietenus
757 1929 869 1983 visi
902 1932 1039 1982 sunt
1077 1927 1291 1983 arsisse
1320 1927 1665 1998 vaporibus.
1697 1927 1848 1992 Quid
1877 1927 1950 1982 de
1976 1943 2075 1982 ca-

421 2015 743 2072 daveribus
799 2014 1094 2071 referam?
1143 2031 1402 2086 quorum
1454 2014 1868 2081 numerositas,
1911 2015 2075 2070 omni

418 2104 706 2158 humanae
736 2102 1116 2158 aestimationi
1157 2101 1410 2157 difﬁcilis
1439 2103 1498 2156 in
1532 2103 1731 2173 plures
1765 2104 1938 2174 quasi
1968 2120 2072 2173 ag-

418 2205 628 2259 gerum
655 2190 939 2246 cumulos
962 2193 1257 2254 concreta,
1282 2188 1658 2244 decrescente
1681 2190 1902 2244 diluvio
1927 2191 2074 2245 dum

416 2278 517 2348 pia
547 2277 932 2349 quorundam
968 2276 1204 2332 solertia
1227 2275 1494 2331 debitum
1528 2277 1821 2333 humandi
1850 2279 2071 2350 pracbe-

414 2382 475 2420 re
504 2367 763 2422 studeret
801 2367 1107 2432 affectum,
1142 2365 1318 2420 tantis
1350 2370 1592 2438 tamque
1622 2367 1926 2422 tenacibus
1955 2385 2070 2422 ser-

413 2455 701 2526 pentium,
731 2455 1137 2521 colubrorum,
1163 2459 1632 2527 cunctarumque
1664 2456 1723 2510 id
1755 2472 1944 2525 genus
1971 2473 2070 2529 pe-

412 2545 590 2599 stium
620 2543 943 2600 involucris
996 2543 1078 2599 ita
1119 2559 1390 2598 connexa
1438 2545 1831 2616 reperiuntur,
1865 2550 1926 2601 ut
1955 2562 2065 2601 nec

409 2635 562 2690 ferro
593 2651 702 2692 nec
733 2634 1049 2705 cujuslibet
1099 2633 1239 2688 artis
1291 2634 1684 2690 instrumento
1734 2652 1804 2690 ea
1850 2635 2062 2691 dissol-

408 2724 580 2778 vendi
626 2723 808 2779 ullam
852 2722 1062 2779 timida
1097 2722 1425 2779 mortalitas
1452 2723 1612 2778 viam
1641 2723 1902 2779 invenire
1932 2725 2061 2797 qui-

404 2812 602 2868 visset.
644 2813 758 2868 Sed
781 2812 855 2868 de
882 2813 973 2866 his
1003 2811 1148 2884 quid
1181 2811 1370 2877 fuerit,
1406 2811 1496 2880 sit,
1528 2812 1622 2867 vel
1651 2811 1771 2878 ﬁat,
1808 2813 2056 2879 Christo,

382 2892 508 2973 'qui
537 2901 791 2956 eandem
840 2901 1102 2967 gentium
1151 2916 1500 2972 pressuram
1553 2917 1662 2972 pro
1712 2902 2060 2958 confusione

407 2989 636 3044 sonitus
683 2989 865 3044 maris
913 3005 982 3044 ac
1036 2988 1327 3043 ﬂuctuum
1379 2989 1642 3044 futuram
1680 2990 2054 3060 praedixerat,

402 3077 842 3132 discutiendum
872 3077 1283 3148 relinquimus.

2183 1921 2330 1976 lium
2378 1927 2500 1978 tam
2551 1925 2839 1980 comitum
2886 1942 3073 1998 quam
3106 1927 3444 1998 praesulum
3473 1935 3535 1985 et
3565 1931 3838 1985 abbatum

2184 2010 2520 2080 comitatus,
2549 2029 2754 2084 quaeve
2785 2013 2886 2069 illa
2929 2014 3112 2086 prolis
3158 2016 3339 2086 regiae
3380 2018 3442 2072 in
3477 2020 3835 2091 susceptione

2181 2095 2564 2167 imperatoria
2609 2099 2932 2170 diligentia,
2964 2106 3320 2174 quantaque
3352 2103 3499 2159 cieri
3545 2106 3838 2179 plebisque

2180 2184 2551 2255 tripudiantis
2575 2188 2865 2257 occursio,
2911 2206 3219 2262 quamque
3252 2192 3512 2248 misticis
3546 2195 3841 2264 angelicis-

2177 2289 2294 2344 que
2339 2277 2647 2331 ornatibus
2701 2277 2872 2349 plebs
2915 2279 3305 2334 sacerdotalis
3356 2290 3614 2356 compta
3664 2301 3841 2355 proce-

2177 2361 2359 2432 deret,
2383 2380 2591 2435 qua‘eve
2617 2368 2732 2420 Deo
2758 2371 3126 2422 sacratarum
3154 2369 3535 2427 conﬂuentia
3557 2373 3839 2442 virginum

2176 2449 2298 2505 doli
2329 2451 2596 2524 fellisque
2629 2455 2957 2511 carentium
3008 2457 3522 2532 simplicitateque
3575 2463 3824 2517 columbi

2175 2555 2253 2594 na
2285 2540 2533 2611 pleniter
2581 2543 2915 2611 nitentium,
2947 2545 3143 2617 qualis
3182 2563 3508 2620 quamque
3539 2551 3840 2608 laudabilis

2173 2626 2411 2684 illarum
2441 2629 2516 2685 sit
2547 2646 2732 2685 sonus
2762 2648 3071 2704 quamque
3103 2633 3308 2705 parilis
3335 2635 3592 2693 illarum
3627 2639 3703 2694 sit
3730 2654 3839 2693 con-

2172 2723 2403 2782 ventus,
2439 2720 2575 2792 quis
2604 2721 2844 2776 habitus
2892 2723 3100 2794 quisve
3147 2724 3275 2796 ipse
3307 2725 3383 2781 sit
3413 2726 3724 2799 incessus,
3753 2745 3842 2784 nec

2172 2807 2284 2861 stili
2326 2807 2522 2863 ofﬁcio
2571 2825 2679 2864 nec
2716 2810 2852 2866 viva
2883 2828 3028 2866 voce
3085 2813 3242 2884 potis
3287 2819 3377 2870 est
3427 2818 3763 2890 explicare.
3794 2821 3842 2871 Et

2168 2894 2313 2965 quid
2364 2895 2438 2949 de
2478 2897 2944 2954 victoriosissimi
2995 2900 3376 2972 imperatoris
3415 2905 3697 2964 referam
3744 2923 3842 2979 gra-

2166 2983 2498 3039 tulatione?
2550 2985 2645 3041 cui
2695 2991 2910 3042 cuncta
2956 2988 3169 3044 mundi
3213 2989 3463 3049 climata
3513 2995 3684 3052 colla
3731 2997 3842 3050 sub-

2165 3070 2365 3125 dendo
2412 3071 2766 3144 inserviunt,
2799 3075 3023 3147 quique
3071 3092 3144 3132 eo
3198 3079 3397 3148 magis
3445 3099 3652 3156 super
3692 3101 3840 3140 accu-

479 3171 631 3221 1021.
667 3165 769 3220 His
791 3165 1044 3238 peractis
1073 3165 1396 3236 imperator
1425 3170 1735 3233 augustus,
1760 3182 2055 3222 concessae
2095 3203 2136 3256 C
2165 3159 2393 3256 ωυῙεξῐξι
2428 3160 2616 3230 gloria
2643 3162 2853 3256 1118γὶῑο
2886 3164 3127 3256 gaudet.
3161 3182 3286 3238 quo
3322 3184 3409 3237 se,
3445 3173 3581 3227 Deo
3632 3173 3841 3229 dODaD'

403 3253 513 3308 sibi
544 3253 801 3309 victoria;
831 3252 1354 3325 prosperitatisque
1385 3269 1569 3308 causa
1593 3253 1812 3322 gratias
1835 3254 2051 3310 divinae

401 3342 598 3413 pietati
632 3342 985 3414 rependens.
1021 3341 1202 3397 alacri
1252 3341 1510 3412 tripudio
1558 3343 1826 3398 Saxoniaa
1859 3349 2055 3414 partes

399 3431 757 3500 aggreditur.
831 3431 1067 3486 Interim
1123 3434 1506 3502 procurrente
1568 3435 1856 3502 tempore,
1917 3449 2054 3488 cum

396 3522 718 3576 Saxoniam
742 3523 1088 3593 properaret
1116 3518 1390 3584 revisere,
1415 3518 1786 3591 psalmisque
1814 3521 2054 3577 W'albe-

392 3607 484 3662 kae
529 3608 736 3664 iterato
762 3608 866 3663 rite
896 3611 1265 3679 peracturus,
1301 3607 1565 3678 festaque
1606 3607 1911 3678 paschalia
1942 3611 2048 3664 Me-

390 3696 690 3766 resburgae
734 3696 1016 3767 deinceps
1047 3695 1248 3751 debita
1279 3694 1680 3750 celebraturus
1711 3697 2047 3752 veneratio-

391 3799 465 3838 ne
489 3803 500 3851 ;
545 3785 693 3839 inter
722 3784 851 3855 ipsa
880 3784 1090 3839 itinera
1118 3782 1520 3838 venerabilem
1554 3784 1925 3840 Heribertum
1956 3802 2046 3841 ar-

391 3872 839 3943 chiepiscopum
866 3872 1147 3927 humanis
1186 3871 1503 3928 excessisse
1550 3872 1749 3937 rebus,
1782 3873 2041 3946 impera-

389 3959 572 4014 torias
603 3960 870 4030 pervenit
916 3960 995 4015 ad
1039 3976 1230 4016 aures.
1267 3961 1369 4014 Hic
1402 3961 1699 4033 siquidem
1728 3961 1878 4015 divae
1913 3979 2040 4017 me-

389 4048 592 4103 moriae
621 4047 839 4120 praesul
887 4064 1073 4120 quam
1121 4049 1396 4104 assiduus
1438 4049 1498 4104 in
1529 4049 1818 4117 oratione,
1853 4066 2041 4121 quam

385 4150 611 4205 pernox
643 4133 703 4188 in
731 4133 963 4203 vigiliis,
990 4151 1294 4208 quamque
1345 4136 1406 4190 in
1444 4135 1864 4208 procuratione
1895 4153 2040 4208 pau-

2166 3253 2238 3314 te,
2267 3249 2536 3305 altiorem
2568 3252 2815 3322 caeteris,
2845 3254 3301 3324 praeminentem
3339 3256 3594 3316 laetatur
3631 3266 3842 3318 univer-

2165 3337 2265 3393 sis.
2311 3338 2424 3393 Sed
2454 3355 2527 3394 ne
2561 3341 2934 3397 audientium
2981 3360 3158 3399 aures
3190 3345 3427 3403 diutina
3460 3352 3845 3408 verbositatis

2161 3426 2493 3498 prolixitate
2544 3431 2913 3501 protraham,
2963 3433 3220 3504 qualiter
3268 3435 3400 3490 haec
3454 3448 3845 3497 sacrosancta

2159 3515 2474 3587 dedicatio,
2505 3517 2636 3589 ipso
2663 3518 2931 3589 jubente,
2965 3521 3138 3577 fuerit
3181 3522 3414 3591 effecta,
3459 3531 3698 3599 paucis
3739 3548 3848 3604 per-

2159 3604 2467 3673 stringam.
2525 3609 2696 3662 Anno
2744 3608 3175 3666 incarnationis
3213 3614 3458 3670 Domini
3501 3619 3677 3689 1021,
3715 3622 3847 3675 indi-

2157 3691 2347 3747 ctione
2400 3696 2452 3760 4,
2499 3698 2530 3748 8
2583 3693 2823 3750 Calend.
2873 3697 3159 3763 Octobris,
3197 3699 3512 3760 dominica
3547 3707 3684 3775 die,
3719 3709 3849 3763 luna

2159 3785 2242 3848 t3,
2259 3797 2418 3837 anno
2444 3799 2584 3838 vero
2601 3783 2809 3839 domui
2841 3785 3097 3842 Heinrici
3123 3791 3374 3844 secundi
3395 3798 3742 3862 regnantis
3771 3802 3847 3852 :20,

2153 3869 2499 3942 imperantis
2526 3876 2578 3938 8,
2612 3872 2743 3944 ipso
2770 3880 3062 3944 praesente
3094 3893 3234 3932 cum
3256 3880 3554 3951 conjuge,
3591 3886 3848 3959 impera-

2153 3960 2290 4014 trice
2321 3959 2539 4015 scilicet
2568 3962 2946 4031 Cunigunda,
2980 3965 3280 4039 totiusque
3319 3971 3498 4038 regni
3535 3976 3844 4049 episcopo

2149 4065 2283 4103 rum
2313 4065 2383 4104 ac
2410 4049 2768 4121 optimatum
2799 4059 3100 4109 conventu
3147 4055 3226 4111 ab
3267 4058 3562 4131 Arnulfo,
3603 4065 3848 4122 Halber-

2148 4137 2442 4193 stadensis
2492 4138 2752 4194 ecclesiae
2805 4141 3114 4214 episcopo,
3151 4143 3510 4204 dedicatum
3581 4158 3681 4209 est
3745 4157 3845 4210 hoc

385 4239 597 4294 perum
624 4223 925 4293 sollicitus,
943 4241 1248 4297 quamque
1270 4224 1330 4280 in
1356 4225 1522 4280 omni
1548 4223 1832 4293 religione
1859 4225 2038 4280 eccle-
2145 4226 2438 4297 templum
2465 4231 2521 4281 et
2548 4227 2731 4282 altare
2762 4245 3113 4300 supremum
3158 4231 3220 4286 in
3250 4232 3491 4290 honore
3531 4249 3780 4298 sanctae
3805 4249 3847 4298 ei

383 4311 618 4368 siastica
644 4312 942 4368 studiosus
967 4313 1240 4382 extiterit;
1283 4313 1426 4385 quia
1455 4313 1726 4368 humana
1757 4312 2036 4369 facundia
2142 4312 2462 4370 individua
2494 4315 2808 4383 Trinitatis,
2841 4322 2898 4373 et
2946 4325 3166 4376 sanctae
3213 4322 3409 4378 Mariae
3466 4331 3710 4386 matris
3753 4336 3843 4387 Dc

381 4401 641 4472 proferre
684 4418 805 4458 non
853 4402 1086 4472 sufﬁcit,
1121 4408 1253 4458 acta
1304 4402 1585 4458 divinitus
1636 4401 1924 4456 miracula
1955 4403 2033 4457 ad
2141 4400 2306 4468 mini,
2341 4402 2650 4474 sanctique
2678 4405 2968 4460 Johannis
3003 4407 3303 4478 Baptista,
3336 4415 3396 4465 et
3440 4419 3668 4473 sancti
3701 4420 3842 4475 Petri

380 4489 677 4545 tumulum
708 4490 834 4560 ejus
871 4495 1291 4563 protestantur.
1327 4492 1582 4544 Emensa
1612 4489 1813 4580 itaque
1839 4489 2028 4563 impe-
2069 4545 2111 4580 Π
2140 4489 2424 4580 principis
2495 4491 2925 4564 apostolorum,
2986 4495 3179 4550 sancti
3254 4497 3565 4570 Stephani
3651 4515 3840 4580 pmto.

377 4581 537 4632 rator
559 4594 744 4651 quam
772 4583 1031 4651 coeperat
1056 4577 1170 4643 via,
1205 4577 1450 4646 ctmctis,
1482 4581 1547 4631 ut
1570 4576 1651 4631 ita
1680 4575 2029 4643 dicam,Eu—
2065 4575 2111 4598 ν
2139 4579 2438 4650 martyris,
2493 4581 2680 4634 sancti
2735 4582 2997 4654 Dionysii
3051 4588 3108 4639 et
3170 4585 3491 4645 sociorum
3553 4575 3726 4666 ejiis,
3781 4612 3828 4649 at

376 4681 537 4738 ropre
568 4667 774 4739 primis
801 4667 1027 4724 ibidem
1058 4667 1514 4730 conﬂuentibus,
1534 4665 2029 4738 diversarumque
2139 4667 2326 4721 sancti
2350 4668 2596 4722 Servatii
2617 4669 2992 4727 confessoris.
3019 4675 3080 4726 In
3106 4673 3222 4728 hoc
3253 4690 3398 4730 vero
3432 4665 3839 4741 continentur

377 4757 640 4824 gentium
684 4758 994 4813 missaticis
1045 4755 1123 4811 ad
1177 4754 1482 4826 imperiale
1513 4754 1643 4823 ejus
1669 4753 2028 4826 obsequium
2136 4753 2399 4825 reliquiae
2429 4755 2622 4810 sancti
2652 4757 3014 4814 confessoris
3044 4762 3312 4830 Servatii,
3335 4770 3548 4824 sancti
3575 4778 3837 4828 Anastao

373 4845 638 4918 undique
694 4844 1156 4918 properantibus
1205 4846 1654 4897 sacrosanctum
1709 4842 2026 4899 dominicae
2137 4843 2227 4910 sii,
2263 4843 2449 4898 sancti
2493 4845 2707 4911 Vitatis,
2765 4848 2953 4904 sancti
3003 4850 3414 4920 Pantaleonis,
3464 4870 3837 4919 sanctorum

370 4933 812 4990 resurrectionis
889 4931 1197 5002 gaudium,
1285 4935 1404 4984 toto
1481 4930 1610 4999 jam
1691 4931 2022 4988 corridente
2133 4930 2360 5001 Aquila:
2402 4935 2459 4986 et
2497 4931 2792 5002 Priscillae,
2828 4936 3018 4991 sancti
3069 4937 3315 5008 Nicolai,
3359 4941 3617 5014 digitus
3654 4953 3836 5005 sancti

371 5023 620 5092 mundo,
676 5025 855 5094 prout
901 5019 1097 5075 decuit
1162 5017 1361 5086 talem,
1423 5017 1640 5072 eximia
1707 5019 2026 5076 celebravit
2132 5019 2304 5073 Marci
2364 5020 2764 5088 evangelistze,
2819 5024 3008 5078 sancti
3058 5025 3380 5096 Pancratii,
3445 5035 3745 5094 Mauricii
3795 5047 3836 5092 ει

371 5110 575 5177 gloria.
637 5110 861 5180 Hisque
907 5107 1070 5161 festis
1122 5105 1507 5178 paschalibus
1561 5123 1784 5176 magno
1840 5108 2023 5180 tripu-
2131 5106 2430 5161 sociorum
2487 5109 2637 5179 ejus,
2689 5111 2878 5166 sancti
2917 5111 3260 5185 Clementis,
3297 5119 3579 5180 Cornelii
3616 5133 3684 5182 et
3737 5132 3836 5188 Cv-

369 5197 468 5250 dio
523 5196 798 5268 peractis,
857 5193 1337 5289 Parthenopolim
1385 5193 1522 5249 hinc
1586 5195 2020 5266 proﬁciscendo
2127 5195 2565 5289 priani,_sancti
2623 5199 2894 5289 Candidi,
2948 5203 3137 5257 sancti
3188 5205 3494 5276 Stephani
3538 5230 3743 5289 papa;
3778 5187 3837 5272 δεῖ

367 5283 739 5355 perveniens,
762 5297 963 5337 sacros
981 5282 1108 5337 dies
1129 5284 1494 5337 Pentecostes
1514 5284 1677 5355 apud
1697 5285 2019 5339 famosissi-
2126 5285 2424 5355 martyris,
2460 5286 2650 5341 sancti
2683 5287 2785 5342 Viti
2816 5291 3114 5362 martyris,
3147 5297 3380 5350 sanctte
3415 5282 3833 5374 Justaesirgj.

366 5387 534 5426 mum
571 5369 840 5439 ejusdem
884 5369 1126 5426 civitatis
1155 5370 1670 5443 archiepiscopum
1702 5373 2012 5440 Geronem,
2124 5373 2238 5440 nis,
2267 5374 2453 5429 sancti
2474 5375 2781 5443 Valentini,
2801 5379 2989 5433 sancti
3017 5380 3312 5438 Johannis
3331 5394 3681 5467 martyris,

365 5474 487 5515 non
539 5455 800 5512 inferiori
849 5459 1204 5528 gaudiorum
1254 5459 1570 5532 dignasque
1619 5461 2015 5516 venerationis
2122 5463 2198 5516 eti
2230 5462 2546 5518 Alexandri
2576 5481 2750 5536 papae
2780 5471 2838 5522 et
2881 5469 3182 5539 martyris,
3215 5476 3274 5526 et
3305 5455 3592 5537 aliorum

430 5636 580 5710 (294)
619 5635 788 5690 Deest
819 5651 868 5692 c.
