  <div class='ocr_page' id='page_1' title='image "/cluster/home/n/w/nwhite01/storage/ocr_20150623/140-141/uc1.31175018559917/852.png"; bbox 0 0 3874 6382; ppageno 0'>
   <div class='ocr_carea' id='block_1_1' title="bbox 15 272 114 323">
    <p class='ocr_par' dir='ltr' id='par_1_1' title="bbox 15 272 114 323">
     <span class='ocr_line' id='line_1_1' title="bbox 15 272 114 323; baseline 0.02 -2"><span class='ocrx_word' id='word_1_1' title='bbox 15 272 114 323; x_wconf 70' lang='grc'>513</span> 
     </span>
    </p>
   </div>
   <div class='ocr_carea' id='block_1_2' title="bbox 743 260 2728 322">
    <p class='ocr_par' dir='ltr' id='par_1_2' title="bbox 743 260 2728 322">
     <span class='ocr_line' id='line_1_2' title="bbox 743 260 2728 322; baseline 0.002 -4"><span class='ocrx_word' id='word_1_2' title='bbox 743 265 824 320; x_wconf 79' lang='grc' dir='ltr'>ΕΤ</span> <span class='ocrx_word' id='word_1_3' title='bbox 865 265 1208 320; x_wconf 80' lang='lat' dir='ltr'>LAMBERTI</span> <span class='ocrx_word' id='word_1_4' title='bbox 1248 260 1822 319; x_wconf 75' lang='lat' dir='ltr'>ASCHAFNABURG.</span> <span class='ocrx_word' id='word_1_5' title='bbox 1863 262 2040 316; x_wconf 77' lang='lat' dir='ltr'>PARS</span> <span class='ocrx_word' id='word_1_6' title='bbox 2079 265 2356 320; x_wconf 76' lang='lat' dir='ltr'>ALTERA</span> <span class='ocrx_word' id='word_1_7' title='bbox 2395 266 2728 322; x_wconf 79' lang='lat' dir='ltr'>GENUINA.</span> 
     </span>
    </p>
   </div>
   <div class='ocr_carea' id='block_1_3' title="bbox 3317 272 3420 323">
    <p class='ocr_par' dir='ltr' id='par_1_3' title="bbox 3317 272 3420 323">
     <span class='ocr_line' id='line_1_3' title="bbox 3317 272 3420 323; baseline 0.019 -2"><span class='ocrx_word' id='word_1_8' title='bbox 3317 272 3420 323; x_wconf 69' lang='grc'>554-</span> 
     </span>
    </p>
   </div>
   <div class='ocr_carea' id='block_1_4' title="bbox 1011 384 2425 452">
    <p class='ocr_par' dir='ltr' id='par_1_4' title="bbox 1011 384 2425 452">
     <span class='ocr_line' id='line_1_4' title="bbox 1011 384 2425 452; baseline 0.001 -11"><span class='ocrx_word' id='word_1_9' title='bbox 1011 389 1337 443; x_wconf 76' lang='lat' dir='ltr'>ANNALES</span> <span class='ocrx_word' id='word_1_10' title='bbox 1378 384 2112 452; x_wconf 80' lang='lat' dir='ltr'>QUEDLINBURGENSES.</span> <span class='ocrx_word' id='word_1_11' title='bbox 2156 389 2223 442; x_wconf 90' lang='lat' dir='ltr'>A.</span> <span class='ocrx_word' id='word_1_12' title='bbox 2273 391 2425 442; x_wconf 76' lang='lat' dir='ltr'>l0&#39;22.</span> 
     </span>
    </p>
   </div>
   <div class='ocr_carea' id='block_1_5' title="bbox 15 480 3424 559">
    <p class='ocr_par' dir='ltr' id='par_1_5' title="bbox 15 480 3424 559">
     <span class='ocr_line' id='line_1_5' title="bbox 15 480 3424 559; baseline 0.001 -18"><span class='ocrx_word' id='word_1_13' title='bbox 15 503 240 541; x_wconf 87' lang='lat' dir='ltr'>norum</span> <span class='ocrx_word' id='word_1_14' title='bbox 271 490 637 541; x_wconf 89' lang='lat' dir='ltr'>sanctorum.</span> <span class='ocrx_word' id='word_1_15' title='bbox 673 486 863 541; x_wconf 65' lang='lat' dir='ltr'>Altare</span> <span class='ocrx_word' id='word_1_16' title='bbox 894 485 955 540; x_wconf 91' lang='lat' dir='ltr'>in</span> <span class='ocrx_word' id='word_1_17' title='bbox 985 485 1184 540; x_wconf 87' lang='lat' dir='ltr'>medio</span> <span class='ocrx_word' id='word_1_18' title='bbox 1215 483 1475 540; x_wconf 75' lang='lat' dir='ltr'>ecclesiae</span> <span class='ocrx_word' id='word_1_19' title='bbox 1497 480 1660 537; x_wconf 84' lang='lat' dir='ltr'>dedi—</span> <span class='ocrx_word' id='word_1_20' title='bbox 1686 484 1732 535; x_wconf 82' lang='grc' dir='ltr'><strong>Α</strong></span> <span class='ocrx_word' id='word_1_21' title='bbox 1770 487 1989 538; x_wconf 61' lang='lat' dir='ltr'>sancta</span> <span class='ocrx_word' id='word_1_22' title='bbox 2043 484 2233 540; x_wconf 73' lang='lat' dir='ltr'>Marize</span> <span class='ocrx_word' id='word_1_23' title='bbox 2282 484 2546 554; x_wconf 78' lang='lat' dir='ltr'>Zozimae,</span> <span class='ocrx_word' id='word_1_24' title='bbox 2581 491 2802 542; x_wconf 63' lang='lat' dir='ltr'>sanctae</span> <span class='ocrx_word' id='word_1_25' title='bbox 2835 485 3160 553; x_wconf 74' lang='lat' dir='ltr'>Felicitatis,</span> <span class='ocrx_word' id='word_1_26' title='bbox 3195 491 3424 559; x_wconf 87' lang='lat' dir='ltr'>septem</span> 
     </span>
    </p>
   </div>
   <div class='ocr_carea' id='block_1_6' title="bbox 16 573 1667 647">
    <p class='ocr_par' dir='ltr' id='par_1_6' title="bbox 16 573 1667 647">
     <span class='ocr_line' id='line_1_6' title="bbox 16 573 1667 647; baseline -0.002 -18"><span class='ocrx_word' id='word_1_27' title='bbox 16 581 204 630; x_wconf 77' lang='lat' dir='ltr'>:atum</span> <span class='ocrx_word' id='word_1_28' title='bbox 239 579 327 629; x_wconf 91' lang='lat' dir='ltr'>est</span> <span class='ocrx_word' id='word_1_29' title='bbox 349 592 382 629; x_wconf 90' lang='lat' dir='ltr'>a</span> <span class='ocrx_word' id='word_1_30' title='bbox 412 577 657 640; x_wconf 78' lang='lat' dir='ltr'>Gerone,</span> <span class='ocrx_word' id='word_1_31' title='bbox 691 575 1142 647; x_wconf 80' lang='lat' dir='ltr'>archiepiscopo</span> <span class='ocrx_word' id='word_1_32' title='bbox 1165 573 1667 642; x_wconf 86' lang='lat' dir='ltr'>Magadeburgen-</span> 
     </span>
    </p>
   </div>
   <div class='ocr_carea' id='block_1_7' title="bbox 15 663 1667 731">
    <p class='ocr_par' dir='ltr' id='par_1_7' title="bbox 15 663 1667 731">
     <span class='ocr_line' id='line_1_7' title="bbox 15 663 1667 731; baseline -0.001 -14"><span class='ocrx_word' id='word_1_33' title='bbox 15 664 77 731; x_wconf 81' lang='lat' dir='ltr'>si,</span> <span class='ocrx_word' id='word_1_34' title='bbox 100 664 159 718; x_wconf 91' lang='lat' dir='ltr'>in</span> <span class='ocrx_word' id='word_1_35' title='bbox 193 664 421 719; x_wconf 84' lang='lat' dir='ltr'>honore</span> <span class='ocrx_word' id='word_1_36' title='bbox 453 669 670 718; x_wconf 76' lang='lat' dir='ltr'>sanctae</span> <span class='ocrx_word' id='word_1_37' title='bbox 729 669 783 718; x_wconf 90' lang='lat' dir='ltr'>et</span> <span class='ocrx_word' id='word_1_38' title='bbox 840 663 1335 719; x_wconf 70' lang='lat' dir='ltr'>victoriosissimze</span> <span class='ocrx_word' id='word_1_39' title='bbox 1366 663 1577 730; x_wconf 89' lang='lat' dir='ltr'>crucis,</span> <span class='ocrx_word' id='word_1_40' title='bbox 1610 666 1667 716; x_wconf 90' lang='lat' dir='ltr'>et</span> 
     </span>
    </p>
   </div>
   <div class='ocr_carea' id='block_1_8' title="bbox 15 751 1663 823">
    <p class='ocr_par' dir='ltr' id='par_1_8' title="bbox 15 751 1663 823">
     <span class='ocr_line' id='line_1_8' title="bbox 15 751 1663 823; baseline -0.001 -16"><span class='ocrx_word' id='word_1_41' title='bbox 15 759 352 809; x_wconf 68' lang='lat' dir='ltr'>sanctorum</span> <span class='ocrx_word' id='word_1_42' title='bbox 380 759 714 823; x_wconf 76' lang='lat' dir='ltr'>martyrum</span> <span class='ocrx_word' id='word_1_43' title='bbox 748 753 1038 808; x_wconf 84' lang='lat' dir='ltr'>Laurentii</span> <span class='ocrx_word' id='word_1_44' title='bbox 1080 757 1136 808; x_wconf 89' lang='lat' dir='ltr'>et</span> <span class='ocrx_word' id='word_1_45' title='bbox 1191 752 1520 821; x_wconf 89' lang='lat' dir='ltr'>Pergentini</span> <span class='ocrx_word' id='word_1_46' title='bbox 1551 751 1663 806; x_wconf 89' lang='lat' dir='ltr'>fra-</span> 
     </span>
    </p>
   </div>
   <div class='ocr_carea' id='block_1_9' title="bbox 15 841 1661 910">
    <p class='ocr_par' dir='ltr' id='par_1_9' title="bbox 15 841 1661 910">
     <span class='ocr_line' id='line_1_9' title="bbox 15 841 1661 910; baseline -0.001 -13"><span class='ocrx_word' id='word_1_47' title='bbox 15 849 186 910; x_wconf 81' lang='lat' dir='ltr'>trum,</span> <span class='ocrx_word' id='word_1_48' title='bbox 221 842 405 897; x_wconf 87' lang='lat' dir='ltr'>sancti</span> <span class='ocrx_word' id='word_1_49' title='bbox 440 843 728 896; x_wconf 81' lang='lat' dir='ltr'>Laurentii</span> <span class='ocrx_word' id='word_1_50' title='bbox 784 849 840 898; x_wconf 90' lang='lat' dir='ltr'>et</span> <span class='ocrx_word' id='word_1_51' title='bbox 895 842 1196 908; x_wconf 85' lang='lat' dir='ltr'>Vincentii,</span> <span class='ocrx_word' id='word_1_52' title='bbox 1252 842 1438 897; x_wconf 81' lang='lat' dir='ltr'>sancti</span> <span class='ocrx_word' id='word_1_53' title='bbox 1470 841 1661 904; x_wconf 89' lang='lat' dir='ltr'>Blasii,</span> 
     </span>
    </p>
   </div>
   <div class='ocr_carea' id='block_1_10' title="bbox 15 930 1666 1002">
    <p class='ocr_par' dir='ltr' id='par_1_10' title="bbox 15 930 1666 1002">
     <span class='ocr_line' id='line_1_10' title="bbox 15 930 1666 1002; baseline 0 -18"><span class='ocrx_word' id='word_1_54' title='bbox 15 932 194 986; x_wconf 80' lang='lat' dir='ltr'>sancti</span> <span class='ocrx_word' id='word_1_55' title='bbox 219 930 646 1002; x_wconf 89' lang='lat' dir='ltr'>Christophori,</span> <span class='ocrx_word' id='word_1_56' title='bbox 681 931 868 986; x_wconf 79' lang='lat' dir='ltr'>sancti</span> <span class='ocrx_word' id='word_1_57' title='bbox 895 930 1115 985; x_wconf 80' lang='lat' dir='ltr'>Erasmi</span> <span class='ocrx_word' id='word_1_58' title='bbox 1173 931 1469 1001; x_wconf 73' lang='lat' dir='ltr'>martyris,</span> <span class='ocrx_word' id='word_1_59' title='bbox 1500 945 1666 985; x_wconf 91' lang='lat' dir='ltr'>sanc-</span> 
     </span>
    </p>
   </div>
   <div class='ocr_carea' id='block_1_11' title="bbox 15 1019 1666 1086">
    <p class='ocr_par' dir='ltr' id='par_1_11' title="bbox 15 1019 1666 1086">
     <span class='ocr_line' id='line_1_11' title="bbox 15 1019 1666 1086; baseline 0 -12"><span class='ocrx_word' id='word_1_60' title='bbox 15 1025 206 1074; x_wconf 85' lang='lat' dir='ltr'>torum</span> <span class='ocrx_word' id='word_1_61' title='bbox 230 1022 456 1075; x_wconf 66' lang='lat' dir='ltr'>Cosme:</span> <span class='ocrx_word' id='word_1_62' title='bbox 479 1025 530 1074; x_wconf 89' lang='lat' dir='ltr'>et</span> <span class='ocrx_word' id='word_1_63' title='bbox 565 1019 856 1085; x_wconf 89' lang='lat' dir='ltr'>Damiani,</span> <span class='ocrx_word' id='word_1_64' title='bbox 892 1020 1082 1074; x_wconf 83' lang='lat' dir='ltr'>sancti</span> <span class='ocrx_word' id='word_1_65' title='bbox 1122 1019 1453 1086; x_wconf 83' lang='lat' dir='ltr'>Clementis,</span> <span class='ocrx_word' id='word_1_66' title='bbox 1479 1019 1666 1075; x_wconf 88' lang='lat' dir='ltr'>sancti</span> 
     </span>
    </p>
   </div>
   <div class='ocr_carea' id='block_1_12' title="bbox 15 1108 1662 1178">
    <p class='ocr_par' dir='ltr' id='par_1_12' title="bbox 15 1108 1662 1178">
     <span class='ocr_line' id='line_1_12' title="bbox 15 1108 1662 1178; baseline -0.001 -14"><span class='ocrx_word' id='word_1_67' title='bbox 15 1109 266 1165; x_wconf 80' lang='lat' dir='ltr'>Mauricii</span> <span class='ocrx_word' id='word_1_68' title='bbox 294 1113 349 1164; x_wconf 91' lang='lat' dir='ltr'>et</span> <span class='ocrx_word' id='word_1_69' title='bbox 379 1109 677 1164; x_wconf 88' lang='lat' dir='ltr'>sociorum</span> <span class='ocrx_word' id='word_1_70' title='bbox 710 1110 858 1178; x_wconf 91' lang='lat' dir='ltr'>ejus.</span> <span class='ocrx_word' id='word_1_71' title='bbox 891 1112 949 1164; x_wconf 82' lang='lat' dir='ltr'>Et</span> <span class='ocrx_word' id='word_1_72' title='bbox 976 1109 1034 1163; x_wconf 92' lang='lat' dir='ltr'>in</span> <span class='ocrx_word' id='word_1_73' title='bbox 1067 1109 1178 1164; x_wconf 91' lang='lat' dir='ltr'>hoc</span> <span class='ocrx_word' id='word_1_74' title='bbox 1209 1108 1378 1164; x_wconf 87' lang='lat' dir='ltr'>altari</span> <span class='ocrx_word' id='word_1_75' title='bbox 1398 1109 1662 1164; x_wconf 85' lang='lat' dir='ltr'>contine-</span> 
     </span>
    </p>
   </div>
   <div class='ocr_carea' id='block_1_13' title="bbox 15 1197 1665 1268">
    <p class='ocr_par' dir='ltr' id='par_1_13' title="bbox 15 1197 1665 1268">
     <span class='ocr_line' id='line_1_13' title="bbox 15 1197 1665 1268; baseline 0.001 -16"><span class='ocrx_word' id='word_1_76' title='bbox 15 1203 103 1252; x_wconf 87' lang='lat' dir='ltr'>tur</span> <span class='ocrx_word' id='word_1_77' title='bbox 133 1198 367 1266; x_wconf 83' lang='lat' dir='ltr'>lignum</span> <span class='ocrx_word' id='word_1_78' title='bbox 395 1203 616 1252; x_wconf 76' lang='lat' dir='ltr'>sanctae</span> <span class='ocrx_word' id='word_1_79' title='bbox 648 1198 839 1252; x_wconf 88' lang='lat' dir='ltr'>crucis</span> <span class='ocrx_word' id='word_1_80' title='bbox 870 1197 1080 1268; x_wconf 87' lang='lat' dir='ltr'>spinea</span> <span class='ocrx_word' id='word_1_81' title='bbox 1105 1213 1346 1253; x_wconf 89' lang='lat' dir='ltr'>corona.</span> <span class='ocrx_word' id='word_1_82' title='bbox 1373 1201 1438 1253; x_wconf 86' lang='lat' dir='ltr'>Et</span> <span class='ocrx_word' id='word_1_83' title='bbox 1462 1198 1522 1253; x_wconf 93' lang='lat' dir='ltr'>in</span> <span class='ocrx_word' id='word_1_84' title='bbox 1551 1199 1665 1253; x_wconf 93' lang='lat' dir='ltr'>hoc</span> 
     </span>
    </p>
   </div>
   <div class='ocr_carea' id='block_1_14' title="bbox 15 1287 1663 1360">
    <p class='ocr_par' dir='ltr' id='par_1_14' title="bbox 15 1287 1663 1360">
     <span class='ocr_line' id='line_1_14' title="bbox 15 1287 1663 1360; baseline 0.001 -19"><span class='ocrx_word' id='word_1_85' title='bbox 15 1288 141 1359; x_wconf 86' lang='lat' dir='ltr'>ipso</span> <span class='ocrx_word' id='word_1_86' title='bbox 182 1287 560 1342; x_wconf 88' lang='lat' dir='ltr'>continentur</span> <span class='ocrx_word' id='word_1_87' title='bbox 610 1287 873 1359; x_wconf 78' lang='lat' dir='ltr'>reliquiae</span> <span class='ocrx_word' id='word_1_88' title='bbox 928 1293 1274 1343; x_wconf 89' lang='lat' dir='ltr'>sanctorum</span> <span class='ocrx_word' id='word_1_89' title='bbox 1329 1292 1663 1360; x_wconf 81' lang='lat' dir='ltr'>martyrum</span> 
     </span>
    </p>
   </div>
   <div class='ocr_carea' id='block_1_15' title="bbox 15 1376 1663 1446">
    <p class='ocr_par' dir='ltr' id='par_1_15' title="bbox 15 1376 1663 1446">
     <span class='ocr_line' id='line_1_15' title="bbox 15 1376 1663 1446; baseline 0.001 -16"><span class='ocrx_word' id='word_1_90' title='bbox 15 1376 350 1432; x_wconf 81' lang='lat' dir='ltr'>Laurentini</span> <span class='ocrx_word' id='word_1_91' title='bbox 376 1381 433 1431; x_wconf 90' lang='lat' dir='ltr'>et</span> <span class='ocrx_word' id='word_1_92' title='bbox 461 1376 812 1446; x_wconf 88' lang='lat' dir='ltr'>Pergentini,</span> <span class='ocrx_word' id='word_1_93' title='bbox 847 1377 1030 1432; x_wconf 86' lang='lat' dir='ltr'>sancti</span> <span class='ocrx_word' id='word_1_94' title='bbox 1059 1377 1303 1433; x_wconf 88' lang='lat' dir='ltr'>Mauritii</span> <span class='ocrx_word' id='word_1_95' title='bbox 1333 1378 1663 1433; x_wconf 82' lang='lat' dir='ltr'>sociorum-</span> 
     </span>
    </p>
   </div>
   <div class='ocr_carea' id='block_1_16' title="bbox 15 1464 1664 1537">
    <p class='ocr_par' dir='ltr' id='par_1_16' title="bbox 15 1464 1664 1537">
     <span class='ocr_line' id='line_1_16' title="bbox 15 1464 1664 1537; baseline 0 -17"><span class='ocrx_word' id='word_1_96' title='bbox 15 1481 124 1536; x_wconf 83' lang='lat' dir='ltr'>que</span> <span class='ocrx_word' id='word_1_97' title='bbox 157 1465 307 1535; x_wconf 88' lang='lat' dir='ltr'>ejus,</span> <span class='ocrx_word' id='word_1_98' title='bbox 337 1464 525 1520; x_wconf 89' lang='lat' dir='ltr'>sancti</span> <span class='ocrx_word' id='word_1_99' title='bbox 551 1464 776 1535; x_wconf 90' lang='lat' dir='ltr'>Vitalis,</span> <span class='ocrx_word' id='word_1_100' title='bbox 810 1466 993 1520; x_wconf 90' lang='lat' dir='ltr'>sancti</span> <span class='ocrx_word' id='word_1_101' title='bbox 1039 1466 1287 1537; x_wconf 84' lang='lat' dir='ltr'>Georgii,</span> <span class='ocrx_word' id='word_1_102' title='bbox 1313 1467 1501 1523; x_wconf 86' lang='lat' dir='ltr'>sancti</span> <span class='ocrx_word' id='word_1_103' title='bbox 1529 1466 1664 1520; x_wconf 83' lang='lat' dir='ltr'>Vin-</span> 
     </span>
    </p>
   </div>
   <div class='ocr_carea' id='block_1_17' title="bbox 15 1553 1662 1623">
    <p class='ocr_par' dir='ltr' id='par_1_17' title="bbox 15 1553 1662 1623">
     <span class='ocr_line' id='line_1_17' title="bbox 15 1553 1662 1623; baseline 0 -14"><span class='ocrx_word' id='word_1_104' title='bbox 15 1554 207 1623; x_wconf 86' lang='lat' dir='ltr'>centii,</span> <span class='ocrx_word' id='word_1_105' title='bbox 243 1553 431 1609; x_wconf 88' lang='lat' dir='ltr'>sancti</span> <span class='ocrx_word' id='word_1_106' title='bbox 464 1553 658 1620; x_wconf 89' lang='lat' dir='ltr'>Blasii,</span> <span class='ocrx_word' id='word_1_107' title='bbox 711 1555 900 1608; x_wconf 89' lang='lat' dir='ltr'>sancti</span> <span class='ocrx_word' id='word_1_108' title='bbox 950 1555 1191 1611; x_wconf 84' lang='lat' dir='ltr'>Fabiani</span> <span class='ocrx_word' id='word_1_109' title='bbox 1231 1560 1283 1611; x_wconf 91' lang='lat' dir='ltr'>et</span> <span class='ocrx_word' id='word_1_110' title='bbox 1313 1555 1662 1622; x_wconf 86' lang='lat' dir='ltr'>Sebastiani,</span> 
     </span>
    </p>
   </div>
   <div class='ocr_carea' id='block_1_18' title="bbox 15 1643 1664 1715">
    <p class='ocr_par' dir='ltr' id='par_1_18' title="bbox 15 1643 1664 1715">
     <span class='ocr_line' id='line_1_18' title="bbox 15 1643 1664 1715; baseline 0.001 -19"><span class='ocrx_word' id='word_1_111' title='bbox 15 1644 201 1699; x_wconf 88' lang='lat' dir='ltr'>sancti</span> <span class='ocrx_word' id='word_1_112' title='bbox 232 1643 658 1715; x_wconf 86' lang='lat' dir='ltr'>Christophori,</span> <span class='ocrx_word' id='word_1_113' title='bbox 693 1648 1037 1700; x_wconf 90' lang='lat' dir='ltr'>sanctorum</span> <span class='ocrx_word' id='word_1_114' title='bbox 1071 1649 1296 1700; x_wconf 79' lang='lat' dir='ltr'>Cosmae</span> <span class='ocrx_word' id='word_1_115' title='bbox 1345 1651 1401 1700; x_wconf 90' lang='lat' dir='ltr'>et</span> <span class='ocrx_word' id='word_1_116' title='bbox 1431 1644 1664 1700; x_wconf 91' lang='lat' dir='ltr'>Damia-</span> 
     </span>
    </p>
   </div>
   <div class='ocr_carea' id='block_1_19' title="bbox 15 1730 1664 1800">
    <p class='ocr_par' dir='ltr' id='par_1_19' title="bbox 15 1730 1664 1800">
     <span class='ocr_line' id='line_1_19' title="bbox 15 1730 1664 1800; baseline 0.001 -16"><span class='ocrx_word' id='word_1_117' title='bbox 15 1732 89 1796; x_wconf 92' lang='lat' dir='ltr'>ni,</span> <span class='ocrx_word' id='word_1_118' title='bbox 124 1731 314 1786; x_wconf 91' lang='lat' dir='ltr'>sancti</span> <span class='ocrx_word' id='word_1_119' title='bbox 337 1730 653 1796; x_wconf 86' lang='lat' dir='ltr'>Eustachii,</span> <span class='ocrx_word' id='word_1_120' title='bbox 701 1731 886 1786; x_wconf 89' lang='lat' dir='ltr'>sancti</span> <span class='ocrx_word' id='word_1_121' title='bbox 941 1733 1222 1800; x_wconf 85' lang='lat' dir='ltr'>Quintini,</span> <span class='ocrx_word' id='word_1_122' title='bbox 1254 1732 1439 1788; x_wconf 86' lang='lat' dir='ltr'>sancti</span> <span class='ocrx_word' id='word_1_123' title='bbox 1474 1731 1664 1788; x_wconf 90' lang='lat' dir='ltr'>Libori</span> 
     </span>
    </p>
   </div>
   <div class='ocr_carea' id='block_1_20' title="bbox 1770 569 3424 644">
    <p class='ocr_par' dir='ltr' id='par_1_20' title="bbox 1770 569 3424 644">
     <span class='ocr_line' id='line_1_20' title="bbox 1770 569 3424 644; baseline 0.005 -20"><span class='ocrx_word' id='word_1_124' title='bbox 1770 569 2028 627; x_wconf 80' lang='lat' dir='ltr'>ﬁliorum</span> <span class='ocrx_word' id='word_1_125' title='bbox 2056 574 2204 644; x_wconf 77' lang='lat' dir='ltr'>ejus,</span> <span class='ocrx_word' id='word_1_126' title='bbox 2239 579 2456 630; x_wconf 75' lang='lat' dir='ltr'>sanctae</span> <span class='ocrx_word' id='word_1_127' title='bbox 2487 575 2708 643; x_wconf 75' lang='lat' dir='ltr'>Odiliae,</span> <span class='ocrx_word' id='word_1_128' title='bbox 2728 579 2948 630; x_wconf 70' lang='lat' dir='ltr'>sancta:</span> <span class='ocrx_word' id='word_1_129' title='bbox 2977 576 3424 642; x_wconf 70' lang='lat' dir='ltr'>Luciaa,sanctre</span> 
     </span>
    </p>
   </div>
   <div class='ocr_carea' id='block_1_21' title="bbox 1772 660 3425 732">
    <p class='ocr_par' dir='ltr' id='par_1_21' title="bbox 1772 660 3425 732">
     <span class='ocr_line' id='line_1_21' title="bbox 1772 660 3425 732; baseline 0.005 -20"><span class='ocrx_word' id='word_1_130' title='bbox 1772 660 2128 730; x_wconf 70' lang='lat' dir='ltr'>Adeldridae,</span> <span class='ocrx_word' id='word_1_131' title='bbox 2158 668 2375 719; x_wconf 72' lang='lat' dir='ltr'>sancta:</span> <span class='ocrx_word' id='word_1_132' title='bbox 2408 665 2810 732; x_wconf 66' lang='lat' dir='ltr'>Margarethas,</span> <span class='ocrx_word' id='word_1_133' title='bbox 2864 665 3135 720; x_wconf 91' lang='lat' dir='ltr'>omnium</span> <span class='ocrx_word' id='word_1_134' title='bbox 3195 670 3425 720; x_wconf 89' lang='lat' dir='ltr'>sancta-</span> 
     </span>
    </p>
   </div>
   <div class='ocr_carea' id='block_1_22' title="bbox 1770 750 3426 826">
    <p class='ocr_par' dir='ltr' id='par_1_22' title="bbox 1770 750 3426 826">
     <span class='ocr_line' id='line_1_22' title="bbox 1770 750 3426 826; baseline 0.004 -24"><span class='ocrx_word' id='word_1_135' title='bbox 1770 765 1904 803; x_wconf 90' lang='lat' dir='ltr'>rum</span> <span class='ocrx_word' id='word_1_136' title='bbox 1937 750 2256 820; x_wconf 81' lang='lat' dir='ltr'>virginum.</span> <span class='ocrx_word' id='word_1_137' title='bbox 2315 753 2459 807; x_wconf 81' lang='lat' dir='ltr'>Etin</span> <span class='ocrx_word' id='word_1_138' title='bbox 2491 753 2605 808; x_wconf 93' lang='lat' dir='ltr'>hoc</span> <span class='ocrx_word' id='word_1_139' title='bbox 2644 753 2775 826; x_wconf 92' lang='lat' dir='ltr'>ipso</span> <span class='ocrx_word' id='word_1_140' title='bbox 2830 752 2999 809; x_wconf 88' lang='lat' dir='ltr'>altari</span> <span class='ocrx_word' id='word_1_141' title='bbox 3047 753 3426 809; x_wconf 87' lang='lat' dir='ltr'>continentur</span> 
     </span>
    </p>
   </div>
   <div class='ocr_carea' id='block_1_23' title="bbox 1769 837 3422 911">
    <p class='ocr_par' dir='ltr' id='par_1_23' title="bbox 1769 837 3422 911">
     <span class='ocr_line' id='line_1_23' title="bbox 1769 837 3422 911; baseline 0.002 -19"><span class='ocrx_word' id='word_1_142' title='bbox 1769 837 2032 911; x_wconf 70' lang='lat' dir='ltr'>reliquiae</span> <span class='ocrx_word' id='word_1_143' title='bbox 2063 847 2403 896; x_wconf 79' lang='lat' dir='ltr'>sanctarum</span> <span class='ocrx_word' id='word_1_144' title='bbox 2443 841 2762 911; x_wconf 75' lang='lat' dir='ltr'>virginum,</span> <span class='ocrx_word' id='word_1_145' title='bbox 2797 847 3017 898; x_wconf 66' lang='lat' dir='ltr'>sanctas</span> <span class='ocrx_word' id='word_1_146' title='bbox 3079 843 3422 910; x_wconf 65' lang='lat' dir='ltr'>Laurentiae,</span> 
     </span>
    </p>
   </div>
   <div class='ocr_carea' id='block_1_24' title="bbox 1772 931 3423 1000">
    <p class='ocr_par' dir='ltr' id='par_1_24' title="bbox 1772 931 3423 1000">
     <span class='ocr_line' id='line_1_24' title="bbox 1772 931 3423 1000; baseline 0.002 -20"><span class='ocrx_word' id='word_1_147' title='bbox 1772 932 1991 997; x_wconf 82' lang='lat' dir='ltr'>sanctae</span> <span class='ocrx_word' id='word_1_148' title='bbox 2021 931 2221 997; x_wconf 73' lang='lat' dir='ltr'>Justze,</span> <span class='ocrx_word' id='word_1_149' title='bbox 2247 935 2464 985; x_wconf 77' lang='lat' dir='ltr'>sanctae</span> <span class='ocrx_word' id='word_1_150' title='bbox 2497 931 2760 1000; x_wconf 69' lang='lat' dir='ltr'>Agathze,</span> <span class='ocrx_word' id='word_1_151' title='bbox 2795 936 3012 987; x_wconf 53' lang='lat' dir='ltr'>sanctae</span> <span class='ocrx_word' id='word_1_152' title='bbox 3068 931 3423 1000; x_wconf 68' lang='lat' dir='ltr'>Walburgaa,</span> 
     </span>
    </p>
   </div>
   <div class='ocr_carea' id='block_1_25' title="bbox 1772 1020 3423 1089">
    <p class='ocr_par' dir='ltr' id='par_1_25' title="bbox 1772 1020 3423 1089">
     <span class='ocr_line' id='line_1_25' title="bbox 1772 1020 3423 1089; baseline 0.004 -19"><span class='ocrx_word' id='word_1_153' title='bbox 1772 1022 1989 1071; x_wconf 82' lang='lat' dir='ltr'>sanctae</span> <span class='ocrx_word' id='word_1_154' title='bbox 2019 1021 2373 1089; x_wconf 68' lang='lat' dir='ltr'>Margarette,</span> <span class='ocrx_word' id='word_1_155' title='bbox 2407 1025 2626 1075; x_wconf 68' lang='lat' dir='ltr'>sanctae</span> <span class='ocrx_word' id='word_1_156' title='bbox 2660 1020 2870 1085; x_wconf 74' lang='lat' dir='ltr'>Lucize,</span> <span class='ocrx_word' id='word_1_157' title='bbox 2893 1026 3112 1076; x_wconf 67' lang='lat' dir='ltr'>sanctae</span> <span class='ocrx_word' id='word_1_158' title='bbox 3157 1020 3423 1087; x_wconf 60' lang='lat' dir='ltr'>Julianus,</span> 
     </span>
    </p>
   </div>
   <div class='ocr_carea' id='block_1_26' title="bbox 1772 1108 3426 1177">
    <p class='ocr_par' dir='ltr' id='par_1_26' title="bbox 1772 1108 3426 1177">
     <span class='ocr_line' id='line_1_26' title="bbox 1772 1108 3426 1177; baseline 0.003 -18"><span class='ocrx_word' id='word_1_159' title='bbox 1772 1111 1989 1161; x_wconf 60' lang='lat' dir='ltr'>sancta:</span> <span class='ocrx_word' id='word_1_160' title='bbox 2022 1108 2427 1177; x_wconf 80' lang='lat' dir='ltr'>Columbanae,</span> <span class='ocrx_word' id='word_1_161' title='bbox 2482 1113 2700 1164; x_wconf 69' lang='lat' dir='ltr'>sanctze</span> <span class='ocrx_word' id='word_1_162' title='bbox 2759 1109 3005 1177; x_wconf 82' lang='lat' dir='ltr'>Ceciliae,</span> <span class='ocrx_word' id='word_1_163' title='bbox 3061 1115 3280 1165; x_wconf 78' lang='lat' dir='ltr'>sanctae</span> <span class='ocrx_word' id='word_1_164' title='bbox 3329 1111 3426 1164; x_wconf 88' lang='lat' dir='ltr'>So-</span> 
     </span>
    </p>
   </div>
   <div class='ocr_carea' id='block_1_27' title="bbox 1771 1196 3426 1267">
    <p class='ocr_par' dir='ltr' id='par_1_27' title="bbox 1771 1196 3426 1267">
     <span class='ocr_line' id='line_1_27' title="bbox 1771 1196 3426 1267; baseline 0.003 -18"><span class='ocrx_word' id='word_1_165' title='bbox 1771 1196 1946 1267; x_wconf 69' lang='lat' dir='ltr'>phize,</span> <span class='ocrx_word' id='word_1_166' title='bbox 2017 1203 2234 1252; x_wconf 69' lang='lat' dir='ltr'>sanctae</span> <span class='ocrx_word' id='word_1_167' title='bbox 2303 1197 2631 1266; x_wconf 82' lang='lat' dir='ltr'>Felicitatis,</span> <span class='ocrx_word' id='word_1_168' title='bbox 2685 1203 2904 1254; x_wconf 81' lang='lat' dir='ltr'>sanctae</span> <span class='ocrx_word' id='word_1_169' title='bbox 2971 1199 3142 1266; x_wconf 64' lang='lat' dir='ltr'>Aria},</span> <span class='ocrx_word' id='word_1_170' title='bbox 3205 1205 3426 1255; x_wconf 69' lang='lat' dir='ltr'>sanctte</span> 
     </span>
    </p>
   </div>
   <div class='ocr_carea' id='block_1_28' title="bbox 1771 1284 3425 1359">
    <p class='ocr_par' dir='ltr' id='par_1_28' title="bbox 1771 1284 3425 1359">
     <span class='ocr_line' id='line_1_28' title="bbox 1771 1284 3425 1359; baseline 0.002 -21"><span class='ocrx_word' id='word_1_171' title='bbox 1771 1284 2068 1352; x_wconf 82' lang='lat' dir='ltr'>Praxedis,</span> <span class='ocrx_word' id='word_1_172' title='bbox 2130 1290 2351 1341; x_wconf 69' lang='lat' dir='ltr'>sancta:</span> <span class='ocrx_word' id='word_1_173' title='bbox 2409 1286 2726 1342; x_wconf 86' lang='lat' dir='ltr'>Gertrudis.</span> <span class='ocrx_word' id='word_1_174' title='bbox 2786 1290 2902 1342; x_wconf 88' lang='lat' dir='ltr'>Hac</span> <span class='ocrx_word' id='word_1_175' title='bbox 2934 1287 3193 1359; x_wconf 90' lang='lat' dir='ltr'>denique</span> <span class='ocrx_word' id='word_1_176' title='bbox 3241 1287 3425 1356; x_wconf 89' lang='lat' dir='ltr'>regali</span> 
     </span>
    </p>
   </div>
   <div class='ocr_carea' id='block_1_29' title="bbox 1773 1371 3422 1446">
    <p class='ocr_par' dir='ltr' id='par_1_29' title="bbox 1773 1371 3422 1446">
     <span class='ocr_line' id='line_1_29' title="bbox 1773 1371 3422 1446; baseline 0.001 -21"><span class='ocrx_word' id='word_1_177' title='bbox 1773 1371 1910 1426; x_wconf 88' lang='lat' dir='ltr'>aula</span> <span class='ocrx_word' id='word_1_178' title='bbox 1936 1373 2204 1444; x_wconf 85' lang='lat' dir='ltr'>pretiosis</span> <span class='ocrx_word' id='word_1_179' title='bbox 2235 1373 2496 1446; x_wconf 87' lang='lat' dir='ltr'>reliquiis</span> <span class='ocrx_word' id='word_1_180' title='bbox 2541 1373 2947 1429; x_wconf 84' lang='lat' dir='ltr'>venerabiliter</span> <span class='ocrx_word' id='word_1_181' title='bbox 2994 1374 3235 1429; x_wconf 75' lang='lat' dir='ltr'>suffulta</span> <span class='ocrx_word' id='word_1_182' title='bbox 3256 1375 3377 1446; x_wconf 80' lang='lat'><strong>(297</strong></span> <span class='ocrx_word' id='word_1_183' title='bbox 3386 1390 3422 1444; x_wconf 86' lang='grc'>),</span> 
     </span>
    </p>
   </div>
   <div class='ocr_carea' id='block_1_30' title="bbox 1773 1460 3428 1533">
    <p class='ocr_par' dir='ltr' id='par_1_30' title="bbox 1773 1460 3428 1533">
     <span class='ocr_line' id='line_1_30' title="bbox 1773 1460 3428 1533; baseline 0.001 -18"><span class='ocrx_word' id='word_1_184' title='bbox 1773 1460 2094 1533; x_wconf 86' lang='lat' dir='ltr'>imperator</span> <span class='ocrx_word' id='word_1_185' title='bbox 2151 1465 2554 1518; x_wconf 84' lang='lat' dir='ltr'>Romanorum</span> <span class='ocrx_word' id='word_1_186' title='bbox 2620 1462 2891 1530; x_wconf 82' lang='lat' dir='ltr'>eximius,</span> <span class='ocrx_word' id='word_1_187' title='bbox 2951 1463 3261 1519; x_wconf 89' lang='lat' dir='ltr'>contectali</span> <span class='ocrx_word' id='word_1_188' title='bbox 3316 1479 3428 1518; x_wconf 89' lang='lat' dir='ltr'>sua</span> 
     </span>
    </p>
   </div>
   <div class='ocr_carea' id='block_1_31' title="bbox 1773 1550 3425 1624">
    <p class='ocr_par' dir='ltr' id='par_1_31' title="bbox 1773 1550 3425 1624">
     <span class='ocr_line' id='line_1_31' title="bbox 1773 1550 3425 1624; baseline 0.001 -20"><span class='ocrx_word' id='word_1_189' title='bbox 1773 1550 2144 1622; x_wconf 85' lang='lat' dir='ltr'>imperatrice</span> <span class='ocrx_word' id='word_1_190' title='bbox 2171 1552 2526 1622; x_wconf 89' lang='lat' dir='ltr'>Cunigunda</span> <span class='ocrx_word' id='word_1_191' title='bbox 2581 1552 2948 1624; x_wconf 87' lang='lat' dir='ltr'>pignoreque</span> <span class='ocrx_word' id='word_1_192' title='bbox 2998 1552 3202 1622; x_wconf 85' lang='lat' dir='ltr'>regali,</span> <span class='ocrx_word' id='word_1_193' title='bbox 3258 1551 3425 1608; x_wconf 87' lang='lat' dir='ltr'>herili</span> 
     </span>
    </p>
   </div>
   <div class='ocr_carea' id='block_1_32' title="bbox 1774 1639 3427 1714">
    <p class='ocr_par' dir='ltr' id='par_1_32' title="bbox 1774 1639 3427 1714">
     <span class='ocr_line' id='line_1_32' title="bbox 1774 1639 3427 1714; baseline 0.002 -21"><span class='ocrx_word' id='word_1_194' title='bbox 1774 1639 2040 1695; x_wconf 88' lang='lat' dir='ltr'>videlicet</span> <span class='ocrx_word' id='word_1_195' title='bbox 2063 1641 2310 1696; x_wconf 89' lang='lat' dir='ltr'>domina</span> <span class='ocrx_word' id='word_1_196' title='bbox 2354 1642 2696 1711; x_wconf 83' lang='lat' dir='ltr'>Adelheida,</span> <span class='ocrx_word' id='word_1_197' title='bbox 2727 1659 2862 1714; x_wconf 64' lang='lat' dir='ltr'>quae</span> <span class='ocrx_word' id='word_1_198' title='bbox 2892 1642 3074 1698; x_wconf 86' lang='lat' dir='ltr'>decus</span> <span class='ocrx_word' id='word_1_199' title='bbox 3127 1643 3427 1711; x_wconf 91' lang='lat' dir='ltr'>dignosci-</span> 
     </span>
    </p>
   </div>
   <div class='ocr_carea' id='block_1_33' title="bbox 1777 1729 3428 1802">
    <p class='ocr_par' dir='ltr' id='par_1_33' title="bbox 1777 1729 3428 1802">
     <span class='ocr_line' id='line_1_33' title="bbox 1777 1729 3428 1802; baseline 0.001 -20"><span class='ocrx_word' id='word_1_200' title='bbox 1777 1731 1868 1782; x_wconf 92' lang='lat' dir='ltr'>tur</span> <span class='ocrx_word' id='word_1_201' title='bbox 1893 1729 2456 1798; x_wconf 87' lang='lat' dir='ltr'>sanctimonialium,</span> <span class='ocrx_word' id='word_1_202' title='bbox 2486 1746 2606 1785; x_wconf 88' lang='lat' dir='ltr'>una</span> <span class='ocrx_word' id='word_1_203' title='bbox 2632 1747 2769 1785; x_wconf 92' lang='lat' dir='ltr'>cum</span> <span class='ocrx_word' id='word_1_204' title='bbox 2800 1746 3000 1786; x_wconf 90' lang='lat' dir='ltr'>sorore</span> <span class='ocrx_word' id='word_1_205' title='bbox 3040 1747 3148 1786; x_wconf 89' lang='lat' dir='ltr'>sua</span> <span class='ocrx_word' id='word_1_206' title='bbox 3185 1731 3428 1802; x_wconf 87' lang='lat' dir='ltr'>Sophia,</span> 
     </span>
    </p>
   </div>
   <div class='ocr_carea' id='block_1_34' title="bbox 15 1818 3430 1891">
    <p class='ocr_par' dir='ltr' id='par_1_34' title="bbox 15 1818 3430 1891">
     <span class='ocr_line' id='line_1_34' title="bbox 15 1818 3430 1891; baseline -0 -17"><span class='ocrx_word' id='word_1_207' title='bbox 15 1819 393 1875; x_wconf 87' lang='lat' dir='ltr'>confessoris.</span> <span class='ocrx_word' id='word_1_208' title='bbox 418 1819 611 1874; x_wconf 80' lang='lat' dir='ltr'>Altare</span> <span class='ocrx_word' id='word_1_209' title='bbox 639 1820 898 1876; x_wconf 88' lang='lat' dir='ltr'>australe</span> <span class='ocrx_word' id='word_1_210' title='bbox 924 1820 1264 1877; x_wconf 88' lang='lat' dir='ltr'>dedicatum</span> <span class='ocrx_word' id='word_1_211' title='bbox 1315 1825 1403 1876; x_wconf 89' lang='lat' dir='ltr'>est</span> <span class='ocrx_word' id='word_1_212' title='bbox 1431 1838 1466 1876; x_wconf 90' lang='lat' dir='ltr'>a</span> <span class='ocrx_word' id='word_1_213' title='bbox 1491 1821 1666 1879; x_wconf 89' lang='lat' dir='ltr'>Mein-</span> <span class='ocrx_word' id='word_1_214' title='bbox 1703 1833 1748 1886; x_wconf 75' lang='grc' dir='ltr'>Β</span> <span class='ocrx_word' id='word_1_215' title='bbox 1775 1818 2121 1891; x_wconf 90' lang='lat' dir='ltr'>cunctisque</span> <span class='ocrx_word' id='word_1_216' title='bbox 2191 1819 2358 1888; x_wconf 85' lang='lat' dir='ltr'>regni</span> <span class='ocrx_word' id='word_1_217' title='bbox 2425 1819 2837 1890; x_wconf 86' lang='lat' dir='ltr'>optimatibus,</span> <span class='ocrx_word' id='word_1_218' title='bbox 2910 1836 3047 1874; x_wconf 88' lang='lat' dir='ltr'>cum</span> <span class='ocrx_word' id='word_1_219' title='bbox 3123 1818 3430 1875; x_wconf 93' lang='lat' dir='ltr'>communi</span> 
     </span>
    </p>
   </div>
   <div class='ocr_carea' id='block_1_35' title="bbox 15 1908 1667 1982">
    <p class='ocr_par' dir='ltr' id='par_1_35' title="bbox 15 1908 1667 1982">
     <span class='ocr_line' id='line_1_35' title="bbox 15 1908 1667 1982; baseline 0.001 -18"><span class='ocrx_word' id='word_1_220' title='bbox 15 1925 208 1964; x_wconf 82' lang='lat' dir='ltr'>werco</span> <span class='ocrx_word' id='word_1_221' title='bbox 233 1908 724 1964; x_wconf 87' lang='lat' dir='ltr'>Pathelburnensi</span> <span class='ocrx_word' id='word_1_222' title='bbox 784 1909 1071 1982; x_wconf 89' lang='lat' dir='ltr'>episcopo</span> <span class='ocrx_word' id='word_1_223' title='bbox 1108 1909 1168 1965; x_wconf 90' lang='lat' dir='ltr'>in</span> <span class='ocrx_word' id='word_1_224' title='bbox 1200 1910 1426 1966; x_wconf 88' lang='lat' dir='ltr'>honore</span> <span class='ocrx_word' id='word_1_225' title='bbox 1481 1910 1667 1966; x_wconf 88' lang='lat' dir='ltr'>sancti</span> 
     </span>
    </p>
   </div>
   <div class='ocr_carea' id='block_1_36' title="bbox 16 1997 1670 2067">
    <p class='ocr_par' dir='ltr' id='par_1_36' title="bbox 16 1997 1670 2067">
     <span class='ocr_line' id='line_1_36' title="bbox 16 1997 1670 2067; baseline 0.001 -13"><span class='ocrx_word' id='word_1_226' title='bbox 16 1998 231 2067; x_wconf 89' lang='lat' dir='ltr'>Libori,</span> <span class='ocrx_word' id='word_1_227' title='bbox 264 1997 536 2052; x_wconf 91' lang='lat' dir='ltr'>omnium</span> <span class='ocrx_word' id='word_1_228' title='bbox 569 2003 914 2053; x_wconf 89' lang='lat' dir='ltr'>sanctorum</span> <span class='ocrx_word' id='word_1_229' title='bbox 945 2003 1000 2053; x_wconf 91' lang='lat' dir='ltr'>et</span> <span class='ocrx_word' id='word_1_230' title='bbox 1051 1999 1372 2054; x_wconf 90' lang='lat' dir='ltr'>electorum</span> <span class='ocrx_word' id='word_1_231' title='bbox 1396 2000 1515 2067; x_wconf 89' lang='lat' dir='ltr'>Dei,</span> <span class='ocrx_word' id='word_1_232' title='bbox 1548 1999 1670 2055; x_wconf 89' lang='lat' dir='ltr'>Vic-</span> 
     </span>
    </p>
   </div>
   <div class='ocr_carea' id='block_1_37' title="bbox 15 2087 1670 2159">
    <p class='ocr_par' dir='ltr' id='par_1_37' title="bbox 15 2087 1670 2159">
     <span class='ocr_line' id='line_1_37' title="bbox 15 2087 1670 2159; baseline 0.001 -16"><span class='ocrx_word' id='word_1_233' title='bbox 15 2088 178 2157; x_wconf 90' lang='lat' dir='ltr'>toris,</span> <span class='ocrx_word' id='word_1_234' title='bbox 211 2087 480 2154; x_wconf 87' lang='lat' dir='ltr'>Candidi,</span> <span class='ocrx_word' id='word_1_235' title='bbox 517 2087 809 2159; x_wconf 80' lang='lat' dir='ltr'>Exuperii,</span> <span class='ocrx_word' id='word_1_236' title='bbox 841 2087 1093 2143; x_wconf 90' lang='lat' dir='ltr'>aliorum</span> <span class='ocrx_word' id='word_1_237' title='bbox 1125 2089 1444 2157; x_wconf 90' lang='lat' dir='ltr'>sociorum,</span> <span class='ocrx_word' id='word_1_238' title='bbox 1483 2089 1670 2144; x_wconf 88' lang='lat' dir='ltr'>sancti</span> 
     </span>
    </p>
   </div>
   <div class='ocr_carea' id='block_1_38' title="bbox 16 2175 1668 2248">
    <p class='ocr_par' dir='ltr' id='par_1_38' title="bbox 16 2175 1668 2248">
     <span class='ocr_line' id='line_1_38' title="bbox 16 2175 1668 2248; baseline 0 -16"><span class='ocrx_word' id='word_1_239' title='bbox 16 2175 293 2241; x_wconf 83' lang='lat' dir='ltr'>Mauricii,</span> <span class='ocrx_word' id='word_1_240' title='bbox 322 2175 510 2232; x_wconf 89' lang='lat' dir='ltr'>sancti</span> <span class='ocrx_word' id='word_1_241' title='bbox 539 2175 834 2248; x_wconf 86' lang='lat' dir='ltr'>Hippoliti,</span> <span class='ocrx_word' id='word_1_242' title='bbox 861 2177 1046 2231; x_wconf 90' lang='lat' dir='ltr'>sancti</span> <span class='ocrx_word' id='word_1_243' title='bbox 1079 2177 1668 2247; x_wconf 88' lang='lat' dir='ltr'>Pantaleonis,sancti</span> 
     </span>
    </p>
   </div>
   <div class='ocr_carea' id='block_1_39' title="bbox 16 2264 1669 2339">
    <p class='ocr_par' dir='ltr' id='par_1_39' title="bbox 16 2264 1669 2339">
     <span class='ocr_line' id='line_1_39' title="bbox 16 2264 1669 2339; baseline 0.002 -21"><span class='ocrx_word' id='word_1_244' title='bbox 16 2264 265 2337; x_wconf 82' lang='lat' dir='ltr'>Cyriaci,</span> <span class='ocrx_word' id='word_1_245' title='bbox 321 2264 508 2320; x_wconf 88' lang='lat' dir='ltr'>sancti</span> <span class='ocrx_word' id='word_1_246' title='bbox 560 2264 821 2333; x_wconf 87' lang='lat' dir='ltr'>Adriani,</span> <span class='ocrx_word' id='word_1_247' title='bbox 868 2269 925 2320; x_wconf 91' lang='lat' dir='ltr'>et</span> <span class='ocrx_word' id='word_1_248' title='bbox 971 2265 1224 2320; x_wconf 89' lang='lat' dir='ltr'>aliorum</span> <span class='ocrx_word' id='word_1_249' title='bbox 1273 2266 1669 2339; x_wconf 89' lang='lat' dir='ltr'>plurimorum</span> 
     </span>
    </p>
   </div>
   <div class='ocr_carea' id='block_1_40' title="bbox 16 2353 1672 2425">
    <p class='ocr_par' dir='ltr' id='par_1_40' title="bbox 16 2353 1672 2425">
     <span class='ocr_line' id='line_1_40' title="bbox 16 2353 1672 2425; baseline 0.001 -17"><span class='ocrx_word' id='word_1_250' title='bbox 16 2358 380 2409; x_wconf 90' lang='lat' dir='ltr'>sanctorum.</span> <span class='ocrx_word' id='word_1_251' title='bbox 415 2353 607 2408; x_wconf 77' lang='lat' dir='ltr'>Altare</span> <span class='ocrx_word' id='word_1_252' title='bbox 665 2353 1014 2425; x_wconf 89' lang='lat' dir='ltr'>aquilonare</span> <span class='ocrx_word' id='word_1_253' title='bbox 1082 2354 1424 2414; x_wconf 87' lang='lat' dir='ltr'>dedicatum</span> <span class='ocrx_word' id='word_1_254' title='bbox 1478 2359 1564 2411; x_wconf 90' lang='lat' dir='ltr'>est</span> <span class='ocrx_word' id='word_1_255' title='bbox 1595 2355 1672 2413; x_wconf 87' lang='lat' dir='ltr'>ab</span> 
     </span>
    </p>
   </div>
   <div class='ocr_carea' id='block_1_41' title="bbox 16 2442 1672 2515">
    <p class='ocr_par' dir='ltr' id='par_1_41' title="bbox 16 2442 1672 2515">
     <span class='ocr_line' id='line_1_41' title="bbox 16 2442 1672 2515; baseline 0.001 -18"><span class='ocrx_word' id='word_1_256' title='bbox 16 2442 286 2498; x_wconf 87' lang='lat' dir='ltr'>Eilvardo</span> <span class='ocrx_word' id='word_1_257' title='bbox 336 2442 609 2498; x_wconf 90' lang='lat' dir='ltr'>Misnensi</span> <span class='ocrx_word' id='word_1_258' title='bbox 661 2443 946 2515; x_wconf 90' lang='lat' dir='ltr'>episcopo</span> <span class='ocrx_word' id='word_1_259' title='bbox 977 2442 1036 2498; x_wconf 93' lang='lat' dir='ltr'>in</span> <span class='ocrx_word' id='word_1_260' title='bbox 1057 2443 1283 2499; x_wconf 90' lang='lat' dir='ltr'>honore</span> <span class='ocrx_word' id='word_1_261' title='bbox 1316 2444 1504 2503; x_wconf 82' lang='lat' dir='ltr'>sancti</span> <span class='ocrx_word' id='word_1_262' title='bbox 1535 2447 1672 2500; x_wconf 89' lang='lat' dir='ltr'>Bar-</span> 
     </span>
    </p>
   </div>
   <div class='ocr_carea' id='block_1_42' title="bbox 15 2531 1675 2604">
    <p class='ocr_par' dir='ltr' id='par_1_42' title="bbox 15 2531 1675 2604">
     <span class='ocr_line' id='line_1_42' title="bbox 15 2531 1675 2604; baseline 0.001 -18"><span class='ocrx_word' id='word_1_263' title='bbox 15 2533 318 2588; x_wconf 74' lang='lat' dir='ltr'>tholomaei</span> <span class='ocrx_word' id='word_1_264' title='bbox 377 2531 635 2604; x_wconf 89' lang='lat' dir='ltr'>apostoli</span> <span class='ocrx_word' id='word_1_265' title='bbox 704 2537 760 2586; x_wconf 89' lang='lat' dir='ltr'>et</span> <span class='ocrx_word' id='word_1_266' title='bbox 815 2532 1088 2587; x_wconf 91' lang='lat' dir='ltr'>omnium</span> <span class='ocrx_word' id='word_1_267' title='bbox 1146 2533 1556 2604; x_wconf 87' lang='lat' dir='ltr'>apostolorum</span> <span class='ocrx_word' id='word_1_268' title='bbox 1619 2536 1675 2588; x_wconf 88' lang='lat' dir='ltr'>et</span> 
     </span>
    </p>
   </div>
   <div class='ocr_carea' id='block_1_43' title="bbox 15 2620 1673 2692">
    <p class='ocr_par' dir='ltr' id='par_1_43' title="bbox 15 2620 1673 2692">
     <span class='ocr_line' id='line_1_43' title="bbox 15 2620 1673 2692; baseline 0 -16"><span class='ocrx_word' id='word_1_269' title='bbox 15 2620 515 2690; x_wconf 88' lang='lat' dir='ltr'>evangelistarum</span> <span class='ocrx_word' id='word_1_270' title='bbox 545 2625 603 2676; x_wconf 92' lang='lat' dir='ltr'>et</span> <span class='ocrx_word' id='word_1_271' title='bbox 633 2620 1068 2692; x_wconf 89' lang='lat' dir='ltr'>discipulorum</span> <span class='ocrx_word' id='word_1_272' title='bbox 1099 2620 1350 2675; x_wconf 90' lang='lat' dir='ltr'>Domini.</span> <span class='ocrx_word' id='word_1_273' title='bbox 1386 2623 1451 2676; x_wconf 89' lang='lat' dir='ltr'>Et</span> <span class='ocrx_word' id='word_1_274' title='bbox 1472 2621 1535 2675; x_wconf 92' lang='lat' dir='ltr'>in</span> <span class='ocrx_word' id='word_1_275' title='bbox 1560 2621 1673 2676; x_wconf 89' lang='lat' dir='ltr'>hoc</span> 
     </span>
    </p>
   </div>
   <div class='ocr_carea' id='block_1_44' title="bbox 15 2709 1672 2783">
    <p class='ocr_par' dir='ltr' id='par_1_44' title="bbox 15 2709 1672 2783">
     <span class='ocr_line' id='line_1_44' title="bbox 15 2709 1672 2783; baseline 0 -19"><span class='ocrx_word' id='word_1_276' title='bbox 15 2711 147 2783; x_wconf 90' lang='lat' dir='ltr'>ipso</span> <span class='ocrx_word' id='word_1_277' title='bbox 169 2710 339 2766; x_wconf 90' lang='lat' dir='ltr'>altari</span> <span class='ocrx_word' id='word_1_278' title='bbox 371 2710 746 2765; x_wconf 89' lang='lat' dir='ltr'>continentur</span> <span class='ocrx_word' id='word_1_279' title='bbox 774 2710 1038 2781; x_wconf 82' lang='lat' dir='ltr'>reliquiae</span> <span class='ocrx_word' id='word_1_280' title='bbox 1070 2710 1256 2765; x_wconf 89' lang='lat' dir='ltr'>sancti</span> <span class='ocrx_word' id='word_1_281' title='bbox 1287 2709 1435 2765; x_wconf 85' lang='lat' dir='ltr'>Petri</span> <span class='ocrx_word' id='word_1_282' title='bbox 1455 2709 1672 2782; x_wconf 90' lang='lat' dir='ltr'>princi-</span> 
     </span>
    </p>
   </div>
   <div class='ocr_carea' id='block_1_45' title="bbox 15 2794 1670 2870">
    <p class='ocr_par' dir='ltr' id='par_1_45' title="bbox 15 2794 1670 2870">
     <span class='ocr_line' id='line_1_45' title="bbox 15 2794 1670 2870; baseline -0.004 -17"><span class='ocrx_word' id='word_1_283' title='bbox 15 2798 106 2870; x_wconf 87' lang='lat' dir='ltr'>pis</span> <span class='ocrx_word' id='word_1_284' title='bbox 162 2797 594 2870; x_wconf 89' lang='lat' dir='ltr'>apostolorum,</span> <span class='ocrx_word' id='word_1_285' title='bbox 653 2799 840 2854; x_wconf 89' lang='lat' dir='ltr'>sancti</span> <span class='ocrx_word' id='word_1_286' title='bbox 913 2796 1093 2864; x_wconf 87' lang='lat' dir='ltr'>Pauli,</span> <span class='ocrx_word' id='word_1_287' title='bbox 1154 2795 1345 2852; x_wconf 90' lang='lat' dir='ltr'>sancti</span> <span class='ocrx_word' id='word_1_288' title='bbox 1400 2794 1670 2865; x_wconf 60' lang='lat' dir='ltr'>Andreae,</span> 
     </span>
    </p>
   </div>
   <div class='ocr_carea' id='block_1_46' title="bbox 16 2881 1671 2957">
    <p class='ocr_par' dir='ltr' id='par_1_46' title="bbox 16 2881 1671 2957">
     <span class='ocr_line' id='line_1_46' title="bbox 16 2881 1671 2957; baseline -0.002 -17"><span class='ocrx_word' id='word_1_289' title='bbox 16 2885 206 2942; x_wconf 91' lang='lat' dir='ltr'>sancti</span> <span class='ocrx_word' id='word_1_290' title='bbox 234 2885 458 2957; x_wconf 84' lang='lat' dir='ltr'>Jacobi,</span> <span class='ocrx_word' id='word_1_291' title='bbox 492 2885 679 2942; x_wconf 87' lang='lat' dir='ltr'>sancti</span> <span class='ocrx_word' id='word_1_292' title='bbox 717 2885 978 2952; x_wconf 66' lang='lat' dir='ltr'>Thomas,</span> <span class='ocrx_word' id='word_1_293' title='bbox 1009 2884 1195 2940; x_wconf 88' lang='lat' dir='ltr'>sancti</span> <span class='ocrx_word' id='word_1_294' title='bbox 1238 2881 1671 2952; x_wconf 67' lang='lat' dir='ltr'>Bartholomtei,</span> 
     </span>
    </p>
   </div>
   <div class='ocr_carea' id='block_1_47' title="bbox 16 2971 1674 3046">
    <p class='ocr_par' dir='ltr' id='par_1_47' title="bbox 16 2971 1674 3046">
     <span class='ocr_line' id='line_1_47' title="bbox 16 2971 1674 3046; baseline -0.002 -17"><span class='ocrx_word' id='word_1_295' title='bbox 16 2975 207 3031; x_wconf 89' lang='lat' dir='ltr'>sancti</span> <span class='ocrx_word' id='word_1_296' title='bbox 233 2973 503 3046; x_wconf 89' lang='lat' dir='ltr'>Philippi,</span> <span class='ocrx_word' id='word_1_297' title='bbox 529 2974 714 3030; x_wconf 89' lang='lat' dir='ltr'>sancti</span> <span class='ocrx_word' id='word_1_298' title='bbox 743 2974 1013 3043; x_wconf 73' lang='lat' dir='ltr'>Matthtei,</span> <span class='ocrx_word' id='word_1_299' title='bbox 1046 2977 1388 3030; x_wconf 85' lang='lat' dir='ltr'>sanctorum</span> <span class='ocrx_word' id='word_1_300' title='bbox 1418 2971 1674 3028; x_wconf 88' lang='lat' dir='ltr'>Simonis</span> 
     </span>
    </p>
   </div>
   <div class='ocr_carea' id='block_1_48' title="bbox 16 3060 1674 3130">
    <p class='ocr_par' dir='ltr' id='par_1_48' title="bbox 16 3060 1674 3130">
     <span class='ocr_line' id='line_1_48' title="bbox 16 3060 1674 3130; baseline -0.002 -12"><span class='ocrx_word' id='word_1_301' title='bbox 16 3069 72 3118; x_wconf 90' lang='lat' dir='ltr'>et</span> <span class='ocrx_word' id='word_1_302' title='bbox 98 3063 287 3126; x_wconf 75' lang='lat' dir='ltr'>Judae,</span> <span class='ocrx_word' id='word_1_303' title='bbox 324 3063 515 3117; x_wconf 87' lang='lat' dir='ltr'>sancti</span> <span class='ocrx_word' id='word_1_304' title='bbox 548 3061 853 3129; x_wconf 81' lang='lat' dir='ltr'>Barnabae,</span> <span class='ocrx_word' id='word_1_305' title='bbox 881 3061 1071 3117; x_wconf 89' lang='lat' dir='ltr'>sancti</span> <span class='ocrx_word' id='word_1_306' title='bbox 1110 3061 1236 3130; x_wconf 89' lang='lat' dir='ltr'>Viti,</span> <span class='ocrx_word' id='word_1_307' title='bbox 1287 3060 1473 3115; x_wconf 88' lang='lat' dir='ltr'>sancti</span> <span class='ocrx_word' id='word_1_308' title='bbox 1503 3060 1674 3116; x_wconf 85' lang='lat' dir='ltr'>Marci</span> 
     </span>
    </p>
   </div>
   <div class='ocr_carea' id='block_1_49' title="bbox 15 3149 1674 3223">
    <p class='ocr_par' dir='ltr' id='par_1_49' title="bbox 15 3149 1674 3223">
     <span class='ocr_line' id='line_1_49' title="bbox 15 3149 1674 3223; baseline -0.002 -16"><span class='ocrx_word' id='word_1_309' title='bbox 15 3151 414 3221; x_wconf 78' lang='lat' dir='ltr'>evangelistae.</span> <span class='ocrx_word' id='word_1_310' title='bbox 452 3156 510 3206; x_wconf 89' lang='lat' dir='ltr'>In</span> <span class='ocrx_word' id='word_1_311' title='bbox 533 3151 884 3207; x_wconf 83' lang='lat' dir='ltr'>occidentali</span> <span class='ocrx_word' id='word_1_312' title='bbox 917 3155 1082 3223; x_wconf 90' lang='lat' dir='ltr'>parte</span> <span class='ocrx_word' id='word_1_313' title='bbox 1111 3151 1297 3206; x_wconf 89' lang='lat' dir='ltr'>altare</span> <span class='ocrx_word' id='word_1_314' title='bbox 1333 3149 1590 3206; x_wconf 89' lang='lat' dir='ltr'>australe</span> <span class='ocrx_word' id='word_1_315' title='bbox 1614 3149 1674 3204; x_wconf 93' lang='lat' dir='ltr'>in</span> 
     </span>
    </p>
   </div>
   <div class='ocr_carea' id='block_1_50' title="bbox 15 3239 1683 3312">
    <p class='ocr_par' dir='ltr' id='par_1_50' title="bbox 15 3239 1683 3312">
     <span class='ocr_line' id='line_1_50' title="bbox 15 3239 1683 3312; baseline -0.002 -15"><span class='ocrx_word' id='word_1_316' title='bbox 15 3244 245 3297; x_wconf 87' lang='lat' dir='ltr'>honore</span> <span class='ocrx_word' id='word_1_317' title='bbox 268 3242 455 3296; x_wconf 90' lang='lat' dir='ltr'>sancti</span> <span class='ocrx_word' id='word_1_318' title='bbox 502 3241 767 3310; x_wconf 81' lang='lat' dir='ltr'>Remigii,</span> <span class='ocrx_word' id='word_1_319' title='bbox 802 3241 989 3296; x_wconf 89' lang='lat' dir='ltr'>sancti</span> <span class='ocrx_word' id='word_1_320' title='bbox 1040 3241 1267 3312; x_wconf 80' lang='lat' dir='ltr'>Cyriaci</span> <span class='ocrx_word' id='word_1_321' title='bbox 1310 3239 1588 3312; x_wconf 88' lang='lat' dir='ltr'>martyris</span> <span class='ocrx_word' id='word_1_322' title='bbox 1626 3241 1683 3294; x_wconf 90' lang='lat' dir='ltr'>et</span> 
     </span>
    </p>
   </div>
   <div class='ocr_carea' id='block_1_51' title="bbox 16 3330 1676 3403">
    <p class='ocr_par' dir='ltr' id='par_1_51' title="bbox 16 3330 1676 3403">
     <span class='ocr_line' id='line_1_51' title="bbox 16 3330 1676 3403; baseline -0.002 -17"><span class='ocrx_word' id='word_1_323' title='bbox 16 3333 321 3388; x_wconf 90' lang='lat' dir='ltr'>sociorum</span> <span class='ocrx_word' id='word_1_324' title='bbox 375 3331 521 3400; x_wconf 90' lang='lat' dir='ltr'>ejus,</span> <span class='ocrx_word' id='word_1_325' title='bbox 580 3330 766 3386; x_wconf 90' lang='lat' dir='ltr'>sancti</span> <span class='ocrx_word' id='word_1_326' title='bbox 826 3330 960 3385; x_wconf 90' lang='lat' dir='ltr'>Sisti</span> <span class='ocrx_word' id='word_1_327' title='bbox 1029 3347 1202 3403; x_wconf 72' lang='lat' dir='ltr'>papae</span> <span class='ocrx_word' id='word_1_328' title='bbox 1265 3335 1322 3386; x_wconf 90' lang='lat' dir='ltr'>et</span> <span class='ocrx_word' id='word_1_329' title='bbox 1375 3330 1676 3403; x_wconf 87' lang='lat' dir='ltr'>martyris,</span> 
     </span>
    </p>
   </div>
   <div class='ocr_carea' id='block_1_52' title="bbox 17 3419 1676 3484">
    <p class='ocr_par' dir='ltr' id='par_1_52' title="bbox 17 3419 1676 3484">
     <span class='ocr_line' id='line_1_52' title="bbox 17 3419 1676 3484; baseline -0.001 -8"><span class='ocrx_word' id='word_1_330' title='bbox 17 3425 362 3476; x_wconf 89' lang='lat' dir='ltr'>sanctorum</span> <span class='ocrx_word' id='word_1_331' title='bbox 386 3419 629 3474; x_wconf 87' lang='lat' dir='ltr'>Joannis</span> <span class='ocrx_word' id='word_1_332' title='bbox 660 3423 714 3474; x_wconf 91' lang='lat' dir='ltr'>et</span> <span class='ocrx_word' id='word_1_333' title='bbox 745 3419 927 3484; x_wconf 86' lang='lat' dir='ltr'>Pauli,</span> <span class='ocrx_word' id='word_1_334' title='bbox 978 3424 1323 3475; x_wconf 88' lang='lat' dir='ltr'>sanctorum</span> <span class='ocrx_word' id='word_1_335' title='bbox 1355 3423 1388 3475; x_wconf 79' lang='grc'>4</span> <span class='ocrx_word' id='word_1_336' title='bbox 1418 3422 1676 3476; x_wconf 89' lang='lat' dir='ltr'>Corona-</span> 
     </span>
    </p>
   </div>
   <div class='ocr_carea' id='block_1_53' title="bbox 16 3507 1673 3580">
    <p class='ocr_par' dir='ltr' id='par_1_53' title="bbox 16 3507 1673 3580">
     <span class='ocr_line' id='line_1_53' title="bbox 16 3507 1673 3580; baseline -0.001 -15"><span class='ocrx_word' id='word_1_337' title='bbox 16 3516 236 3574; x_wconf 91' lang='lat' dir='ltr'>torum,</span> <span class='ocrx_word' id='word_1_338' title='bbox 283 3510 470 3564; x_wconf 90' lang='lat' dir='ltr'>sancti</span> <span class='ocrx_word' id='word_1_339' title='bbox 522 3508 803 3564; x_wconf 83' lang='lat' dir='ltr'>Bonifacii</span> <span class='ocrx_word' id='word_1_340' title='bbox 851 3512 907 3563; x_wconf 88' lang='lat' dir='ltr'>et</span> <span class='ocrx_word' id='word_1_341' title='bbox 944 3507 1244 3564; x_wconf 91' lang='lat' dir='ltr'>sociorum</span> <span class='ocrx_word' id='word_1_342' title='bbox 1293 3509 1442 3580; x_wconf 87' lang='lat' dir='ltr'>ejus,</span> <span class='ocrx_word' id='word_1_343' title='bbox 1486 3508 1673 3566; x_wconf 90' lang='lat' dir='ltr'>sancti</span> 
     </span>
    </p>
   </div>
   <div class='ocr_carea' id='block_1_54' title="bbox 21 3597 1678 3670">
    <p class='ocr_par' dir='ltr' id='par_1_54' title="bbox 21 3597 1678 3670">
     <span class='ocr_line' id='line_1_54' title="bbox 21 3597 1678 3670; baseline -0.001 -17"><span class='ocrx_word' id='word_1_344' title='bbox 21 3599 242 3656; x_wconf 86' lang='lat' dir='ltr'>Kiliani</span> <span class='ocrx_word' id='word_1_345' title='bbox 264 3599 687 3670; x_wconf 90' lang='lat' dir='ltr'>sociorumque</span> <span class='ocrx_word' id='word_1_346' title='bbox 718 3599 870 3669; x_wconf 88' lang='lat' dir='ltr'>ejus,</span> <span class='ocrx_word' id='word_1_347' title='bbox 905 3597 1095 3653; x_wconf 89' lang='lat' dir='ltr'>sancti</span> <span class='ocrx_word' id='word_1_348' title='bbox 1136 3597 1347 3654; x_wconf 86' lang='lat' dir='ltr'>Donati</span> <span class='ocrx_word' id='word_1_349' title='bbox 1378 3598 1678 3670; x_wconf 83' lang='lat' dir='ltr'>martyris,</span> 
     </span>
    </p>
   </div>
   <div class='ocr_carea' id='block_1_55' title="bbox 17 3686 1680 3759">
    <p class='ocr_par' dir='ltr' id='par_1_55' title="bbox 17 3686 1680 3759">
     <span class='ocr_line' id='line_1_55' title="bbox 17 3686 1680 3759; baseline -0.002 -13"><span class='ocrx_word' id='word_1_350' title='bbox 17 3689 214 3746; x_wconf 89' lang='lat' dir='ltr'>sancti</span> <span class='ocrx_word' id='word_1_351' title='bbox 239 3688 615 3744; x_wconf 89' lang='lat' dir='ltr'>Wenceslavi</span> <span class='ocrx_word' id='word_1_352' title='bbox 646 3686 946 3758; x_wconf 89' lang='lat' dir='ltr'>martyris,</span> <span class='ocrx_word' id='word_1_353' title='bbox 1004 3687 1192 3744; x_wconf 88' lang='lat' dir='ltr'>sancti</span> <span class='ocrx_word' id='word_1_354' title='bbox 1249 3687 1545 3743; x_wconf 88' lang='lat' dir='ltr'>Anastasii</span> <span class='ocrx_word' id='word_1_355' title='bbox 1576 3702 1680 3759; x_wconf 86' lang='lat' dir='ltr'>pa-</span> 
     </span>
    </p>
   </div>
   <div class='ocr_carea' id='block_1_56' title="bbox 15 3775 1674 3853">
    <p class='ocr_par' dir='ltr' id='par_1_56' title="bbox 15 3775 1674 3853">
     <span class='ocr_line' id='line_1_56' title="bbox 15 3775 1674 3853; baseline -0.003 -17"><span class='ocrx_word' id='word_1_356' title='bbox 15 3797 130 3853; x_wconf 81' lang='lat' dir='ltr'>pae,</span> <span class='ocrx_word' id='word_1_357' title='bbox 201 3778 388 3833; x_wconf 86' lang='lat' dir='ltr'>sancti</span> <span class='ocrx_word' id='word_1_358' title='bbox 457 3777 802 3849; x_wconf 88' lang='lat' dir='ltr'>Innocentii,</span> <span class='ocrx_word' id='word_1_359' title='bbox 859 3776 1047 3832; x_wconf 90' lang='lat' dir='ltr'>sancti</span> <span class='ocrx_word' id='word_1_360' title='bbox 1103 3775 1296 3845; x_wconf 81' lang='lat' dir='ltr'>Magni</span> <span class='ocrx_word' id='word_1_361' title='bbox 1374 3776 1674 3848; x_wconf 87' lang='lat' dir='ltr'>martyris,</span> 
     </span>
    </p>
   </div>
   <div class='ocr_carea' id='block_1_57' title="bbox 15 3864 1677 3937">
    <p class='ocr_par' dir='ltr' id='par_1_57' title="bbox 15 3864 1677 3937">
     <span class='ocr_line' id='line_1_57' title="bbox 15 3864 1677 3937; baseline -0.002 -13"><span class='ocrx_word' id='word_1_362' title='bbox 15 3867 208 3926; x_wconf 85' lang='lat' dir='ltr'>sancti</span> <span class='ocrx_word' id='word_1_363' title='bbox 261 3866 553 3923; x_wconf 88' lang='lat' dir='ltr'>Lamberti</span> <span class='ocrx_word' id='word_1_364' title='bbox 582 3865 880 3937; x_wconf 88' lang='lat' dir='ltr'>martyris,</span> <span class='ocrx_word' id='word_1_365' title='bbox 911 3864 1099 3920; x_wconf 91' lang='lat' dir='ltr'>sancti</span> <span class='ocrx_word' id='word_1_366' title='bbox 1127 3864 1319 3934; x_wconf 85' lang='lat' dir='ltr'>Magni</span> <span class='ocrx_word' id='word_1_367' title='bbox 1372 3864 1677 3920; x_wconf 86' lang='lat' dir='ltr'>confesso-</span> 
     </span>
    </p>
   </div>
   <div class='ocr_carea' id='block_1_58' title="bbox 15 3953 1674 4027">
    <p class='ocr_par' dir='ltr' id='par_1_58' title="bbox 15 3953 1674 4027">
     <span class='ocr_line' id='line_1_58' title="bbox 15 3953 1674 4027; baseline -0.002 -14"><span class='ocrx_word' id='word_1_368' title='bbox 15 3959 119 4025; x_wconf 88' lang='lat' dir='ltr'>ris,</span> <span class='ocrx_word' id='word_1_369' title='bbox 151 3956 339 4013; x_wconf 86' lang='lat' dir='ltr'>sancti</span> <span class='ocrx_word' id='word_1_370' title='bbox 387 3955 661 4027; x_wconf 87' lang='lat' dir='ltr'>Odalrici,</span> <span class='ocrx_word' id='word_1_371' title='bbox 719 3954 908 4010; x_wconf 88' lang='lat' dir='ltr'>sancti</span> <span class='ocrx_word' id='word_1_372' title='bbox 962 3953 1122 4024; x_wconf 79' lang='lat' dir='ltr'>Sixti,</span> <span class='ocrx_word' id='word_1_373' title='bbox 1183 3954 1372 4009; x_wconf 90' lang='lat' dir='ltr'>sancti</span> <span class='ocrx_word' id='word_1_374' title='bbox 1427 3954 1674 4022; x_wconf 85' lang='lat' dir='ltr'>Arnulﬁ,</span> 
     </span>
    </p>
   </div>
   <div class='ocr_carea' id='block_1_59' title="bbox 15 4043 1679 4115">
    <p class='ocr_par' dir='ltr' id='par_1_59' title="bbox 15 4043 1679 4115">
     <span class='ocr_line' id='line_1_59' title="bbox 15 4043 1679 4115; baseline -0.002 -12"><span class='ocrx_word' id='word_1_375' title='bbox 15 4050 211 4105; x_wconf 85' lang='lat' dir='ltr'>sancti</span> <span class='ocrx_word' id='word_1_376' title='bbox 240 4045 494 4102; x_wconf 84' lang='lat' dir='ltr'>Meinulti</span> <span class='ocrx_word' id='word_1_377' title='bbox 518 4046 688 4115; x_wconf 78' lang='grc'>(295),</span> <span class='ocrx_word' id='word_1_378' title='bbox 746 4043 934 4100; x_wconf 89' lang='lat' dir='ltr'>sancti</span> <span class='ocrx_word' id='word_1_379' title='bbox 963 4043 1244 4099; x_wconf 87' lang='lat' dir='ltr'>Gundulﬁ</span> <span class='ocrx_word' id='word_1_380' title='bbox 1271 4045 1436 4115; x_wconf 83' lang='grc'>(296),</span> <span class='ocrx_word' id='word_1_381' title='bbox 1490 4043 1679 4099; x_wconf 87' lang='lat' dir='ltr'>sancti</span> 
     </span>
    </p>
   </div>
   <div class='ocr_carea' id='block_1_60' title="bbox 15 4131 1678 4206">
    <p class='ocr_par' dir='ltr' id='par_1_60' title="bbox 15 4131 1678 4206">
     <span class='ocr_line' id='line_1_60' title="bbox 15 4131 1678 4206; baseline -0.004 -14"><span class='ocrx_word' id='word_1_382' title='bbox 15 4134 296 4206; x_wconf 89' lang='lat' dir='ltr'>Liutgeri,</span> <span class='ocrx_word' id='word_1_383' title='bbox 328 4134 516 4190; x_wconf 84' lang='lat' dir='ltr'>sancti</span> <span class='ocrx_word' id='word_1_384' title='bbox 557 4132 849 4202; x_wconf 89' lang='lat' dir='ltr'>Wigberti</span> <span class='ocrx_word' id='word_1_385' title='bbox 907 4131 1208 4204; x_wconf 86' lang='lat' dir='ltr'>martyris,</span> <span class='ocrx_word' id='word_1_386' title='bbox 1262 4131 1449 4187; x_wconf 91' lang='lat' dir='ltr'>sancti</span> <span class='ocrx_word' id='word_1_387' title='bbox 1507 4131 1678 4189; x_wconf 82' lang='lat' dir='ltr'>Maxi-</span> 
     </span>
    </p>
   </div>
   <div class='ocr_carea' id='block_1_61' title="bbox 15 4219 1674 4294">
    <p class='ocr_par' dir='ltr' id='par_1_61' title="bbox 15 4219 1674 4294">
     <span class='ocr_line' id='line_1_61' title="bbox 15 4219 1674 4294; baseline -0.004 -12"><span class='ocrx_word' id='word_1_388' title='bbox 15 4225 186 4294; x_wconf 89' lang='lat' dir='ltr'>mini,</span> <span class='ocrx_word' id='word_1_389' title='bbox 248 4222 435 4280; x_wconf 87' lang='lat' dir='ltr'>sancti</span> <span class='ocrx_word' id='word_1_390' title='bbox 485 4221 715 4291; x_wconf 89' lang='lat' dir='ltr'>Valerii,</span> <span class='ocrx_word' id='word_1_391' title='bbox 771 4221 957 4276; x_wconf 87' lang='lat' dir='ltr'>sancti</span> <span class='ocrx_word' id='word_1_392' title='bbox 1004 4219 1292 4288; x_wconf 88' lang='lat' dir='ltr'>Eucharii,</span> <span class='ocrx_word' id='word_1_393' title='bbox 1347 4221 1533 4276; x_wconf 86' lang='lat' dir='ltr'>sancti</span> <span class='ocrx_word' id='word_1_394' title='bbox 1566 4223 1674 4275; x_wconf 88' lang='lat' dir='ltr'>Lu-</span> 
     </span>
    </p>
   </div>
   <div class='ocr_carea' id='block_1_62' title="bbox 15 4309 1675 4382">
    <p class='ocr_par' dir='ltr' id='par_1_62' title="bbox 15 4309 1675 4382">
     <span class='ocr_line' id='line_1_62' title="bbox 15 4309 1675 4382; baseline -0.004 -11"><span class='ocrx_word' id='word_1_395' title='bbox 15 4313 238 4382; x_wconf 89' lang='lat' dir='ltr'>dovici,</span> <span class='ocrx_word' id='word_1_396' title='bbox 264 4311 450 4368; x_wconf 89' lang='lat' dir='ltr'>sancti</span> <span class='ocrx_word' id='word_1_397' title='bbox 479 4311 708 4366; x_wconf 88' lang='lat' dir='ltr'>Paulini</span> <span class='ocrx_word' id='word_1_398' title='bbox 763 4309 1153 4380; x_wconf 89' lang='lat' dir='ltr'>Treverensis,</span> <span class='ocrx_word' id='word_1_399' title='bbox 1210 4310 1398 4365; x_wconf 89' lang='lat' dir='ltr'>sancti</span> <span class='ocrx_word' id='word_1_400' title='bbox 1451 4309 1675 4367; x_wconf 89' lang='lat' dir='ltr'>Paulini</span> 
     </span>
    </p>
   </div>
   <div class='ocr_carea' id='block_1_63' title="bbox 15 4398 1674 4473">
    <p class='ocr_par' dir='ltr' id='par_1_63' title="bbox 15 4398 1674 4473">
     <span class='ocr_line' id='line_1_63' title="bbox 15 4398 1674 4473; baseline -0.004 -12"><span class='ocrx_word' id='word_1_401' title='bbox 15 4404 259 4461; x_wconf 71' lang='lat' dir='ltr'>Nolanaa</span> <span class='ocrx_word' id='word_1_402' title='bbox 290 4400 540 4457; x_wconf 84' lang='lat' dir='ltr'>civitatis</span> <span class='ocrx_word' id='word_1_403' title='bbox 570 4400 856 4473; x_wconf 85' lang='lat' dir='ltr'>episcopi,</span> <span class='ocrx_word' id='word_1_404' title='bbox 905 4399 1008 4473; x_wconf 89' lang='lat' dir='ltr'>qui</span> <span class='ocrx_word' id='word_1_405' title='bbox 1055 4416 1164 4473; x_wconf 92' lang='lat' dir='ltr'>pro</span> <span class='ocrx_word' id='word_1_406' title='bbox 1186 4398 1307 4455; x_wconf 88' lang='lat' dir='ltr'>ﬁlio</span> <span class='ocrx_word' id='word_1_407' title='bbox 1363 4398 1559 4454; x_wconf 59' lang='lat' dir='ltr'>viduae</span> <span class='ocrx_word' id='word_1_408' title='bbox 1613 4415 1674 4455; x_wconf 80' lang='lat' dir='ltr'>se</span> 
     </span>
    </p>
   </div>
   <div class='ocr_carea' id='block_1_64' title="bbox 15 4487 1674 4557">
    <p class='ocr_par' dir='ltr' id='par_1_64' title="bbox 15 4487 1674 4557">
     <span class='ocr_line' id='line_1_64' title="bbox 15 4487 1674 4557; baseline -0.004 -7"><span class='ocrx_word' id='word_1_409' title='bbox 15 4490 259 4550; x_wconf 87' lang='lat' dir='ltr'>tradidit</span> <span class='ocrx_word' id='word_1_410' title='bbox 282 4489 565 4557; x_wconf 88' lang='lat' dir='ltr'>servituti,</span> <span class='ocrx_word' id='word_1_411' title='bbox 591 4489 780 4545; x_wconf 91' lang='lat' dir='ltr'>sancti</span> <span class='ocrx_word' id='word_1_412' title='bbox 825 4488 1158 4557; x_wconf 85' lang='lat' dir='ltr'>Ethelberti,</span> <span class='ocrx_word' id='word_1_413' title='bbox 1208 4488 1396 4545; x_wconf 88' lang='lat' dir='ltr'>sancti</span> <span class='ocrx_word' id='word_1_414' title='bbox 1450 4487 1674 4546; x_wconf 86' lang='lat' dir='ltr'>Martini</span> 
     </span>
    </p>
   </div>
   <div class='ocr_carea' id='block_1_65' title="bbox 15 4577 1674 4650">
    <p class='ocr_par' dir='ltr' id='par_1_65' title="bbox 15 4577 1674 4650">
     <span class='ocr_line' id='line_1_65' title="bbox 15 4577 1674 4650; baseline -0.004 -11"><span class='ocrx_word' id='word_1_415' title='bbox 15 4579 400 4650; x_wconf 85' lang='lat' dir='ltr'>confessoris,</span> <span class='ocrx_word' id='word_1_416' title='bbox 430 4578 618 4635; x_wconf 88' lang='lat' dir='ltr'>sancti</span> <span class='ocrx_word' id='word_1_417' title='bbox 647 4578 908 4646; x_wconf 79' lang='lat' dir='ltr'>Metroni,</span> <span class='ocrx_word' id='word_1_418' title='bbox 953 4577 1142 4635; x_wconf 87' lang='lat' dir='ltr'>sancti</span> <span class='ocrx_word' id='word_1_419' title='bbox 1173 4577 1428 4634; x_wconf 86' lang='lat' dir='ltr'>Zezonis.</span> <span class='ocrx_word' id='word_1_420' title='bbox 1462 4578 1525 4633; x_wconf 93' lang='lat' dir='ltr'>In</span> <span class='ocrx_word' id='word_1_421' title='bbox 1558 4578 1674 4633; x_wconf 90' lang='lat' dir='ltr'>hoc</span> 
     </span>
    </p>
   </div>
   <div class='ocr_carea' id='block_1_66' title="bbox 15 4666 1678 4747">
    <p class='ocr_par' dir='ltr' id='par_1_66' title="bbox 15 4666 1678 4747">
     <span class='ocr_line' id='line_1_66' title="bbox 15 4666 1678 4747; baseline -0.004 -18"><span class='ocrx_word' id='word_1_422' title='bbox 15 4674 146 4747; x_wconf 86' lang='lat' dir='ltr'>ipso</span> <span class='ocrx_word' id='word_1_423' title='bbox 204 4669 376 4726; x_wconf 87' lang='lat' dir='ltr'>altari</span> <span class='ocrx_word' id='word_1_424' title='bbox 439 4667 816 4725; x_wconf 88' lang='lat' dir='ltr'>continentur</span> <span class='ocrx_word' id='word_1_425' title='bbox 885 4666 1148 4740; x_wconf 62' lang='lat' dir='ltr'>reliquiae</span> <span class='ocrx_word' id='word_1_426' title='bbox 1206 4667 1393 4723; x_wconf 89' lang='lat' dir='ltr'>sancti</span> <span class='ocrx_word' id='word_1_427' title='bbox 1466 4666 1678 4723; x_wconf 87' lang='lat' dir='ltr'>Donati</span> 
     </span>
    </p>
   </div>
   <div class='ocr_carea' id='block_1_67' title="bbox 15 4756 1677 4832">
    <p class='ocr_par' dir='ltr' id='par_1_67' title="bbox 15 4756 1677 4832">
     <span class='ocr_line' id='line_1_67' title="bbox 15 4756 1677 4832; baseline -0.004 -14"><span class='ocrx_word' id='word_1_428' title='bbox 15 4759 322 4832; x_wconf 87' lang='lat' dir='ltr'>martyris,</span> <span class='ocrx_word' id='word_1_429' title='bbox 375 4758 561 4814; x_wconf 91' lang='lat' dir='ltr'>sancti</span> <span class='ocrx_word' id='word_1_430' title='bbox 615 4756 873 4821; x_wconf 82' lang='lat' dir='ltr'>Quintini</span> <span class='ocrx_word' id='word_1_431' title='bbox 928 4756 1225 4828; x_wconf 72' lang='lat' dir='ltr'>martyris,</span> <span class='ocrx_word' id='word_1_432' title='bbox 1259 4756 1448 4813; x_wconf 89' lang='lat' dir='ltr'>sancti</span> <span class='ocrx_word' id='word_1_433' title='bbox 1477 4760 1677 4814; x_wconf 86' lang='lat' dir='ltr'>Mater-</span> 
     </span>
    </p>
   </div>
   <div class='ocr_carea' id='block_1_68' title="bbox 15 4844 1679 4918">
    <p class='ocr_par' dir='ltr' id='par_1_68' title="bbox 15 4844 1679 4918">
     <span class='ocr_line' id='line_1_68' title="bbox 15 4844 1679 4918; baseline -0.003 -11"><span class='ocrx_word' id='word_1_434' title='bbox 15 4849 183 4908; x_wconf 89' lang='lat' dir='ltr'>niani</span> <span class='ocrx_word' id='word_1_435' title='bbox 211 4848 589 4918; x_wconf 86' lang='lat' dir='ltr'>confessoris,</span> <span class='ocrx_word' id='word_1_436' title='bbox 630 4846 815 4901; x_wconf 88' lang='lat' dir='ltr'>sancti</span> <span class='ocrx_word' id='word_1_437' title='bbox 844 4844 1038 4901; x_wconf 84' lang='lat' dir='ltr'>Adulﬁ</span> <span class='ocrx_word' id='word_1_438' title='bbox 1085 4845 1464 4916; x_wconf 83' lang='lat' dir='ltr'>confessoris,</span> <span class='ocrx_word' id='word_1_439' title='bbox 1492 4846 1679 4903; x_wconf 86' lang='lat' dir='ltr'>sancti</span> 
     </span>
    </p>
   </div>
   <div class='ocr_carea' id='block_1_69' title="bbox 15 4934 1680 5005">
    <p class='ocr_par' dir='ltr' id='par_1_69' title="bbox 15 4934 1680 5005">
     <span class='ocr_line' id='line_1_69' title="bbox 15 4934 1680 5005; baseline -0.004 -8"><span class='ocrx_word' id='word_1_440' title='bbox 15 4938 301 4998; x_wconf 87' lang='lat' dir='ltr'>Germani</span> <span class='ocrx_word' id='word_1_441' title='bbox 358 4937 738 5005; x_wconf 89' lang='lat' dir='ltr'>confessoris,</span> <span class='ocrx_word' id='word_1_442' title='bbox 802 4938 1151 4992; x_wconf 87' lang='lat' dir='ltr'>sanctarum</span> <span class='ocrx_word' id='word_1_443' title='bbox 1229 4934 1530 5005; x_wconf 81' lang='lat' dir='ltr'>virginum</span> <span class='ocrx_word' id='word_1_444' title='bbox 1605 4935 1680 4992; x_wconf 92' lang='lat' dir='ltr'>de</span> 
     </span>
    </p>
   </div>
   <div class='ocr_carea' id='block_1_70' title="bbox 15 5023 1681 5097">
    <p class='ocr_par' dir='ltr' id='par_1_70' title="bbox 15 5023 1681 5097">
     <span class='ocr_line' id='line_1_70' title="bbox 15 5023 1681 5097; baseline -0.004 -11"><span class='ocrx_word' id='word_1_445' title='bbox 15 5027 287 5088; x_wconf 84' lang='lat' dir='ltr'>Colonia.</span> <span class='ocrx_word' id='word_1_446' title='bbox 335 5031 398 5083; x_wconf 93' lang='lat' dir='ltr'>In</span> <span class='ocrx_word' id='word_1_447' title='bbox 469 5023 821 5082; x_wconf 82' lang='lat' dir='ltr'>occidentali</span> <span class='ocrx_word' id='word_1_448' title='bbox 870 5027 1039 5097; x_wconf 89' lang='lat' dir='ltr'>parte</span> <span class='ocrx_word' id='word_1_449' title='bbox 1091 5023 1273 5080; x_wconf 88' lang='lat' dir='ltr'>altare</span> <span class='ocrx_word' id='word_1_450' title='bbox 1330 5023 1681 5096; x_wconf 86' lang='lat' dir='ltr'>aquilonare</span> 
     </span>
    </p>
   </div>
   <div class='ocr_carea' id='block_1_71' title="bbox 15 5112 1679 5185">
    <p class='ocr_par' dir='ltr' id='par_1_71' title="bbox 15 5112 1679 5185">
     <span class='ocr_line' id='line_1_71' title="bbox 15 5112 1679 5185; baseline -0.004 -9"><span class='ocrx_word' id='word_1_451' title='bbox 15 5122 79 5177; x_wconf 89' lang='lat' dir='ltr'>in</span> <span class='ocrx_word' id='word_1_452' title='bbox 106 5119 336 5174; x_wconf 89' lang='lat' dir='ltr'>honore</span> <span class='ocrx_word' id='word_1_453' title='bbox 368 5120 711 5172; x_wconf 87' lang='lat' dir='ltr'>sanctarum</span> <span class='ocrx_word' id='word_1_454' title='bbox 733 5112 1051 5183; x_wconf 80' lang='lat' dir='ltr'>virginum,</span> <span class='ocrx_word' id='word_1_455' title='bbox 1095 5115 1312 5168; x_wconf 73' lang='lat' dir='ltr'>sanctae</span> <span class='ocrx_word' id='word_1_456' title='bbox 1344 5113 1679 5185; x_wconf 63' lang='lat' dir='ltr'>Stephants,</span> 
     </span>
    </p>
   </div>
   <div class='ocr_carea' id='block_1_72' title="bbox 15 5200 1680 5273">
    <p class='ocr_par' dir='ltr' id='par_1_72' title="bbox 15 5200 1680 5273">
     <span class='ocr_line' id='line_1_72' title="bbox 15 5200 1680 5273; baseline -0.005 -7"><span class='ocrx_word' id='word_1_457' title='bbox 15 5206 374 5271; x_wconf 57' lang='lat' dir='ltr'>Laurentiae,</span> <span class='ocrx_word' id='word_1_458' title='bbox 405 5208 603 5273; x_wconf 65' lang='lat' dir='ltr'>Justte,</span> <span class='ocrx_word' id='word_1_459' title='bbox 631 5201 926 5271; x_wconf 72' lang='lat' dir='ltr'>Pusinnaa,</span> <span class='ocrx_word' id='word_1_460' title='bbox 954 5205 1172 5257; x_wconf 61' lang='lat' dir='ltr'>sanctae</span> <span class='ocrx_word' id='word_1_461' title='bbox 1190 5200 1436 5262; x_wconf 83' lang='lat' dir='ltr'>Ceciliae.</span> <span class='ocrx_word' id='word_1_462' title='bbox 1461 5207 1680 5258; x_wconf 72' lang='lat' dir='ltr'>sancta:</span> 
     </span>
    </p>
   </div>
   <div class='ocr_carea' id='block_1_73' title="bbox 15 5288 1681 5361">
    <p class='ocr_par' dir='ltr' id='par_1_73' title="bbox 15 5288 1681 5361">
     <span class='ocr_line' id='line_1_73' title="bbox 15 5288 1681 5361; baseline -0.004 -8"><span class='ocrx_word' id='word_1_463' title='bbox 15 5293 384 5361; x_wconf 81' lang='lat' dir='ltr'>Petronellae,</span> <span class='ocrx_word' id='word_1_464' title='bbox 416 5295 636 5348; x_wconf 72' lang='lat' dir='ltr'>sanctae</span> <span class='ocrx_word' id='word_1_465' title='bbox 681 5288 1001 5358; x_wconf 89' lang='lat' dir='ltr'>Gertrudis,</span> <span class='ocrx_word' id='word_1_466' title='bbox 1057 5292 1278 5344; x_wconf 63' lang='lat' dir='ltr'>sanctae</span> <span class='ocrx_word' id='word_1_467' title='bbox 1327 5288 1681 5360; x_wconf 84' lang='lat' dir='ltr'>Walburgae,</span> 
     </span>
    </p>
   </div>
   <div class='ocr_carea' id='block_1_74' title="bbox 15 5377 1682 5450">
    <p class='ocr_par' dir='ltr' id='par_1_74' title="bbox 15 5377 1682 5450">
     <span class='ocr_line' id='line_1_74' title="bbox 15 5377 1682 5450; baseline -0.005 -8"><span class='ocrx_word' id='word_1_468' title='bbox 15 5387 244 5442; x_wconf 73' lang='lat' dir='ltr'>sanctae</span> <span class='ocrx_word' id='word_1_469' title='bbox 296 5380 559 5450; x_wconf 85' lang='lat' dir='ltr'>Agnetis,</span> <span class='ocrx_word' id='word_1_470' title='bbox 609 5383 830 5434; x_wconf 69' lang='lat' dir='ltr'>sancta:</span> <span class='ocrx_word' id='word_1_471' title='bbox 884 5377 1151 5447; x_wconf 81' lang='lat' dir='ltr'>Aghatae,</span> <span class='ocrx_word' id='word_1_472' title='bbox 1212 5381 1430 5434; x_wconf 68' lang='lat' dir='ltr'>sanctte</span> <span class='ocrx_word' id='word_1_473' title='bbox 1478 5379 1682 5443; x_wconf 68' lang='lat' dir='ltr'>Teclae,</span> 
     </span>
    </p>
   </div>
   <div class='ocr_carea' id='block_1_75' title="bbox 15 5464 1685 5536">
    <p class='ocr_par' dir='ltr' id='par_1_75' title="bbox 15 5464 1685 5536">
     <span class='ocr_line' id='line_1_75' title="bbox 15 5464 1685 5536; baseline -0.008 -3"><span class='ocrx_word' id='word_1_474' title='bbox 15 5474 244 5532; x_wconf 74' lang='lat' dir='ltr'>sanctae</span> <span class='ocrx_word' id='word_1_475' title='bbox 274 5467 572 5534; x_wconf 63' lang='lat' dir='ltr'>Barbarie,</span> <span class='ocrx_word' id='word_1_476' title='bbox 624 5469 843 5521; x_wconf 82' lang='lat' dir='ltr'>sanctae</span> <span class='ocrx_word' id='word_1_477' title='bbox 893 5464 1069 5532; x_wconf 65' lang='lat' dir='ltr'>Afrae,</span> <span class='ocrx_word' id='word_1_478' title='bbox 1119 5467 1468 5523; x_wconf 88' lang='lat' dir='ltr'>sanctarum</span> <span class='ocrx_word' id='word_1_479' title='bbox 1512 5464 1685 5536; x_wconf 87' lang='lat' dir='ltr'>virgi-</span> 
     </span>
    </p>
   </div>
   <div class='ocr_carea' id='block_1_76' title="bbox 15 5555 1684 5627">
    <p class='ocr_par' dir='ltr' id='par_1_76' title="bbox 15 5555 1684 5627">
     <span class='ocr_line' id='line_1_76' title="bbox 15 5555 1684 5627; baseline -0.007 -6"><span class='ocrx_word' id='word_1_480' title='bbox 15 5576 171 5622; x_wconf 86' lang='lat' dir='ltr'>num</span> <span class='ocrx_word' id='word_1_481' title='bbox 217 5555 681 5621; x_wconf 90' lang='lat' dir='ltr'>Coloniensium,</span> <span class='ocrx_word' id='word_1_482' title='bbox 759 5556 978 5610; x_wconf 65' lang='lat' dir='ltr'>sancte</span> <span class='ocrx_word' id='word_1_483' title='bbox 1034 5555 1227 5612; x_wconf 67' lang='lat' dir='ltr'>Mariae</span> <span class='ocrx_word' id='word_1_484' title='bbox 1305 5555 1684 5627; x_wconf 76' lang='lat' dir='ltr'>Magdelenae,</span> 
     </span>
    </p>
   </div>
   <div class='ocr_carea' id='block_1_77' title="bbox 113 5659 810 5735">
    <p class='ocr_par' dir='ltr' id='par_1_77' title="bbox 113 5659 810 5735">
     <span class='ocr_line' id='line_1_77' title="bbox 113 5659 810 5735; baseline -0.009 -11"><span class='ocrx_word' id='word_1_485' title='bbox 113 5664 238 5735; x_wconf 81' lang='lat'><strong>295)</strong></span> <span class='ocrx_word' id='word_1_486' title='bbox 269 5665 364 5719; x_wconf 85' lang='lat' dir='ltr'>Ita</span> <span class='ocrx_word' id='word_1_487' title='bbox 391 5664 458 5718; x_wconf 92' lang='lat' dir='ltr'>L.</span> <span class='ocrx_word' id='word_1_488' title='bbox 493 5659 734 5719; x_wconf 88' lang='lat' dir='ltr'>Mumilﬁ</span> <span class='ocrx_word' id='word_1_489' title='bbox 759 5677 810 5718; x_wconf 88' lang='lat' dir='ltr'>c.</span> 
     </span>
    </p>
   </div>
   <div class='ocr_carea' id='block_1_78' title="bbox 95 5669 536 5810">
    <p class='ocr_par' dir='ltr' id='par_1_78' title="bbox 95 5669 536 5810">
     <span class='ocr_line' id='line_1_78' title="bbox 113 5669 536 5735; baseline -0.014 -11"><span class='ocrx_word' id='word_1_490' title='bbox 113 5669 238 5735; x_wconf 81' lang='lat'><strong>295)</strong></span> <span class='ocrx_word' id='word_1_491' title='bbox 269 5669 364 5719; x_wconf 85' lang='lat' dir='ltr'>Ita</span> <span class='ocrx_word' id='word_1_492' title='bbox 391 5669 458 5718; x_wconf 90' lang='lat' dir='ltr'>L.</span> <span class='ocrx_word' id='word_1_493' title='bbox 493 5669 536 5719; x_wconf 92' lang='lat' dir='ltr'>M</span> 
     </span>
     <span class='ocr_line' id='line_1_79' title="bbox 95 5669 536 5810; baseline -0.016 -14"><span class='ocrx_word' id='word_1_494' title='bbox 95 5669 244 5810; x_wconf 60' lang='lat' dir='ltr'><strong>l296)</strong></span> <span class='ocrx_word' id='word_1_495' title='bbox 266 5737 456 5793; x_wconf 78' lang='lat' dir='ltr'>Deest.</span> <span class='ocrx_word' id='word_1_496' title='bbox 487 5750 536 5790; x_wconf 77' lang='grc' dir='ltr'>ε.</span> 
     </span>
    </p>
   </div>
   <div class='ocr_carea' id='block_1_79' title="bbox 319 5834 768 5890">
    <p class='ocr_par' dir='ltr' id='par_1_79' title="bbox 319 5834 768 5890">
     <span class='ocr_line' id='line_1_80' title="bbox 319 5834 768 5890; baseline -0.004 0"><span class='ocrx_word' id='word_1_497' title='bbox 319 5837 563 5890; x_wconf 72' lang='grc' dir='ltr'>ΡΑηοι..</span> <span class='ocrx_word' id='word_1_498' title='bbox 596 5834 768 5889; x_wconf 84' lang='lat' dir='ltr'>CXLI.</span> 
     </span>
    </p>
   </div>
   <div class='ocr_carea' id='block_1_80' title="bbox 1778 1907 3429 1981">
    <p class='ocr_par' dir='ltr' id='par_1_80' title="bbox 1778 1907 3429 1981">
     <span class='ocr_line' id='line_1_81' title="bbox 1778 1907 3429 1981; baseline 0.001 -19"><span class='ocrx_word' id='word_1_499' title='bbox 1778 1923 2077 1963; x_wconf 91' lang='lat' dir='ltr'>consensu</span> <span class='ocrx_word' id='word_1_500' title='bbox 2109 1907 2246 1962; x_wconf 90' lang='lat' dir='ltr'>cleri</span> <span class='ocrx_word' id='word_1_501' title='bbox 2277 1924 2344 1964; x_wconf 90' lang='lat' dir='ltr'>ac</span> <span class='ocrx_word' id='word_1_502' title='bbox 2373 1907 2580 1979; x_wconf 89' lang='lat' dir='ltr'>populi</span> <span class='ocrx_word' id='word_1_503' title='bbox 2618 1907 2971 1975; x_wconf 87' lang='lat' dir='ltr'>astantibus,</span> <span class='ocrx_word' id='word_1_504' title='bbox 3021 1908 3168 1963; x_wconf 93' lang='lat' dir='ltr'>illud</span> <span class='ocrx_word' id='word_1_505' title='bbox 3198 1912 3429 1981; x_wconf 90' lang='lat' dir='ltr'>aposto-</span> 
     </span>
    </p>
   </div>
   <div class='ocr_carea' id='block_1_81' title="bbox 1776 1995 3431 2068">
    <p class='ocr_par' dir='ltr' id='par_1_81' title="bbox 1776 1995 3431 2068">
     <span class='ocr_line' id='line_1_82' title="bbox 1776 1995 3431 2068; baseline 0.001 -18"><span class='ocrx_word' id='word_1_506' title='bbox 1776 1995 1958 2050; x_wconf 93' lang='lat' dir='ltr'>licum</span> <span class='ocrx_word' id='word_1_507' title='bbox 1989 1995 2285 2051; x_wconf 89' lang='lat' dir='ltr'>inhianter</span> <span class='ocrx_word' id='word_1_508' title='bbox 2331 1995 2682 2051; x_wconf 87' lang='lat' dir='ltr'>desiderans</span> <span class='ocrx_word' id='word_1_509' title='bbox 2725 1996 3133 2068; x_wconf 90' lang='lat' dir='ltr'>promissum:</span> <span class='ocrx_word' id='word_1_510' title='bbox 3187 1997 3300 2064; x_wconf 78' lang='lat' dir='ltr'>Qui</span> <span class='ocrx_word' id='word_1_511' title='bbox 3343 2011 3431 2052; x_wconf 82' lang='lat' dir='ltr'>se-</span> 
     </span>
    </p>
   </div>
   <div class='ocr_carea' id='block_1_82' title="bbox 1779 2085 3430 2151">
    <p class='ocr_par' dir='ltr' id='par_1_82' title="bbox 1779 2085 3430 2151">
     <span class='ocr_line' id='line_1_83' title="bbox 1779 2085 3430 2151; baseline 0.001 -13"><span class='ocrx_word' id='word_1_512' title='bbox 1779 2085 1966 2139; x_wconf 78' lang='lat' dir='ltr'>minat</span> <span class='ocrx_word' id='word_1_513' title='bbox 1999 2085 2059 2139; x_wconf 82' lang='lat' dir='ltr'>in</span> <span class='ocrx_word' id='word_1_514' title='bbox 2085 2085 2501 2150; x_wconf 69' lang='lat' dir='ltr'>benedictione,</span> <span class='ocrx_word' id='word_1_515' title='bbox 2533 2087 2594 2139; x_wconf 80' lang='lat' dir='ltr'>in</span> <span class='ocrx_word' id='word_1_516' title='bbox 2623 2085 3122 2141; x_wconf 75' lang='lat' dir='ltr'>benedictionibus</span> <span class='ocrx_word' id='word_1_517' title='bbox 3153 2091 3206 2141; x_wconf 78' lang='lat' dir='ltr'>et</span> <span class='ocrx_word' id='word_1_518' title='bbox 3235 2091 3430 2151; x_wconf 81' lang='lat' dir='ltr'>metet,</span> 
     </span>
    </p>
   </div>
   <div class='ocr_carea' id='block_1_83' title="bbox 1779 2171 3436 2245">
    <p class='ocr_par' dir='ltr' id='par_1_83' title="bbox 1779 2171 3436 2245">
     <span class='ocr_line' id='line_1_84' title="bbox 1779 2171 3436 2245; baseline 0.001 -19"><span class='ocrx_word' id='word_1_519' title='bbox 1779 2171 2052 2245; x_wconf 85' lang='lat' dir='ltr'>pluribus</span> <span class='ocrx_word' id='word_1_520' title='bbox 2086 2172 2216 2228; x_wconf 87' lang='lat' dir='ltr'>auri</span> <span class='ocrx_word' id='word_1_521' title='bbox 2246 2172 2691 2244; x_wconf 88' lang='lat' dir='ltr'>sericorumque</span> <span class='ocrx_word' id='word_1_522' title='bbox 2721 2171 2984 2227; x_wconf 90' lang='lat' dir='ltr'>donariis</span> <span class='ocrx_word' id='word_1_523' title='bbox 3025 2173 3283 2244; x_wconf 89' lang='lat' dir='ltr'>doteque</span> <span class='ocrx_word' id='word_1_524' title='bbox 3314 2173 3436 2228; x_wconf 74' lang='lat' dir='ltr'>lue—</span> 
     </span>
    </p>
   </div>
   <div class='ocr_carea' id='block_1_84' title="bbox 1779 2260 3441 2323">
    <p class='ocr_par' dir='ltr' id='par_1_84' title="bbox 1779 2260 3441 2323">
     <span class='ocr_line' id='line_1_85' title="bbox 1779 2260 3441 2323; baseline 0.001 -8"><span class='ocrx_word' id='word_1_525' title='bbox 1779 2261 2060 2316; x_wconf 86' lang='lat' dir='ltr'>reditaria</span> <span class='ocrx_word' id='word_1_526' title='bbox 2115 2278 2302 2323; x_wconf 82' lang='lat' dir='ltr'>quam</span> <span class='ocrx_word' id='word_1_527' title='bbox 2360 2261 2620 2316; x_wconf 82' lang='lat' dir='ltr'>maxime</span> <span class='ocrx_word' id='word_1_528' title='bbox 2673 2260 2828 2316; x_wconf 89' lang='lat' dir='ltr'>hanc</span> <span class='ocrx_word' id='word_1_529' title='bbox 2876 2260 3242 2316; x_wconf 87' lang='lat' dir='ltr'>laudabilem</span> <span class='ocrx_word' id='word_1_530' title='bbox 3281 2261 3441 2317; x_wconf 90' lang='lat' dir='ltr'>basi-</span> 
     </span>
    </p>
   </div>
   <div class='ocr_carea' id='block_1_85' title="bbox 1780 2346 3441 2405">
    <p class='ocr_par' dir='ltr' id='par_1_85' title="bbox 1780 2346 3441 2405">
     <span class='ocr_line' id='line_1_86' title="bbox 1780 2346 3441 2405; baseline 0.001 -4"><span class='ocrx_word' id='word_1_531' title='bbox 1780 2346 1958 2403; x_wconf 88' lang='lat' dir='ltr'>licam</span> <span class='ocrx_word' id='word_1_532' title='bbox 1989 2349 2313 2405; x_wconf 84' lang='lat' dir='ltr'>honorifice</span> <span class='ocrx_word' id='word_1_533' title='bbox 2343 2349 2570 2405; x_wconf 90' lang='lat' dir='ltr'>ditavit.</span> <span class='ocrx_word' id='word_1_534' title='bbox 2602 2348 2820 2404; x_wconf 87' lang='lat' dir='ltr'>Deinde</span> <span class='ocrx_word' id='word_1_535' title='bbox 2853 2367 3022 2405; x_wconf 89' lang='lat' dir='ltr'>sacro</span> <span class='ocrx_word' id='word_1_536' title='bbox 3049 2349 3441 2405; x_wconf 88' lang='lat' dir='ltr'>dedicationis</span> 
     </span>
    </p>
   </div>
   <div class='ocr_carea' id='block_1_86' title="bbox 1780 2437 3443 2508">
    <p class='ocr_par' dir='ltr' id='par_1_86' title="bbox 1780 2437 3443 2508">
     <span class='ocr_line' id='line_1_87' title="bbox 1780 2437 3443 2508; baseline 0.001 -18"><span class='ocrx_word' id='word_1_537' title='bbox 1780 2437 2032 2508; x_wconf 90' lang='lat' dir='ltr'>hujusce</span> <span class='ocrx_word' id='word_1_538' title='bbox 2054 2438 2148 2492; x_wconf 89' lang='lat' dir='ltr'>die</span> <span class='ocrx_word' id='word_1_539' title='bbox 2195 2443 2408 2493; x_wconf 88' lang='lat' dir='ltr'>octavo</span> <span class='ocrx_word' id='word_1_540' title='bbox 2439 2437 2937 2507; x_wconf 82' lang='lat' dir='ltr'>Meresburgensis</span> <span class='ocrx_word' id='word_1_541' title='bbox 2968 2437 3230 2493; x_wconf 64' lang='lat' dir='ltr'>ecclesiae</span> <span class='ocrx_word' id='word_1_542' title='bbox 3279 2437 3443 2492; x_wconf 88' lang='lat' dir='ltr'>dedi-</span> 
     </span>
    </p>
   </div>
   <div class='ocr_carea' id='block_1_87' title="bbox 1782 2523 3441 2597">
    <p class='ocr_par' dir='ltr' id='par_1_87' title="bbox 1782 2523 3441 2597">
     <span class='ocr_line' id='line_1_88' title="bbox 1782 2523 3441 2597; baseline 0.001 -18"><span class='ocrx_word' id='word_1_543' title='bbox 1782 2525 2076 2580; x_wconf 89' lang='lat' dir='ltr'>cationem</span> <span class='ocrx_word' id='word_1_544' title='bbox 2126 2557 2194 2564; x_wconf 92' lang='lat'>——</span> <span class='ocrx_word' id='word_1_545' title='bbox 2246 2541 2357 2597; x_wconf 87' lang='lat' dir='ltr'>pro</span> <span class='ocrx_word' id='word_1_546' title='bbox 2414 2525 2899 2596; x_wconf 90' lang='lat' dir='ltr'>corruptibilibus</span> <span class='ocrx_word' id='word_1_547' title='bbox 2949 2523 3441 2596; x_wconf 88' lang='lat' dir='ltr'>incorruptibilia,</span> 
     </span>
    </p>
   </div>
   <div class='ocr_carea' id='block_1_88' title="bbox 1783 2612 3442 2685">
    <p class='ocr_par' dir='ltr' id='par_1_88' title="bbox 1783 2612 3442 2685">
     <span class='ocr_line' id='line_1_89' title="bbox 1783 2612 3442 2685; baseline 0 -18"><span class='ocrx_word' id='word_1_548' title='bbox 1783 2629 1891 2684; x_wconf 91' lang='lat' dir='ltr'>pro</span> <span class='ocrx_word' id='word_1_549' title='bbox 1923 2613 2350 2684; x_wconf 89' lang='lat' dir='ltr'>temporalibus</span> <span class='ocrx_word' id='word_1_550' title='bbox 2398 2617 2640 2681; x_wconf 71' lang='lat' dir='ltr'>aeterna,</span> <span class='ocrx_word' id='word_1_551' title='bbox 2691 2629 2826 2685; x_wconf 85' lang='lat' dir='ltr'>quae</span> <span class='ocrx_word' id='word_1_552' title='bbox 2879 2612 3089 2668; x_wconf 90' lang='lat' dir='ltr'>oculus</span> <span class='ocrx_word' id='word_1_553' title='bbox 3146 2628 3267 2667; x_wconf 92' lang='lat' dir='ltr'>non</span> <span class='ocrx_word' id='word_1_554' title='bbox 3293 2612 3442 2667; x_wconf 87' lang='lat' dir='ltr'>vidit</span> 
     </span>
    </p>
   </div>
   <div class='ocr_carea' id='block_1_89' title="bbox 1781 2701 3439 2758">
    <p class='ocr_par' dir='ltr' id='par_1_89' title="bbox 1781 2701 3439 2758">
     <span class='ocr_line' id='line_1_90' title="bbox 1781 2701 3439 2758; baseline -0.001 -1"><span class='ocrx_word' id='word_1_555' title='bbox 1781 2718 1890 2757; x_wconf 91' lang='lat' dir='ltr'>nec</span> <span class='ocrx_word' id='word_1_556' title='bbox 1922 2701 2081 2756; x_wconf 91' lang='lat' dir='ltr'>auris</span> <span class='ocrx_word' id='word_1_557' title='bbox 2139 2701 2366 2758; x_wconf 90' lang='lat' dir='ltr'>audivit</span> <span class='ocrx_word' id='word_1_558' title='bbox 2396 2717 2504 2756; x_wconf 90' lang='lat' dir='ltr'>nec</span> <span class='ocrx_word' id='word_1_559' title='bbox 2562 2702 2621 2756; x_wconf 92' lang='lat' dir='ltr'>in</span> <span class='ocrx_word' id='word_1_560' title='bbox 2680 2701 2863 2757; x_wconf 91' lang='lat' dir='ltr'>corda</span> <span class='ocrx_word' id='word_1_561' title='bbox 2895 2701 3290 2757; x_wconf 87' lang='lat' dir='ltr'>ascenderant</span> <span class='ocrx_word' id='word_1_562' title='bbox 3325 2702 3439 2756; x_wconf 91' lang='lat' dir='ltr'>hu-</span> 
     </span>
    </p>
   </div>
   <div class='ocr_carea' id='block_1_90' title="bbox 1783 2789 3441 2862">
    <p class='ocr_par' dir='ltr' id='par_1_90' title="bbox 1783 2789 3441 2862">
     <span class='ocr_line' id='line_1_91' title="bbox 1783 2789 3441 2862; baseline -0.001 -16"><span class='ocrx_word' id='word_1_563' title='bbox 1783 2806 1966 2846; x_wconf 90' lang='lat' dir='ltr'>mana</span> <span class='ocrx_word' id='word_1_564' title='bbox 1995 2806 2129 2862; x_wconf 65' lang='lat' dir='ltr'>quae</span> <span class='ocrx_word' id='word_1_565' title='bbox 2159 2793 2310 2845; x_wconf 91' lang='lat' dir='ltr'>Deus</span> <span class='ocrx_word' id='word_1_566' title='bbox 2339 2790 2702 2862; x_wconf 59' lang='lat' dir='ltr'>praeparavit</span> <span class='ocrx_word' id='word_1_567' title='bbox 2729 2789 3110 2859; x_wconf 90' lang='lat' dir='ltr'>diligentibus</span> <span class='ocrx_word' id='word_1_568' title='bbox 3141 2806 3203 2846; x_wconf 93' lang='lat' dir='ltr'>se</span> <span class='ocrx_word' id='word_1_569' title='bbox 3233 2821 3302 2829; x_wconf 91' lang='lat'>——</span> <span class='ocrx_word' id='word_1_570' title='bbox 3322 2789 3441 2844; x_wconf 87' lang='lat' dir='ltr'>vis-</span> 
     </span>
    </p>
   </div>
   <div class='ocr_carea' id='block_1_91' title="bbox 1785 2877 3438 2951">
    <p class='ocr_par' dir='ltr' id='par_1_91' title="bbox 1785 2877 3438 2951">
     <span class='ocr_line' id='line_1_92' title="bbox 1785 2877 3438 2951; baseline -0.001 -16"><span class='ocrx_word' id='word_1_571' title='bbox 1785 2896 1916 2935; x_wconf 89' lang='lat' dir='ltr'>cere</span> <span class='ocrx_word' id='word_1_572' title='bbox 1942 2884 2115 2934; x_wconf 91' lang='lat' dir='ltr'>tenus</span> <span class='ocrx_word' id='word_1_573' title='bbox 2155 2879 2432 2947; x_wconf 88' lang='lat' dir='ltr'>sitiendo,</span> <span class='ocrx_word' id='word_1_574' title='bbox 2464 2893 2587 2933; x_wconf 90' lang='lat' dir='ltr'>non</span> <span class='ocrx_word' id='word_1_575' title='bbox 2619 2878 2831 2951; x_wconf 87' lang='lat' dir='ltr'>impari</span> <span class='ocrx_word' id='word_1_576' title='bbox 2861 2877 3206 2951; x_wconf 88' lang='lat' dir='ltr'>tripudiavit</span> <span class='ocrx_word' id='word_1_577' title='bbox 3231 2877 3438 2947; x_wconf 88' lang='lat' dir='ltr'>gloria.</span> 
     </span>
    </p>
   </div>
   <div class='ocr_carea' id='block_1_92' title="bbox 1785 2966 3441 3041">
    <p class='ocr_par' dir='ltr' id='par_1_92' title="bbox 1785 2966 3441 3041">
     <span class='ocr_line' id='line_1_93' title="bbox 1785 2966 3441 3041; baseline -0.003 -15"><span class='ocrx_word' id='word_1_578' title='bbox 1785 2969 2055 3026; x_wconf 86' lang='lat' dir='ltr'>Perfectis</span> <span class='ocrx_word' id='word_1_579' title='bbox 2084 2969 2284 3041; x_wconf 90' lang='lat' dir='ltr'>itaque</span> <span class='ocrx_word' id='word_1_580' title='bbox 2311 2967 2884 3039; x_wconf 89' lang='lat' dir='ltr'>consummatisque,</span> <span class='ocrx_word' id='word_1_581' title='bbox 2941 2972 3006 3023; x_wconf 92' lang='lat' dir='ltr'>ut</span> <span class='ocrx_word' id='word_1_582' title='bbox 3034 2966 3441 3040; x_wconf 67' lang='lat' dir='ltr'>praediximus,</span> 
     </span>
    </p>
   </div>
   <div class='ocr_carea' id='block_1_93' title="bbox 1784 3055 3447 3129">
    <p class='ocr_par' dir='ltr' id='par_1_93' title="bbox 1784 3055 3447 3129">
     <span class='ocr_line' id='line_1_94' title="bbox 1784 3055 3447 3129; baseline -0.002 -14"><span class='ocrx_word' id='word_1_583' title='bbox 1784 3059 2231 3115; x_wconf 91' lang='lat' dir='ltr'>dedicationum</span> <span class='ocrx_word' id='word_1_584' title='bbox 2295 3055 2720 3127; x_wconf 88' lang='lat' dir='ltr'>gaudimoniis,</span> <span class='ocrx_word' id='word_1_585' title='bbox 2771 3056 3098 3129; x_wconf 90' lang='lat' dir='ltr'>imperator</span> <span class='ocrx_word' id='word_1_586' title='bbox 3151 3060 3447 3126; x_wconf 86' lang='lat' dir='ltr'>angustus</span> 
     </span>
    </p>
   </div>
   <div class='ocr_carea' id='block_1_94' title="bbox 1717 3146 3446 3235">
    <p class='ocr_par' dir='ltr' id='par_1_94' title="bbox 1717 3146 3446 3235">
     <span class='ocr_line' id='line_1_95' title="bbox 1717 3146 3446 3235; baseline -0.002 -31"><span class='ocrx_word' id='word_1_587' title='bbox 1717 3178 1760 3235; x_wconf 66' lang='grc' dir='ltr'>ε</span> <span class='ocrx_word' id='word_1_588' title='bbox 1788 3148 1989 3204; x_wconf 92' lang='lat' dir='ltr'>locum</span> <span class='ocrx_word' id='word_1_589' title='bbox 2016 3146 2322 3220; x_wconf 89' lang='lat' dir='ltr'>quendam</span> <span class='ocrx_word' id='word_1_590' title='bbox 2347 3146 2516 3217; x_wconf 87' lang='lat' dir='ltr'>regni</span> <span class='ocrx_word' id='word_1_591' title='bbox 2541 3147 2760 3219; x_wconf 66' lang='lat' dir='ltr'>srepius</span> <span class='ocrx_word' id='word_1_592' title='bbox 2803 3162 2987 3219; x_wconf 90' lang='lat' dir='ltr'>supra</span> <span class='ocrx_word' id='word_1_593' title='bbox 3023 3150 3446 3215; x_wconf 89' lang='lat' dir='ltr'>memoratum,</span> 
     </span>
    </p>
   </div>
   <div class='ocr_carea' id='block_1_95' title="bbox 1790 3234 3451 3306">
    <p class='ocr_par' dir='ltr' id='par_1_95' title="bbox 1790 3234 3451 3306">
     <span class='ocr_line' id='line_1_96' title="bbox 1790 3234 3451 3306; baseline -0.001 -15"><span class='ocrx_word' id='word_1_594' title='bbox 1790 3236 2014 3292; x_wconf 85' lang='lat' dir='ltr'>Alstedi</span> <span class='ocrx_word' id='word_1_595' title='bbox 2064 3236 2310 3302; x_wconf 90' lang='lat' dir='ltr'>dictum,</span> <span class='ocrx_word' id='word_1_596' title='bbox 2359 3235 2457 3292; x_wconf 90' lang='lat' dir='ltr'>via</span> <span class='ocrx_word' id='word_1_597' title='bbox 2505 3234 2862 3306; x_wconf 85' lang='lat' dir='ltr'>aggrediens</span> <span class='ocrx_word' id='word_1_598' title='bbox 2913 3234 3258 3301; x_wconf 90' lang='lat' dir='ltr'>accelerata,</span> <span class='ocrx_word' id='word_1_599' title='bbox 3310 3249 3451 3289; x_wconf 87' lang='lat' dir='ltr'>con-</span> 
     </span>
    </p>
   </div>
   <div class='ocr_carea' id='block_1_96' title="bbox 1787 3321 3447 3396">
    <p class='ocr_par' dir='ltr' id='par_1_96' title="bbox 1787 3321 3447 3396">
     <span class='ocr_line' id='line_1_97' title="bbox 1787 3321 3447 3396; baseline -0.001 -18"><span class='ocrx_word' id='word_1_600' title='bbox 1787 3322 2104 3396; x_wconf 90' lang='lat' dir='ltr'>ductisque</span> <span class='ocrx_word' id='word_1_601' title='bbox 2162 3323 2487 3379; x_wconf 79' lang='lat' dir='ltr'>Germaniae</span> <span class='ocrx_word' id='word_1_602' title='bbox 2545 3323 2775 3395; x_wconf 90' lang='lat' dir='ltr'>primis,</span> <span class='ocrx_word' id='word_1_603' title='bbox 2808 3327 2987 3395; x_wconf 90' lang='lat' dir='ltr'>prout</span> <span class='ocrx_word' id='word_1_604' title='bbox 3032 3338 3287 3379; x_wconf 88' lang='lat' dir='ltr'>censura</span> <span class='ocrx_word' id='word_1_605' title='bbox 3325 3321 3447 3378; x_wconf 87' lang='lat' dir='ltr'>exi-</span> 
     </span>
    </p>
   </div>
   <div class='ocr_carea' id='block_1_97' title="bbox 1788 3410 3447 3482">
    <p class='ocr_par' dir='ltr' id='par_1_97' title="bbox 1788 3410 3447 3482">
     <span class='ocr_line' id='line_1_98' title="bbox 1788 3410 3447 3482; baseline -0.001 -16"><span class='ocrx_word' id='word_1_606' title='bbox 1788 3415 1954 3479; x_wconf 81' lang='lat' dir='ltr'>gerat</span> <span class='ocrx_word' id='word_1_607' title='bbox 1982 3410 2327 3482; x_wconf 84' lang='lat' dir='ltr'>imperialis,</span> <span class='ocrx_word' id='word_1_608' title='bbox 2380 3426 2670 3479; x_wconf 88' lang='lat' dir='ltr'>magnum</span> <span class='ocrx_word' id='word_1_609' title='bbox 2728 3410 2947 3465; x_wconf 90' lang='lat' dir='ltr'>ibidem</span> <span class='ocrx_word' id='word_1_610' title='bbox 2992 3410 3223 3482; x_wconf 87' lang='lat' dir='ltr'>peragit</span> <span class='ocrx_word' id='word_1_611' title='bbox 3251 3410 3447 3465; x_wconf 89' lang='lat' dir='ltr'>consi-</span> 
     </span>
    </p>
   </div>
   <div class='ocr_carea' id='block_1_98' title="bbox 1786 3497 3447 3570">
    <p class='ocr_par' dir='ltr' id='par_1_98' title="bbox 1786 3497 3447 3570">
     <span class='ocr_line' id='line_1_99' title="bbox 1786 3497 3447 3570; baseline 0 -16"><span class='ocrx_word' id='word_1_612' title='bbox 1786 3500 1954 3555; x_wconf 87' lang='lat' dir='ltr'>lium.</span> <span class='ocrx_word' id='word_1_613' title='bbox 1987 3499 2183 3554; x_wconf 85' lang='lat' dir='ltr'>Rebus</span> <span class='ocrx_word' id='word_1_614' title='bbox 2214 3514 2478 3570; x_wconf 87' lang='lat' dir='ltr'>namque</span> <span class='ocrx_word' id='word_1_615' title='bbox 2505 3497 2829 3567; x_wconf 87' lang='lat' dir='ltr'>regalibus,</span> <span class='ocrx_word' id='word_1_616' title='bbox 2875 3501 3053 3569; x_wconf 92' lang='lat' dir='ltr'>prout</span> <span class='ocrx_word' id='word_1_617' title='bbox 3081 3498 3314 3566; x_wconf 87' lang='lat' dir='ltr'>sagacis</span> <span class='ocrx_word' id='word_1_618' title='bbox 3353 3499 3447 3555; x_wconf 91' lang='lat' dir='ltr'>sui</span> 
     </span>
    </p>
   </div>
   <div class='ocr_carea' id='block_1_99' title="bbox 1786 3585 3441 3658">
    <p class='ocr_par' dir='ltr' id='par_1_99' title="bbox 1786 3585 3441 3658">
     <span class='ocr_line' id='line_1_100' title="bbox 1786 3585 3441 3658; baseline -0.002 -14"><span class='ocrx_word' id='word_1_619' title='bbox 1786 3588 2007 3658; x_wconf 88' lang='lat' dir='ltr'>ingenii</span> <span class='ocrx_word' id='word_1_620' title='bbox 2037 3586 2329 3642; x_wconf 88' lang='lat' dir='ltr'>industria</span> <span class='ocrx_word' id='word_1_621' title='bbox 2360 3585 2664 3654; x_wconf 88' lang='lat' dir='ltr'>docuerat,</span> <span class='ocrx_word' id='word_1_622' title='bbox 2725 3585 3026 3657; x_wconf 90' lang='lat' dir='ltr'>sapienter</span> <span class='ocrx_word' id='word_1_623' title='bbox 3074 3585 3441 3658; x_wconf 90' lang='lat' dir='ltr'>compositis,</span> 
     </span>
    </p>
   </div>
   <div class='ocr_carea' id='block_1_100' title="bbox 1788 3673 3446 3748">
    <p class='ocr_par' dir='ltr' id='par_1_100' title="bbox 1788 3673 3446 3748">
     <span class='ocr_line' id='line_1_101' title="bbox 1788 3673 3446 3748; baseline -0.003 -15"><span class='ocrx_word' id='word_1_624' title='bbox 1788 3694 1848 3733; x_wconf 91' lang='lat' dir='ltr'>se</span> <span class='ocrx_word' id='word_1_625' title='bbox 1879 3691 2107 3748; x_wconf 88' lang='lat' dir='ltr'>suaque</span> <span class='ocrx_word' id='word_1_626' title='bbox 2164 3673 2369 3730; x_wconf 90' lang='lat' dir='ltr'>omnia</span> <span class='ocrx_word' id='word_1_627' title='bbox 2423 3689 2617 3728; x_wconf 83' lang='lat' dir='ltr'>aureae</span> <span class='ocrx_word' id='word_1_628' title='bbox 2670 3675 2998 3742; x_wconf 80' lang='lat' dir='ltr'>Saxonum,</span> <span class='ocrx_word' id='word_1_629' title='bbox 3032 3688 3214 3728; x_wconf 78' lang='lat' dir='ltr'>saxea</span> <span class='ocrx_word' id='word_1_630' title='bbox 3260 3673 3446 3729; x_wconf 87' lang='lat' dir='ltr'>corda</span> 
     </span>
    </p>
   </div>
   <div class='ocr_carea' id='block_1_101' title="bbox 1786 3759 3442 3836">
    <p class='ocr_par' dir='ltr' id='par_1_101' title="bbox 1786 3759 3442 3836">
     <span class='ocr_line' id='line_1_102' title="bbox 1786 3759 3442 3836; baseline -0.002 -16"><span class='ocrx_word' id='word_1_631' title='bbox 1786 3765 2138 3836; x_wconf 90' lang='lat' dir='ltr'>gerentium,</span> <span class='ocrx_word' id='word_1_632' title='bbox 2165 3761 2304 3817; x_wconf 89' lang='lat' dir='ltr'>ﬁdei</span> <span class='ocrx_word' id='word_1_633' title='bbox 2352 3761 2809 3832; x_wconf 92' lang='lat' dir='ltr'>commendans,</span> <span class='ocrx_word' id='word_1_634' title='bbox 2844 3760 2905 3816; x_wconf 92' lang='lat' dir='ltr'>in</span> <span class='ocrx_word' id='word_1_635' title='bbox 2950 3759 3172 3833; x_wconf 90' lang='lat' dir='ltr'>quibus</span> <span class='ocrx_word' id='word_1_636' title='bbox 3221 3764 3442 3834; x_wconf 87' lang='lat' dir='ltr'>patres,</span> 
     </span>
    </p>
   </div>
   <div class='ocr_carea' id='block_1_102' title="bbox 1787 3849 3444 3926">
    <p class='ocr_par' dir='ltr' id='par_1_102' title="bbox 1787 3849 3444 3926">
     <span class='ocr_line' id='line_1_103' title="bbox 1787 3849 3444 3926; baseline -0.002 -17"><span class='ocrx_word' id='word_1_637' title='bbox 1787 3851 2125 3926; x_wconf 86' lang='lat' dir='ltr'>sceptrigeri</span> <span class='ocrx_word' id='word_1_638' title='bbox 2177 3851 2566 3924; x_wconf 87' lang='lat' dir='ltr'>imperatores</span> <span class='ocrx_word' id='word_1_639' title='bbox 2645 3849 2938 3920; x_wconf 90' lang='lat' dir='ltr'>videlicet,</span> <span class='ocrx_word' id='word_1_640' title='bbox 2984 3849 3281 3906; x_wconf 90' lang='lat' dir='ltr'>vincendo</span> <span class='ocrx_word' id='word_1_641' title='bbox 3350 3866 3444 3906; x_wconf 90' lang='lat' dir='ltr'>re-</span> 
     </span>
    </p>
   </div>
   <div class='ocr_carea' id='block_1_103' title="bbox 1787 3937 3446 4012">
    <p class='ocr_par' dir='ltr' id='par_1_103' title="bbox 1787 3937 3446 4012">
     <span class='ocr_line' id='line_1_104' title="bbox 1787 3937 3446 4012; baseline -0.002 -15"><span class='ocrx_word' id='word_1_642' title='bbox 1787 3946 2058 4011; x_wconf 89' lang='lat' dir='ltr'>gnantes,</span> <span class='ocrx_word' id='word_1_643' title='bbox 2091 3939 2402 4011; x_wconf 86' lang='lat' dir='ltr'>regnando</span> <span class='ocrx_word' id='word_1_644' title='bbox 2428 3939 2732 3996; x_wconf 86' lang='lat' dir='ltr'>fructuose</span> <span class='ocrx_word' id='word_1_645' title='bbox 2759 3937 3142 4012; x_wconf 88' lang='lat' dir='ltr'>imperantes,</span> <span class='ocrx_word' id='word_1_646' title='bbox 3177 3937 3446 3995; x_wconf 88' lang='lat' dir='ltr'>ﬁrmissi-</span> 
     </span>
    </p>
   </div>
   <div class='ocr_carea' id='block_1_104' title="bbox 1785 4031 3446 4106">
    <p class='ocr_par' dir='ltr' id='par_1_104' title="bbox 1785 4031 3446 4106">
     <span class='ocr_line' id='line_1_105' title="bbox 1785 4031 3446 4106; baseline -0.004 -16"><span class='ocrx_word' id='word_1_647' title='bbox 1785 4051 1952 4090; x_wconf 91' lang='lat' dir='ltr'>mam</span> <span class='ocrx_word' id='word_1_648' title='bbox 2004 4033 2131 4106; x_wconf 87' lang='lat' dir='ltr'>spei</span> <span class='ocrx_word' id='word_1_649' title='bbox 2177 4034 2327 4104; x_wconf 84' lang='lat'><strong>(298)</strong></span> <span class='ocrx_word' id='word_1_650' title='bbox 2386 4031 2706 4088; x_wconf 83' lang='lat' dir='ltr'>intixerant</span> <span class='ocrx_word' id='word_1_651' title='bbox 2763 4031 3093 4088; x_wconf 89' lang='lat' dir='ltr'>anchoram</span> <span class='ocrx_word' id='word_1_652' title='bbox 3128 4045 3446 4103; x_wconf 86' lang='lat' dir='ltr'>;quosque</span> 
     </span>
    </p>
   </div>
   <div class='ocr_carea' id='block_1_105' title="bbox 1785 4120 3449 4193">
    <p class='ocr_par' dir='ltr' id='par_1_105' title="bbox 1785 4120 3449 4193">
     <span class='ocr_line' id='line_1_106' title="bbox 1785 4120 3449 4193; baseline -0.003 -15"><span class='ocrx_word' id='word_1_653' title='bbox 1785 4122 1951 4191; x_wconf 88' lang='lat' dir='ltr'>regni</span> <span class='ocrx_word' id='word_1_654' title='bbox 2011 4121 2358 4178; x_wconf 90' lang='lat' dir='ltr'>columnam</span> <span class='ocrx_word' id='word_1_655' title='bbox 2408 4120 2746 4193; x_wconf 88' lang='lat' dir='ltr'>proﬁtendo</span> <span class='ocrx_word' id='word_1_656' title='bbox 2795 4120 3228 4192; x_wconf 90' lang='lat' dir='ltr'>munimenque</span> <span class='ocrx_word' id='word_1_657' title='bbox 3286 4133 3449 4188; x_wconf 85' lang='lat' dir='ltr'>egre-</span> 
     </span>
    </p>
   </div>
   <div class='ocr_carea' id='block_1_106' title="bbox 1787 4207 3446 4280">
    <p class='ocr_par' dir='ltr' id='par_1_106' title="bbox 1787 4207 3446 4280">
     <span class='ocr_line' id='line_1_107' title="bbox 1787 4207 3446 4280; baseline -0.005 -14"><span class='ocrx_word' id='word_1_658' title='bbox 1787 4210 1951 4279; x_wconf 88' lang='lat' dir='ltr'>gium</span> <span class='ocrx_word' id='word_1_659' title='bbox 1992 4209 2453 4280; x_wconf 89' lang='lat' dir='ltr'>congaudendo,</span> <span class='ocrx_word' id='word_1_660' title='bbox 2508 4207 2960 4280; x_wconf 87' lang='lat' dir='ltr'>paciferumque</span> <span class='ocrx_word' id='word_1_661' title='bbox 3011 4207 3266 4262; x_wconf 90' lang='lat' dir='ltr'>heroum</span> <span class='ocrx_word' id='word_1_662' title='bbox 3318 4220 3446 4274; x_wconf 90' lang='lat' dir='ltr'>ger-</span> 
     </span>
    </p>
   </div>
   <div class='ocr_carea' id='block_1_107' title="bbox 1784 4293 3445 4368">
    <p class='ocr_par' dir='ltr' id='par_1_107' title="bbox 1784 4293 3445 4368">
     <span class='ocr_line' id='line_1_108' title="bbox 1784 4293 3445 4368; baseline -0.005 -13"><span class='ocrx_word' id='word_1_663' title='bbox 1784 4316 1924 4355; x_wconf 91' lang='lat' dir='ltr'>men</span> <span class='ocrx_word' id='word_1_664' title='bbox 1955 4299 2245 4368; x_wconf 92' lang='lat' dir='ltr'>inclitum,</span> <span class='ocrx_word' id='word_1_665' title='bbox 2277 4303 2442 4354; x_wconf 88' lang='lat' dir='ltr'>veste</span> <span class='ocrx_word' id='word_1_666' title='bbox 2469 4301 2691 4368; x_wconf 87' lang='lat' dir='ltr'>togata,</span> <span class='ocrx_word' id='word_1_667' title='bbox 2732 4297 2836 4351; x_wconf 90' lang='lat' dir='ltr'>sed</span> <span class='ocrx_word' id='word_1_668' title='bbox 2859 4310 3173 4368; x_wconf 90' lang='lat' dir='ltr'>nunquam</span> <span class='ocrx_word' id='word_1_669' title='bbox 3194 4293 3284 4349; x_wconf 91' lang='lat' dir='ltr'>vel</span> <span class='ocrx_word' id='word_1_670' title='bbox 3313 4308 3445 4348; x_wconf 90' lang='lat' dir='ltr'>sero</span> 
     </span>
    </p>
   </div>
   <div class='ocr_carea' id='block_1_108' title="bbox 1785 4381 3446 4454">
    <p class='ocr_par' dir='ltr' id='par_1_108' title="bbox 1785 4381 3446 4454">
     <span class='ocr_line' id='line_1_109' title="bbox 1785 4381 3446 4454; baseline -0.004 -12"><span class='ocrx_word' id='word_1_671' title='bbox 1785 4389 2046 4445; x_wconf 90' lang='lat' dir='ltr'>scissura</span> <span class='ocrx_word' id='word_1_672' title='bbox 2076 4388 2358 4444; x_wconf 91' lang='lat' dir='ltr'>continuo</span> <span class='ocrx_word' id='word_1_673' title='bbox 2387 4385 2666 4441; x_wconf 90' lang='lat' dir='ltr'>indutum</span> <span class='ocrx_word' id='word_1_674' title='bbox 2693 4383 3072 4454; x_wconf 86' lang='lat' dir='ltr'>gratulando,</span> <span class='ocrx_word' id='word_1_675' title='bbox 3104 4381 3188 4438; x_wconf 91' lang='lat' dir='ltr'>nil</span> <span class='ocrx_word' id='word_1_676' title='bbox 3215 4381 3327 4437; x_wconf 92' lang='lat' dir='ltr'>illis</span> <span class='ocrx_word' id='word_1_677' title='bbox 3347 4397 3446 4436; x_wconf 82' lang='lat' dir='ltr'>ex-</span> 
     </span>
    </p>
   </div>
   <div class='ocr_carea' id='block_1_109' title="bbox 1783 4471 3445 4551">
    <p class='ocr_par' dir='ltr' id='par_1_109' title="bbox 1783 4471 3445 4551">
     <span class='ocr_line' id='line_1_110' title="bbox 1783 4471 3445 4551; baseline -0.005 -19"><span class='ocrx_word' id='word_1_678' title='bbox 1783 4483 1954 4551; x_wconf 88' lang='lat' dir='ltr'>cepto</span> <span class='ocrx_word' id='word_1_679' title='bbox 1974 4481 2093 4534; x_wconf 93' lang='lat' dir='ltr'>Deo</span> <span class='ocrx_word' id='word_1_680' title='bbox 2140 4480 2517 4547; x_wconf 89' lang='lat' dir='ltr'>cognatoque</span> <span class='ocrx_word' id='word_1_681' title='bbox 2558 4473 2980 4541; x_wconf 89' lang='lat' dir='ltr'>bidiademate,</span> <span class='ocrx_word' id='word_1_682' title='bbox 3013 4471 3288 4544; x_wconf 63' lang='lat' dir='ltr'>praeferre</span> <span class='ocrx_word' id='word_1_683' title='bbox 3319 4474 3445 4525; x_wconf 87' lang='lat' dir='ltr'>stu-</span> 
     </span>
    </p>
   </div>
   <div class='ocr_carea' id='block_1_110' title="bbox 1783 4558 3445 4639">
    <p class='ocr_par' dir='ltr' id='par_1_110' title="bbox 1783 4558 3445 4639">
     <span class='ocr_line' id='line_1_111' title="bbox 1783 4558 3445 4639; baseline -0.007 -15"><span class='ocrx_word' id='word_1_684' title='bbox 1783 4567 1984 4624; x_wconf 91' lang='lat' dir='ltr'>dendo</span> <span class='ocrx_word' id='word_1_685' title='bbox 1998 4570 2249 4639; x_wconf 89' lang='lat' dir='ltr'>paterno</span> <span class='ocrx_word' id='word_1_686' title='bbox 2269 4563 2598 4619; x_wconf 88' lang='lat' dir='ltr'>dilexerant</span> <span class='ocrx_word' id='word_1_687' title='bbox 2619 4559 2835 4616; x_wconf 76' lang='lat' dir='ltr'>affectu</span> <span class='ocrx_word' id='word_1_688' title='bbox 2855 4591 2924 4599; x_wconf 95' lang='lat'>—</span> <span class='ocrx_word' id='word_1_689' title='bbox 2944 4575 3066 4631; x_wconf 90' lang='lat' dir='ltr'>quo</span> <span class='ocrx_word' id='word_1_690' title='bbox 3084 4559 3240 4614; x_wconf 86' lang='lat' dir='ltr'>facto</span> <span class='ocrx_word' id='word_1_691' title='bbox 3265 4558 3346 4614; x_wconf 92' lang='lat' dir='ltr'>sic</span> <span class='ocrx_word' id='word_1_692' title='bbox 3360 4558 3445 4614; x_wconf 89' lang='lat' dir='ltr'>rei</span> 
     </span>
    </p>
   </div>
   <div class='ocr_carea' id='block_1_111' title="bbox 1785 4645 3448 4724">
    <p class='ocr_par' dir='ltr' id='par_1_111' title="bbox 1785 4645 3448 4724">
     <span class='ocr_line' id='line_1_112' title="bbox 1785 4645 3448 4724; baseline -0.007 -12"><span class='ocrx_word' id='word_1_693' title='bbox 1785 4660 1999 4712; x_wconf 88' lang='lat' dir='ltr'>eventu</span> <span class='ocrx_word' id='word_1_694' title='bbox 2030 4655 2298 4724; x_wconf 83' lang='lat' dir='ltr'>exigente</span> <span class='ocrx_word' id='word_1_695' title='bbox 2326 4651 2506 4724; x_wconf 90' lang='lat' dir='ltr'>idque</span> <span class='ocrx_word' id='word_1_696' title='bbox 2549 4649 2716 4720; x_wconf 90' lang='lat' dir='ltr'>regni</span> <span class='ocrx_word' id='word_1_697' title='bbox 2734 4646 3122 4722; x_wconf 87' lang='lat' dir='ltr'>optimatibus</span> <span class='ocrx_word' id='word_1_698' title='bbox 3152 4645 3448 4702; x_wconf 87' lang='lat' dir='ltr'>inhianter</span> 
     </span>
    </p>
   </div>
   <div class='ocr_carea' id='block_1_112' title="bbox 1784 4734 3447 4820">
    <p class='ocr_par' dir='ltr' id='par_1_112' title="bbox 1784 4734 3447 4820">
     <span class='ocr_line' id='line_1_113' title="bbox 1784 4734 3447 4820; baseline -0.008 -18"><span class='ocrx_word' id='word_1_699' title='bbox 1784 4741 2446 4820; x_wconf 85' lang='lat' dir='ltr'>poscentibus,Alpium</span> <span class='ocrx_word' id='word_1_700' title='bbox 2474 4739 2648 4796; x_wconf 87' lang='lat' dir='ltr'>devia</span> <span class='ocrx_word' id='word_1_701' title='bbox 2665 4735 3160 4794; x_wconf 89' lang='lat' dir='ltr'>transvolandum</span> <span class='ocrx_word' id='word_1_702' title='bbox 3182 4734 3447 4808; x_wconf 87' lang='lat' dir='ltr'>proﬁcis-</span> 
     </span>
    </p>
   </div>
   <div class='ocr_carea' id='block_1_113' title="bbox 1787 4823 3449 4899">
    <p class='ocr_par' dir='ltr' id='par_1_113' title="bbox 1787 4823 3449 4899">
     <span class='ocr_line' id='line_1_114' title="bbox 1787 4823 3449 4899; baseline -0.007 -8"><span class='ocrx_word' id='word_1_703' title='bbox 1787 4835 1838 4890; x_wconf 92' lang='lat' dir='ltr'>ci</span> <span class='ocrx_word' id='word_1_704' title='bbox 1857 4834 2116 4890; x_wconf 89' lang='lat' dir='ltr'>inchoat.</span> <span class='ocrx_word' id='word_1_705' title='bbox 2140 4836 2406 4899; x_wconf 87' lang='lat' dir='ltr'>Quarum</span> <span class='ocrx_word' id='word_1_706' title='bbox 2425 4827 2769 4885; x_wconf 72' lang='lat' dir='ltr'>difﬁcultate</span> <span class='ocrx_word' id='word_1_707' title='bbox 2799 4826 3240 4897; x_wconf 88' lang='lat' dir='ltr'>enisa,cunctas</span> <span class='ocrx_word' id='word_1_708' title='bbox 3259 4823 3449 4894; x_wconf 88' lang='lat' dir='ltr'>regio-</span> 
     </span>
    </p>
   </div>
   <div class='ocr_carea' id='block_1_114' title="bbox 1787 4913 3452 4995">
    <p class='ocr_par' dir='ltr' id='par_1_114' title="bbox 1787 4913 3452 4995">
     <span class='ocr_line' id='line_1_115' title="bbox 1787 4913 3452 4995; baseline -0.007 -16"><span class='ocrx_word' id='word_1_709' title='bbox 1787 4923 1880 4981; x_wconf 89' lang='lat' dir='ltr'>nis</span> <span class='ocrx_word' id='word_1_710' title='bbox 1901 4922 2056 4978; x_wconf 91' lang='lat' dir='ltr'>illius</span> <span class='ocrx_word' id='word_1_711' title='bbox 2079 4919 2412 4995; x_wconf 90' lang='lat' dir='ltr'>provincias</span> <span class='ocrx_word' id='word_1_712' title='bbox 2454 4916 2768 4983; x_wconf 88' lang='lat' dir='ltr'>vincendo,</span> <span class='ocrx_word' id='word_1_713' title='bbox 2796 4914 3126 4984; x_wconf 88' lang='lat' dir='ltr'>regnando,</span> <span class='ocrx_word' id='word_1_714' title='bbox 3154 4913 3452 4986; x_wconf 89' lang='lat' dir='ltr'>imperan-</span> 
     </span>
    </p>
   </div>
   <div class='ocr_carea' id='block_1_115' title="bbox 1787 5001 3450 5085">
    <p class='ocr_par' dir='ltr' id='par_1_115' title="bbox 1787 5001 3450 5085">
     <span class='ocr_line' id='line_1_116' title="bbox 1787 5001 3450 5085; baseline -0.009 -15"><span class='ocrx_word' id='word_1_715' title='bbox 1787 5013 1987 5085; x_wconf 89' lang='lat' dir='ltr'>doque</span> <span class='ocrx_word' id='word_1_716' title='bbox 2012 5017 2411 5075; x_wconf 87' lang='lat' dir='ltr'>transmeans,</span> <span class='ocrx_word' id='word_1_717' title='bbox 2444 5005 2642 5063; x_wconf 87' lang='lat' dir='ltr'>natale</span> <span class='ocrx_word' id='word_1_718' title='bbox 2672 5003 2906 5061; x_wconf 91' lang='lat' dir='ltr'>Domini</span> <span class='ocrx_word' id='word_1_719' title='bbox 2935 5018 3101 5059; x_wconf 91' lang='lat' dir='ltr'>more</span> <span class='ocrx_word' id='word_1_720' title='bbox 3130 5001 3450 5074; x_wconf 80' lang='lat' dir='ltr'>imperato-</span> 
     </span>
    </p>
   </div>
   <div class='ocr_carea' id='block_1_116' title="bbox 1788 5090 3448 5168">
    <p class='ocr_par' dir='ltr' id='par_1_116' title="bbox 1788 5090 3448 5168">
     <span class='ocr_line' id='line_1_117' title="bbox 1788 5090 3448 5168; baseline -0.008 -8"><span class='ocrx_word' id='word_1_721' title='bbox 1788 5103 1875 5160; x_wconf 87' lang='lat' dir='ltr'>rio</span> <span class='ocrx_word' id='word_1_722' title='bbox 1899 5101 2062 5158; x_wconf 90' lang='lat' dir='ltr'>horis</span> <span class='ocrx_word' id='word_1_723' title='bbox 2090 5099 2299 5156; x_wconf 88' lang='lat' dir='ltr'>Italicis</span> <span class='ocrx_word' id='word_1_724' title='bbox 2347 5096 2601 5167; x_wconf 88' lang='lat' dir='ltr'>gloriose</span> <span class='ocrx_word' id='word_1_725' title='bbox 2653 5092 3122 5168; x_wconf 78' lang='lat' dir='ltr'>potestativeque</span> <span class='ocrx_word' id='word_1_726' title='bbox 3151 5090 3448 5164; x_wconf 80' lang='lat' dir='ltr'>perduxit.</span> 
     </span>
    </p>
   </div>
   <div class='ocr_carea' id='block_1_117' title="bbox 1866 5178 3451 5254">
    <p class='ocr_par' dir='ltr' id='par_1_117' title="bbox 1866 5178 3451 5254">
     <span class='ocr_line' id='line_1_118' title="bbox 1866 5178 3451 5254; baseline -0.008 -6"><span class='ocrx_word' id='word_1_727' title='bbox 1866 5194 2020 5247; x_wconf 83' lang='grc'>1022.</span> <span class='ocrx_word' id='word_1_728' title='bbox 2054 5193 2187 5246; x_wconf 90' lang='lat' dir='ltr'>Post</span> <span class='ocrx_word' id='word_1_729' title='bbox 2211 5189 2336 5244; x_wconf 78' lang='lat' dir='ltr'>haec</span> <span class='ocrx_word' id='word_1_730' title='bbox 2356 5186 2431 5242; x_wconf 92' lang='lat' dir='ltr'>de</span> <span class='ocrx_word' id='word_1_731' title='bbox 2489 5185 2623 5240; x_wconf 92' lang='lat' dir='ltr'>loco</span> <span class='ocrx_word' id='word_1_732' title='bbox 2668 5183 2729 5238; x_wconf 92' lang='lat' dir='ltr'>in</span> <span class='ocrx_word' id='word_1_733' title='bbox 2766 5183 2967 5238; x_wconf 90' lang='lat' dir='ltr'>locum</span> <span class='ocrx_word' id='word_1_734' title='bbox 3014 5178 3451 5254; x_wconf 89' lang='lat' dir='ltr'>proﬁciscendo</span> 
     </span>
    </p>
   </div>
   <div class='ocr_carea' id='block_1_118' title="bbox 1791 5268 3453 5344">
    <p class='ocr_par' dir='ltr' id='par_1_118' title="bbox 1791 5268 3453 5344">
     <span class='ocr_line' id='line_1_119' title="bbox 1791 5268 3453 5344; baseline -0.008 -6"><span class='ocrx_word' id='word_1_735' title='bbox 1791 5279 1957 5338; x_wconf 91' lang='lat' dir='ltr'>urbis</span> <span class='ocrx_word' id='word_1_736' title='bbox 2025 5276 2459 5342; x_wconf 81' lang='lat' dir='ltr'>munitissimae,</span> <span class='ocrx_word' id='word_1_737' title='bbox 2529 5272 2715 5344; x_wconf 65' lang='lat' dir='ltr'>Trojaa</span> <span class='ocrx_word' id='word_1_738' title='bbox 2779 5269 3071 5340; x_wconf 87' lang='lat' dir='ltr'>videlicet,</span> <span class='ocrx_word' id='word_1_739' title='bbox 3128 5268 3453 5338; x_wconf 82' lang='lat' dir='ltr'>moenibus,</span> 
     </span>
    </p>
   </div>
   <div class='ocr_carea' id='block_1_119' title="bbox 1793 5357 3457 5443">
    <p class='ocr_par' dir='ltr' id='par_1_119' title="bbox 1793 5357 3457 5443">
     <span class='ocr_line' id='line_1_120' title="bbox 1793 5357 3457 5443; baseline -0.008 -15"><span class='ocrx_word' id='word_1_740' title='bbox 1793 5372 1966 5443; x_wconf 89' lang='lat' dir='ltr'>cujus</span> <span class='ocrx_word' id='word_1_741' title='bbox 2023 5368 2336 5438; x_wconf 91' lang='lat' dir='ltr'>indigenas</span> <span class='ocrx_word' id='word_1_742' title='bbox 2378 5361 2836 5437; x_wconf 89' lang='lat' dir='ltr'>provincialium</span> <span class='ocrx_word' id='word_1_743' title='bbox 2892 5359 3189 5433; x_wconf 88' lang='lat' dir='ltr'>legatione</span> <span class='ocrx_word' id='word_1_744' title='bbox 3244 5357 3457 5416; x_wconf 90' lang='lat' dir='ltr'>ditioni</span> 
     </span>
    </p>
   </div>
   <div class='ocr_carea' id='block_1_120' title="bbox 1793 5446 3460 5532">
    <p class='ocr_par' dir='ltr' id='par_1_120' title="bbox 1793 5446 3460 5532">
     <span class='ocr_line' id='line_1_121' title="bbox 1793 5446 3460 5532; baseline -0.009 -13"><span class='ocrx_word' id='word_1_745' title='bbox 1793 5461 1970 5532; x_wconf 69' lang='lat' dir='ltr'>regite</span> <span class='ocrx_word' id='word_1_746' title='bbox 2038 5457 2469 5526; x_wconf 88' lang='lat' dir='ltr'>recognoverat</span> <span class='ocrx_word' id='word_1_747' title='bbox 2510 5449 2782 5520; x_wconf 89' lang='lat' dir='ltr'>rebelles,</span> <span class='ocrx_word' id='word_1_748' title='bbox 2840 5449 3192 5508; x_wconf 88' lang='lat' dir='ltr'>bellicosam</span> <span class='ocrx_word' id='word_1_749' title='bbox 3237 5446 3460 5506; x_wconf 84' lang='lat' dir='ltr'>invexit</span> 
     </span>
    </p>
   </div>
   <div class='ocr_carea' id='block_1_121' title="bbox 1797 5539 3458 5620">
    <p class='ocr_par' dir='ltr' id='par_1_121' title="bbox 1797 5539 3458 5620">
     <span class='ocr_line' id='line_1_122' title="bbox 1797 5539 3458 5620; baseline -0.009 -12"><span class='ocrx_word' id='word_1_750' title='bbox 1797 5551 1986 5609; x_wconf 88' lang='lat' dir='ltr'>aciem</span> <span class='ocrx_word' id='word_1_751' title='bbox 2021 5566 2034 5617; x_wconf 85' lang='lat'>;</span> <span class='ocrx_word' id='word_1_752' title='bbox 2063 5561 2247 5620; x_wconf 87' lang='lat' dir='ltr'>quam</span> <span class='ocrx_word' id='word_1_753' title='bbox 2279 5539 2618 5612; x_wconf 88' lang='lat' dir='ltr'>etiam,licet</span> <span class='ocrx_word' id='word_1_754' title='bbox 2646 5539 2961 5598; x_wconf 85' lang='lat' dir='ltr'>obsidione</span> <span class='ocrx_word' id='word_1_755' title='bbox 2980 5539 3164 5612; x_wconf 85' lang='lat' dir='ltr'>longa</span> <span class='ocrx_word' id='word_1_756' title='bbox 3179 5553 3458 5596; x_wconf 86' lang='lat' dir='ltr'>suorum-</span> 
     </span>
    </p>
   </div>
   <div class='ocr_carea' id='block_1_122' title="bbox 1867 5649 2618 5726">
    <p class='ocr_par' dir='ltr' id='par_1_122' title="bbox 1867 5649 2618 5726">
     <span class='ocr_line' id='line_1_123' title="bbox 1867 5649 2618 5726; baseline -0.009 -13"><span class='ocrx_word' id='word_1_757' title='bbox 1867 5658 2017 5726; x_wconf 81' lang='lat'><strong>(297)</strong></span> <span class='ocrx_word' id='word_1_758' title='bbox 2049 5657 2143 5712; x_wconf 83' lang='lat' dir='ltr'>Ita</span> <span class='ocrx_word' id='word_1_759' title='bbox 2174 5654 2240 5708; x_wconf 93' lang='lat' dir='ltr'>L.</span> <span class='ocrx_word' id='word_1_760' title='bbox 2276 5649 2536 5707; x_wconf 82' lang='lat' dir='ltr'>suﬂ&#39;ultis</span> <span class='ocrx_word' id='word_1_761' title='bbox 2566 5665 2618 5707; x_wconf 86' lang='lat' dir='ltr'>c.</span> 
     </span>
    </p>
   </div>
   <div class='ocr_carea' id='block_1_123' title="bbox 1809 5726 2531 5801">
    <p class='ocr_par' dir='ltr' id='par_1_123' title="bbox 1809 5726 2531 5801">
     <span class='ocr_line' id='line_1_124' title="bbox 1809 5726 2531 5801; baseline -0.004 -21"><span class='ocrx_word' id='word_1_762' title='bbox 1809 5777 1813 5780; x_wconf 88' lang='lat'>.</span> <span class='ocrx_word' id='word_1_763' title='bbox 1869 5727 2020 5801; x_wconf 89' lang='grc'>(298)</span> <span class='ocrx_word' id='word_1_764' title='bbox 2050 5729 2146 5784; x_wconf 82' lang='lat' dir='ltr'>Ita</span> <span class='ocrx_word' id='word_1_765' title='bbox 2176 5726 2243 5780; x_wconf 91' lang='lat' dir='ltr'>L.</span> <span class='ocrx_word' id='word_1_766' title='bbox 2277 5739 2451 5796; x_wconf 88' lang='lat' dir='ltr'>spem</span> <span class='ocrx_word' id='word_1_767' title='bbox 2481 5738 2531 5779; x_wconf 89' lang='lat' dir='ltr'>c.</span> 
     </span>
    </p>
   </div>
   <div class='ocr_carea' id='block_1_124' title="bbox 3110 5820 3170 5873">
    <p class='ocr_par' dir='ltr' id='par_1_124' title="bbox 3110 5820 3170 5873">
     <span class='ocr_line' id='line_1_125' title="bbox 3110 5820 3170 5873; baseline -0.017 0"><span class='ocrx_word' id='word_1_768' title='bbox 3110 5820 3170 5873; x_wconf 77' lang='grc'>18</span> 
     </span>
    </p>
   </div>
  </div>
