3874 6388
429 250 535 300 55ἱὶ

1344 243 1598 296 ANNAL.
1644 234 2082 292 HILDESHEIM.
2126 233 2494 294 QUEDIJNB.
2542 241 2917 296 WEISSEMB.
3774 249 3841 298 55!“

1346 365 1663 417 ANNALES
1704 358 2419 425 UUEDIJNBURGENSIS.
2461 366 2525 415 Α.
2577 363 2706 417 1013
2754 366 2906 417 1022.

424 507 544 563 que
578 489 796 543 sudore
822 487 1096 559 plurimo,
1132 502 1294 541 more
1352 502 1601 540 avorum
1642 490 2072 553 atavorumquc

425 596 635 647 regum
665 594 922 647 namque
952 576 1422 629 victoriosissimc
1450 576 1792 639 devincens,
1822 572 2073 626 incolas-

424 686 540 740 que
570 665 980 735 hujuscemodi
1011 670 1109 719 aut
1142 665 1264 718 neci
1298 665 1534 719 tradens
1566 669 1665 717 aut
1717 668 1921 734 captos
1956 660 2073 714 eol-

422 756 587 825 ligari
620 755 988 827 praecipiens,
1041 771 1194 825 (μιος
1253 760 1426 808 antea
1476 754 1677 807 animo
1738 750 2071 805 contumaci

424 846 530 899 sibi
561 846 929 910 ingemuerat
960 844 1293 910 renitentes,
1355 859 1463 896 suo
1518 842 1907 912 postmodum
1965 839 2073 891 do-

423 934 608 988 minio
643 936 808 1002 (200),
844 936 956 986 lico
1007 937 1381 1002 cooperante,
1438 930 1739 995 gaudebat
1792 929 2074 996 subjuga-

422 1028 533 1077 tos.
568 1022 679 1078 Sed
711 1021 799 1075 his
829 1020 1319 1092 prosperitatibus
1354 1036 1473 1074 non
1506 1019 1715 1086 elatus,
1749 1034 1956 1073 verum
1987 1034 2073 1072 sa-

422 1111 643 1183 pientia
676 1110 1032 1180 scientiaque
1058 1109 1155 1163 Dei
1185 1108 1493 1179 prteditus,
1526 1107 1938 1177 hujuscemodi
1964 1106 2073 1159 vic-

422 1200 633 1254 toriam
666 1214 785 1252 non
821 1196 929 1251 sibi
964 1198 1063 1251 sed
1098 1197 1297 1268 pietati
1352 1196 1567 1250 divime
1609 1194 2070 1267 apostolicisque

422 1288 722 1359 imputans
755 1284 991 1345 meritis,
1030 1287 1305 1338 Romam»
1338 1285 1565 1354 apicem
1601 1284 1755 1336 sedis
1803 1284 2069 1349 gauden-

418 1377 496 1429 do
552 1374 919 1444 supplicans,
978 1372 1365 1437 glorificando
1424 1374 1702 1433 adorans,
1762 1372 2066 1425 accelerat.

418 1463 619 1535 Ibique
650 1461 1086 1532 aliquantulum
1120 1467 1410 1527 moratus,
1444 1462 1607 1521 regni
1636 1460 1787 1513 illitis
1819 1460 2069 1530 optima-

417 1552 572 1607 tibus
607 1566 751 1622 pace
785 1550 1091 1620 gratiaque
1123 1549 1214 1602 sui
1247 1549 1553 1611 redimitis,
1589 1548 1797 1602 nivosa
1829 1548 2065 1618 Alpium

415 1640 727 1695 cacumina
760 1637 1384 1699 citatotransgreditur
1414 1655 1593 1691 cursu
1620 1656 1630 1699 ;
1668 1642 1831 1691 tanta
1872 1636 2070 1689 videli-

415 1734 503 1784 cet
529 1726 879 1783 mortalitate
909 1726 1246 1789 subsecuta,
1281 1744 1415 1796 quze
1448 1727 1537 1780 vix
1572 1731 1673 1780 aut
1730 1726 2068 1779 nullatenus

2110 484 2155 533 Α
2189 483 2280 535 fus
2353 485 2857 540 llalberstadensis
2915 486 3253 558 episcopus,
3288 487 3612 559 sapientia
3672 489 3843 543 divina

2184 572 2488 641 prwditus.
2518 575 2757 628 scientia
2794 576 3058 629 humana
3090 575 3418 644 facundus,
3451 579 3708 633 cunctis
3742 595 3843 649 pcr-

2183 661 2364 731 petim
2420 662 2586 715 sectis
2649 664 2963 727 Eligendus,
3026 664 3158 717 eieli
3233 665 3583 721 collocatur
3652 668 3842 738 palatio

2181 753 2433 819 postque
2462 750 2638 818 hujus
2672 750 3092 804 dormitionem
3124 751 3318 806 clerus
3354 758 3656 825 totusque
3680 770 3840 826 popu-

2181 836 2273 889 lus
2300 838 2604 907 quendam
2643 842 3067 899 llermannum.
3100 846 3243 895 natu
3275 841 3562 897 nobilem
3612 843 3723 897 sed
3750 860 3843 897 mo-

2182 942 2313 978 rum
2390 928 2727 998 artiumque
2775 928 3068 998 probitate
3106 929 3496 997 nobiliorem,
3564 934 3840 986 seniorem:

2181 1030 2377 1079 suum,
2408 1015 2648 1069 antistiti
2679 1015 2900 1081 eligunt
2930 1016 3213 1071 vicarium
3250 1035 3262 1085 ;
3324 1019 3609 1075 maxime
3660 1036 3844 1092 proce-

2179 1119 2207 1156 r
2231 1120 2294 1165 -s,
2326 1102 2499 1157 beato
2526 1104 2948 1175 protomartyri
3006 1107 3309 1177 Stephano
3349 1107 3578 1164 habitu
3628 1109 3842 1163 militari

2178 1191 2825 1257 deservientes,ceuties
2858 1194 3256 1265 centuplicata
3281 1196 3703 1267 pecuniarum
3724 1215 3847 1270 prae

2180 1279 2385 1334 bentes
2416 1298 2685 1345 munera,
2720 1298 2843 1351 quo
2872 1283 3018 1335 velle
3050 1300 3250 1351 suum,
3300 1286 3564 1356 prcefata
3595 1287 3844 1341 videlicet

2178 1368 2403 1434 electio,
2434 1385 2502 1422 eo
2533 1369 2760 1422 lirinius
2792 1375 2989 1437 staret,
3018 1371 3390 1426 haereditates
3424 1374 3720 1446 proprias
3756 1390 3844 1446 po-

2178 1457 2367 1510 testati
2390 1457 2562 1519 regiae
2614 1457 2866 1511 subdere
2898 1474 3019 1513 non
3071 1459 3379 1515 ditt'erunt.
3439 1465 3600 1518 Nam
3629 1479 3754 1535 quo
3796 1463 3843 1516 id

2176 1544 2384 1597 ordine
2416 1544 2536 1597 tieri
2562 1546 2891 1616 nequiverit
2921 1548 3275 1615 nescientes,
3311 1553 3523 1605 utrum
3557 1551 3624 1605 id
3657 1556 3844 1607 nostra

2176 1634 2593 1705 przepedierint
2625 1635 3136 1706 erimina,quibus
3168 1654 3290 1692 suae
3329 1639 3498 1694 cordi
3527 1646 3693 1696 esset
3724 1642 3843 1694 sub-

2176 1740 2305 1776 esse
2344 1723 2659 1793 parochiae,
2725 1740 2801 1778 an
2855 1724 3021 1779 illum
3054 1726 3246 1797 pietas
3281 1726 3492 1783 divina
3533 1728 3844 1784 virtutibus

412 1831 633 1869 vocum
666 1814 931 1881 nutibus,
960 1814 1047 1867 vel
1079 1815 1253 1868 etiam
1289 1815 1495 1869 otticiis
1550 1815 1658 1867 stili
1696 1814 1883 1868 valeat
1928 1831 2067 1867 enu-
2106 1825 2147 1880 Β
2178 1817 2421 1866 auctum
2452 1812 2978 1885 pert’cctioremque
3009 1814 3087 1869 ad
3112 1815 3173 1869 id
3204 1831 3362 1887 opus
3392 1816 3525 1872 aliis
3575 1835 3843 1873 servave-

414 1902 611 1957 cleari.
646 1904 837 1965 Quam
864 1902 1186 1971 imperator
1212 1908 1503 1965 angustus
1554 1904 1777 1956 C(PilillS
1808 1904 2067 1956 evadcns

413 1992 828 2056 adumbratas,
864 1991 965 2044 sed
1023 2008 1155 2045 raro
1188 1993 1365 2046 milite
1427 1993 1761 2055 comitatus,
1811 1993 2067 2063 exceptis

412 2082 508 2136 his
528 2097 681 2152 quos
715 2080 825 2134 sibi
852 2084 1042 2134 mater
1072 2084 1301 2152 Europa
1330 2082 1697 2135 occurrendo
1725 2083 2065 2149 admiserat,

415 2169 796 2224 Germanicas
830 2168 1093 2239 pervenit
1144 2170 1219 2223 ad
1268 2186 1422 2235 oras,
1467 2186 1875 2241 magnumque
1928 2188 2066 2225 mox

416 2258 705 2331 synodale
729 2258 1063 2326 consilium,
1097 2260 1534 2313 continentibus
1568 2262 1828 2331 undique
1873 2261 2065 2315 diver-

416 2363 619 2403 sarum
651 2347 964 2413 regionum
995 2346 1287 2418 episcopis
1327 2347 1573 2417 aliisque
1602 2348 1835 2419 pOpulis
1881 2365 2064 2419 quam

413 2434 706 2508 plurimis,
746 2434 803 2488 in
837 2434 1106 2506 partibus
1137 2435 1361 2505 peregit
1413 2436 1896 2490 occidentalilms.
1957 2438 2065 2490 ltis-

414 2538 552 2594 que,
586 2526 765 2593 prout
816 2538 910 2575 res
972 2526 1324 2593 tempusque
1384 2524 1730 2594 poscebant,
1790 2525 2061 2594 peractis,

414 2614 607 2666 Grona
647 2610 943 2665 vocabulo
971 2611 1192 2665 dictum
1234 2611 1538 2681 quendam
1572 2618 1921 2683 perventum
1981 2620 2065 2668 est

412 2699 631 2769 locum,
690 2716 811 2771 quo
865 2699 1048 2764 regali
1114 2699 1170 2753 in
1224 2701 1534 2770 pl‘zt’SCIlila
1595 2701 1744 2755 inter
1795 2702 2064 2767 geminos

410 2790 717 2861 prtesules,
749 2792 1038 2843 Geronem
1060 2789 1327 2843 videlicet
1359 2795 1413 2844 et
1442 2791 1775 2853 Arnulfum,
1806 2793 2064 2847 nefanda

410 2877 695 2949 omnique
724 2877 825 2949 pio
852 2877 1187 2931 execranda
1226 2878 1486 2932 exoritur
1516 2879 1722 2933 seditio
1758 2898 1769 2945 ;
1796 2880 1929 2934 dico
1962 2896 2062 2934 ne-

410 2964 614 3035 fanda,
646 2964 790 3036 quia
817 2964 1172 3036 periculosa,
1201 2965 1554 3037 periculosa,
1597 2967 1738 3037 quia
1769 2984 1887 3022 non
1919 2967 2065 3040 peri-

410 3056 543 3106 tura
567 3052 738 3122 (300),
771 3052 897 3118 sed,
922 3056 986 3105 ut
1010 3068 1236 3120 vereor,
1269 3052 1400 3107 illos
1452 3054 1756 3124 perditura
1791 3074 1802 3115 ς
1863 3056 2065 3110 ambo-

410 3154 668 3210 rumque
698 3153 905 3193 necem
938 3138 1323 3210 perdurabat,
1357 3141 1508 3210 proh
1553 3141 1723 3196 dolor
1752 3143 1762 3196 l
1798 3148 2064 3215 expccta-
2103 3170 2145 3230 ρ

413 3231 559 3281 tum.
590 3227 808 3281 Dehinc
862 3227 1288 3281 Bernwardum
1317 3229 1464 3297 (301)
1519 3228 2063 3284 llildcshemenseui

413 3314 733 3368 antistitem
787 3314 1068 3368 humanis
1117 3314 1460 3378 divulgatur
1513 3318 1837 3372 excessisse
1889 3320 2064 3373 rebus

411 3403 578 3473 (302).
614 3402 841 3473 Erispa,
894 3403 1077 3457 beatae
1109 3404 1412 3457 memoriae
1459 3405 1926 3462 sanctimonialis
1961 3410 2063 3463 fm-

408 3493 594 3558 mina,
658 3491 962 3546 subtracta
1017 3491 1235 3559 seculo,
1287 3493 1417 3547 οιιιιί
1471 3504 2065 3570 connumeraturpa-

408 3580 568 3635 latio.
607 3580 916 3635 Liutlulftis
952 3580 1303 3652 praepositus
1336 3598 1581 3653 corpore
1620 3586 1935 3657 resolutus,
1964 3589 2062 3643 12P-

408 3673 533 3723 tum
604 3672 722 3723 Deo
772 3668 1013 3723 tradidit
1064 3668 1354 3739 spiritum.
1410 3670 1647 3741 Hicdagi
1702 3677 2064 3731 marchionis

407 3755 698 3827 praeclara
728 3755 871 3823 ﬁlia,
905 3756 1173 3823 Gerburg
1197 3758 1438 3812 nomine
1469 3759 1648 3829 dicta,
1682 3763 1890 3817 studiis
1924 3764 2063 3820 libe-

410 3844 636 3898 ralibus
685 3860 719 3898 a
759 3844 1045 3915 primaevo
1097 3847 1422 3916 juventutis
1472 3848 1614 3904 flore
1646 3850 2065 3910 honestissima

412 3931 827 3987 exercitatione
858 3931 1074 3988 irretita
1105 3936 1561 4007 omnigenisque
1592 3938 1874 3995 virtutum
1906 3958 2065 4011 gem-

413 4024 577 4075 mata
607 4019 897 4091 insigniis,
931 4026 959 4076 3
1002 4023 1238 4079 Calend.
1294 4025 1638 4080 Novembris
1680 4032 1844 4083 terrae
1902 4034 2065 4103 quod

413 4126 611 4181 suum,
646 4113 764 4165 Deo
793 4111 958 4183 quod
986 4113 1317 4185 proprium,
1349 4117 1749 4186 prtesentavit.

487 4202 640 4255 1023.
694 4199 819 4255 Oda
874 4201 1316 4270 religiosissima
1371 4204 1636 4271 domina,
1672 4207 2065 4277 primogenita

412 4287 777 4343 marchionis
833 4289 1197 4361 Theodoriei,
1257 4291 1501 4346 homine
1559 4298 1735 4348 exuta
1801 4297 2067 4355 redditur

412 4374 580 4430 coelo.
614 4376 954 4445 Burgareda
982 4376 1115 4432 llcet
1144 4382 1314 4433 aetate
1377 4378 1607 4447 tenella,
1639 4382 2062 4449 magistrorum

2179 1903 2249 1955 rit
2282 1902 2667 1973 temporibus,
2719 1902 2923 1957 divino
2962 1903 3359 1976 relinquimus
3419 1905 3698 1963 arbitrio.
3742 1907 3841 1961 Fri-

2178 1991 2411 2043 dei-iens
2436 1991 2647 2055 regalis
2681 1992 3067 2059 eamerarius,
3115 1993 3285 2048 herili
3318 2011 3650 2067 procerum
3687 2002 3844 2050 stem-

2178 2084 2334 2132 mate
2362 2085 2625 2133 natus....
2655 2080 2949 2151 imperiali
2995 2080 3252 2137 nimium
3278 2087 3495 2137 auctus
3527 2083 3841 2139 afﬂuentia

2177 2168 2435 2221 nobilius
2468 2174 2873 2235 conversatus,
2918 2169 3082 2240 prior
3128 2170 3493 2241 primatibus
3552 2172 3847 2227 familiari-

2176 2257 2380 2310 bus....
2415 2257 2625 2310 eadem
2656 2272 2842 2327 quam
2876 2258 3035 2311 horis
3069 2261 3661 2331 susceperatltalicis
3693 2262 3845 2329 (egri-

2178 2344 2379 2397 monia
2409 2343 2750 2414 depressus,
2783 2360 2937 2399 onus
2967 2345 3198 2401 limosae
3250 2347 3431 2402 molis
3489 2349 3843 2405 dormienda

2176 2434 2338 2487 obiit.
2368 2434 2546 2501 Cujus
2581 2440 2770 2487 morte
2802 2434 3136 2505 imperator
3173 2452 3295 2491 non
3336 2437 3584 2494 modice
3625 2440 3843 2494 saucia-

2175 2527 2291 2585 tus,
2340 2539 2675 2593 pauperum
2733 2524 3124 2579 sustentando
3179 2524 3527 2597 inopiam...
3592 2530 3841 2596 regionis

2173 2612 2594 2680 hujuscemodi
2650 2612 2928 2667 etenobia
2997 2629 3108 2685 pro
3178 2614 3588 2687 adipiscenda
3638 2620 3840 2673 animi?

2174 2702 2361 2771 ipsius
2419 2701 2608 2755 salute
2658 2702 2937 2756 maximis
2998 2703 3208 2759 ditavit
3260 2705 3618 2776 opulentiis.
3667 2710 3844 2762 Ghem

2174 2786 2675 2855 archiepiscopus,
2724 2786 2925 2840 multis
2981 2787 3292 2843 doloribus
3373 2790 3667 2862 affectus,
3718 2810 3845 2845 suos

2172 2879 2309 2945 post
2342 2890 2403 2926 se
2436 2889 2555 2927 non
2589 2874 2781 2928 sine...
2818 2876 2963 2945 (305)
2993 2875 3414 2948 relinquendo,
3464 2879 3689 2935 seculo
3739 2896 3845 2935 mo

2172 2963 2328 3016 riens
2358 2962 2463 3015 sed
2497 2963 2725 3017 Christo
2754 2962 2981 3031 vivens,
3037 2963 3201 3020 obiit.
3234 2964 3587 3022 Ailwardus
3634 2970 3847 3041 episco-

2173 3069 2307 3123 pus,
2342 3052 2607 3106 rcbus....
2644 3056 2792 3120 (300)
2824 3052 2906 3106 uti
2939 3068 3313 3125 parcumque
3362 3055 3569 3111 sciens
3600 3060 3843 3113 modum

2176 3156 2412 3194 servare
2446 3140 2716 3205 fruendo,
2743 3156 2865 3194 non
2897 3142 3151 3196 modicis
3184 3158 3220 3198 a
3251 3143 3395 3211 suis,
3429 3149 3495 3199 ut
3538 3146 3754 3202 decuit
3784 3154 3845 3200 ta-

2175 3230 2313 3293 lem,
2338 3228 2683 3299 deploratus
2716 3229 3056 3301 gemitibus,
3106 3231 3419 3303 inopinata
3477 3237 3843 3304 praevenitur

2174 3324 2383 3372 morte.
2420 3318 2637 3371 Eodem
2666 3333 2826 3372 anno
2861 3320 3240 3374 Bernhardus
3283 3321 3847 3394 Mekilinburgensie

2174 3408 2513 3478 episcopus,
2574 3412 2630 3461 et
2688 3408 3017 3475 Eilhardus,
3060 3411 3457 3477 Pragonensis
3503 3414 3845 3487 episcopUs.

2174 3496 2393 3566 aliique
2457 3496 2743 3550 antistites
2800 3513 2986 3567 quam
3040 3497 3283 3569 plurimi
3333 3499 3655 3559 obierunt.
3714 3509 3850 3573 Srge

2174 3584 2441 3638 extinctis
2468 3588 2545 3637 tot
2570 3586 2863 3654 tantisque
2897 3590 3117 3641 sancta:
3150 3586 3428 3643 Ecclesiae
3469 3591 3848 3649 doctoribus.

2175 3674 2477 3728 Heinricus
2526 3674 2849 3744 imperator
2909 3681 3223 3743 angustus,
3302 3683 3472 3733 tanto
3532 3691 3850 3756 comperto

2175 3780 2339 3829 casu,
2362 3778 2483 3817 non
2510 3762 2884 3817 mediocriter
2904 3764 3009 3818 sed
3061 3765 3235 3820 anxie
3270 3766 3567 3839 tristeque
3624 3772 3850 3827 dolens.

2174 3852 2546 3923 aliquantum
2581 3852 2859 3923 temporis
2878 3852 2968 3906 his
2989 3853 3341 3921 regionibus
3366 3864 3647 3915 incestus
3672 3861 3847 3916 duxit.

2178 3940 2412 3994 Interim
2452 3940 2770 3993 dominicae
2800 3940 3125 3995 nativitatis
3155 3942 3303 3997 festa
3340 3944 3538 4013 digna
3590 3950 3850 4004 celebra-

2174 4034 2341 4085 turus
2398 4029 2741 4095 reverentia,
2792 4029 2957 4097 regio
3007 4032 3315 4104 comitatu,
3384 4042 3581 4105 prout
3638 4039 3849 4095 decuit.

2175 4118 2530 4186 Bavanberg
2555 4118 2875 4189 profectus,
2904 4118 3051 4173 inibi
3082 4120 3256 4177 turba
3287 4121 3580 4182 desolata
3613 4127 3853 4183 diversis

2173 4207 2468 4279 episcopis
2550 4206 2892 4261 catervatim
2964 4207 3132 4264 illum
3208 4220 3609 4284 convenerat,
3690 4234 3856 4273 unus»

2174 4296 2427 4367 quisque
2458 4296 2713 4367 pastoris
2742 4296 2833 4349 sui
2881 4311 3025 4352 nece
3055 4298 3235 4354 corde
3286 4304 3459 4356 tenus
3522 4308 3849 4362 sauciatus.

2176 4386 2358 4453 Cujus
2378 4385 2764 4457 providentiae
2797 4401 2961 4455 cura,
3008 4386 3303 4459 imperiali
3331 4396 3675 4465 potestate,
3711 4412 3849 4452 com-

409 4466 611 4517 tamen
689 4462 995 4533 diligentia
1050 4465 1273 4537 optime
1358 4466 1590 4533 sudata,
1646 4472 1771 4522 tam
1826 4486 2060 4530 morum
2103 4474 2549 4568 Dmitterentur
2575 4474 2841 4542 regendi,
2872 4490 3084 4530 omnes
3114 4477 3346 4549 trepida
3402 4462 3848 4541 curarumam

409 4550 704 4621 probitate
733 4568 920 4624 quam
972 4553 1201 4622 generis
1260 4553 1545 4623 dignitate
1598 4554 1847 4625 pollens,
1878 4570 2068 4626 morte

410 4640 770 4711 prtevenitur
823 4640 1164 4697 immatura.
1223 4642 1528 4696 Heinricus
1586 4642 1912 4714 imperator
1966 4668 2069 4709 au-

413 4733 620 4796 gustus
673 4729 841 4785 albas
872 4730 1139 4801 festaque
1190 4731 1516 4801 paschalia,
1544 4730 1913 4803 principibus
1946 4745 2071 4798 tur.

414 4816 621 4871 matim
672 4817 939 4889 undique
989 4816 1451 4883 conﬂuentibus,
1521 4819 1908 4890 Meresburgae
1961 4828 2069 4886 rite

412 4918 729 4976 peragens,
785 4905 949 4977 quod
1007 4921 1215 4959 rarum
1274 4904 1368 4959 vel
1412 4906 1646 4975 penitus
1700 4913 1842 4980 (303)
1908 4916 2069 4974 vide.

411 4995 509 5047 tur
560 4992 918 5061 inauditum,
978 4996 1145 5047 terna
1199 4990 1371 5045 unius
1419 4994 2068 5071 ejusdem‘templide-

412 5078 707 5136 dicatione
732 5080 1114 5149 graliticatur.
1177 5078 1463 5150 Gcrburg,
1504 5082 1649 5137 dum
1678 5094 1881 5145 sancta
1922 5094 2068 5166 (304)

411 5166 619 5238 religio
648 5169 871 5241 optime
901 5167 1088 5236 viguit
1116 5183 1152 5221 a
1178 5167 1476 5237 prioribus
1508 5174 1792 5230 canonice
1824 5181 2062 5250 nutrita,

412 5253 518 5310 sed
543 5254 669 5325 jam
697 5255 960 5322 emerita,
994 5254 1173 5311 rebus
1201 5254 1476 5312 eximitur
1524 5259 1826 5333 humanis,
1858 5269 2069 5326 Amm.

487 5465 635 5536 (299)
666 5467 761 5523 Ita
785 5461 1022 5524 σόννθωί
1053 5486 1065 5537 ;
1097 5468 1343 5525 domino
1373 5488 1423 5528 ο.

510 5540 632 5614 uno)
665 5541 725 5614 i_\'.
754 5554 814 5609 p.
846 5539 1169 5614 exAChron.
1197 5544 1436 5614 Saxone
1465 5547 1679 5614 recepi.

509 5610 634 5677 301)
660 5610 749 5664 [ta
777 5612 1010 5680 corrigo
1034 5625 1054 5679 ;
1087 5613 1498 5668 Bernhardum
1520 5631 1569 5670 ι’.

509 5680 636 5749 302)
678 5681 801 5737 V02:
828 5682 1002 5750 deest,
1029 5684 1132 5739 sed
1159 5686 1420 5752 spatium
1440 5687 1548 5742 uni
1566 5689 1851 5746 vocabulo
1866 5698 2060 5760 patet.

2179 4565 2331 4629 bage
2374 4564 2646 4634 suspensi
2676 4565 3020 4619 manebant.
3083 4568 3299 4622 Verum
3336 4567 3700 4640 imperator
3723 4576 3845 4629 inite

2177 4652 2585 4707 destinationis
2611 4653 2848 4709 decreto
2902 4670 3040 4708 cum
3073 4654 3167 4708 his
3197 4671 3354 4727 quos
3399 4674 3706 4719 summos
3764 4664 3848 4717 ba-

2176 4740 2304 4795 buit
2334 4742 2393 4795 in
2416 4741 2695 4807 consiliis,
2722 4741 2953 4795 induxit
2980 4742 3277 4810 animum,
3318 4746 3736 4807 Hunfrithum
3765 4754 3847 4804 tie-

2175 4830 2337 4883 ronis
2396 4829 2829 4901 archiepiscopi
2888 4829 3177 4885 vicarium
3248 4838 3561 4891 constare.
3642 4840 3845 4895 Eadem

2176 4916 2269 4970 die
2323 4918 2692 4985 Brandagus,
2772 4916 3049 4972 Vuldensi
3121 4918 3370 4975 abbatia
3426 4930 3635 4983 antea
3693 4926 3848 4982 subli-

2176 5011 2392 5071 matus,
2461 5004 2753 5075 Arnulphi
2826 5004 3105 5060 antistitis
3173 5023 3507 5065 successor
3570 5016 3845 5071 existens.

2175 5094 2324 5149 sacri
2391 5092 2615 5149 ordinis
2698 5095 2924 5148 honore
2982 5100 3219 5151 constat
3262 5096 3680 5159 sublimatus.
3759 5108 3845 5159 Hu-

2172 5183 2399 5254 precht,
2426 5183 2516 5237 vir
2544 5198 2795 5237 summa!
2811 5182 3138 5253 industriae,
3165 5184 3456 5243 Ailwardi
3483 5194 3779 5263 pmsulis
3804 5208 3845 5246 in

2170 5269 2306 5327 loco
2329 5272 2467 5341 jura
2513 5271 2894 5343 episcopatus
2942 5270 3215 5328 obtinuit.
3277 5273 3430 5334 Hiza
3494 5280 3843 5339 sacerdotali

2242 5480 2383 5552 (303')
2416 5481 2602 5536 Locus
2641 5495 2863 5535 vacuus
2890 5492 2911 5549 ,'
2952 5495 3067 5536 vox
3096 5481 3339 5552 penitus
3369 5488 3573 5549 deest.

2240 5552 2381 5621 (3m)
2410 5553 2502 5605 Ita.
2536 5552 2815 5605 lacrmam
2843 5553 2908 5605 L.
2936 5553 3217 5621 explevit.

2240 5626 2386 5691 (30:3)
2418 5624 2663 5676 Lacuna
2694 5637 2714 5675 .'
2740 5621 2944 5676 dolore
2969 5624 3036 5676 L.

2237 5696 2385 5763 (306)
2404 5694 2649 5749 Lacuna
2678 5705 2702 5762 ,'
2729 5692 3011 5749 humanis
3030 5694 3058 5748 ‘2
