3968 6378
140 299 255 351 557

859 299 943 353 ET
982 298 1333 356 LAMBERTI
1372 294 1958 356 ASCHAFNARURG.
2003 297 2182 355 PARS
2220 299 2497 356 ALTERA
2538 301 2871 357 GENUINA.

3483 310 3588 362 558

1066 424 1396 481 ANNALES
1436 417 2175 490 QUEDLINBURGENSES.
2222 425 2289 478 Α.
2335 427 2663 481 1024-1025.

144 531 351 589 ofﬁcio
375 533 709 601 ordinatus,
744 536 1004 604 Eghardi
1054 539 1369 602 Bragensis
1400 539 1663 595 ecclesiae
1697 537 1815 610 epi-
1854 537 1896 590 A
1929 536 2189 605 sisteute,
2220 539 2583 609 Moguntiam
2635 540 2930 606 convenit,
2964 546 3377 615 prresenteque
3406 542 3595 616 impe—

142 622 287 695 copi
338 622 465 679 vice
513 625 819 691 successit,
852 626 1073 699 aliique
1111 629 1506 701 quamplures
1547 630 1626 685 ad
1677 643 1820 685 eun-

139 712 291 769 dem
337 713 598 770 ordinati
658 714 974 784 honorem,
1034 718 1256 789 quibus
1311 725 1521 775 sancta
1568 720 1819 774 ecclesia

139 801 307 858 mira
347 801 626 859 ﬁrmitate
674 810 881 861 manet
922 806 1221 875 subnixa;
1275 823 1432 881 quos
1460 808 1820 865 nominatim

141 890 547 963 perstringere
575 891 829 962 longum
860 894 1113 950 videtur.

222 982 382 1034 1024.
416 982 555 1035 Post
584 982 712 1036 haec
735 981 1060 1054 imperator
1076 983 1326 1039 diversis
1348 986 1657 1042 doloribus
1688 1003 1818 1041 cru-

142 1067 361 1138 ciatus,
419 1067 635 1125 eodem
691 1069 824 1126 loco
882 1072 1095 1128 crebra
1154 1073 1495 1130 infirmitate
1553 1076 1815 1130 diutinus

141 1157 439 1230 protraxit
470 1174 694 1229 moras,
726 1162 1168 1234 resumptisque
1198 1163 1445 1219 domum
1473 1170 1608 1238 post
1640 1171 1815 1223 tantae

147 1245 499 1317 gravedinis
556 1247 780 1304 molem
830 1250 1018 1305 animi
1044 1250 1283 1313 viribus,
1319 1253 1496 1307 citato
1535 1270 1734 1322 cursu,
1770 1252 1817 1306 si

142 1336 206 1392 id
246 1335 415 1409 quod
447 1342 583 1393 voto
616 1338 799 1393 tenuit
850 1342 1063 1395 effectu
1097 1342 1301 1412 perﬁci
1332 1343 1537 1414 possit,
1572 1344 1815 1397 Parthe-

143 1424 420 1498 nopolim
449 1426 531 1481 ire
562 1427 829 1483 instituit.
860 1429 1123 1483 Tandem
1152 1436 1287 1502 post
1312 1431 1563 1500 longam
1592 1431 1815 1485 delibe—

142 1515 468 1586 rationem,
524 1516 809 1573 laboriosi
866 1518 1087 1573 itineris
1140 1520 1487 1576 difiicultate
1546 1538 1814 1592 emensa,

142 1603 311 1659 diem
342 1604 690 1675 palmarum
738 1605 801 1661 in
845 1605 977 1661 loco
1010 1608 1247 1662 Alstede
1277 1608 1434 1664 dicto
1478 1610 1681 1664 festive
1712 1626 1813 1681 pe-

142 1692 298 1761 regit
324 1710 336 1759 ;
370 1692 465 1747 die
494 1708 633 1748 vero
663 1694 1179 1764 reconciliationis,
1211 1696 1480 1766 exigente
1513 1699 1818 1754 infirmita-

146 1780 220 1836 tis
261 1780 608 1851 gravedine,
636 1788 864 1839 remota
896 1800 931 1838 a
958 1800 1018 1838 se
1050 1802 1183 1857 quae
1230 1792 1589 1842 convenerat
1619 1788 1812 1852 turba,

1926 627 2133 682 ratrice
2184 631 2541 695 Cunigunda
2590 631 2918 702 omniaque
2969 630 3047 687 ad
3078 632 3204 687 haec
3236 632 3592 704 pertinentia

1924 715 2193 783 honeste,
2247 724 2311 773 ut
2352 719 2569 787 decuit,
2612 720 3089 784 administrante,
3124 736 3160 776 a
3188 722 3437 793 praefato
3464 721 3589 794 epi-

1925 819 2109 875 scopo
2142 805 2254 859 sub
2286 807 2474 862 multo
2513 807 2651 863 cleri
2677 812 3039 881 senatusque
3071 812 3371 864 conventu
3395 809 3593 863 hono-

1923 908 1987 947 re
2015 896 2181 961 regio
2204 893 2577 951 benedicitur
2598 913 2667 951 ac
2697 901 3036 953 coronatur.
3071 897 3210 952 Inde
3235 912 3589 970 progressus

1923 998 2046 1047 rex,
2082 999 2202 1039 una
2232 985 2554 1040 comitante
2580 986 2807 1053 regina.
2838 990 3211 1055 Neomagum
3240 986 3588 1056 deveniunt,

1922 1072 2125 1143 ibique
2175 1072 2528 1145 aliquandiu
2584 1075 2900 1143 demorati,
2939 1081 3151 1147 postea
3196 1074 3590 1131 occidentalia

1923 1168 2310 1233 peragrantes
2348 1164 2500 1229 loca,
2534 1164 2935 1220 Frcthennam
2982 1164 3335 1237 praeclaram
3387 1164 3590 1219 subin-

1924 1254 2113 1313 trant;
2148 1251 2249 1305 ubi
2276 1250 2675 1323 imperaliales
2706 1252 2840 1307 filice
2869 1269 2940 1308 ac
2972 1268 3227 1321 sorores,
3256 1252 3479 1324 Sophia
3506 1250 3588 1306 vi-

1922 1339 2133 1394 delicet
2162 1345 2217 1394 et
2257 1339 2604 1407 Adelheida,
2638 1341 2786 1397 laetae
2819 1347 3159 1409 occurrunt,
3192 1342 3589 1412 laetioresque,

1923 1428 2004 1481 uti
2024 1428 2122 1497 jus
2146 1429 2669 1495 consanguineum
2686 1435 2979 1499 exegerat,
3001 1429 3217 1485 ambos
3231 1428 3585 1501 suscipiunt.

1926 1517 2063 1571 Inde
2084 1520 2493 1573 Trutmoniam
2516 1519 2950 1591 pervenientes,
2969 1518 3463 1575 convenientibus
3484 1517 3591 1572 ibi-

1922 1605 2062 1660 dem
2093 1606 2563 1662 occidentalibus
2595 1608 2895 1679 episcOpis
2950 1624 3019 1664 ac
3066 1607 3453 1679 primoribus,
3488 1606 3590 1662 ali-

1922 1699 2219 1765 quantum
2253 1696 2536 1766 temporis
2578 1701 2890 1767 peragunt.
2926 1696 3065 1751 Inde
3097 1696 3464 1752 Mindensem
3495 1711 3589 1750 ur-

1922 1785 2083 1853 bem,
2118 1784 2333 1839 festum
2382 1785 2669 1841 dominici
2717 1786 2930 1842 natalis
2971 1784 3344 1857 celebraturi,
3375 1800 3590 1843 conve-

144 1869 359 1941 paucis
405 1884 613 1925 secum
661 1872 1107 1938 comitantibus,
1142 1872 1201 1928 in
1242 1874 1635 1943 Nuwanburg
1665 1877 1815 1945 (307)
1851 1884 1897 1939 Β
1927 1873 2116 1928 niunt.

146 1972 389 2014 caenam
444 1958 679 2014 Domini
722 1976 832 2016 nec
886 1977 1009 2017 non
1058 1978 1427 2035 parasceven
1455 1966 1690 2033 egregie
1718 1981 1813 2020 ce-

143 2046 420 2103 lebravit.
455 2048 518 2103 In
564 2049 820 2105 sabbato
873 2067 1017 2119 ergo
1047 2057 1273 2119 sancto,
1309 2058 1613 2110 contracto
1642 2071 1814 2110 sena-

145 2140 243 2191 tus
273 2142 597 2207 conventu,
626 2140 936 2195 contectali
991 2157 1103 2196 sua
1154 2142 1510 2213 Cunigunda
1561 2160 1684 2199 una
1714 2160 1813 2199 co-

144 2225 419 2291 mitante,
479 2227 964 2298 Parthenopolim
1038 2228 1321 2285 adeundo
1393 2234 1679 2303 pervenit.
1752 2237 1815 2287 In

146 2314 528 2387 susceptione
587 2316 973 2388 imperatoria
1026 2335 1148 2391 qua
1202 2320 1549 2377 auctoritate
1600 2326 1816 2377 cuncta

147 2408 290 2459 sunt
316 2403 422 2459 rite
453 2403 771 2477 disposita,
802 2407 1123 2464 ordinatim
1149 2425 1466 2482 exponere,
1502 2411 1683 2475 longa
1728 2416 1818 2467 est

146 2492 349 2548 series.
380 2496 595 2549 Verum
639 2496 957 2553 redeamus
989 2498 1066 2552 ad
1097 2515 1245 2555 rem.
1283 2500 1586 2572 Siquidem
1621 2500 1814 2555 domi-

144 2582 299 2637 nicae
327 2584 778 2639 resurrectionis
805 2586 1028 2654 gaudio
1060 2588 1274 2642 celebri
1303 2589 1527 2642 honore
1551 2594 1812 2660 peracto,

146 2670 481 2742 imperator
507 2677 822 2741 angustus,
846 2674 924 2729 ab
956 2675 1227 2744 ejusdem
1258 2676 1372 2732 loci
1398 2677 1654 2732 antistite
1686 2677 1814 2732 auri

147 2758 603 2832 sericorumque
651 2760 930 2817 varietate
985 2763 1312 2834 plurimum
1365 2765 1647 2829 donatus,
1679 2765 1816 2821 Hal-

144 2848 607 2905 verstadensem
670 2851 1051 2923 metropolim
1126 2853 1209 2907 ire
1276 2855 1595 2909 contendit.
1666 2858 1815 2922 Ergo

148 2936 386 2991 athletae
419 2939 567 3007 (308)
598 2939 786 2994 sancti
831 2941 1115 3012 Stephani
1146 2942 1434 3010 regularis
1464 2960 1692 2998 normze
1723 2960 1815 2999 re-

145 3024 466 3096 ligiositate
498 3027 713 3083 choros
746 3028 1051 3095 ducentes,
1077 3047 1145 3086 ac
1177 3032 1305 3103 pari
1334 3038 1626 3088 concentu
1658 3050 1817 3105 quae-

146 3130 266 3186 que
332 3113 649 3170 dulcisona
706 3117 980 3173 canendo
1042 3120 1247 3175 czesari
1304 3126 1581 3189 augusto,
1638 3123 1815 3191 regi-ia

2001 1966 2157 2016 10-25.
2198 1960 2554 2034 Epihaniam
2590 1963 2824 2018 Domini
2850 1963 3013 2035 apud
3043 1964 3591 2020 Patharburnenses

1925 2051 2128 2106 festive
2174 2050 2439 2118 ducunt;
2497 2052 2683 2107 multa
2715 2052 3029 2125 disposuit.
3086 2054 3415 2125 Postposita
3444 2065 3587 2123 ergo

1924 2140 2090 2196 omni
2150 2138 2431 2195 dilatione
2485 2157 2866 2212 progressus,
2923 2142 3154 2211 insigne
3206 2142 3389 2197 decus
3444 2143 3591 2213 (310)

1927 2229 2493 2295 sanctimonialium,
2527 2228 2951 2298 Quedlingensi
3004 2229 3341 2302 metropoli,
3393 2229 3591 2285 celeri-

1926 2325 2012 2374 ter
2042 2321 2343 2391 properat.
2378 2319 2519 2373 Inde
2541 2319 2866 2387 digressus,
2892 2318 3471 2391 Parthenopolitanaa
3490 2333 3589 2374 ur-

1924 2408 2020 2464 bis
2052 2408 2352 2463 moenihus
2381 2407 2861 2479 purificationem
2884 2411 3105 2463 sanctae
3128 2408 3320 2464 Mariae
3352 2420 3593 2463 summa

1925 2496 2239 2569 perticiens
2265 2495 2589 2565 diligentia,
2605 2496 3015 2566 Mersburgum
3037 2496 3206 2550 lmtus
3223 2494 3587 2565 aggreditur.

1926 2585 2067 2639 Inde
2096 2600 2202 2655 per
2234 2583 2411 2637 urbes
2442 2588 2498 2638 et
2526 2582 2657 2637 loca
2690 2583 3136 2655 provinciarum
3163 2583 3467 2654 profectus
3498 2580 3589 2637 di-

1924 2689 2258 2737 versarum,
2288 2672 2562 2735 regiones
2614 2672 2927 2727 nationum
2973 2687 3094 2725 suae
3127 2671 3368 2726 ditionis
3399 2671 3590 2743 impe-

1924 2763 2118 2818 rando
2132 2762 2243 2817 sub
2244 2762 2578 2832 jugaverat.
2598 2765 2705 2817 Res
2719 2761 3081 2815 admiranda
3090 2760 3429 2832 nostrisque
3448 2765 3593 2815 tem»

1926 2852 2177 2925 poribus
2229 2852 2605 2905 vehementer
2656 2850 2955 2922 stupenda
3012 2854 3043 2903 '2
3094 2853 3242 2905 Non.
3285 2848 3593 2905 Februarii

1927 2940 2197 3007 contigit;
2252 2939 2550 3011 siquidem
2602 2938 2691 2993 sol
2730 2938 2926 2994 aureis
2957 2937 3227 2992 invectus
3256 2937 3587 3009 quadrigis,

1926 3029 2075 3083 dum
2105 3028 2367 3083 mediam
2394 3027 2517 3099 poli
2539 3043 2739 3082 arcem
2771 3026 2922 3081 mira
2943 3026 3034 3080 sui
3062 3026 3399 3097 splendoris
3423 3025 3596 3081 clari-

1926 3122 2043 3174 tate
2074 3118 2478 3190 perfunderet,
2512 3117 2709 3171 subito
2739 3116 2851 3171 sub
2882 3120 3048 3171 terna
3078 3116 3273 3184 ﬁgura
3302 3116 3467 3171 visus
3501 3120 3595 3171 est

147 3202 499 3259 adventanti
532 3203 686 3259 aulae
718 3205 878 3276 quali
920 3212 1270 3279 quantoque
1324 3211 1687 3264 occurrerint
1722 3210 1815 3264 tri-
1857 3234 1896 3290 ρ
1930 3209 2161 3263 fulsisse
2183 3226 2194 3271 ;
2219 3207 2386 3279 quod
2405 3206 2677 3261 mirabile
2697 3205 3043 3278 prodigium
3060 3206 3141 3260 rei
3158 3210 3593 3277 eventupostea

143 3291 357 3363 pudio,
405 3290 652 3365 insuper
695 3293 876 3349 etiam
928 3296 1200 3367 praeclari
1249 3314 1527 3369 proceres
1579 3299 1819 3354 militari

142 3380 277 3449 jure
324 3382 755 3454 protomartyri
806 3384 1107 3455 Stephano
1164 3387 1484 3441 servientes
1532 3405 1655 3459 qua
1687 3388 1819 3442 dili-

148 3471 355 3537 gentia
368 3469 862 3526 victoriosissimo
881 3472 1225 3545 impcratori
1258 3476 1524 3531 Heinrico
1547 3479 1818 3545 omnige-

149 3574 368 3614 narum
400 3558 709 3616 afﬂuentia
737 3561 1081 3617 divitiarum
1108 3564 1452 3621 assisterent
1479 3567 1820 3622 ministran-

149 3647 230 3703 do
255 3665 268 3714 ;
303 3664 618 3721 quamque
644 3649 704 3705 in
734 3650 999 3707 donariis
1026 3654 1150 3707 auri
1179 3670 1679 3727 gemmarumque
1707 3656 1817 3711 mi-

151 3752 220 3792 ra
264 3736 591 3793 haberetur
638 3740 887 3812 species,
920 3757 1057 3814 qure
1106 3742 1491 3815 imperatoria
1534 3744 1819 3815 dignitate

151 3823 382 3880 ibidem
412 3831 647 3883 constat
672 3827 917 3898 donata,
941 3828 1001 3884 in
1033 3831 1315 3886 humanis
1346 3832 1647 3887 mentibus
1672 3838 1819 3906 (309)

152 3929 263 3970 nec
318 3914 667 3984 excogitari,
728 3933 837 3972 nec
889 3917 1096 3973 litteris
1144 3920 1302 3975 valet
1368 3921 1817 3992 comprehendi.

155 4002 310 4067 Quid
335 4002 513 4075 plura
533 4004 561 4060 ‘2
610 4006 856 4060 Remota
894 4007 1265 4077 morositate,
1300 4008 1519 4064 Gosleri
1550 4009 1820 4078 aggredi-

155 4097 270 4160 tur,
301 4094 679 4165 peractisque
710 4094 855 4149 inibi
888 4096 1097 4151 decem
1131 4097 1369 4165 diebus,
1404 4100 1711 4170 quendam
1742 4098 1823 4153 lo-

153 4198 294 4237 cum
324 4183 518 4238 Grone
549 4182 776 4239 dictum
808 4184 1011 4240 festive
1044 4192 1428 4259 approperat,
1462 4186 1665 4261 ibique
1696 4187 1826 4243 diu-

153 4275 334 4326 turna
376 4270 729 4340 aegrimonia
776 4287 883 4345 per
933 4272 1113 4343 longa
1162 4278 1502 4349 temporum
1544 4276 1826 4344 fatigatur

154 4360 473 4417 curricula.
493 4361 879 4435 Tandemque
903 4379 1125 4419 amarae
1151 4366 1354 4421 mortis
1367 4365 1706 4423 deebriatus
1724 4383 1827 4439 po-

155 4449 317 4517 culo,
340 4449 511 4522 quod
560 4451 783 4507 summi
822 4452 1220 4508 Arcitenensis
1275 4454 1438 4509 dono
1491 4461 1824 4528 acceperat,

1929 3301 2162 3351 constat
2181 3295 2525 3367 probatum.
2562 3298 2679 3349 Rex
2706 3294 3022 3348 dominicae
3049 3293 3495 3348 resurrectionis
3518 3295 3599 3347 fe-

1929 3392 2019 3440 sta
2044 3386 2103 3440 in
2137 3384 2369 3439 civitate
2403 3388 2668 3451 Augusta
2712 3382 2983 3454 paschali
3015 3382 3239 3451 gaudio
3272 3381 3595 3437 solenniter

1927 3479 2053 3529 erat
2082 3472 2510 3527 celebraturus.
2566 3471 2789 3525 Eodem
2841 3486 3003 3525 anno
3034 3469 3224 3524 fames
3257 3469 3593 3541 praevaluit,

1928 3570 1985 3619 et
2013 3562 2203 3617 multa
2250 3561 2382 3615 loca
2428 3560 2707 3615 incendio
2752 3559 3073 3631 perierunt.
3120 3558 3438 3614 Bolizlawo
3467 3559 3595 3613 dux

1928 3650 2205 3717 Polonize,
2234 3649 2400 3704 obitu
2431 3647 2683 3703 Heinrici
2734 3646 3108 3719 imperatoris
3147 3647 3382 3715 augusti
3431 3662 3595 3702 com-

1928 3743 2116 3813 perto,
2149 3736 2337 3793 elatus
2369 3736 2572 3791 animo
2598 3735 3021 3790 viscere'tenus
3053 3734 3327 3806 superbae
3357 3750 3593 3790 veneno

1931 3826 2323 3901 perfundilur,
2353 3826 2504 3881 adeo
2533 3828 2596 3880 ut
2640 3827 2821 3879 uncto
2874 3823 3054 3879 etiam
3104 3824 3213 3879 sibi
3247 3823 3477 3896 imponi
3501 3839 3597 3879 co-

1929 3932 2143 3973 ronam
2174 3919 2394 3971 temere
2426 3915 2497 3969 sit
2524 3920 2865 3986 usurpatus.
2893 3914 3083 3978 Quam
3110 3911 3295 3968 animi
3325 3912 3415 3967 sui
3445 3928 3597 3984 prte-

1934 4006 2295 4079 sumptionis
2329 4003 2648 4059 audaciam
2697 4003 2905 4059 divina
2958 4018 3100 4057 mox
3150 4001 3473 4058 subsecuta
3512 4006 3600 4059 est

1933 4096 2095 4150 ultio.
2128 4098 2186 4149 In
2222 4093 2384 4149 brevi
2418 4108 2682 4164 namque
2726 4092 2956 4147 tristem
3004 4092 3213 4147 mortis
3245 4090 3599 4147 sententiam

1934 4184 2280 4258 compulsus
2311 4182 2486 4238 subit.
2516 4185 2653 4237 Post
2679 4182 2841 4236 hunc
2868 4181 3024 4236 ﬁlius
3051 4182 3181 4252 ejus
3215 4179 3461 4248 Misuka,
3493 4196 3599 4235 na-

1932 4280 1999 4331 tu
2040 4274 2254 4345 major,
2287 4275 2433 4328 haut
2480 4271 2756 4327 dissimili
2810 4271 3093 4343 superbia
3140 4275 3396 4335 tumens,
3438 4269 3599 4324 virus

1936 4363 2293 4433 arrogantire
2322 4362 2499 4430 longe
2552 4360 2789 4433 lateque
2828 4358 3126 4414 diffundit.
3162 4357 3287 4413 Rex
3317 4373 3474 4424 vero,
3508 4354 3600 4412 di-

1937 4453 2173 4525 spositis
2223 4450 2387 4522 apud
2438 4450 2763 4505 Saxoniam
2811 4449 2894 4503 rei
2938 4448 3195 4520 publicae
3227 4446 3597 4516 necessariis,

155 4538 402 4595 homine
423 4539 727 4612 deposito,
747 4541 877 4597 coeli
908 4541 1101 4597 intulit
1128 4543 1370 4615 palatio.
1398 4546 1617 4600 Dehinc
1648 4545 1827 4601 flebili
1866 4582 1911 4635 Β
1937 4539 2617 4635 Franciam‘ingressus,
2649 4536 2817 4608 apud
2851 4539 3181 4635 Augustam
3229 4550 3391 4635 more
3436 4533 3609 4635 regia

156 4628 579 4702 querimonia,
602 4629 951 4686 incredebili
974 4631 1308 4704 frequentia
1336 4634 1677 4703 comitante,
1690 4636 1828 4705 jux-

154 4721 218 4774 ta
267 4716 333 4773 id
386 4717 555 4790 quod
604 4718 735 4791 ipse
791 4719 1157 4789 decreverat,
1203 4722 1690 4791 Bavenbergensi
1735 4740 1832 4779 ca-

158 4805 330 4862 stello
359 4805 641 4878 defertur,
675 4812 731 4863 et
780 4809 883 4880 qui
912 4809 1086 4864 vivus
1130 4814 1351 4866 sanctae
1404 4810 1674 4867 Ecclesiae
1703 4829 1831 4868 ma-

159 4909 353 4964 gnum
396 4894 668 4952 extiterat
708 4896 1341 4970 solatium,.perpetuo
1386 4898 1710 4969 lugendus,
1742 4901 1830 4956 in-

159 4982 323 5051 genti
347 4982 598 5051 honore,
631 4983 819 5040 mixto
842 4986 1021 5041 etiam
1065 4985 1208 5041 ﬂetu
1238 5003 1307 5042 ac
1347 5004 1624 5055 maerore,
1659 4995 1829 5045 terrae

159 5072 503 5144 deponitur.
555 5076 730 5130 Facto
781 5079 984 5131 autem
1028 5075 1089 5130 in
1142 5075 1311 5130 brevi
1362 5077 1539 5132 totius
1590 5083 1831 5133 senatus

161 5164 481 5227 conventu,
498 5163 830 5234 Conradus,
853 5163 1078 5236 inclyta
1107 5180 1320 5233 regum
1341 5166 1626 5238 prosapia
1641 5171 1830 5234 ortus,

160 5249 227 5306 in
252 5264 512 5321 regnum
543 5250 795 5323 eligitur,
830 5259 1011 5326 atque
1062 5269 1098 5309 a
1140 5255 1540 5323 Monguntinaa
1572 5255 1835 5312 ecclesias

164 5339 621 5414 archiepiscopo
669 5342 931 5398 Aribone
975 5347 1215 5415 unctus,
1270 5350 1612 5401 coronatur.
1650 5348 1836 5401 Parvo

164 5427 411 5485 dium
428 5428 745 5488 intervallo
771 5430 957 5487 etiam
983 5431 1187 5498 Gisila,
1213 5431 1500 5490 divinitus
1530 5436 1659 5506 jam
1688 5449 1838 5508 pree-

162 5517 338 5587 lecta,
363 5518 544 5591 jussu
568 5523 627 5576 et
655 5520 1053 5577 advocatione
1082 5522 1267 5592 regis,
1300 5522 1434 5596 ipso
1463 5523 1688 5581 ibidem
1709 5539 1840 5598 per-

244 5661 394 5728 (307)
435 5661 781 5718 Nienburch
812 5661 956 5719 Chr.
992 5663 1054 5719 S.

241 5732 395 5804 (308)
433 5734 531 5789 Ita
561 5735 629 5789 L.
659 5733 739 5790 ad
766 5733 917 5789 ltBtEB
947 5749 997 5789 c.

243 5804 398 5875 (309)
417 5806 488 5863 Μ.
505 5819 620 5863 nec
635 5804 872 5876 desunt,
892 5804 1188 5861 Leibnitio
1210 5812 1482 5863 monente
1501 5808 1841 5866 inserenda.

1938 4630 2166 4703 pascha
2197 4626 2532 4694 celebravit,
2565 4630 2743 4697 atque
2785 4640 2908 4680 non
2961 4624 3150 4679 multo
3179 4629 3316 4695 post
3338 4638 3449 4697 pro
3479 4622 3613 4679 adi-

1937 4717 2230 4793 piscendo
2274 4718 2501 4771 honore
2545 4713 2839 4787 imperiali
2870 4729 2941 4769 ac
2973 4714 3391 4769 Romanorum
3416 4726 3613 4783 regno

1938 4808 2166 4865 Italiam
2215 4806 2429 4872 iturus,
2486 4804 2820 4860 Triburiam
2872 4802 3113 4858 devenit
3128 4818 3150 4871 ;'
3197 4802 3429 4875 ubique
3488 4802 3611 4858 sub

1936 4896 2125 4953 multo
2154 4894 2363 4969 populi
2390 4898 2705 4960 conventu,
2724 4892 3015 4948 ordinatis
3046 4891 3489 4963 sapientissime
3515 4907 3605 4947 re-

1937 4985 2073 5051 bus,
2100 4984 2207 5039 iter
2232 4982 2620 5050 destinatum,
2641 4996 2761 5035 una
2783 4980 3105 5035 comitante
3136 4979 3363 5048 regina,
3389 4994 3602 5048 aggre-

1939 5075 2098 5130 ditur
2122 5091 2134 5139 ;
2168 5071 2475 5142 ﬁliamque
2503 5070 2746 5125 unicam
2768 5068 2940 5123 unice
2962 5068 3260 5137 dilectam,
3285 5067 3511 5123 dilecta
3536 5083 3606 5124 ac

1942 5162 2239 5235 adoptivis
2265 5160 2505 5215 sibimet
2522 5158 2732 5229 sorori,
2753 5156 3089 5212 Adelheidae
3114 5157 3390 5213 Videlicet
3414 5157 3608 5214 abba-

1942 5255 2127 5317 tissaa,
2195 5250 2579 5307 nutriendam
2663 5248 3091 5303 transmittunt.
3162 5251 3292 5305 Mox
3366 5264 3611 5322 quoque

1943 5342 2199 5415 probato
2248 5340 2489 5395 domum
2546 5337 2827 5392 Beatricis
2874 5336 3160 5406 adventu,
3202 5337 3457 5410 praefata
3506 5338 3616 5394 im-

1946 5431 2187 5505 perialis
2236 5428 2545 5485 abbatissa
2586 5425 2825 5482 Trobiki
2880 5426 3026 5498 (3H)
3077 5442 3217 5482 cum
3260 5427 3383 5483 suis
3412 5441 3617 5483 occur-

1947 5537 2108 5593 rens,
2124 5520 2263 5577 laeta
2274 5516 2998 5588 Quidelingaburgensem
3014 5517 3396 5592 metropolim
3410 5532 3615 5574 secum

2026 5664 2169 5734 (310)
2210 5665 2301 5719 Ita
2328 5663 2397 5734 L7.
2431 5660 2696 5734 clerusc.

2025 5728 2168 5805 (3H)
2213 5733 2471 5801 Drubke,
2508 5730 2781 5789 Drubeck
2811 5730 2958 5789 citra
2988 5728 3493 5803 Werm‘gerodam.
