3968 6366
372 266 477 319 559
1278 263 1536 318 ANNAL.
1577 260 2027 318 HIl.DESHElM.
2068 262 2444 327 QUEDLINB.
2486 264 2869 323 WEISSEMB.
3704 267 3811 321 560

1295 388 1617 442 ANNALES
1657 384 2400 452 QUEDLINBURGENSES.
2442 387 2511 443 Α.
2558 390 2880 443 1024-1025.

368 509 558 567 duxit.
640 529 715 565 ιω
744 525 885 563 veru
914 522 1160 574 nouere,
1194 511 1259 563 ut
1287 508 1516 579 regiam
1546 509 1746 565 decuit
1770 507 2027 582 prolem,
2136 508 2391 567 modum
2410 510 2722 579 nutriatur,
2758 510 2850 565 vel
2884 526 3009 583 qua
3037 524 3299 575 morum,
3324 519 3674 575 verborum,
3707 526 3809 566 ac-

367 614 566 672 quove
596 596 855 653 caritatis
870 596 1107 667 aﬂectu,
1126 612 1325 669 quave
1347 597 1654 667 diligentia
1676 598 1754 653 ab
1778 596 1933 668 ipsa,
1958 609 2027 648 ac
2137 601 2427 672 tuumque
2452 600 2651 656 indole
2678 616 2785 673 per
2817 599 3057 669 singula
3088 598 3274 654 aetatis
3290 598 3661 655 incrementa
3675 615 3812 673 pro-

368 684 923 744 sanctimonialibus
941 686 1147 741 inloco
1168 692 1633 759 prtememorato
1655 682 2027 743 consistenti-
2135 685 2355 756 fecerit,
2379 688 2526 745 scire
2549 694 2652 745 aut
2671 688 2958 744 facundia
2974 688 3035 743 in
3064 686 3322 743 dicendo
3340 686 3506 743 nulla
3523 688 3805 760 suppetit.

364 777 502 849 bus,
520 776 921 848 omnibusque
954 774 1068 831 sibi
1091 774 1365 845 subditis,
1388 776 1745 849 suscipiatur
1773 792 1843 831 ac
1868 777 2028 847 post-
2138 777 2268 842 Qua
2297 794 2563 852 namque
2593 778 2773 835 laude
2803 778 3130 851 proferam,
3162 776 3329 849 quod
3359 777 3511 833 inter
3540 777 3803 850 prima...

1721 866 1996 937 (Reliqua
2033 864 2439 939 exciderunt.)

383 992 745 1047 ANNALIUM
787 988 1473 1046 HILDESHEIMENSIUM
1509 990 1997 1046 CONTINUATIO.
2306 991 2666 1049 LAMBERTI
2707 990 3076 1046 ANNALIUM
3116 989 3632 1047 CONTINUATIO.

990 1081 1058 1134 A.
1100 1081 1398 1134 994-104-0.
2764 1082 2830 1135 Α.
2872 1082 3169 1136 994-1039.

435 1170 559 1225 994.
606 1167 723 1223 Filii
782 1167 1011 1223 Henrici
1070 1167 1321 1234 comitis,
1384 1168 1692 1237 Henricus,
1754 1166 1902 1233 Udo,
1947 1165 2027 1223 Si-
2203 1172 2327 1225 991.
2370 1169 2758 1239 Wolfgangus
2808 1168 3256 1242 Ratisponensis
3290 1168 3612 1243 episcopus
3656 1170 3801 1241 (320)

362 1257 634 1328 giffridus
658 1262 865 1313 contra
886 1261 1132 1330 pyratas
1144 1257 1319 1327 jussu
1340 1256 1717 1329 imperatoris
1739 1256 2026 1312 dimican-
2134 1256 2297 1319 obiit,
2331 1258 2425 1313 cui
2457 1258 2843 1313 Gebehardus
2870 1257 3171 1313 successit.
3197 1257 3321 1312 Filii
3348 1257 3583 1314 Henrici
3613 1258 3773 1315 comi

359 1351 470 1402 tes.
500 1350 581 1401 Ex
601 1346 822 1420 quibus
854 1346 1031 1417 [unus
1051 1348 1195 1418 (312)
1221 1346 1473 1413 occisus,
1504 1347 1627 1403 duo
1658 1351 1797 1403 sunt
1822 1347 2023 1419 capti.]
2134 1345 2226 1414 tis,
2259 1346 2562 1415 Henricus,
2600 1349 2765 1415 Uoto,
2814 1345 3147 1415 Sigifridus,
3190 1350 3400 1401 contra
3430 1345 3654 1418 piratas
3686 1362 3803 1419 pu-

358 1435 707 1506 llseneburg
737 1436 885 1507 (313)
918 1440 1183 1493 castrum
1235 1435 1301 1491 ﬁt
1342 1435 1645 1493 habitacio
1689 1436 2021 1493 monacho-
2134 1440 2349 1506 gnant;
2379 1452 2639 1508 quorum
2672 1451 2830 1491 unus
2860 1435 3113 1504 occisus,
3145 1434 3268 1491 duo
3299 1439 3438 1491 sunt
3466 1435 3644 1508 capti.

357 1540 494 1581 rum
530 1526 697 1597 (31-1).

427 1654 550 1707 995.
581 1652 705 1707 Rex
726 1649 1046 1706 Abodritos
1073 1650 1348 1717 vastavit,
1372 1650 1551 1706 urbes
1576 1655 1632 1707 et
1656 1649 1883 1722 oppida
1904 1650 2021 1705 dis-
2202 1654 2326 1706 995.
2368 1649 2614 1721 Majolus
2658 1649 2851 1705 abbas
2882 1649 3047 1706 obiit.

350 1739 519 1811 jecit;
552 1738 928 1811 occurritque
949 1738 1009 1794 in
1032 1736 1323 1794 auxilium
1348 1738 1609 1796 Bolizlau
1630 1738 1788 1793 ﬁlius
1809 1739 2022 1795 Misaco

355 1845 495 1885 cum
525 1843 750 1897 magno
781 1828 1060 1893 exercitu,
1090 1843 1200 1883 nec
1232 1843 1353 1883 non
1407 1828 1692 1883 Boemani
1722 1845 1861 1884 cum
1910 1828 2032 1884 ﬁlio
2064 1828 2305 1885 alterius
2355 1827 2619 1883 Bolizlau
2651 1832 2961 1883 venerunt.
2998 1825 3359 1899 Recepitque
3393 1842 3454 1882 se
3485 1843 3589 1881 rex
3620 1827 3682 1883 in

357 1916 677 1974 Saxoniam
709 1932 850 1971 cum
879 1916 1139 1971 exercitu
1172 1915 1480 1972 incolumi.
1536 1915 1848 1971 Baldricus
1893 1916 2291 1988 Trajectensis
2336 1916 2661 1989 episcopus
2709 1916 2875 1986 obiit,
2926 1915 3334 1987 successitque
3367 1915 3720 1971 Ansfridus-

351 2004 541 2061 laicus
569 2009 625 2059 et
651 2020 855 2060 comes
887 2003 1063 2059 bona:
1096 2004 1272 2059 famae
1303 2004 1557 2076 vitaeque
1607 2005 1893 2072 honestae,
1932 2016 1995 2061 ut
2022 2006 2097 2061 de
2128 2021 2221 2074 eo,
2251 2004 2417 2078 apud
2464 2020 2620 2076 quos
2667 2004 2915 2073 vixerat,
2949 2003 3141 2059 testati
3187 2008 3344 2059 sunt.
3381 2004 3685 2060 Iohannes

352 2110 595 2167 quoque
634 2092 1011 2149 Placentinus
1041 2097 1097 2148 et
1123 2092 1522 2148 Bernwardus
1556 2093 2046 2165 Wirciburgensis
2076 2094 2368 2167 episcopi,
2403 2092 2984 2164 Constantinopolim
3015 2094 3157 2163 (315)
3189 2108 3261 2148 ex
3291 2092 3472 2148 latere
3503 2093 3681 2163 regis,

352 2186 419 2238 ut
448 2197 739 2254 sponsam
764 2182 845 2237 illi
875 2182 1011 2238 inde
1037 2185 1321 2255 peterent,
1350 2181 1556 2236 directi
1586 2186 1743 2237 sunt.
1782 2183 1977 2253 Legati
2009 2183 2194 2239 etiam
2224 2181 2569 2255 apostolicae
2599 2181 2757 2235 sedis
2786 2196 2926 2236 cum
2954 2180 3349 2237 unanimitate
3382 2182 3685 2237 Romano-

352 2286 490 2325 rum
516 2274 694 2343 atque
727 2270 1261 2339 Langobardorum
1286 2285 1488 2338 regem
1516 2270 1773 2325 Romam
1804 2269 2075 2327 invitant.
2101 2270 2409 2327 Heinricus
2429 2271 2897 2343 potentissimus
2922 2271 3046 2326 dux
3078 2270 3512 2342 Bajoariorum,
3537 2288 3678 2327 cum

355 2375 714 2429 germanam
747 2376 921 2415 suam
977 2360 1289 2415 dominam
1340 2359 1687 2429 Gerbirgam
1735 2359 2020 2415 diuturno
2066 2360 2358 2430 languore
2406 2360 2723 2433 probatam
2764 2360 3025 2416 visitaret
3055 2360 3459 2430 Gandeshem,
3492 2366 3522 2415 5
3556 2361 3680 2417 Kal.

357 2448 719 2522 Septembris
750 2465 889 2504 cum
942 2464 1167 2515 magno
1198 2448 1402 2503 dolore
1434 2448 1707 2503 omnium
1738 2448 1902 2505 obiit.
1940 2449 2131 2506 Sclavi
2162 2449 2464 2522 frequenti
2496 2449 2824 2521 irruptione
2859 2450 3182 2505 Saxoniam
3208 2455 3469 2505 vastant.
3503 2451 3683 2506 Bern-

351 2538 597 2594 wardus
623 2554 865 2610 quoque
898 2538 1387 2607 Wirciburgensis
1415 2539 1759 2611 episcopus,
1794 2538 2009 2594 morbo
2042 2539 2210 2608 gravi
2242 2539 2515 2609 affectus,
2549 2539 2701 2595 inter
2729 2540 2912 2595 maris
2945 2539 3209 2612 pericula
3237 2539 3402 2595 obiit.

423 2667 547 2719 996.
588 2662 793 2719 Indict.
830 2667 880 2717 9.
909 2663 1207 2719 Iohannes
1238 2678 1399 2735 papa
1426 2662 1590 2717 obiit.
1636 2664 1799 2719 Unde
1830 2664 2016 2737 impe-
2196 2668 2319 2721 996.
2363 2667 2495 2721 Otto
2526 2680 2629 2720 rex
2656 2668 2865 2720 contra
2894 2664 3296 2720 Crescentium
3326 2664 3581 2721 Romam
3608 2663 3791 2735 venit,

352 2751 608 2817 rator,in
630 2751 859 2808 Italiam
876 2753 1006 2823 jam
1024 2753 1535 2825 positus,rum01‘e
1553 2752 2018 2827 incitatus,prze—
2124 2754 2229 2809 ubi
2261 2758 2317 2809 et
2344 2755 2684 2810 Brunonem
2737 2754 2798 2809 in
2852 2754 2990 2809 sede
3022 2753 3351 2825 apostolica
3402 2754 3722 2822 constituit,
3757 2770 3797 2810 a

352 2841 553 2897 missis
572 2840 794 2914 quibus
815 2842 963 2911 (316)
985 2841 1359 2914 principibus
1376 2840 1618 2913 publico
1637 2858 1940 2899 consensu
1962 2848 2017 2899 et
2124 2860 2247 2917 quo
2298 2848 2355 2899 et
2400 2844 2530 2916 ipse
2562 2843 2889 2916 imperator
2919 2843 3111 2899 factus
3147 2848 3252 2898 est.
3286 2842 3660 2900 Gotehardus
3690 2843 3798 2900 ab-

352 2929 636 2985 electione
659 2929 793 2985 fecit
812 2929 873 2984 in
902 2929 1296 3002 apostolicam
1320 2930 1523 2985 sedem
1546 2930 1811 2987 ordinari
1838 2949 2018 2987 suum
2125 2933 2235 2989 bas
2268 2933 2460 2989 factus
2487 2938 2575 2988 est
2603 2932 2664 2988 in
2693 2932 2908 2989 Altaha
2942 2932 3111 3003 (321).

350 3021 631 3090 nepotem
661 3017 978 3073 dominum
1009 3018 1371 3087 Brunonem,
1406 3019 1633 3073 Ottonis
1675 3020 1868 3077 filium
1912 3024 2017 3094 qui

352 3106 666 3162 marcham
700 3108 1097 3161 Veronensem
1130 3106 1427 3174 servabat,
1464 3107 1744 3180 imposito
1775 3112 2019 3166 nomine

359 3195 660 3265 Gregorii;
708 3211 743 3251 a
771 3212 893 3268 quo
924 3199 980 3251 et
1007 3196 1134 3268 ipse
1164 3197 1441 3268 proximo
1491 3198 1765 3254 sollemni
1803 3204 2177 3271 pentecostes
2206 3199 2533 3271 imperator
2561 3201 2618 3252 et
2655 3197 2939 3269 patricius
2989 3202 3391 3253 consecratur.
3444 3197 3684 3255 Habito-

356 3300 477 3359 que
507 3301 646 3340 cum
679 3285 967 3340 Romanis
998 3284 1236 3357 placito,
1270 3286 1578 3358 quendam
1608 3286 2033 3355 Crescentium,
2066 3287 2211 3359 quia
2243 3286 2503 3358 priorem
2532 3302 2760 3358 papam
2787 3286 3018 3357 injuriis
3050 3303 3189 3358 sepe
3220 3287 3529 3358 laceravit,
3563 3288 3682 3344 exi-

357 3374 437 3429 lio
485 3374 690 3430 statuit
719 3373 1041 3446 deportari.
1080 3374 1193 3431 Sed
1225 3374 1303 3430 ad
1333 3390 1540 3446 preces
1570 3376 1711 3431 novi
1764 3375 2076 3448 apostolici
2124 3375 2450 3448 imperator
2500 3375 2707 3431 omnia
2754 3375 2998 3431 remisit.
3038 3376 3148 3432 Sed
3181 3391 3300 3431 non
3334 3376 3522 3431 multo
3553 3382 3691 3450 post

357 3464 715 3536 imperatore
745 3463 896 3519 Urbe
922 3464 1265 3530 excedente,
1299 3463 1460 3519 idem
1496 3465 1865 3519 Crescentius
1892 3464 2210 3519 dominum
2258 3463 2678 3535 apostolicum,
2710 3464 2945 3519 nudum
2979 3464 3253 3520 omnium
3280 3482 3499 3534 rerum,
3536 3466 3687 3521 Urbe

360 3553 606 3627 expulit.
644 3554 971 3625 Imperator
1000 3553 1060 3609 in
1097 3554 1342 3609 Francia
1363 3554 1666 3609 hiemavit.
1704 3552 2000 3609 Sacellum
2032 3557 2237 3608 sancte
2269 3551 2473 3606 Crucis
2500 3553 2641 3622 (317)
2676 3552 3008 3607 dedicatur.

431 3682 555 3734 997.
590 3680 753 3750 Papa
772 3677 1260 3747 Ticini,adunato
1287 3677 1688 3750 complurium
1718 3677 2025 3750 episcopo-
2204 3681 2326 3732 997.
2369 3676 2690 3743 Johanncs,
2752 3676 3134 3732 Placentinus
3190 3677 3531 3749 episcopus,
3591 3678 3799 3735 sedem

359 3784 496 3824 rum
534 3767 807 3834 concilio,
840 3767 1140 3840 prefatum
1191 3768 1593 3824 Crescentium
1642 3768 2023 3823 anathemate
2132 3765 2526 3838 apostolicam
2553 3766 2770 3823 invasit
2795 3766 3046 3822 concilio
3072 3767 3407 3824 Crescentii.
3433 3766 3798 3824 Adalbertus

360 3855 631 3930 perculit.
662 3857 927 3911 Intercea
953 3857 1257 3912 Johannes
1298 3856 1671 3911 Placentinus
1701 3856 2024 3929 episcopus
2132 3855 2452 3928 episcopus
2482 3855 2899 3911 martirizatur.

362 3944 879 4016 Constantinopoli
934 3960 1231 4015 remeans,
1301 3946 1556 4001 Romam
1622 3946 2022 4016 intromissus,

361 4032 754 4107 apostolicam
808 4032 1012 4090 sedem
1062 4034 1316 4090 factione
1347 4035 2021 4092 Crescentiiinvaderat.

364 4123 530 4181 Unde
560 4122 638 4179 ab
670 4123 960 4179 universis
994 4124 1291 4197 episcopis
1334 4125 1532 4188 Italiae,
1566 4126 1918 4192 Germaniae,
1952 4126 2211 4183 Francize
2243 4130 2298 4181 et
2325 4123 2527 4180 Gallia:
2553 4124 3133 4181 cxcommunicatur.
3179 4126 3507 4197 Imperator
3536 4142 3688 4197 quo-

362 4230 501 4287 que,
534 4217 598 4269 ut
620 4212 1033 4270 Romanorum
1065 4214 1361 4270 sentinam
1393 4221 1695 4287 purgaret,
1730 4216 1959 4272 Italiam
1987 4215 2268 4289 perrexit,
2302 4231 2547 4270 summa
2603 4230 2805 4270 rerum
2855 4213 3115 4270 dominae
3163 4213 3451 4271 Mathildae
3493 4214 3689 4271 amitae

362 4319 507 4371 suae,
541 4300 1164 4374 Quidilingaburgensi
1194 4303 1537 4371 abbatissae,
1570 4304 1878 4375 delegata;
1906 4305 1966 4361 in
1996 4322 2117 4377 qua
2146 4305 2301 4360 ultra
2335 4320 2548 4360 sexum
2578 4303 2731 4359 mira
2763 4303 3083 4376 prudentia
3112 4304 3341 4360 enituit.

431 4431 555 4484 998.
586 4425 893 4483 Predictus
923 4428 1166 4485 invasor
1193 4429 1497 4485 Johannes
1529 4429 1607 4484 ab
1637 4429 2018 4503 imperatore,
2200 4432 2324 4484 998.
2369 4428 2739 4485 Crescentius
2773 4427 2852 4483 ab
2881 4429 3243 4502 imperatore
3273 4428 3624 4500 decollatus,
3658 4444 3801 4485 cum

360 4519 615 4572 caecatus
659 4519 715 4571 et
763 4514 1013 4571 naribus
1057 4520 1387 4587 truncatus,
1420 4517 1761 4590 deponitur,
1793 4522 1849 4573 et
1888 4522 2021 4575 Cre-
2131 4518 2451 4573 duodecim
2504 4518 2627 4573 suis
2679 4522 2815 4574 ante
2856 4517 3075 4574 Urbem
3106 4518 3511 4591 suspenditur.
3540 4521 3801 4575 Joannes

361 4605 624 4662 scentius
671 4604 1003 4662 decollatus
1034 4622 1173 4662 cum
1207 4611 1269 4662 12
1303 4606 1427 4662 suis
1475 4611 1611 4663 ante
1643 4608 1860 4664 Urbem
1892 4625 2024 4663 sus-
2131 4608 2530 4681 pseudopapa
2560 4611 2836 4664 caecatur.

357 4694 657 4767 penditur.
688 4693 912 4750 Eodem
942 4711 1105 4751 anno
1133 4696 1418 4769 quaedam
1459 4696 1676 4752 mulier
1706 4696 1767 4752 in
1818 4699 2026 4769 Bajoa-

348 4783 448 4841 ‘ria
475 4784 620 4855 (318)
648 4783 711 4838 in
741 4798 863 4840 uno
891 4788 1069 4856 partu
1093 4783 1360 4856 quinque
1384 4784 1538 4841 ﬁlios
1569 4785 1745 4841 enixa
1768 4791 1874 4841 est.

429 4908 552 4963 999.
581 4906 729 4978 (319)
758 4906 1063 4963 Mathz‘lda
1091 4907 1413 4976 abbatissa,
1442 4922 1611 4963 soror
1639 4908 2017 4980 imperatoris
2196 4913 2321 4967 996.
2366 4912 2564 4968 Bruno
2609 4929 2791 4986 papa,
2842 4913 2947 4986 qui
3000 4918 3057 4970 et
3092 4913 3428 4983 Gregorius,
3460 4912 3644 4981 obiit;
3701 4915 3799 4971 cui

435 5183 579 5255 (312)
620 5182 687 5236 Η.
750 5182 874 5238 haec
929 5181 1268 5251 supplenda
1338 5183 1635 5254 videntur,
1694 5184 2020 5239 secundum
2129 5188 2421 5255 supplevi.
2472 5188 2734 5243 Joannes
2779 5185 3053 5241 Staindel
3091 5186 3152 5239 in
3205 5184 3501 5240 Chronico
3534 5183 3659 5240 hac
3690 5187 3799 5243 ha-

366 5253 769 5308 Lambertum.
1619 5253 1622 5254 ⁷
2134 5258 2223 5312 bet
2241 5253 2261 5311 ἐ
2305 5256 2590 5321 Quaedam
2624 5256 2836 5311 mulier
2864 5256 2938 5311 de
2972 5255 3196 5311 familia
3232 5258 3286 5312 S.
3322 5255 3568 5311 Mauritii
3600 5256 3663 5311 in
3696 5258 3797 5313 Al-

436 5323 581 5399 (313)
622 5322 931 5399 Ilsenburg
960 5324 1037 5379 ad
1061 5323 1350 5399 orientem
1378 5323 1677 5380 Goslarize.
1788 5397 1800 5399 _
2130 5327 2230 5383 lah
2258 5328 2435 5382 enixa
2466 5332 2554 5382 est
2581 5328 2848 5399 quinque
2878 5324 3055 5399 ﬁlios.

437 5343 557 5389 ww
622 5343 931 5392 usenmu‘g
960 5343 1037 5379 8(1
1061 5343 1350 5380 orientem
1378 5343 1677 5380 bOSlaI'lfB.
2131 5343 2230 5383 lan
2258 5343 2435 5382 enixa
2466 5343 2554 5382 est
2581 5343 2724 5399 (Illll'l
2776 5343 2848 5381 ue
2878 5343 3055 5381 111105.

437 5343 764 5476 (314i:ch
816 5409 1000 5476 mana
1058 5398 1259 5465 tertia,
1304 5411 1435 5467 qua:
1488 5411 1673 5468 usque
1719 5397 1801 5453 ad
1843 5399 2021 5466 ﬁnem
2150 5473 2159 5476 _
2207 5400 2351 5469 (319)
2384 5400 2513 5453 Hoc
2542 5413 2702 5476 anno
2730 5343 2937 5454 C[littera
2972 5398 3215 5469 obliqua
3246 5413 3528 5467 expressa
3558 5413 3634 5455 ex
3660 5414 3799 5455 con-

365 5464 1073 5539 an‘ni‘997‘proseqaitu‘r.
1246 5464 1262 5539 ⁷.
1312 5464 1330 5467 ’
1504 5538 1507 5539 ν
1569 5464 1586 5468 ’
1844 5464 1850 5466 “
2132 5464 2371 5539 fee-tura
2398 5470 2691 5538 supplevz'.

436 5532 580 5665 (315))
623 5532 1117 5613 Constantinolim
1147 5551 1221 5591 ex
1248 5535 1363 5592 late
1390 5538 1546 5607 regis
1577 5554 1627 5594 c.
2132 5532 2143 5539 ’
2207 5541 2356 5609 (320)
2401 5532 2670 5597 ι..’ᾶεθ.ςτ.
2705 5543 2757 5596 4.

460 5604 585 5659 316)
627 5602 674 5656 Ι.
706 5617 754 5656 e.
792 5602 1110 5665 aliquibus.
2210 5610 2352 5665 (321)
2392 5613 2451 5665 ῐ..
2482 5610 2519 5665 f.
2554 5628 2605 5665 e.
2636 5611 2672 5665 i.
2704 5613 2771 5665 A.
2804 5611 2843 5665 εἰ

460 5602 1110 5681 31915.8:83iquibue-
1194 5678 1215 5681 _
1278 5679 1303 5681 _,
1462 5602 1487 5607 V

2210 5602 2352 5681 (321)
2392 5613 2451 5667 ῐ..
2482 5610 2519 5666 f.
2554 5628 2605 5667 e.
2636 5611 2672 5667 i.
2704 5613 2771 5667 A.
2804 5611 3017 5669 desunt
3048 5617 3099 5667 5.
3134 5616 3183 5668 6.

440 5671 583 5753 (3η)
624 5671 1006 5753 ῌξΙόθςῂέὶω.
1036 5677 1161 5730 Vita
1186 5678 1241 5732 S.
1277 5679 1641 5753 Bernwardi,
1673 5697 1807 5753 cap.
1845 5687 1930 5738 10.

440 5742 588 5811 (318)
626 5743 770 5798 Haec
812 5746 946 5811 jam
995 5761 1190 5813 erasa,
1222 5762 1330 5816 ope
1377 5742 1714 5808 Annalistae
1748 5742 2025 5811 ‘Saxonis
