3968 6404
167 282 274 334 561

495 405 824 461 ANNALES
868 406 1532 467 HILDESHEIMENSES.

172 492 414 547 Ottonis
437 493 706 562 secundi,
740 495 904 550 obiit.
937 495 1260 565 Gregorius
1284 514 1450 568 papa
1502 501 1644 556 obiit
1670 517 1694 571 ,°
1751 505 1850 558 cui

173 581 527 648 Gerbertus,
571 582 731 638 idem
763 588 820 638 et
853 584 1148 656 Silvester,
1191 592 1491 646 successit.
1544 590 1843 647 [Edelheid

171 686 426 742 quoque
454 670 799 743 imperatrix
831 671 1013 728 obivit
1042 675 1210 744 (322).

250 758 449 814 Tertio
478 761 688 815 Ottone
733 760 1064 833 imperante
1118 763 1470 820 millesimus
1520 781 1716 822 annus
1750 784 1847 822 su-

171 863 562 920 percrescens
611 850 814 905 statuit
865 852 1332 924 computationis
1382 871 1726 927 numerum,
1760 873 1844 912 se-

171 937 449 992 cundum
480 937 625 992 illud
657 938 823 1010 quod
862 938 1077 1009 legitur
1109 942 1394 1014 scriptum
1421 963 1432 999 :
1491 945 1844 1001 Mittesimus

167 1034 504 1096 exsuperat
536 1033 592 1083 et
632 1030 1006 1085 transcendit
1033 1033 1233 1087 omnia
1266 1048 1480 1089 annus.
1516 1038 1843 1106 Imperator

168 1117 310 1172 Otto
341 1117 545 1173 terﬁus
573 1133 758 1174 causa
789 1120 1073 1175 orationis
1119 1121 1195 1176 ad
1227 1127 1502 1178 sanctum
1553 1123 1840 1180 Adalber-

891 282 979 337 ET
1017 284 1361 340 LAMBERTI
1401 287 1984 345 ASCHAF’NABURG.
2028 295 2203 350 PARS
2243 298 2524 355 ALTERA
2565 303 2894 358 GENUINA.

3508 316 3611 368 562

2409 427 2760 482 LAMBERTI
2808 431 3150 485 ANNALES.

1955 508 2289 578 Gerbertus,
2319 513 2421 585 qui
2453 520 2508 570 et
2550 515 2847 586 Silvester,
2881 519 3184 585 successit,
3211 520 3481 578 Adelheit
3504 523 3612 580 im-

1954 599 2207 668 peratrix
2250 602 2396 657 obiit
2425 605 2598 674 (333).

2030 763 2184 814 1000.
2224 764 2546 832 Imperator
2578 780 2718 818 ossa
2751 764 2951 820 Karoli
2980 767 3172 836 Magni
3227 769 3609 841 Aquisgrani,

1953 863 1988 902 a
2019 847 2289 919 pluribus
2316 866 2386 905 eo
2415 868 2604 923 usque
2637 853 2929 920 ignorata,
2957 854 3198 910 invenit.
3221 859 3610 931 Gaudentius,

1953 936 2131 992 frater
2158 939 2456 994 Adalberti
2489 941 2771 1008 martiris,
2801 941 2860 996 in
2901 946 3089 1012 Praga
3120 945 3610 1020 archiepiscopus

1952 1027 2348 1084 constituitur.

166 1203 323 1260 dum
351 1204 710 1277 episcopum
764 1211 820 1262 et
873 1207 1181 1264 martirem
1231 1211 1711 1282 quadragesimae
1754 1215 2020 1283 tempore
2055 1207 2350 1263 Sclaviam
2381 1207 2638 1264 intravit.
2679 1209 2880 1281 Ibique
2912 1211 3255 1268 coadunata
3291 1214 3504 1272 sinodo

166 1293 483 1366 episcopia
499 1298 726 1366 septem
755 1294 1070 1368 disposuit,
1098 1303 1154 1352 et
1176 1299 1596 1366 Gaudentium,
1618 1300 1859 1355 fratrem
1881 1297 2038 1354 beati
2062 1296 2299 1365 Alberti,
2334 1297 2392 1351 in
2426 1298 2738 1370 principali
2763 1298 2909 1353 urbe
2939 1299 3287 1357 Selavorum
3315 1306 3504 1374 Praga

166 1382 440 1439 ordinari
472 1383 622 1450 fecit,
657 1384 1199 1458 archiepiscopum,
1221 1387 1456 1443 licentia
1486 1388 1735 1444 Romani
1774 1387 2090 1460 pontiﬁcis,
2122 1402 2304 1440 causa
2366 1387 2664 1458 petitionis
2698 1386 3086 1443 Bolizlavonis
3121 1390 3499 1446 Boemiorum

165 1469 366 1536 ducis,
396 1470 476 1526 ob
497 1487 770 1527 amorem
800 1473 1008 1544 pocius
1039 1479 1094 1529 et
1148 1475 1441 1530 honorem
1490 1475 1580 1530 sui
1610 1474 1935 1532 venerandi
1967 1473 2183 1539 fratris,
2217 1473 2382 1540 digni
2433 1475 2728 1546 pontificis
2759 1481 2814 1530 et
2844 1476 3138 1548 martyris.
3176 1478 3316 1533 Inde
3337 1495 3504 1534 reve-

166 1561 367 1628 niens,
393 1559 735 1632 palmarum
767 1562 1223 1619 sollemnitatem
1245 1565 1661 1637 Parthenopoli
1693 1565 1902 1620 festive
1934 1564 2180 1635 peregit.
2218 1563 2523 1618 Paschalia
2545 1579 2682 1618 vero
2707 1569 2975 1636 tempora
3005 1566 3192 1620 votive
3225 1567 3502 1632 Quidilirr-

168 1647 412 1717 gaburh
440 1647 774 1703 celebravit.
811 1652 1179 1705 Pentecostes
1211 1656 1411 1706 autem
1439 1652 1842 1707 celebritatem
1891 1651 2075 1717 digna
2128 1651 2451 1704 (l(‘\'O(‘lOIIe
2506 1651 2862 1722 Aquisgrani
2911 1652 3156 1708 feriavit.
3191 1656 3316 1718 Quo
3361 1661 3502 1711 tunc

169 1737 614 1793 ammirationis
673 1754 857 1793 causa
913 1741 1120 1807 magni
1171 1741 1547 1813 imperatoris
1607 1741 1810 1796 Karoli
1844 1756 1982 1796 ossa
2009 1745 2215 1793 contra
2245 1739 2442 1794 divine
2466 1740 2764 1807 religionis
2790 1741 3186 1797 ecclesiastica
3243 1743 3501 1799 effodere

168 1826 477 1897 praecepit,
509 1841 633 1898 qua
667 1830 806 1881 tunc
835 1826 893 1881 in
927 1827 1132 1883 abdito
1193 1829 1496 1901 sepulture
1554 1830 1839 1884 miriticas
1891 1844 2090 1884 rerum
2140 1830 2449 1882 varietates
2480 1828 2722 1884 invenit.
2770 1830 2880 1885 Sed
2911 1830 2983 1884 de
3015 1830 3148 1898 hoc,
3183 1836 3246 1886 ut
3293 1838 3502 1903 postea

169 1911 407 1984 claruit,
440 1914 739 1970 ulcionem
800 1917 1002 1971 aeterni
1060 1917 1310 1973 vindicis
1359 1919 1624 1975 incurrit.
1689 1922 1836 1974 Nam
1893 1918 2214 1990 praedictus
2246 1917 2298 1971 ei
2322 1917 2646 1988 imperator
2683 1923 2821 1989 post
2852 1923 3027 1974 tantae
3060 1920 3500 1975 commissionis

169 2001 408 2058 facinus
440 2003 798 2076 comparuit,
830 2009 881 2060 et
906 2005 958 2060 ei
996 2005 1270 2077 praedixit
1298 2008 1465 2078 (323).

247 2121 404 2173 1001.
442 2117 568 2173 Ind.
607 2121 690 2174 14.
733 2118 882 2190 (324)
940 2123 1268 2192 Imperator
1318 2122 1579 2179 natalem
1632 2122 1841 2180 Christi

166 2207 356 2262 Rome
382 2205 724 2273 celebravit,
754 2212 809 2262 et
835 2207 934 2263 illo
967 2209 1360 2264 Bernwardus
1407 2211 1726 2284 episcopus
1781 2211 1840 2266 in

2027 2124 2182 2175 1001.
2227 2123 2554 2191 Imperator
2602 2119 2863 2175 natalem
2919 2119 3150 2175 Domini
3209 2124 3407 2176 ROI‘INP
3466 2121 3612 2177 cele-

1950 2209 2163 2290 bravjt.

171 2295 518 2367 epiphaniis
539 2311 718 2368 super
746 2295 948 2351 multis
977 2297 1468 2354 infestacionibus
1499 2299 1932 2372 archiepiscopi
1973 2297 2269 2367 Willigisi,
2301 2301 2356 2351 et
2385 2297 2648 2352 maxime
2683 2297 2756 2351 de
2813 2297 3045 2364 sinodo,
3079 2314 3263 2369 quam
3297 2297 3355 2352 in
3396 2315 3508 2355 sua

172 2381 235 2438 id
267 2388 356 2438 est
383 2383 920 2452 Gandeshemensi,
955 2386 1202 2442 ecclesia
1233 2404 1372 2444 cum
1399 2389 1696 2443 extraneis
1722 2388 2020 2460 episcopis
2046 2387 2278 2453 habuit,
2306 2390 2671 2458 conquestus
2695 2385 2938 2441 advenit
2970 2403 2982 2440 :
3017 2391 3323 2458 totamque
3353 2388 3506 2457 ejus-

167 2471 314 2527 dem
341 2472 785 2544 metropolitani
813 2473 1079 2529 illicitam
1105 2477 1560 2548 usurpationem
1589 2477 1650 2532 in
1678 2476 1993 2550 praesentia
2027 2476 2285 2531 Gerberti
2321 2481 2465 2541 (31:3)
2500 2491 2655 2546 pape
2679 2479 2735 2529 et
2763 2475 3139 2546 imperatoris
3166 2475 3313 2530 tertii
3345 2477 3504 2531 Otto-

168 2561 264 2614 nis
295 2559 555 2616 sinodali
583 2561 929 2616 auctoritate
961 2578 1207 2634 prorsus
1225 2563 1574 2627 adnullavit,
1604 2565 1944 2633 Gerberhga
1977 2563 2445 2618 Gaudesmensis
2467 2562 2774 2617 abbatissa
2800 2563 2934 2617 ldus
2966 2563 3314 2618 Novembris
3336 2562 3499 2618 obiit.

241 2673 455 2730 Ottone
491 2676 636 2746 (326)
674 2675 742 2730 III
772 2675 1125 2748 imperante,
1159 2676 1283 2732 ind.
1320 2682 1401 2731 1:3.
1440 2682 1593 2731 1002.
1649 2681 1834 2749 Impe-

165 2767 334 2819 rator
368 2765 498 2820 Otto
546 2764 808 2820 natalem
853 2766 996 2836 (327)
1053 2766 1364 2822 Tudertine
1421 2783 1559 2821 cum
1606 2766 1834 2821 domno

169 2853 508 2926 apostolico
537 2853 852 2909 celebravit
882 2855 1020 2909 inde
1052 2858 1302 2910 Romam
1334 2855 1604 2922 tendens,
1644 2855 1834 2911 Saler-

2025 2681 2173 2731 1002.
2211 2678 2340 2731 Otto
2391 2679 2478 2744 III,
2532 2675 2857 2746 imperator
2909 2675 3090 2740 obiit;
3146 2674 3239 2728 cui
3299 2673 3608 2728 Heinricus

1945 2765 2254 2835 Bajoarius
2311 2763 2610 2818 successit.
2671 2762 3039 2831 Eggihardus
3091 2761 3382 2827 marchio,
3438 2760 3607 2830 regni

1944 2856 2285 2924 usurpator,
2310 2851 2505 2906 Poledi
2537 2851 2768 2906 occisus
2801 2855 2904 2906 est.

164 2957 318 2997 num
343 2941 638 3014 oppidum
669 2943 814 2998 adiit
837 2962 849 3010 ;
912 2943 1016 2998 sed
1043 2944 1205 2998 febre
1251 2949 1308 2999 et
1337 2944 1531 3000 Italico
1550 2944 1764 2999 morbo
1787 2942 2042 3013 graviter
2064 2947 2391 3013 correptus,
2416 2958 2553 2995 cum
2574 2940 2832 3009 generali
2860 2938 3134 2994 omnium
3152 2937 3496 2993 constrista-

165 3031 328 3087 tione
361 3035 424 3086 10
456 3031 587 3087 Kal.
625 3031 943 3099 Februarii,
990 3033 1143 3104 proh
1167 3032 1338 3087 dolor
1372 3034 1382 3087 !
1427 3050 1498 3087 ex
1526 3034 1637 3087 hac
1676 3033 1792 3087 vita
1822 3036 2012 3086 morte
2039 3031 2342 3085 inmatura
2371 3029 2662 3084 discessit.
2707 3028 2809 3082 Cui
2843 3027 3144 3083 Heinricus
3183 3027 3306 3082 dux
3332 3026 3496 3081 Nori-

168 3135 403 3188 corum,
436 3118 526 3173 vir
545 3118 606 3173 in
629 3119 795 3174 omni
826 3119 1242 3175 {ecclesiastica
1274 3121 1643 3192 perfeccione
1675 3120 2038 3194 prtecipuus,
2072 3119 2369 3185 Willigiso
2394 3117 2853 3186 Mogontiacensi
2871 3115 3323 3188 archiepiscopo
3347 3115 3495 3184 (328)

165 3208 505 3277 ordinante,
540 3208 843 3264 successit.
881 3208 1104 3263 Eodem
1127 3225 1265 3264 vero
1293 3226 1454 3264 anno
1485 3226 1676 3265 novus
1708 3226 1808 3264 rex
1837 3209 2144 3264 Heinricus
2178 3207 2367 3262 sancti
2396 3206 2694 3261 Laurentii
2723 3205 2982 3261 natalem
3039 3204 3496 3259 Parderbrunne

163 3299 314 3366 (329)
347 3295 684 3352 celebravit.
722 3299 786 3351 Et
811 3296 892 3352 ibi
923 3297 1152 3353 domna
1179 3298 1499 3368 Gunigund
1529 3297 1790 3367 regalem
1817 3296 2308 3352 benediccionem
2331 3299 2386 3350 et
2407 3311 2643 3350 corome
2674 3293 3132 3365 imposicionem
3161 3309 3195 3347 a
3223 3291 3490 3364 predicto

164 3385 628 3458 metropolitano
656 3385 932 3458 suscepit.
963 3385 1075 3441 Sed
1101 3390 1156 3441 et
1187 3387 1408 3458 Sophia
1439 3387 1515 3442 ad
1539 3387 2066 3443 Gandcshemense
2105 3386 2373 3454 regimen
2419 3385 2624 3454 electa,
2648 3389 2895 3455 optentu
2920 3382 3260 3454 principum
3287 3379 3496 3435 domni

163 3473 514 3530 Bernwardi
551 3473 864 3530 licenciam
888 3490 924 3530 a
953 3474 1242 3547 palligero
1275 3476 1419 3544 (330)
1451 3473 1845 3530 benedicendi
1876 3474 2100 3529 ibidem
2132 3473 2406 3545 optinuit.

235 3568 408 3618 Anno
439 3567 493 3618 2.
527 3567 814 3632 regnante
843 3563 1111 3629 Henrico,
1147 3563 1270 3618 ind.
1309 3567 1346 3618 I.
1388 3568 1541 3618 1003.
1567 3580 1668 3617 rex
1721 3579 1829 3617 na-

166 3652 346 3708 talem
380 3651 615 3707 Domini
647 3651 1192 3720 Frankanaworde,
1221 3653 1451 3724 pascha
1472 3658 1672 3707 autem
1698 3652 1832 3716 Qui-

165 3741 570 3812 delingaburh
596 3741 934 3797 celebravit.
968 3742 1370 3798 Herimannus
1406 3741 1832 3796 Alemanorum

164 3832 287 3887 dux
309 3830 466 3900 regis
489 3829 770 3885 eleccioni
837 3829 1192 3902 aliquandiu
1248 3831 1556 3900 resistens,
1585 3831 1744 3899 regie
1773 3846 1833 3884 se

2018 3567 2173 3617 1003.
2209 3561 2474 3632 Plerique
2507 3559 2806 3631 principes
2838 3575 2872 3613 a
2920 3574 3057 3627 rege
3104 3557 3391 3612 deﬁciunt
3423 3575 3436 3624 ;
3495 3556 3601 3613 sed

1941 3656 2078 3723 post
2107 3649 2412 3704 modicum
2443 3647 2708 3714 correcti,
2742 3647 2801 3701 in
2831 3645 3082 3715 gratiam
3111 3644 3497 3717 recipiuntur.

165 3918 444 3992 potestati
478 3919 721 3983 sudidit,
751 3924 806 3974 et
828 3919 1162 3974 interventu
1185 3919 1403 3987 reginae.
1437 3925 1492 3974 et
1514 3918 1855 3991 principum
1888 3917 1949 3972 in
1973 3933 2081 3971 suo
2126 3915 2352 3970 honore
2385 3913 2732 3986 permansit.
2791 3910 3096 3966 Heinricus
3155 3909 3487 3966 Berhthaldi

164 4007 398 4064 comitis
428 4006 605 4072 ﬁlius,
634 4012 690 4062 et
722 4008 920 4061 Bruno
944 4007 1122 4062 frater
1147 4007 1322 4076 regis,
1353 4013 1409 4062 et
1430 4007 1612 4062 ambo
1647 4007 2068 4073 Bolizlavones,
2098 4003 2430 4059 Polianicus
2460 4001 2732 4057 videlicet
2785 4018 2854 4056 ac
2901 3998 3233 4066 Boemicus,
3266 4015 3301 4053 a
3349 4015 3487 4067 rege

162 4095 479 4152 inﬁdeliter
501 4095 828 4165 majestatis
867 4097 950 4151 rei
980 4097 1286 4152 deﬁciunt.
1318 4096 1430 4151 Sed
1477 4096 1782 4151 lleinricus
1811 4095 1889 4150 ad
1921 4110 2122 4164 regem
2154 4092 2397 4147 veniens
2421 4096 2476 4146 et
2509 4090 2828 4160 refugiens,
2851 4089 2912 4144 in
2935 4088 3319 4146 Givekanstin
3348 4088 3488 4158 (331)

164 4183 450 4240 custodiae
480 4184 879 4256 mancipatur.
913 4186 1250 4258 Stephanus
1283 4201 1385 4240 rex
1419 4185 1745 4254 Ungaricus
1770 4201 1951 4257 super
1973 4182 2337 4238 avunculum
2369 4197 2544 4236 suum
2592 4195 2794 4248 regem
2826 4178 3021 4234 Iulum
3051 4194 3191 4232 cum
3230 4176 3491 4232 exercitu

162 4272 324 4328 venit
352 4291 365 4339 ;
390 4289 573 4344 quem
613 4289 752 4327 cum
775 4273 1312 4345 conprehendisset
1339 4290 1477 4328 cum
1511 4290 1692 4329 uxore
1724 4277 1780 4329 et
1806 4272 1939 4328 ﬁliis
1970 4271 2232 4339 duobus,
2264 4287 2518 4340 regnum
2568 4270 2698 4339 ejus
2756 4269 2815 4322 vi
2873 4266 2950 4323 ad
3002 4263 3490 4322 christianitatem

163 4361 473 4434 compulit.
512 4360 806 4418 Sacellum
840 4363 1028 4417 sancti
1057 4362 1283 4418 Martini
1308 4363 1454 4433 (332)
1486 4363 1814 4418 dedicatur.

234 4454 412 4505 Anno
444 4454 495 4505 3.
526 4450 648 4506 ind.
697 4455 750 4505 2.
817 4454 973 4505 1004.
1034 4467 1138 4506 rex
1194 4451 1566 4506 nativitatem
1597 4450 1828 4506 Domini

162 4537 348 4593 Palidi
378 4538 601 4594 mansit
628 4556 641 4605 ;
671 4538 771 4593 illo
799 4538 878 4594 ad
909 4555 1046 4594 eum
1107 4539 1426 4610 episcopus
1478 4539 1828 4594 Veronensis

163 4643 233 4682 ac
266 4627 365 4682 alii
398 4627 649 4698 quidam
671 4627 966 4698 primores
991 4627 1171 4684 Italici
1197 4628 1828 4696 regniveneruntcum

159 4715 340 4785 regiis
370 4716 748 4772 muneribus.
785 4719 849 4772 Et
873 4718 1074 4772 Bruno
1124 4717 1302 4772 frater
1349 4717 1526 4786 regis,
1580 4722 1829 4790 Optentu

163 4804 406 4859 domnae
432 4804 600 4860 Gislaa
632 4805 859 4870 matris,
895 4805 1026 4875 ejus
1055 4805 1371 4876 acquisivit
1395 4805 1672 4875 gratiam.
1734 4806 1826 4860 In-

163 4893 447 4948 cendium
480 4893 819 4950 miserabile
850 4893 1103 4949 civitatis
1133 4894 1347 4966 Papiae.

257 5164 378 5231 322)
412 5163 573 5217 Hinc
595 5164 720 5218 alia
749 5179 985 5219 manus.

254 5237 380 5303 323)
411 5234 601 5288 Manu
632 5236 844 5289 stre-uti
867 5236 998 5289 XV.
1028 5235 1370 5303 adjectum:
1391 5231 1623 5287 obitum
1647 5248 1827 5288 suum

163 5303 410 5359 celerius
440 5304 790 5360 affuturum.

235 5375 382 5446 (324)
414 5375 584 5430 Anni
616 5379 966 5431 1001-1022
993 5377 1145 5432 med.
1175 5377 1301 5432 alia
1333 5390 1538 5446 manu.

211 5445 384 5528 ,(325)
405 5447 544 5502 Jam
575 5461 715 5504 voce
743 5462 887 5503 rasa
916 5463 1102 5504 manu
1132 5463 1265 5504 me.
1296 5448 1427 5503 XV.
1461 5445 1718 5502 Silvestri
1753 5447 1831 5501 te-

161 5521 378 5669 {11320)
404 5589 469 5644 Ο.
504 5587 594 5643 ΙΙΙ.
623 5587 726 5643 iin
777 5589 976 5645 codice
1023 5591 1228 5645 statim
1275 5595 1412 5658 post
1473 5585 1826 5661 adnullavit,

167 5658 403 5728 legitur.

233 5730 248 5798 (
256 5733 384 5797 327)
408 5729 559 5787 Scit.
592 5729 846 5786 Domini.

2018 4452 2174 4504 1004.
2217 4445 2617 4503 Miserandum
2656 4443 2848 4516 Papiae
2875 4443 3242 4499 incendium.
3279 4443 3456 4508 Brun,
3484 4438 3598 4495 fra-

1941 4543 2026 4594 ter
2056 4537 2232 4606 regis,
2261 4535 2364 4607 qui
2395 4534 2663 4590 elecﬁoni
2709 4534 2838 4603 ejus
2879 4530 3254 4604 aliquamdiu
3281 4528 3594 4592 restiterat,

1939 4629 2000 4683 in
2025 4627 2280 4695 gratiam
2306 4625 2355 4694 ej
2368 4640 2434 4678 us
2456 4621 2646 4678 rediit.

2020 5164 2160 5231 (328)
2192 5165 2257 5216 Et
2286 5156 2644 5231 Bernwardo
2683 5155 2966 5231 episcopo
3006 5150 3217 5231 addita
3249 5161 3593 5231 magnesiae.

1947 5219 2180 5290 XV.ea'
2225 5234 2365 5287 Vitae
2394 5231 2455 5285 S.
2506 5219 2866 5284 Bernw'ardi
2891 5219 3048 5291 'cap.
3110 5224 3176 5276 38
3234 5221 3390 5274 male
3431 5219 3600 5273 intel-

1945 5309 2161 5449 ιρῖξὶέὀ)
2190 5376 2343 5431 Olim
2379 5369 2937 5427 Parderbrunnemo
2983 5366 3274 5434 scriptum
3306 5362 3493 5431 fuisse
3521 5361 3602 5414 vi-

1943 5450 2138 5506 detur.

2041 5519 2166 5581 330)
2197 5518 2234 5573 i.
2263 5533 2314 5572 e.
2357 5512 2650 5581 Willigiso
2679 5509 3150 5581 archiepiscopo.

2043 5583 2168 5646 331)
2199 5583 2656 5642 Gibechenstein
2685 5583 2764 5638 ad
2798 5583 3019 5638 Salam.

2041 5656 2164 5717 332)
2202 5656 2584 5713 Hildesheim.

2044 5721 2168 5794 333)
2200 5734 2267 5785 Α.
2297 5729 2334 5784 i.
2367 5744 2424 5786 o.
2456 5743 2616 5784 anno
2647 5730 2750 5783 998
2777 5726 3182 5794 adsignantur
3205 5721 3267 5775 in

2150 5519 2168 5662 ἒ

2151 5677 2168 5801 l
