3968 6376
380 247 483 306 563
1287 240 1542 299 ANNAL.
1586 236 2035 293 HILDESHEIM.
2078 236 2454 305 QUEDLINB.
2497 237 2894 298 WEISSEMB.
3708 243 3812 302 566

695 367 1020 424 ANNALES
1059 363 1730 424 HILDESHEIMENSES.
2618 362 2968 422 LAMBERTI
3027 364 3120 418 AN
3128 363 3353 421 NALES

451 459 628 516 Anno
665 455 939 527 ejusdem
992 457 1046 514 4.
1093 468 1232 521 rege
1293 449 1744 521 gloriosissimo,
1803 447 1928 506 ind.
1989 451 2042 504 3.
2231 448 2386 508 1005.
2425 449 2780 510 Bernharlus
2801 449 2995 512 abbas
3028 451 3446 511 Herveldensis
3493 451 3663 522 obiit,
3719 453 3816 514 cui

387 551 544 602 1005.
573 562 678 601 rex
707 543 970 600 natalem
1002 540 1237 597 Domini
1297 538 1655 595 Thornburh
1707 537 1956 603 feriavit,
1990 539 2047 592 et
2155 538 2530 600 Gotehardus
2563 541 2864 600 successit.

383 636 445 692 in
472 633 743 707 partibus
785 631 1056 689 Saxonica
1074 645 1266 702 usque
1293 628 1370 684 ad
1391 633 1626 700 tempus
1656 626 2046 700 quadragesi-

381 741 495 783 mae
517 721 826 790 habitavit,
859 717 1329 792 quadragesima
1361 716 1601 782 Thielee,
1629 716 1857 788 pascha
1887 731 2029 769 vero
2055 714 2418 787 Aquisgrani
2457 716 2797 775 celebravit.
2833 717 3193 780 Bernharius
3225 717 3418 775 abbas
3465 719 3819 778 Hervelden-

379 812 460 870 sis
500 810 684 878 obiit;
717 809 811 864 cui
844 807 1256 875 Godehardus,
1288 805 1661 862 monachicae
1686 803 1840 873 vitae,
1871 803 1962 859 vir
1991 803 2051 860 in
2081 809 2290 864 sancta
2321 805 2775 862 conversatione
2804 805 3290 878 probatissimus,
3317 808 3620 867 successit.

451 899 634 970 Regni
661 914 802 952 vero
836 896 1064 953 Henrici
1089 901 1139 950 5.
1171 894 1296 952 ind.
1321 898 1374 950 4.
1411 895 1566 949 1006.
1626 909 1729 949 rex
1780 891 2041 948 natalem
2231 893 2383 952 1006.
2418 894 2777 958 Guntherus,
2802 893 3020 950 nobilis
3051 895 3140 954 vir
3163 895 3239 952 de
3291 896 3644 968 Thuringia,
3685 913 3817 958 m0-

381 986 617 1044 Domini
644 985 851 1042 Palithi
877 984 1034 1054 egit:
1069 983 1474 1039 celebritatem
1528 996 1792 1052 namque
1825 995 2040 1050 pasca-
2151 982 2383 1041 nachus
2413 983 2603 1043 factus
2636 983 3111 1051 estilerveldite;
3157 983 3263 1039 sed
3319 990 3527 1058 postea
3575 985 3656 1048 ad
3721 987 3818 1043 ΑΙ.-

377 1075 449 1131 lis
501 1073 915 1130 sollemnitatis
961 1071 1295 1140 Nuvimago
1361 1070 1603 1126 feliciter
1678 1068 2038 1141 tripudiavit.
2149 1071 2292 1130 taha
2323 1072 2612 1141 transivit,
2645 1073 2894 1134 consilio
2951 1073 3270 1134 Gotehardi
3297 1074 3552 1137 abbatis,
3601 1078 3814 1138 Fame;

381 1164 720 1220 Guntherus
770 1163 976 1218 divina
1025 1160 1240 1234 pietate
1289 1159 1626 1228 instinctus,
1687 1157 2040 1214 renuntians
2149 1160 2371 1220 valida.

381 1252 582 1310 seculo
610 1256 666 1308 et
695 1251 936 1324 pompis
966 1251 1116 1320 ejus,
1149 1250 1488 1306 monachus
1515 1254 1603 1304 est
1658 1247 1872 1304 factus.
1937 1251 2041 1304 Fa-

377 1359 509 1397 mes
540 1341 742 1397 valida
774 1356 927 1414 pene
947 1339 1010 1396 in
1033 1338 1312 1396 universa
1343 1343 1516 1396 terra.

451 1430 747 1486 Henricho
768 1408 1057 1500 regnante
1087 1433 1139 1484 6.
1188 1427 1312 1483 ind.
1435 1427 1589 1482 1007.
1624 1441 1730 1482 rex
1777 1425 2042 1485 natalem
2228 1408 2382 1465 1007.

375 1518 517 1574 item
557 1519 764 1576 Palithi
804 1517 1142 1574 celebravit.
1178 1516 1576 1589 Epiphaniam
1631 1531 1770 1572 vero
1810 1515 2042 1571 Gande-

376 1607 568 1664 sheim
599 1607 779 1677 venit,
813 1612 870 1663 et
899 1605 1183 1662 odibilem
1210 1605 1649 1662 dissensionem
1670 1604 1822 1660 inter
1851 1602 2212 1672 \R'illigisum
2245 1603 2770 1677 archiepiscopum
2795 1607 2850 1660 et
2898 1605 3330 1666 Bernwardum
3381 1607 3705 1669 antistitem

376 1696 451 1751 de
479 1697 692 1752 eadem
718 1694 971 1751 ecclesia
998 1693 1278 1768 prudenti
1318 1693 1560 1762 ingenio
1588 1692 1886 1764 sapienter
1911 1690 2168 1750 diremit.
2205 1701 2429 1750 Domus
2469 1708 2612 1748 vero
2643 1693 3041 1750 Bernwardus
3069 1692 3131 1747 in
3177 1695 3497 1766 praesentia
3550 1696 3708 1767 regis

375 1789 432 1842 et
458 1784 889 1858 archiepiscopi
919 1789 1376 1854 ceterorumque
1406 1784 1573 1851 regni
1597 1781 1934 1853 primorum
1961 1779 2218 1838 eandem
2251 1780 2566 1838 ecclesiam
2597 1781 2912 1846 dedicavit,
2944 1786 3001 1836 et
3026 1797 3271 1843 omnem
3296 1783 3518 1844 ibidem
3549 1785 3706 1861 epis-

377 1871 652 1946 copalem
673 1871 1083 1945 provisionem
1106 1871 1231 1928 sine
1259 1871 1624 1942 cujusquam
1655 1867 2068 1926 interdictione
2094 1868 2447 1940 potestatier
2477 1867 2816 1929 celebravit.

453 1959 636 2030 Regni
667 1965 870 2016 autem
899 1959 1152 2015 Heinrici
1183 1965 1234 2014 7.
1269 1957 1392 2014 ind.
1417 1961 1468 2014 6.
1512 1957 1664 2012 1008.
1718 1973 1822 2011 rex
1873 1959 2042 2010 nata-
2229 1956 2382 2010 1008.
2416 1957 2676 2026 Nothger
2705 1955 3044 2014 Leodiensis
3099 1955 3418 2030 episcopus
3468 1957 3616 2018 obiit
3650 1977 3665 2030 ;
3715 1959 3822 2018 cui

374 2049 494 2113 lem
525 2048 761 2106 Domini
788 2048 992 2118 Palidi,
1024 2048 1254 2122 pascha
1304 2045 1706 2114 Merseburgh,
1764 2048 2041 2116 penteco-
2152 2043 2500 2100 Baldaricus
2530 2045 2831 2100 successit.
2867 2044 3206 2106 Guntherus
3252 2047 3588 2104 monachus
3640 2048 3818 2106 here-

377 2143 508 2194 sten
535 2155 674 2194 vero
694 2138 1021 2210 Agrippina
1061 2136 1306 2192 feriavit.
1341 2134 1644 2190 Liudolfus
1667 2133 2043 2189 Treverensis
2153 2150 2322 2188 mum
2345 2133 2564 2209 petivit.

376 2227 872 2301 metropolitanus
915 2227 1100 2294 obiit;
1154 2225 1250 2286 cui
1302 2224 1552 2282 Meinzoz
1606 2221 2042 2294 primiscrinius

377 2317 536 2387 regis
567 2316 869 2374 successit.
903 2317 1233 2385 Nohtgerus
1258 2312 1598 2386 prepositus
1630 2310 1974 2366 monasterii
1997 2309 2156 2366 beati
2187 2309 2353 2376 Galli,
2389 2309 2764 2366 Leodicensis
2791 2311 3032 2383 praesul,
3063 2311 3141 2367 ad
3169 2312 3465 2374 Christum
3488 2314 3708 2382 migra-

375 2407 478 2462 vit.
513 2407 652 2464 Post
675 2421 861 2480 quem
883 2404 1223 2460 Baldericus
1255 2400 1739 2472 Badasponensis
1769 2399 2148 2454 vicidomnus
2183 2399 2560 2454 subintravit.
2595 2403 2888 2456 Gunterus
2919 2401 3256 2457 monachus
3311 2408 3520 2458 sancta
3569 2420 3706 2460 con-

375 2495 714 2557 versatione
743 2495 806 2552 in
830 2492 1194 2552 monasterio
1227 2491 1536 2565 probatus,
1561 2489 1852 2546 heremita
1873 2493 1964 2543 est
1985 2489 2251 2546 effectus.

449 2639 518 2692 Et
551 2635 827 2692 nondum
852 2635 1186 2708 imperante
1216 2637 1271 2702 8,
1303 2631 1426 2688 ind.
1461 2637 1512 2688 7.
1543 2633 1697 2688 1009.
1738 2645 1842 2687 rex
1895 2629 2042 2684 nati-
2230 2629 2382 2686 1009.
2411 2630 2668 2688 Ecclesia
2707 2632 2903 2702 major
2941 2633 3271 2702 Mogontiae,
3327 2650 3512 2706 quam
3567 2635 3822 2706 Willigi-

373 2725 623 2784 vitatem
649 2723 862 2782 Christi
907 2721 1258 2791 Salzburgh,
1298 2719 1532 2792 pascha
1586 2734 1726 2774 vero
1780 2719 2040 2786 August-
2153 2735 2256 2774 sus
2280 2723 2716 2790 construxerat,
2751 2719 2998 2775 incensa
3027 2727 3114 2776 est
3143 2721 3276 2794 ipso
3292 2722 3388 2781 die
3420 2724 3820 2789 consecratio-

374 2813 534 2884 burg
559 2814 805 2888 peregit.
848 2811 1160 2868 Retharius
1217 2807 1779 2865 Paderbrunnensis
1809 2807 2042 2880 episco-
2153 2809 2244 2864 nis
2285 2826 2428 2864 suae.

373 2919 490 2977 pus
519 2907 574 2958 2.
609 2905 756 2959 Non.
784 2901 979 2958 Marcii
1006 2898 1185 2963 obiit;
1215 2897 1312 2953 cui
1341 2895 1724 2952 Meinwercus
1761 2896 1916 2964 regis
1943 2913 2042 2952 ca-

372 2991 647 3065 pellanus
678 2988 984 3045 successit.
1005 2985 1428 3043 Monasterium
1453 3000 1696 3056 quoque
1727 2985 2212 3055 Mogonciacense
2243 2985 2667 3058 praatitulatum
2695 2987 2896 3044 divino
2927 2989 3154 3044 honore
3173 2994 3228 3045 et
3252 2989 3514 3062 reliquiis
3544 2989 3705 3048 beati

372 3077 601 3136 Martini
627 3077 828 3132 futura
858 3073 1328 3139 consecratione,
1362 3077 1771 3130 constructum
1801 3090 1836 3129 a
1868 3073 2168 3144 Willigiso
2195 3074 2647 3148 archiepiscopo
2691 3076 2958 3134 maximo
2985 3077 3216 3134 decoris
3243 3078 3462 3146 studio,
3488 3084 3538 3136 3.
3566 3079 3696 3140 Kal.

373 3163 740 3239 Septembris
767 3161 1095 3219 miserabili
1124 3161 1297 3234 periit
1324 3161 1622 3218 incendio.

443 3308 618 3366 Anno
649 3305 818 3374 regni
845 3304 975 3375 ejus
1005 3307 1058 3360 9.
1084 3303 1207 3359 ind.
1243 3307 1294 3358 8.
1335 3303 1488 3358 1010.
1522 3302 1784 3358 natalem
1845 3301 2038 3358 Domi-
2225 3303 2379 3358 1010.
2448 3303 2762 3359 Ansfridus
2803 3305 3188 3376 Frajectensls
3238 3307 3556 3380 episcopus
3611 3306 3760 3365 obiit
3795 3327 3810 3380 ;

369 3395 518 3453 mini
573 3411 676 3450 rex
715 3393 921 3464 Palidi,
973 3394 1206 3467 pascha
1285 3393 1622 3450 Radisbone
1701 3391 2035 3448 celebravit.
2149 3391 2244 3446 cui
2268 3392 2634 3452 Adelboldus
2657 3394 2961 3449 successit.

368 3483 688 3548 Ansfridus
721 3483 1122 3556 Trajectensis
1155 3482 1418 3538 ecclesite
1446 3483 1690 3539 antistes
1721 3481 1868 3538 obiit
1895 3501 1908 3550 ;
1942 3497 2040 3536 cu-

366 3575 468 3646 jus
492 3572 628 3636 .loco
659 3573 1030 3636 Adelboldus
1058 3572 1360 3630 successit.

443 3665 747 3732 Regnante
777 3679 847 3718 eo
883 3663 966 3718 10.
991 3678 1174 3732 anno,
1201 3661 1325 3717 ind.
1358 3665 1409 3716 9.
1465 3661 1612 3716 1011.
1645 3677 1747 3716 rex
1772 3658 2036 3716 natalem
2224 3656 2377 3711 1011.
2415 3657 2744 3723 Willigisus
2774 3659 3084 3728 Mogontice
3107 3659 3594 3734 archiepiscopus
3626 3661 3810 3732 obiit;

370 3751 607 3807 Domini
639 3751 1104 3808 Frankenavord
1137 3751 1472 3817 celebravit,
1505 3756 1562 3805 et
1599 3750 1659 3805 in
1719 3750 1912 3820 capite
1946 3749 2034 3819 je-
2146 3746 2240 3801 cui
2272 3746 2688 3802 Erkenbaldus
2719 3747 3052 3817 [Fuldensis
3093 3749 3284 3805 abbas
3313 3753 3364 3804 -’r.
3401 3755 3451 3805 5.
3487 3751 3538 3822 6]
3568 3767 3811 3806 succes-

362 3839 516 3911 junii
549 3839 863 3902 Corbeiam
887 3840 1066 3899 venit.
1103 3839 1186 3895 lbi
1224 3839 1606 3897 Bernhardus
1637 3838 1773 3911 pius
1803 3837 1928 3893 dux
1981 3843 2031 3892 5.
2146 3839 2238 3890 Sit.
2263 3835 2584 3891 Abhatiam
2631 3837 2894 3892 Brantho
2944 3837 3224 3912 suscepit.

368 3928 454 3984 Id.
491 3927 794 3987 Februarii
819 3929 982 3999 obiit,
1034 3933 1092 3984 et
1119 3927 1179 3983 in
1214 3928 1522 3998 Luniburg
1565 3927 1820 3982 cenobio
1877 3925 2036 3981 beati

369 4016 708 4076 Michahelis
744 4032 973 4088 magno
1003 4016 1392 4088 exequiarum
1424 4015 1670 4088 planctu
1703 4014 1991 4087 sepultus,
2018 4013 2184 4085 quod
2207 4013 2333 4086 ipse
2364 4029 2397 4069 a
2430 4012 2824 4068 fundamento
2873 4020 3305 4086 construxerat,
3361 4021 3417 4071 et
3465 4015 3525 4072 in
3575 4034 3698 4094 qua

367 4106 810 4164 monachorum
834 4104 1376 4174 congregacionem
1409 4104 1802 4158 adunaverat.
1832 4106 1966 4158 Post
1996 4117 2180 4174 quem
2209 4118 2348 4157 vero
2375 4101 2530 4156 ﬁlius
2558 4102 2688 4172 ejus
2713 4103 3093 4158 Bernhardus
3122 4105 3264 4176 (331)
3287 4103 3573 4160 ducatum
3595 4105 3699 4162 ob-

367 4192 560 4256 tinuit,
591 4193 692 4248 His
723 4193 902 4254 etiam
930 4191 1302 4264 temporibus
1333 4191 1664 4261 Willigisus
1704 4190 2122 4249 Moncontinus
2161 4189 2656 4264 metropolitanus
2683 4191 2758 4246 ad
2793 4191 3088 4246 Christum
3112 4191 3410 4262 migravit,
3441 4192 3504 4248 in
3527 4194 3699 4265 cujus

365 4279 570 4337 locum
595 4280 1016 4338 Erkanbaldus
1045 4279 1431 4336 Fuldensium
1463 4279 1656 4335 abbas
1683 4277 2060 4345 subintravit,
2083 4295 2196 4351 qu"
2233 4297 2266 4332 '1
2316 4282 2520 4337 noster
2545 4277 2868 4352 episcopus
2903 4280 3297 4335 Bernwardus
3324 4280 3454 4336 Kal.
3486 4281 3700 4360 Aprilis

367 4369 759 4435 consecravit,

431 4510 686 4566 Heinrici
708 4527 870 4566 anno
897 4510 1064 4579 regni
1095 4511 1226 4580 ejus
1266 4509 1344 4564 ll.
1394 4507 1518 4564 ind.
1584 4508 1666 4563 10.
1723 4506 1875 4562 1012.
1929 4522 2030 4562 rex
2221 4507 2375 4563 1012.
2409 4507 2669 4564 Ecclesia
2691 4507 2886 4578 major
2912 4508 2971 4564 in
3008 4508 3364 4580 Babenberg
3391 4508 3472 4566 ab
3521 4510 3812 4568 Eberhar-

363 4599 731 4655 nativitatem
764 4599 974 4656 Christi
1006 4598 1388 4667 Thornburg,
1430 4613 1616 4669 pasca
1647 4601 1849 4652 autem
1883 4598 2029 4652 Lao—
2137 4597 2220 4652 do
2247 4596 2443 4668 primo
2473 4598 2748 4668 ejusdem
2789 4597 2944 4654 sedis
2977 4599 3284 4672 episcopo,
3317 4606 3668 4657 consecrata
3696 4607 3806 4658 est.

364 4688 515 4744 dicie
549 4690 691 4760 (335)
719 4689 1060 4745 celebravit.
1095 4688 1240 4743 Inde
1268 4704 1410 4742 vero
1441 4703 1580 4742 cum
1609 4702 1850 4740 summa
1867 4701 2034 4754 rega-
2139 4686 2510 4741 Gotehardus
2541 4686 2851 4742 abbatiam
2884 4687 3344 4744 Herveldensem
3387 4688 3658 4762 reliquit;
3709 4692 3806 4747 cui

363 4777 436 4832 lis
469 4778 801 4834 reverentia
838 4777 1194 4846 Babenberg
1222 4792 1579 4850 progressus
1609 4779 1715 4830 est.
1749 4774 1834 4830 lbi
1859 4791 2034 4830 vene-
2140 4776 2439 4832 Arnoldus
2466 4776 2775 4833 successit.

362 4865 551 4923 rabile
579 4867 1033 4935 monasterium,
1067 4865 1256 4938 ipsius
1315 4863 1524 4920 domni
1553 4863 1710 4932 regis
1737 4863 1936 4919 nobile
1963 4879 2033 4918 ac

371 4955 630 5028 speciale
662 4956 952 5026 studium,
985 4955 1064 5010 ab
1096 4953 1464 5021 Eberhardo,
1521 4952 1718 5024 primo
1758 4951 2034 5024 ejusdem

365 5043 522 5098 sedis
550 5044 856 5116 episcopo,
885 5060 1024 5100 cum
1046 5059 1346 5099 consensu
1371 5045 1428 5098 et
1457 5045 1756 5096 conventu
1793 5041 2068 5096 omnium
2109 5040 2540 5114 Cisalpinorum
2587 5043 2914 5115 praesulum
2965 5047 2998 5098 2
3054 5048 3199 5100 Non.
3248 5043 3372 5098 Maii

366 5138 784 5188 consecratum
806 5137 895 5188 est
931 5133 1009 5188 ad
1046 5132 1291 5190 laudem
1321 5135 1378 5186 et
1403 5131 1694 5204 honorem
1728 5129 1962 5185 Domini
1990 5130 2174 5185 nostri
2202 5133 2338 5186 Jesu
2365 5131 2594 5200 Christi,
2627 5135 2684 5186 et
2732 5131 3156 5204 preciosissimi
3208 5147 3368 5188 mar-

366 5218 510 5289 tyris
539 5220 588 5289 ej
600 5237 668 5275 us
683 5221 895 5290 Georii,
914 5225 970 5277 et
1000 5221 1078 5277 ad
1108 5219 1511 5292 patrocinium
1535 5218 1812 5274 omnium
1837 5222 2184 5274 sanctorum
2207 5219 2326 5274 Dei.
2353 5222 2602 5289 Dagano
2627 5219 3175 5293 Pathenopolitanae
3205 5219 3373 5275 urbis

361 5305 756 5377 archipraasul
773 5309 922 5368 obiit
940 5310 1038 5371 cui
1063 5308 1455 5368 Walthardus
1481 5308 1759 5380 ejusdem
1788 5307 2050 5366 ecclesiae
2079 5309 2442 5381 praepositus
2471 5309 2773 5365 successit.
2798 5309 2913 5365 Sed
2943 5313 3002 5365 et
3027 5307 3167 5366 huic
3187 5312 3370 5386 post?

367 5396 602 5450 tantum
631 5397 1004 5470 epdomadas
1035 5397 1314 5455 defuncto
1347 5395 1635 5453 successit
1661 5399 1833 5469 Dero,
1875 5397 1965 5452 vir
1993 5395 2288 5468 perfectus
2308 5396 2372 5452 in
2400 5396 2569 5454 omni
2598 5395 3017 5455 accelesiastico
3043 5395 3380 5456 studio.Go-

369 5477 690 5555 dehardus,
720 5485 920 5542 relicta
950 5486 1316 5542 Herfeldensi
1341 5485 1620 5554 abbacia,
1652 5486 1869 5541 iterum
1899 5485 2190 5542 remeavit
2215 5485 2295 5540 ad
2321 5486 2552 5543 Altaha.

440 5567 588 5637 (334)
621 5573 996 5629 Bernhardus
1027 5590 1108 5630 an
1137 5574 1480 5647 aequivocus
1507 5575 1536 5629 ?
1564 5589 1750 5632 manu
1780 5589 1916 5630 scrc.
1954 5574 2086 5630 XV.
2122 5575 2324 5631 Benno
2350 5576 2656 5632 scribitur.
2693 5591 2745 5632 υ.
2778 5575 2970 5644 infra.

443 5653 592 5726 (335)
622 5658 842 5722 Leodii.
