3968 6376
86 271 211 323 565
858 270 941 323 ET
974 270 1318 325 LAIBERTI
1354 270 1936 327 ASCHAFNABUBG.
1966 271 2142 327 PARS
2168 273 2443 328 ALTERA
2471 273 2798 327 GENUINA.
3437 273 3539 325 566

395 391 721 446 ANNALES
748 391 1414 449 HlLDESHEIMENSES.
2450 394 2799 450 LAMBERTI
2836 391 3182 446 ANNALES.

177 497 487 564 Regnante
516 493 835 550 Heinricho
866 499 950 551 12.
984 512 1165 559 anno,
1200 497 1325 553 ind.
1364 502 1448 553 11.
1497 502 1651 553 1013.
1686 497 1744 552 in

526 493 835 550 Heinricho
866 499 950 551 12.
984 512 1165 559 anno,
1200 497 1325 553 ind.
1364 502 1448 553 11.
1497 502 1651 553 1013.
1686 497 1776 552 in-
1962 502 2093 553 1013

90 582 536 639 carnacionem
569 584 805 639 Domini
835 600 939 639 rex
969 585 1152 640 Palidi
1186 584 1431 642 feriavit.
1462 590 1669 641 Postea
1715 591 1775 640 12

90 671 234 726 Kal.
271 671 439 727 Febr.
473 672 734 742 peccatis
761 672 1078 741 agentibus
1106 674 1433 746 principale
1466 675 1756 746 templum
1790 673 2359 729 Hildineshemcnsis
2406 674 2667 729 ecclesiae
2697 671 2939 727 diabolo
2972 671 3112 726 insi-

88 760 309 815 diante
346 776 454 832 per
477 764 719 815 noctem
763 760 898 829 igne
933 778 1311 825 succensum,
1347 763 1449 818 sed
1486 763 1612 818 solo
1642 763 1859 817 divinae
1913 763 2311 817 miserationis
2361 751 2632 817 subsidio
2662 760 2959 827 velociter,
2992 763 3111 815 Deo

90 848 366 915 gratias!
399 857 486 903 est
521 849 898 905 exstinctum.
933 850 1046 905 Sed
1078 852 1211 919 hoc,
1248 852 1363 906 ah!
1400 852 1512 906 ah!
1546 852 1719 905 nobis
1762 855 1941 905 restat
1970 851 2322 919 lugendum,
2351 851 2493 923 quia
2524 852 2581 905 in
2613 850 2824 905 eodem
2851 848 3109 903 incendo

89 953 244 991 cum
276 937 721 1009 preciosissimo
742 938 970 993 missali
990 945 1344 995 ornamento
1372 939 1803 1011 inexplicabilis
1821 944 1876 995 et
1898 940 2387 1010 inrecuperabilis
2416 939 2587 1011 copia
2608 937 3106 1010 periitlibrorum.

88 1028 169 1081 Et
206 1042 315 1080 rex
345 1026 767 1095 purgationem
799 1032 1017 1081 sanctae
1065 1028 1251 1083 Mariae
1284 1028 1698 1100 Parthenopoli
1746 1027 1883 1096 egit.
1918 1028 2057 1082 Inde
2092 1028 2294 1083 Werla
2324 1028 2588 1093 veniens,
2622 1026 2787 1096 gravi
2820 1026 3110 1092 languore

89 1118 415 1186 correptus
456 1114 940 1185 epdomadorum
1032 1117 1225 1188 spatio
1256 1117 1559 1171 decubuit.
1604 1116 1991 1187 Christyanus
2023 1107 2384 1171 Pataviensis
2432 1116 2749 1187 episcopus
2794 1113 2980 1181 obiit;
3015 1113 3111 1169 cui

92 1202 455 1271 Beringerus
476 1202 526 1272 ej
539 1220 606 1257 us
622 1202 736 1258 loci
757 1203 1023 1259 decanus
1052 1207 1357 1261 successit.
1380 1206 1778 1261 Codescaleus
1792 1205 2123 1277 presbyter,
2142 1210 2340 1261 nostre
2367 1203 2858 1274 congregacionis
2879 1218 3110 1274 przepo-

95 1292 270 1359 situs,
304 1290 452 1347 obiit
478 1296 560 1347 l7.
598 1290 846 1349 Kalend.
880 1293 1154 1363 Augusti.

172 1465 492 1521 Heinricho
532 1470 821 1536 regnante
853 1471 914 1523 13
939 1483 1120 1537 anno,
1144 1467 1268 1522 ind.
1300 1472 1381 1522 12.
1420 1470 1574 1523 1014.
1602 1472 1766 1522 nata-
1954 1471 2104 1522 1014.
2127 1467 2437 1523 Heinricus
2458 1484 2560 1523 rex
2582 1483 2721 1523 cum
2740 1465 3099 1535 Cunigunda
3117 1466 3533 1541 reginaimpe-

91 1554 217 1609 lem
254 1552 496 1609 Domini
539 1571 645 1610 rex
672 1555 846 1628 Papie
878 1554 1212 1611 celebravit.
1248 1556 1387 1611 lnde
1420 1557 1773 1611 commitatu
1882 1557 2023 1611 riale
2058 1572 2280 1613 nomen
2322 1557 2603 1629 suscepit.

91 1643 283 1711 regali
307 1646 561 1699 Romam
584 1660 862 1717 pergens,
888 1644 1212 1717 imperialis
1234 1662 1471 1700 coronm
1490 1645 1773 1700 diadema

92 1748 134 1787 a
182 1732 373 1787 sancti
404 1732 555 1787 Petri
582 1732 805 1788 vicario
838 1734 1157 1788 Benedicto
1189 1740 1237 1789 6.
1278 1733 1407 1789 Kal.
1439 1735 1671 1788 Martias
1723 1750 1861 1789 cum
1895 1734 2154 1803 generali
2203 1734 2485 1789 electione
2530 1732 2809 1804 suscepit.
2844 1732 3103 1802 Ejusque

91 1821 441 1876 contectalis
488 1821 718 1876 domna
768 1822 1124 1888 Cunigunda
1170 1823 1330 1877 idem
1382 1825 1499 1878 Deo
1550 1827 1850 1877 annuente
1898 1823 2244 1895 promeruit.
2292 1823 2381 1878 Sic
2410 1823 2732 1893 imperator
2768 1821 2863 1875 Dei
2913 1820 3102 1889 gratia

89 1908 288 1964 factus
337 1908 587 1981 Papiam
634 1910 825 1965 rediit.
872 1910 957 1965 Ibi
989 1917 1262 1966 sanctum
1295 1912 1521 1983 pascha
1552 1912 1795 1967 feriavit.
1832 1912 1972 1966 Inde
2004 1928 2270 1983 namque
2315 1911 2679 1981 regrediens,
2714 1913 3101 1982 pentecosten

88 1998 448 2065 Babenberg
487 1997 692 2053 festive
738 2000 981 2070 peregit.
1031 2003 1158 2065 Quo
1208 2006 1349 2055 tunc
1381 2001 1689 2073 privilegia
1725 2001 1870 2069 (336)
1902 2000 2173 2069 ejusdem
2225 2000 2337 2055 loci
2381 2017 2475 2055 res
2528 1998 2892 2054 continentia
2926 1997 3103 2068 jussit

83 2086 438 2153 inscribere,
486 2086 724 2141 ﬁrmata
764 2087 852 2141 vel
902 2087 1096 2155 sigillo
1129 2090 1271 2159 (337)
1304 2106 1409 2143 sue
1442 2088 1826 2154 auctoritatis,
1863 2094 1917 2143 et
1972 2088 2255 2143 roborata
2286 2087 2614 2160 apostolica
2664 2087 2799 2157 jure
2849 2085 3100 2141 Romani

81 2173 408 2248 pontiﬁcis,
455 2178 521 2230 ut
549 2180 749 2230 essent
788 2176 1026 2231 illorum
1074 2177 1278 2232 banno
1326 2177 1585 2245 ﬁrmata,
1619 2182 1905 2246 regnante
1954 2178 2180 2233 Christo
2210 2178 2349 2248 Regi
2381 2192 2593 2246 regum
2623 2180 2683 2230 in
2735 2178 3008 2231 eternum
3037 2178 3095 2230 et

92 2264 272 2320 ultra.

160 2442 338 2493 Anno
360 2437 529 2505 regni
551 2436 681 2508 ejus
708 2437 791 2493 14.
815 2442 873 2492 et
888 2437 1125 2510 imperii
1146 2439 1275 2508 ejus
1294 2438 1492 2494 2.1m].
1520 2439 1578 2493 l3
1610 2439 1761 2493 1015.
1954 2439 2106 2495 1015.
2142 2444 2468 2513 Imperator
2512 2439 2591 2495 ad
2620 2438 2871 2495 Polenos
2914 2438 3063 2508 (340)
3097 2453 3235 2493 cum
3264 2434 3526 2492 exercitu

92 2529 424 2597 Imperator
452 2525 824 2581 nativitatem
852 2526 1062 2582 Christi
1092 2526 1278 2581 Palidi
1305 2526 1442 2596 egit.
1476 2528 1540 2581 Et
1570 2527 1755 2581 duces
1868 2525 2033 2582 abiit.

92 2615 485 2671 Oudalricum
516 2614 879 2670 Bmmiorum
911 2620 967 2670 et
994 2616 1350 2671 Bolizlavum
1375 2615 1758 2670 Polianorum

91 2704 148 2758 in
176 2703 412 2776 pascha
441 2703 745 2771 Mersburg
771 2704 848 2759 ad
876 2720 936 2758 se
964 2709 1247 2759 venturos
1277 2703 1711 2759 determinavit.
1747 2702 2098 2758 Oudalricus
2129 2718 2268 2758 vero
2299 2703 2394 2758 die
2426 2706 2643 2758 statuto
2676 2718 2739 2756 se
2767 2717 2877 2773 pro
2904 2701 3095 2755 crimi-

85 2794 178 2848 nis
210 2793 479 2849 accusati
507 2793 852 2848 innocentia
893 2793 1356 2865 expurgandum
1387 2792 1789 2864 praesentavit.
1822 2794 1887 2847 Et
1912 2794 2024 2847 hoc
2054 2792 2199 2864 quia
2229 2791 2558 2846 Bolizlavus
2584 2790 2861 2859 neglexit,
2894 2789 3094 2844 estatis

87 2882 243 2938 illius
284 2886 557 2954 tempore
588 2898 726 2937 cum
758 2881 959 2937 valida
991 2898 1247 2937 suorum
1281 2898 1468 2937 manu
1494 2881 1822 2937 Polianiam
1852 2881 2176 2953 imperator
2206 2881 2461 2937 intravit.
2496 2884 2705 2936 Ernost
2732 2879 2857 2935 dux
2882 2895 2954 2934 ex
2984 2879 3095 2934 im-

86 2971 329 3044 proviso
352 2971 416 3026 in
456 2968 775 3027 venatione
814 2987 851 3026 a
880 2987 990 3026 suo
1021 2970 1203 3027 milite
1232 2970 1619 3026 Adalberhdo
1671 2971 1887 3038 sagitta
1942 2986 2287 3042 percussus,
2321 2969 2645 3025 miserabili
2675 2973 2864 3024 morte
2894 2968 3088 3040 periit.

84 3061 438 3116 Lantbertus
464 3059 765 3131 praeliator
789 3060 1089 3115 occubuit.
1125 3060 1249 3115 Hoc
1276 3076 1459 3127 anno,
1488 3059 1761 3114 videlicet
1790 3059 2223 3114 Incarnationis
2260 3058 2489 3114 Domini
2516 3062 2702 3113 nostri
2725 3060 2863 3113 Jesu
2887 3056 3095 3114 Christi

88 3149 242 3205 1015.
280 3148 556 3204 Heinrico
593 3147 655 3203 12
690 3151 833 3218 (338)
862 3164 1054 3203 annos
1083 3153 1391 3217 regnante,
1438 3152 1488 3203 2.
1516 3148 1645 3217 jam
1678 3147 1777 3202 Dei
1821 3148 2010 3217 gratia
2039 3147 2392 3219 imperante,
2427 3146 2615 3220 cripta
2656 3146 2843 3201 nostri
2887 3162 3097 3202 mona-

85 3238 243 3293 sterii
273 3240 421 3308 (339)
453 3236 641 3292 indict
676 3238 756 3293 13.
792 3241 844 3293 3.
879 3235 1011 3293 Kal.
1046 3237 1282 3293 Octobr.
1313 3237 1591 3292 dedicata
1621 3241 1708 3291 est
1738 3253 1774 3291 a
1804 3237 2204 3292 Bernawardo
2248 3237 2521 3308 ejusdem
2565 3235 2827 3291 ecclesiae
2860 3251 3097 3290 venera-

81 3325 313 3380 billimo
365 3323 626 3396 presule,
685 3329 741 3380 et
792 3325 1145 3381 Thidericho
1193 3323 1844 3394 Mimigardivurdensis
1897 3324 2155 3379 ecclesiae
2206 3325 2561 3394 dignissimo
2608 3323 2885 3391 antistite,
2919 3327 2975 3379 et
3018 3323 3097 3378 ab

85 3413 430 3469 Ekkihardo
476 3412 905 3469 Slieswicensis
937 3413 1185 3468 civitatis
1216 3411 1543 3468 venerabili
1587 3412 1896 3485 episcopo,
1929 3412 1989 3468 in
2030 3413 2257 3468 honore
2291 3412 2611 3468 Salvatoris
2640 3411 2875 3468 Domini
2906 3410 3095 3466 nostri

82 3504 216 3557 .lesu
248 3501 484 3567 Christi,
532 3506 589 3557 et
617 3502 746 3572 ejus
792 3501 1095 3558 Genitricis
1127 3504 1554 3574 perpetuaeque
1618 3500 1886 3570 Virginis,
1936 3504 1991 3557 et
2021 3499 2099 3556 ad
2131 3500 2431 3572 singulare
2490 3500 2889 3573 patrocinium
2936 3497 3093 3555 beati

85 3589 432 3660 archangeli
462 3589 757 3647 Michaelis
782 3590 1095 3662 tociusque
1126 3588 1360 3644 miliciae
1390 3586 1663 3645 caelestis.

151 3717 461 3783 Regnante
510 3729 580 3770 eo
617 3714 699 3769 15.
733 3717 790 3769 et
817 3712 1149 3785 imperante
1202 3717 1253 3769 3.
1286 3728 1468 3777 anno,
1502 3711 1625 3768 ind.
1663 3712 1746 3767 14.
1938 3711 2091 3767 1016.
2117 3712 2355 3769 Grando
2377 3726 2603 3780 magna
2623 3710 2749 3778 fuit,
2774 3714 2831 3766 et
2858 3708 3031 3765 multi
3060 3708 3308 3765 fulmine
3327 3706 3518 3764 exusti

92 3802 246 3858 1016.
274 3802 606 3875 imperator
655 3802 866 3859 Christi
912 3802 1239 3858 navitatem
1286 3801 1737 3857 Patherbrunne
1850 3805 2008 3857 sunt.

81 3890 425 3946 celebravit.
459 3893 685 3961 Magnae
715 3890 891 3947 molis
924 3890 1157 3959 grando
1204 3889 1383 3957 venit,
1418 3894 1475 3945 et
1500 3889 1745 3961 plurimi

81 3977 318 4035 fulmini
347 3979 539 4035 exusti
568 3979 891 4052 perierunt.
928 3978 1335 4049 Wigmannus
1366 3994 1571 4033 comes
1602 3982 1655 4033 2.
1690 3981 1887 4033 Nonas
1922 3975 2184 4033 octobris
2216 3982 2306 4035 est
2332 3978 2588 4035 occisus.

151 4086 309 4142 1017.
343 4084 470 4142 ind.
510 4086 590 4142 15.
621 4086 948 4158 imperator
996 4086 1258 4143 natalem
1288 4084 1522 4141 Domini
1552 4084 1737 4140 Palidi
1923 4085 2076 4139 1017.
2106 4085 2409 4155 Megingoz
2437 4090 2829 4142 Treverorum
2858 4084 3179 4157 episcopus
3201 4081 3349 4139 obiit
3376 4100 3389 4149 ;
3422 4079 3519 4137 cui

82 4174 213 4243 egit.
250 4173 476 4229 Eodem
507 4190 668 4230 anno
690 4190 935 4230 rursum
957 4173 1286 4229 Polianiam
1312 4190 1453 4229 cum
1479 4172 1741 4229 exercitu
1852 4175 2057 4245 Boppo
2098 4176 2400 4230 successit.
2454 4178 2785 4246 Imperator
2833 4177 3043 4229 contra
3073 4171 3323 4228 Polenos
3366 4169 3516 4240 (341)

81 4259 340 4319 intravit.
371 4262 632 4332 Meingoz
660 4262 1033 4318 Treverensis
1065 4262 1386 4335 episcopus
1419 4261 1566 4318 obiit
1598 4281 1612 4331 ;
1645 4262 1741 4318 cui
1849 4261 2066 4317 iterum
2094 4263 2421 4319 exercitum
2449 4263 2639 4320 duxit.

82 4349 289 4423 Boppo
339 4350 642 4406 successit.
691 4349 827 4405 [Eid
857 4349 1219 4406 Misnicensis
1273 4349 1494 4422 praesul
1524 4349 1745 4406 obdor-
2511 4410 2521 4418 _

82 4439 287 4507 mivit;
322 4442 460 4511 post
487 4454 671 4512 quem
701 4438 1087 4495 Hildivardus
1120 4438 1497 4494 subintravit.
1530 4437 1840 4494 Diudolfus
1876 4437 2166 4511 presbiter
2194 4441 2246 4494 4.
2282 4441 2429 4494 Non.
2464 4440 2641 4508 Aug.,
2675 4438 3092 4495 Godescalcus.

81 4527 373 4599 presbiter
401 4532 458 4583 et
486 4527 756 4583 decanus
785 4533 837 4582 7.
865 4527 995 4583 Kal.
1033 4527 1303 4584 Octobris
1335 4528 1632 4583 obierunt.

152 4637 489 4706 Imperante
518 4637 571 4688 5.
599 4633 693 4689 sui
720 4632 956 4705 imperii
983 4648 1144 4689 anno
1166 4631 1290 4688 ind.
1322 4632 1368 4689 l.
1400 4633 1534 4689 1018
1555 4630 1745 4707 impe-
1936 4631 2088 4688 1018.

82 4727 237 4778 rator
265 4721 534 4778 natalem
567 4721 782 4778 Christi
812 4721 1345 4789 Patherbrunnem,
1381 4722 1612 4794 pascha
1642 4723 1747 4778 Ba-

82 4808 352 4881 benberg
377 4810 514 4879 egit.
546 4810 901 4866 Heinrichus
949 4810 1219 4867 marchio
1268 4810 1683 4882 Bajoariorum
1734 4809 2049 4867 subitanea
2079 4813 2269 4865 morte
2301 4814 2640 4881 praeventus
2668 4809 2830 4866 obiit.
2874 4811 2955 4864 Eo
2984 4824 3087 4863 an-

84 4915 157 4955 no
200 4900 471 4955 domnus
503 4899 897 4955 Bernwardus
926 4900 1244 4973 episcopus
1275 4904 1542 4973 tempore
1565 4899 2047 4971 quadragesimae
2095 4899 2356 4970 Goslare,
2385 4904 2680 4972 praesente
2728 4900 3086 4971 imperatore

84 5005 213 5045 cum
246 4988 551 5062 episcopis
579 4988 909 5060 ceterisque
956 4989 1123 5057 regni
1148 4988 1513 5062 primoribus
1545 4986 1757 5042 sinodo
1788 4988 2016 5053 habita,
2048 4987 2504 5057 Godescalcum,
2540 4987 2855 5060 Eggihardi
2884 4987 3086 5060 praesi-

83 5076 167 5133 dis
190 5077 409 5145 ﬁlium,
442 5082 498 5134 et
528 5076 923 5148 Gerdrudam,
956 5077 1211 5148 Egberdi
1245 5077 1479 5134 comitis
1508 5075 1719 5146 ﬁliam,
1754 5077 2069 5150 separavit.
2099 5078 2338 5134 Maccho
2385 5066 2679 5151 presbiter
2708 5082 2759 5135 6.
2793 5076 2923 5134 Kal.
2957 5075 3085 5132 Maii

82 5166 241 5225 obiit.

145 5576 295 5647 (336)
332 5573 401 5647 Η.
424 5571 699 5647 privileia
718 5588 873 5647 corr.
897 5573 1212 5647 privilegia
1231 5586 1282 5630 c.
1305 5574 1508 5630 eadem
1531 5587 1735 5630 manu.
1922 5572 2072 5647 (339)
2105 5572 2161 5647 S.
2195 5568 2490 5647 Michaelis
2520 5568 3151 5647 HAildenesheMensis.

168 5648 294 5717 337)
324 5641 646 5717 Sighaculo
674 5646 816 5702 add.
849 5641 944 5702 vel
975 5641 1166 5717 sigillo
1211 5647 1415 5703 eadem
1444 5661 1648 5703 manu.
1921 5641 2070 5717 (340)
2104 5641 2445 5717 L._polonos
2474 5642 2603 5717 1._6.
2638 5642 2728 5699 ed.
2763 5643 2829 5698 11.

169 5712 298 5781 338)
328 5712 485 5789 Lége
514 5715 660 5774 XIV.
1033 5712 1061 5717 ⁷
1917 5712 2065 5787 (341)
2092 5712 2349 5771 Polenos
2379 5716 2432 5769 6.
2464 5713 2538 5771 ed
2568 5717 2632 5770 ll.
