3968 6402
401 270 503 322 567
1329 265 1583 321 ANNAL.
1618 242 2065 319 HunE'SHEIM.
2103 257 2455 326 QUEDIJNB
2485 257 2882 318 WEISSEMB.
3751 261 3864 315 sco

701 386 1042 443 ANNALES.
1078 385 1750 442 HILDESHEIMENSES.
2635 384 2978 439 LAMBERTI
3022 380 3371 437 ANNALES.

472 494 809 566 Imperante
854 490 1126 547 Heinrico
1165 493 1216 545 6.
1251 489 1343 544 sui
1372 488 1606 562 imperii
1636 504 1821 560 anno,
1844 487 1968 545 ind.
2002 491 2057 543 2.
2248 486 2402 543 1019.
2432 491 2759 561 lmperator
2805 502 3032 560 papam
3055 485 3411 556 Babenberg
3440 486 3715 560 suscepit
3740 486 3862 544 ho-

405 582 560 639 1019.
593 581 921 654 imperator
948 578 1212 635 natalem
1248 577 1485 634 Domini
1516 577 1873 648 Werziburg
1914 576 2067 633 cele-
2178 575 2373 650 spitio.

398 669 632 738 bravit;
662 672 871 741 postea
916 683 1056 723 cum
1085 666 1348 723 exercitu
1391 669 1601 723 contra
1650 664 2062 722 Bernhardum

399 757 617 813 ducem
643 755 721 811 ad
753 754 1064 811 castellum
1110 753 1477 823 Scalcaburg
1513 755 1789 826 perrexit,
1823 752 2048 825 ibique,
2081 754 2201 809 Deo
2235 751 2492 823 gratias!
2526 752 2733 808 omnia
2777 751 2840 808 in
2888 767 3037 825 pace
3084 750 3407 809 constituit.

402 849 481 901 Eo
513 860 676 901 anno
704 844 767 900 in
795 844 1029 917 pascha
1056 858 1282 916 papam
1308 842 1382 899 de
1416 845 1606 898 Roma
1632 841 2004 910 Bavemberg
2033 841 2307 914 hospicio
2339 841 2621 914 suscepit.

478 952 630 1007 1020.
662 950 787 1007 ind.
817 954 869 1006 3.
902 949 1232 1022 imperator
1270 949 1642 1005 nativitatem
1674 946 1911 1004 Domini
1944 947 2058 1002 Ha-
2078 987 2111 1006 .
2245 947 2399 1003 1020.
2475 946 2821 1003 Heribertus
2885 946 3259 1004 Coloniensis
3328 946 3856 1021 archiepiscopus,

400 1039 680 1095 merstein
708 1038 844 1109 egit.
877 1038 1262 1093 Heriberhtus
1291 1037 1782 1110 archiepiscopus
1810 1035 2065 1092 Coloniae
2174 1035 2338 1101 obiit,
2364 1036 2457 1091 cui
2476 1034 2801 1106 Pilegrinus
2822 1034 3125 1094 successit.
3156 1035 3572 1093 Erkenbaldus
3594 1039 3857 1106 Mogon-

398 1127 716 1184 mortalem
740 1126 923 1183 vitam
958 1126 1041 1182 l7.
1065 1125 1195 1182 Kal.
1225 1125 1440 1199 Aprilis
1468 1126 1531 1181 in
1562 1124 1896 1195 angelicam
1925 1141 2060 1179 mu-
2170 1123 2265 1179 tiae
2296 1125 2444 1196 (344)
2475 1124 2967 1198 archiepiscopus
2993 1123 3168 1191 obiit;
3192 1124 3288 1180 cui
3317 1124 3501 1181 Ariho
3524 1124 3853 1181 successit.

396 1215 564 1284 tavit;
583 1216 644 1271 in
662 1216 834 1287 cujus
848 1215 1052 1271 locum
1074 1214 1407 1284 Biligrimus
1425 1212 1802 1270 subintravit.
1824 1213 2061 1272 Erkem-

397 1303 618 1360 baldus
648 1303 959 1374 Mogontiae
990 1302 1486 1377 metropolitauus
1541 1302 1622 1358 15.
1675 1300 1807 1358 Kal.
1862 1300 2226 1373 Septembris
2278 1298 2624 1373 sustollitur,
2669 1306 2810 1375 post
2846 1318 3029 1376 quem
3074 1301 3277 1373 Aribo,
3325 1301 3416 1357 vir

403 1397 626 1448 sanctae
654 1392 916 1448 ecclesiae
942 1391 1427 1464 probatissimus,
1457 1389 1853 1446 substituitur.
3324 1379 3330 1384 ’

470 1503 644 1553 Anno
686 1497 921 1565 imperii
950 1496 1203 1553 Heinrici
1244 1501 1297 1553 8.
1340 1496 1464 1552 ind.
1497 1499 1551 1551 4.
1605 1496 1757 1552 1021.
1792 1495 2065 1551 incarna-
2252 1495 2405 1551 1021.
2442 1499 2658 1566 Ingens
2690 1500 2859 1552 terrae
2889 1500 3088 1552 motus
3109 1496 3301 1553 factus
3334 1500 3421 1552 est
3444 1495 3505 1552 in
3537 1494 3852 1566 Bajoaria.

400 1586 627 1643 tionem
676 1586 911 1642 Domini
961 1586 1288 1659 imperator
1331 1585 1759 1654 Regenesburg
1809 1583 2060 1641 feriavit.

398 1674 616 1745 Ingens
644 1682 793 1733 terre
834 1679 1037 1731 motus
1062 1674 1125 1730 in
1157 1673 1448 1745 Bajoariae
1492 1672 1762 1745 partibus
1792 1675 1845 1728 4.
1882 1671 1964 1728 ld.
2018 1671 2168 1741 Maii,
2214 1670 2365 1729 hora
2397 1672 2480 1741 10,
2513 1671 2651 1739 diei,
2692 1672 2838 1729 feria
2863 1676 2915 1729 6.
2951 1677 3092 1745 post
3115 1673 3411 1729 ascensio-

398 1779 542 1819 nem
571 1763 808 1819 Domini
839 1763 1118 1833 contegit.

480 1868 716 1942 Imperii
755 1884 918 1924 anno
958 1873 1011 1936 9,
1044 1867 1167 1924 ind.
1217 1873 1268 1924 ὅ.
1317 1869 1471 1925 1022.
1521 1867 1784 1924 natalem
1826 1866 2058 1923 Domini
2245 1867 2399 1923 1022.
2425 1868 2851 1939 (345)Domnus
2871 1866 3268 1922 Bernwardus
3291 1865 3857 1922 Hildenesheimen-

400 1958 730 2030 imperator
767 1956 1160 2012 Thorneburh
1197 1956 1442 2029 quievit.
1487 1955 1833 2012 Thiedricus
1874 1954 2059 2011 Mimi-
2171 1955 2252 2011 sis
2306 1954 2626 2027 episcopus
2672 1955 2819 2011 obiit
2848 1956 2955 2021 (12.
2984 1954 3114 2010 Kal.
3146 1952 3484 2009 Decembris
3514 1957 3568 2009 4.
3597 1955 3713 2025 5.];
3752 1956 3857 2009 cui

403 2044 886 2116 gardivordensis
917 2044 1240 2117 episcopus
1277 2048 1359 2100 10.
1395 2044 1526 2100 Kal.
1557 2045 1722 2100 Febr.
1757 2043 1939 2110 obiit;
1971 2044 2065 2098 cui
2173 2043 2324 2114 (346)
2356 2044 2611 2099 Gothear
2625 2044 2739 2098 dus
2764 2042 2979 2098 Altaha
3007 2041 3200 2098 abbas
3232 2042 3549 2097 succcessit
3579 2042 3656 2112 [4.
3688 2045 3852 2099 Non.

405 2131 718 2202 Sigifridus
738 2132 1339 2205 Parthenopolitanus
1364 2132 1557 2188 abbas
1580 2132 1882 2188 successit.
1907 2132 2076 2187 Thie-
2183 2132 2525 2188 Decembris
2555 2132 2867 2188 ordinatus
2898 2135 2951 2187 4.
2985 2130 3066 2202 6.]

403 2219 606 2275 dricus
653 2218 972 2277 Mindensis
997 2219 1221 2292 praesul
1269 2220 1352 2276 ll.
1398 2220 1529 2276 Kal.
1564 2223 1725 2277 Mart.
1774 2219 2064 2276 discessit.

403 2311 542 2363 Post
568 2323 754 2380 quem
796 2306 1168 2377 Alberichus,
1200 2308 1476 2379 ejusdem
1516 2308 1630 2364 loci
1677 2307 2057 2382 praepositus,
2090 2311 2178 2363 est
2218 2307 2460 2377 electus,
2512 2308 2615 2363 sed
2664 2312 2854 2364 morte
2904 2312 3245 2380 praeventus
3296 2324 3407 2363 nec

404 2395 918 2452 consecrationem
949 2395 1195 2469 accepit,
1244 2412 1354 2453 nec
1402 2397 1464 2453 in
1493 2397 1842 2453 cathedram
1868 2393 2158 2470 pervenit.
2192 2394 2581 2464 Sigiberhdus
2640 2412 2781 2451 vero
2833 2396 2895 2452 in
2942 2395 3402 2468 epischopatum

404 2484 664 2541 intravit.
698 2487 966 2541 Domnus
995 2485 1393 2543 Bernwardus
1421 2484 2105 2543 Hildenesheimensium
2133 2483 2493 2540 venerabilis
2523 2484 2767 2541 antistes
2803 2485 2885 2551 12,
2906 2484 3037 2541 Kal.
3072 2484 3412 2541 Decembris

408 2573 487 2631 ad
520 2573 820 2631 Christum
848 2573 1130 2644 migravit
1154 2590 1166 2629 :

1339 2698 1446 2756 Cui
1477 2702 1630 2756 Deus
1660 2697 1843 2756 eterni
1875 2702 2109 2772 praestet
2133 2698 2435 2756 consortia
2462 2700 2662 2769 regni,

1481 2789 1695 2846 Vivens
1724 2805 1860 2846 arce
1891 2787 2014 2862 poli
2039 2786 2112 2844 sit
2140 2787 2338 2844 socius
2372 2787 2589 2846 Lazari.
2623 2789 2834 2844 Amen.

352 2919 359 2924 ’
409 2910 476 2965 In
507 2909 682 2979 cujus
710 2907 843 2965 loco
866 2908 1164 2966 domnum
1190 2911 1638 2981 Godehardum,
1672 2910 2145 2969 Herfeldensium
2166 2916 2222 2969 et
2243 2912 2659 2969 Altahensium
2679 2912 2848 2986 prius
2875 2911 3181 2985 abbatem,
3206 2916 3413 2968 sancta

409 2995 658 3051 ecclesia
686 2995 802 3051 sibi
832 2996 1077 3068 suisque
1102 2997 1319 3055 utiliter
1346 2998 1714 3068 subrogavit.

482 3100 604 3155 Hoc
634 3099 780 3171 (342)
827 3116 1010 3169 anno,
1058 3101 1333 3159 videlicet
1382 3103 1747 3177 incorporati
1804 3106 1964 3162 verbi
2015 3108 2169 3164 1022.
2203 3107 2373 3177 regni
2414 3123 2557 3164 vero
2598 3108 2852 3165 Heinrici
2899 3107 3276 3182 imperatoris
3324 3108 3413 3167 21.

407 3188 780 3244 ordinatione
809 3192 1011 3244 autem
1053 3189 1263 3246 domni
1293 3192 1633 3249 Bernwardi
1662 3194 1842 3266 hujus
1871 3195 2135 3251 ecclesiae
2167 3195 2421 3268 presulis
2452 3196 2774 3254 venerandi
2804 3199 2892 3253 31.
2920 3198 3254 3255 indiccione
3286 3204 3338 3255 5.
3358 3203 3411 3255 3.

410 3275 544 3332 Kal.
581 3276 873 3346 Octobris,
905 3277 1089 3349 hujus
1131 3279 1479 3336 monasterii
1509 3283 1837 3338 oratorium
1867 3300 1904 3340 a
1934 3283 2184 3356 praefato
2214 3284 2472 3340 antistite
2502 3300 2642 3341 cum
2673 3302 2913 3343 summo
2943 3287 3176 3343 decoris
3218 3288 3417 3343 studio

409 3364 488 3421 ad
511 3364 822 3421 utilitatem
869 3368 1277 3425 monacchicaa
1303 3369 1437 3425 vitae
1465 3375 1875 3428 constructum
1923 3372 2084 3430 foras
2130 3389 2337 3430 muros
2381 3373 2972 3432 Hildinesheimensis
3014 3376 3180 3432 urbis
3212 3376 3414 3443 situm,

409 3452 757 3509 dedicatum
787 3458 894 3523 est,
926 3454 1173 3529 insuper
1203 3472 1341 3513 cum
1367 3458 1534 3513 omni
1555 3458 1884 3516 devocione
1911 3460 2323 3517 ecclesiasticae
2349 3461 2653 3532 religionis
2680 3470 3119 3532 consecratum,
3146 3465 3207 3521 in
3232 3466 3420 3522 hono-

409 3558 473 3598 re
497 3541 818 3599 Salvatoris
845 3544 1081 3600 Domini
1110 3546 1297 3602 nostri
1326 3550 1465 3603 Jesu
1494 3548 1705 3604 Christi
1735 3555 1793 3605 et
1820 3550 1950 3621 ejus
1982 3550 2287 3607 Genitricis
2318 3567 2675 3626 semperque
2705 3553 2957 3625 Virginis
2986 3554 3198 3623 Mariae,
3226 3571 3297 3610 ac
3322 3570 3417 3610 sa-

410 3629 627 3686 lutiferi
670 3630 812 3703 ligni
868 3633 1197 3690 adorandae
1229 3640 1285 3692 et
1338 3637 1586 3693 viviﬁcaa
1613 3639 1827 3709 crucis,
1880 3644 1939 3695 et
1993 3640 2072 3695 ad
2121 3639 2378 3714 speciale
2431 3642 2833 3714 patrocinium
2891 3644 3077 3700 sancti
3126 3642 3418 3700 Michaelis

411 3719 778 3789 archangeli,
804 3722 1110 3796 totiusque
1154 3723 1388 3780 miliciae
1418 3726 1570 3797 coeli,
1603 3731 1660 3783 et
1682 3728 1761 3783 ad
1790 3727 2034 3785 laudem
2062 3729 2474 3786 veneracionis
2522 3732 2797 3788 omnium
2828 3737 3178 3789 sanctorum
3232 3733 3353 3805 Dei,
3384 3749 3421 3789 a

410 3808 758 3864 venerando
786 3810 1061 3881 ejusdem
1087 3811 1332 3868 ecclesie
1363 3814 1670 3886 provisore
1703 3816 2070 3884 Bernvardo,
2099 3821 2156 3873 et
2184 3818 2262 3873 ab
2291 3818 2633 3876 honorabili
2663 3823 2967 3877 Unewano
2997 3821 3419 3894 archipraesule

413 3895 928 3967 Hamaburgensis
953 3899 1239 3967 ecclesiae,
1266 3902 1347 3958 ab
1378 3903 1719 3960 Ekkihardo
1749 3921 1993 3979 quoque
2022 3905 2425 3964 Sliesviccensi
2457 3909 2760 3982 episcopo,
2797 3910 2875 3966 ab
2901 3910 3250 3966 Bernhardo
3277 3910 3418 3982 (343)

413 3982 662 4072 quidem
692 3984 1202 4072 Aldenburgensis
1228 3990 1493 4047 ecclesia:
1516 3994 2001 4051 reverentissimo
2031 3996 2311 4065 antistite,
2349 3997 2427 4053 ad
2455 3997 2872 4055 ecclesiasticae
2905 4000 3072 4072 pacis
3101 3999 3416 4055 munimen

416 4074 475 4126 et
501 4070 579 4161 ad
601 4070 1048 4131 christianitatis
1078 4076 1332 4134 salutem
1359 4085 1416 4136 et
1442 4079 1874 4139 defensionem.
1909 4084 1979 4139 Et
2002 4084 2064 4139 in
2090 4088 2323 4141 tantum
2354 4086 2565 4158 predia
2593 4092 2651 4143 et
2694 4102 2789 4142 res
2832 4070 3047 4144 eodem
3071 4088 3204 4144 loco
3242 4089 3420 4161 perti-

416 4159 619 4216 nentia
648 4165 787 4217 sunt
809 4162 1015 4220 hanno
1041 4167 1411 4224 auctoritatis
1439 4185 1650 4226 eorum
1682 4171 1961 4245 stabilita,
1995 4178 2061 4230 ut
2086 4173 2134 4230 si
2164 4174 2302 4248 quis
2331 4175 2471 4232 inde
2511 4176 2572 4231 vi
2600 4180 2706 4232 aut
2734 4184 2945 4249 sponte
2976 4177 3182 4250 aliqua
3211 4159 3425 4250 diripe-

416 4251 523 4316 ret,
553 4254 843 4322 perpetua
866 4251 1266 4312 damnacione
1314 4256 1671 4329 subjaceret,
1702 4264 1759 4316 et
1799 4267 2087 4333 perpetuo
2135 4263 2517 4321 anathemate
2565 4263 2909 4332 damnatus,
2952 4270 3009 4321 et
3037 4266 3113 4322 de
3154 4270 3309 4322 terra
3340 4267 3423 4321 vi-

415 4337 685 4393 ventium
714 4338 1001 4410 delectus,
1029 4342 1135 4416 qui
1162 4343 1301 4401 huic
1328 4344 1464 4402 loco
1492 4351 1649 4404 esset
1669 4351 1731 4405 in
1755 4348 1961 4423 aliquo
1991 4350 2291 4408 obnoxius
2315 4357 2374 4408 et
2398 4353 2751 4409 contrarius.
2788 4353 2930 4423 Fiat,
2957 4353 3081 4426 ﬁat,
3110 4355 3234 4413 ﬁat.

1204 4467 1330 4524 Hoc
1356 4468 1462 4526 fiat
1489 4486 1702 4527 verum
1734 4472 1962 4529 Christo
1989 4477 2275 4546 regnante
2308 4490 2413 4547 per
2441 4490 2642 4532 evum.

489 4585 601 4641 Sed
632 4602 775 4643 mox
802 4588 1077 4659 ejusdem
1119 4592 1471 4650 monasterii
1509 4594 1925 4652 habitaculum
1954 4596 2317 4654 comisssum
2346 4602 2439 4654 est
2468 4597 2547 4654 ad
2577 4599 2912 4669 regendum
2956 4601 3195 4660 abbatis
3221 4605 3421 4664 ofﬁcio

420 4673 821 4747 Goderamno,
853 4678 1089 4736 cenobii
1119 4681 1310 4737 sancti
1337 4683 1714 4741 Pantaleonis
1745 4686 2069 4760 preposito.

1205 4804 1377 4870 Quod
1402 4805 1499 4878 pie
1525 4822 1671 4863 nam
1700 4807 1850 4865 rexit
1878 4809 1995 4866 hoc
2023 4809 2257 4867 mundo
2283 4810 2583 4884 quamdiu
2606 4812 2774 4870 vixit.

496 4921 651 5012 1023.
677 4923 802 4979 ind.
837 4928 889 4982 6.
921 4926 1250 4998 Mersiburg
1289 4927 1616 5002 imperator
1643 4931 1855 4989 Christi
1883 4932 2076 4990 incar-
2263 4935 2417 4991 1023.
2444 4938 2592 4992 Gero
2622 4938 2942 5012 episcopus
2969 4940 3539 5011 Madagaburgensis
3564 4940 3728 5009 obiit;
3752 4942 3848 5000 cui

417 5009 726 5069 nationem
752 5013 1096 5073 solemniter
1121 5016 1461 5079 celebravit.
1495 5022 1643 5078 Gero
1674 5023 2075 5100 Parthenopa-
2185 5024 2512 5083 Hunfridus
2540 5009 2846 5089 successit;
2878 5032 3096 5087 Branto
3127 5009 3317 5089 abbas
3339 5009 3486 5102 (347)
3542 5028 3848 5089 Fuldensis

517 5455 638 5525 342)
668 5458 830 5517 Hinc
857 5466 984 5521 alia
1012 5483 1247 5527 manus.

518 5525 643 5594 343)
675 5529 791 5584 Bc:
826 5548 839 5587 :
870 5550 883 5587 :
917 5552 972 5591 ::
1003 5554 1016 5592 :
1047 5555 1103 5594 ::
1163 5542 1409 5594 cuidem
1440 5561 1452 5574 -
1507 5561 1639 5594 smn-
1684 5549 1800 5594 XV.
1852 5550 2084 5594 Rarum.

2275 5482 3012 5594 Ξῇῗ)ρξεὲῃὲὴὶἐιέαίιὲρξι
3036 5503 3059 5545 .·
3109 5486 3484 5548 Gotehardus
3532 5488 3842 5566 episcOpus

424 5542 1103 5644 ne“’*")”°“======
1163 5542 1452 5614 quidem'
1507 5549 1805 5608 saaxv.
1851 5550 2085 5614 Berwq-
2199 5542 3047 5616 ςαὸιυέθειῃῃάθέιεειιέίώχ
3123 5542 3466 5548 νηί

504 5598 851 5663 quondam.
2261 5626 2410 5663 (tum
2430 5626 2534 5663 nn:
2568 5634 2811 5663 “nam
2843 5630 3182 5663 πημονὴ...
3211 5632 3466 5663 ...ιηηηης

2261 5626 2410 5698 (346)
2430 5626 2538 5683 Cui
2568 5634 2813 5686 sanctus
2843 5630 3182 5689 Gothardus
3211 5632 3495 5690 successit
3522 5636 3575 5691 3.

902 5720 916 5733 .
2257 5699 2409 5734 aut
2442 5701 2472 5734 Δ
2535 5695 2561 5734 ξ
2607 5698 2820 5734 Αριυηι
2848 5702 2879 5734 ιι

2257 5695 2409 5766 (347)
2433 5701 2500 5753 Α.
2534 5695 2574 5755 f.
2606 5698 2820 5756 desunt
2848 5702 2901 5757 5.
